3968 6164
186 269 270 335 704
1113 275 1434 336 CHRONOL
1468 279 1516 337 Α
1552 279 1611 337 S.
1647 278 1753 338 SYI

2029 295 2034 327 ι
2070 283 2164 340 AD
2198 285 2254 341 S.
2295 285 2505 342 GREG.
2547 283 2622 339 M.
3486 281 3596 342 702

247 395 389 478 Anni
471 397 851 465 Imperatores,
905 399 1199 478 Consules,_
1252 404 1526 458 Romano—
1582 405 1768 478 Anni

1997 407 2154 464 Anni
2214 411 2668 475 Christianorum,
2728 410 3042 465 Iudaeorum
3090 414 3141 464 et
3184 411 3318 478 fini-
3379 408 3537 463 Anni

250 466 401 544 Ben
533 484 657 526 rum
704 483 791 523 res
839 477 1022 544 gestae,
1051 479 1102 528 et
1161 475 1496 529 documenta.
1579 475 1642 529 U.
1694 474 1750 530 Ο.

243 537 327 591 Jul
353 543 405 591 et
844 537 856 540 θ
1011 537 1019 544 ’
1400 588 1401 591 η
1588 553 1715 601 ante
1730 550 1781 600 et

274 608 377 662 1ηά
1550 623 1677 687 post
1704 617 1827 672 Pal.

461 717 655 773 Novell
683 718 1050 777 Valentinian
1079 722 1149 779 tit
1198 721 1252 795 3,
1286 723 1546 796 aliasque

451 807 603 875 apud
651 807 886 863 Reland.

516 894 712 951 Victor
730 898 1098 954 Tununensis
1136 899 1272 956 hinc
1305 902 1544 959 exordi—

443 988 541 1040 tur
567 985 912 1041 Chronicon.

236 1087 368 1146 5459
513 1093 672 1163 Impp
696 1093 846 1149 Ctess
889 1093 1245 1154 Theodosius
1269 1098 1381 1154 Jun
1419 1098 1546 1172 Aug
1618 1097 1758 1159 4498

242 1183 310 1256 ξ)
359 1177 396 1235 7
443 1187 516 1237 tr.
551 1197 604 1252 p.
628 1179 697 1240 44
721 1188 776 1238 et
801 1182 890 1256 45,
935 1198 1064 1240 coss
1091 1199 1253 1244 xvm.
1619 1186 1758 1249 4499

234 1276 298 1349 ο
346 1276 415 1334 40
509 1281 578 1334 Et
606 1279 1049 1342 Valentinianus
1093 1285 1201 1341 Jun
1231 1279 1358 1361 Aug
1398 1289 1472 1342 tr.
1511 1301 1546 1360 p

284 1373 326 1425 F
457 1367 530 1424 24
562 1367 653 1437 22,
682 1385 780 1426 cos
821 1385 901 1426 v1.

266 1457 441 1550 india
467 1494 604 1550 C033
680 1459 885 1550 Aetius
900 1473 1008 1550 illi;

274 1542 363 1583 11v
467 1529 604 1550 “"°“
679 1529 742 1597 ρ.
802 1533 1078 1588 Aurelius
1109 1534 1502 1604 Symmachus.

273 1624 411 1674 etxv
508 1621 570 1674 L,
637 1617 690 1690 8,
747 1620 806 1675 C.
883 1620 955 1676 de
998 1621 1245 1694 legibus,
1298 1623 1542 1698 aliaeque

437 1708 586 1778 apud
611 1709 865 1779 Pagium,
902 1711 1114 1768 Reland
1138 1720 1247 1784 etc,

506 1797 652 1853 Picti
679 1803 852 1870 atque
880 1800 1031 1856 Scoti
1065 1801 1421 1860 Britanniam
1445 1803 1547 1858 in-

439 1887 655 1942 vadunt
699 1886 852 1944 Aetii
909 1903 1014 1959 ope
1045 1889 1261 1946 frustra
1314 1905 1346 1946 a
1403 1893 1537 1948 Bri-

437 1977 635 2032 tannis
698 1977 1022 2048 implorata.
1114 1980 1316 2038 Gildas
1368 1981 1541 2038 Usser

431 2065 669 2123 Britann
732 2067 910 2140 Antiq
983 2084 1040 2140 p.
1116 2067 1219 2125 498
1300 2075 1356 2127 et
1410 2069 1536 2145 2-H,

234 2259 361 2318 5460
513 2265 669 2336 Impp
697 2265 847 2322 Caess
880 2267 1240 2329 Theodosius
1259 2270 1369 2326 Jun
1413 2268 1540 2343 Aug
1612 2267 1750 2326 4499

250 2353 313 2425 Θ
351 2355 387 2414 8
451 2361 524 2412 tr.
560 2372 613 2431 p.
643 2352 712 2412 45
749 2360 806 2411 et
835 2352 926 2416 46.
955 2371 1053 2414 cos
1083 2370 1249 2418 xvm.
1613 2356 1752 2416 4200

233 2447 298 2520 θ
339 2445 394 2502 44
508 2445 574 2500 Et
603 2445 1044 2506 Valentinianus
1073 2448 1180 2506 Jun
1214 2447 1338 2520 Aug
1376 2452 1449 2504 tr.
1483 2463 1539 2524 p.

286 2537 326 2591 E
447 2533 518 2595 22
558 2539 613 2596 et
650 2532 736 2603 23,
780 2547 876 2590 cos
931 2549 1006 2595 γι,

233 2626 398 2716 WE“
457 2661 595 2716 ρο..
655 2623 1431 2716 ⁰³¹ε¹ἔ¹ΞὲΡὲΞ-⁵Ξ9-Α¹Υρί“⁵ν
1463 2631 1526 2686 ιιι

280 2711 348 2752 vx
457 2695 595 2716 υνδο
744 2696 803 2750 in
828 2695 1019 2752 Chron
1048 2695 1248 2752 Paschl

263 2773 340 2823 eti
643 2766 1028 2823 Ardaburius.

507 2856 762 2926 Epistola
803 2857 840 2910 S
870 2857 1074 2912 Leonis
1123 2870 1280 2928 papa:
1323 2857 1392 2913 ad
1441 2858 1542 2912 Ja-

436 2946 706 3001 nuarium
737 2945 1068 3015 episcopum
1108 2945 1533 3016 Aquileiensem

436 3041 644 3106 quarta
673 3035 734 3090 in
755 3035 953 3091 codice
981 3035 1024 3090 S
1040 3035 1244 3092 Crucis
1273 3037 1540 3108 signatur

433 3137 499 3178 Ili
569 3123 670 3178 Kal
716 3124 818 3179 Jan
879 3123 1085 3194 Alypio
1143 3129 1199 3180 et
1246 3124 1540 3181 Ardabute

434 3226 583 3269 COSS.

506 3301 751 3358 Novellae
775 3301 1142 3359 Valentinian
1167 3308 1222 3358 et
1252 3302 1369 3359 alia
1409 3317 1538 3360 mo—

444 3377 573 3445 num
609 3391 762 3460 apud
794 3391 1006 3446 Reland
1049 3391 1258 3448 habent
1282 3391 1538 3463 Callypio

444 3484 497 3534 et
530 3478 826 3534 Ardabure
879 3479 989 3535 VV.
1042 3478 1144 3534 CC.
1171 3493 1323 3536 coss.

232 3975 352 4036 5464
511 3981 668 4055 Impp
719 3979 872 4035 Caess
908 3975 1099 4035 Theod
1134 3976 1244 4032 Jun
1293 3974 1420 4046 Aug
1467 3977 1540 4030 tr.
1617 3971 1758 4030 4200

246 4074 310 4141 Θ
370 4072 406 4130 9
459 4089 509 4143 ρ.
536 4067 603 4125 46
630 4073 686 4124 et
713 4064 800 4136 4Ἷ,
832 4080 948 4123 cos.
1004 4079 1169 4121 xvm.
1621 4061 1752 4120 4204

239 4162 303 4235 θ
362 4161 428 4220 42
521 4161 592 4215 Et
649 4155 1094 4214 Valentinianus
1145 4155 1254 4210 Jun
1300 4153 1428 4224 Aug
1470 4157 1547 4210 tr.

260 4255 302 4306 D
349 4253 387 4308 C
456 4268 510 4324 p.
545 4245 617 4306 23
643 4254 702 4305 et
726 4245 816 4314 24,
845 4260 944 4302 cos
968 4259 1044 4301 v1.

241 4343 408 4396 Indict
766 4335 952 4392 Rufus
996 4335 1328 4390 Pretexatus
1353 4333 1546 4390 Postu-

296 4445 313 4486 ι
438 4431 598 4487 Coss.
859 4427 1098 4480 mianus.

242 4524 286 4574 et
329 4535 369 4577 ιι
754 4513 838 4570 Fl.
905 4515 1071 4570 Zeno.

516 4607 692 4681 Lapis
737 4603 885 4675 apud
935 4601 1147 4658 Gruter
1188 4614 1459 4669 ccccuxv,
1513 4599 1550 4656 8

447 4697 692 4776 epistola
717 4696 772 4756 S.
805 4692 1010 4752 Leonis
1047 4691 1122 4748 Μ.
1153 4688 1223 4747 48
1260 4691 1329 4747 ad
1367 4693 1554 4763 Euty—

450 4789 670 4846 chetem
698 4786 804 4841 Kal
855 4782 963 4840 Jun
1014 4780 1108 4838 his
1136 4793 1283 4850 coss,
1315 4785 1369 4836 et
1414 4781 1553 4837 Acta

451 4875 691 4934 concilii
761 4869 1409 4942 ConstantinOpolitani,
1499 4876 1558 4926 et

449 4966 649 5030 Novell
707 4959 1124 5023 Valentiniani.
1169 4960 1244 5014 tit
1283 4956 1350 5014 43
1403 4959 1556 5028 apud

458 5047 696 5112 Reland.

526 5145 758 5201 Tertius
809 5138 1158 5196 Francorum
1208 5143 1309 5195 rex
1375 5136 1432 5192 h.
1508 5150 1562 5192 a.

457 5236 634 5304 carpit
672 5235 968 5288 Meroveus
1017 5230 1316 5298 postquam
1332 5223 1569 5281 Clodius

458 5325 608 5381 obiit
638 5342 650 5377 :
691 5322 790 5393 qui
824 5335 900 5375 xx
927 5316 1344 5374 circiterannis
1378 5327 1569 5386 regna-

460 5415 570 5468 vit.
604 5411 890 5468 Petavius.

535 5501 772 5558 Rechila
822 5512 922 5553 rex
966 5498 1281 5553 Suevourm
1333 5492 1568 5566 gentilis

466 5595 720 5648 moritur
742 5588 1048 5644 Emerita):
1087 5587 1184 5643 cui
1238 5583 1578 5640 Rechiarius

1975 478 2184 550 Olymp.

2065 2289 2106 2331 Π

2050 2380 2112 2421 ΙΙΙ

2044 3983 2108 4026 ΙΙΙ

2055 4071 2112 4114 ιν

2289 485 2545 537 timorum
2583 483 2929 553 populorum,
2984 484 3286 551 Pontiﬁces,
3372 480 3532 553 ΑΞνεί

2317 558 2505 621 Reges,
2543 550 2630 608 res
2650 550 2811 622 gestae
2835 560 2887 608 et
2928 554 3264 607 documenta.
3357 550 3559 605 Christi

2220 717 2276 769 et
2345 715 2603 784 Bmticos,
2664 713 2952 784 superatis
3001 711 3204 767 Suevis
3258 714 3316 768 et
3365 758 3370 764 .

2219 802 2426 859 Gothis
2453 803 2552 873 qui
2588 803 2647 858 in
2674 804 2799 876 ejus
2822 800 3113 857 auxilium
3136 811 3313 854 vene—

2220 898 2350 947 rant
2391 890 2668 962 profugit.
2725 891 2893 946 Suevi
2943 903 3037 944 eas
3071 887 3314 944 Provin-

2219 981 2340 1036 cias
2367 981 2713 1050 praedantur.
2763 979 2928 1051 ibiex
2955 977 3168 1034 Idacio.

2290 1087 2494 1144 Leonis
2543 1087 2578 1143 6
2605 1092 2662 1143 et
2687 1084 2744 1142 7.
3403 1077 3510 1140 446

2283 1177 2478 1231 Fames
2540 1176 2729 1232 valida
2784 1170 3306 1243 Constantinopoli,

2214 1280 2282 1322 ac
2310 1266 2603 1335 Templum
2636 1265 2824 1335 Regiae
2851 1262 3118 1318 Civitatis
3164 1275 3313 1316 exu—

2222 1361 2394 1410 stum.
2469 1354 2766 1410 Marcellin
2829 1353 2891 1408 in
2938 1352 3117 1408 chron
3167 1351 3315 1405 Beda

2221 1444 2422 1500 Gildas
2449 1445 2753 1500 Pulcheria
2778 1458 2810 1499 a
2844 1456 3034 1498 rerum
3055 1437 3316 1496 admini—

2221 1535 2501 1591 stratione
2528 1539 2868 1590 removetur.
2902 1533 3045 1590 Vide
3073 1529 3312 1601 Pagium

2220 1626 2327 1680 Sen
2359 1625 2426 1680 ad
2457 1625 2857 1694 hunc_annum
2888 1637 2943 1678 n.
2972 1618 3060 1675 44.

2298 2273 2502 2332 Leonis
2523 2268 2559 2328 7
2584 2275 2639 2327 et
2671 2268 2728 2328 8.
3403 2260 3511 2320 447

2295 2363 2533 2420 Proclus
2632 2355 3310 2426 ConstantinOpolitanus

2218 2451 2549 2511 Patriarcha
2575 2449 2700 2504 obit
2725 2447 3063 2505 succedente
3085 2445 3141 2500 S.
3187 2444 3314 2503 Fla-

2216 2543 2406 2601 viano.
2458 2540 2686 2610 Pagius.
2732 2535 2952 2607 ingenti
2990 2538 3319 2593 terraemotu

2214 2626 2748 2697 Constantinopolis
2799 2637 3097 2682 concussa.
3159 2624 3318 2680 Mar-

2217 2720 2392 2780 ceilin
2434 2719 2612 2774 chron
2649 2712 2669 2790 [
2705 2716 2919 2772 Januar
2963 2709 3062 2779 26,
3109 2710 3316 2769 Malala

2221 2826 2273 2880 p.
2307 2807 2395 2866 66.
2429 2806 2647 2877 Niceph
2685 2803 2782 2862 25.
2831 2800 3034 2877 Sept.]

2286 2898 2492 2968 Ingens
2574 2894 2789 2950 bellum
2884 2904 2984 2960 per
3080 2889 3321 2949 Attilam

2216 2990 2418 3060 Regem
2453 2986 2511 3042 h.
2561 2997 2611 3038 a.
2637 2982 2922 3039 inﬂictum
2964 2991 3106 3049 pene
3133 2983 3312 3037 totam

2215 3079 2526 3146 EurOpam,
2556 3071 2773 3127 excisis
2803 3068 3144 3137 invasisque
3178 3067 3319 3124 civi-

2215 3165 2435 3222 tatibus
2505 3167 2678 3230 atque
2728 3157 2987 3214 castellis
3035 3155 3311 3215 conrasit.

2216 3252 2396 3310 Attila
2435 3253 2552 3306 Rex
2583 3261 2765 3318 usque
2789 3247 2858 3301 ad
2898 3242 3323 3311 Thermopolim

2217 3343 2274 3398 h.
2324 3352 2378 3394 a.
2440 3335 2686 3393 infestus
2725 3331 2978 3393 advenit.
3023 3328 3321 3388 Marcellin

2159 3487 2173 3501 κ
2213 3430 2415 3488 chron.

2288 3521 2394 3574 Leo
2426 3519 2666 3586 Magnus
2697 3513 2768 3569 ad
2787 3509 3132 3569 Januarium
3146 3507 3320 3579 Aqui-

2217 3609 2510 3675 leiensem,
2563 3609 2619 3658 et
2654 3602 2724 3657 ad
2759 3596 3102 3669 Septimium
3154 3596 3314 3652 Alti—

2218 3708 2451 3752 nensem
2491 3691 2752 3748 scribens
2781 3687 3166 3760 Pelagianam
3194 3687 3319 3761 hae;-

2219 3785 2394 3842 resim
2419 3780 2721 3838 subvertit.
2738 3776 3065 3834 Videetiam
3081 3775 3322 3847 Pagium

2217 3876 2346 3931 Sen.
2378 3874 2448 3930 ad
2500 3872 2557 3926 h.
2601 3885 2679 3941 a.,
2713 3881 2871 3924 num.
2904 3864 2942 3922 ὅ
2965 3870 3022 3921 et
3045 3864 3208 3937 Seqq.

2293 3959 2554 4020 Leonis8
2595 3965 2653 4015 et
2687 3958 2742 4015 9.
3415 3949 3522 4009 448

2301 4051 2627 4110 Concilium
2737 4045 3324 4116 Constantinopolita-

2223 4158 2360 4202 num
2411 4142 2586 4212 coepit
2617 4154 2671 4195 vx
2705 4137 2784 4193 Id.
2839 4135 3120 4193 Novembr
3159 4139 3227 4191 ut
3261 4135 3325 4190 in

2220 4233 2345 4290 Act.
2376 4230 2759 4288 IChalcedon.
2807 4228 2871 4281 In
2903 4225 3007 4281 illo
3043 4224 3328 4294 Eutyches

2222 4323 2502 4378 haereseos
2529 4319 2828 4375 convictus
2874 4319 3176 4370 accusante
3203 4314 3328 4368 Eu—

2222 4411 2384 4469 sebio
2412 4409 2656 4480 Dorylzei
2687 4407 2974 4477 episcopo.
3005 4404 3146 4461 Vide
3170 4406 3336 4459 notas

2223 4503 2294 4558 ad
2328 4504 2585 4557 Leonem.
2603 4497 2812 4551 Eodem
2837 4506 2988 4550 anno
3011 4492 3106 4547 bis
3135 4497 3328 4562 postu-

2222 4592 2379 4648 latus
2401 4589 2530 4644 Ibas
2555 4586 2878 4640 Bdessenus
2903 4581 2998 4637 bis
3024 4580 3328 4638 absolutus

2218 4686 2306 4737 est
2351 4699 2364 4734 :
2415 4677 2664 4748 primum
2735 4670 2867 4741 Tyri
2933 4681 3123 4724 mense
3183 4667 3327 4722 Febr

2225 4767 2435 4824 deinde
2495 4759 2684 4831 Beryti
2760 4769 2952 4814 mense
3033 4754 3329 4826 Septembr

2225 4859 2393 4914 Petav
2445 4869 2515 4911 ex
2563 4850 2723 4908 Actis
2751 4847 2946 4906 Concil
2972 4845 3310 4904 Chalcedon.

2236 4947 2378 5004 Vide
2425 4949 2594 5000 notas
2637 4941 2710 4995 ad
2736 4941 2974 4994 Leonem
2997 4938 3070 4992 M.

2309 5031 2612 5090 Provincia
2629 5028 2792 5083 India
2816 5024 3135 5081 Theodosio
3162 5025 3324 5095 prin-

2240 5120 2576 5196 cipitigrim
2607 5116 2882 5174 domitam
2937 5129 3038 5185 pro
3093 5125 3328 5170 munere

2244 5213 2426 5270 misit.
2459 5205 2756 5265 Marcellin
2802 5205 3000 5260 chron.

2314 5304 2368 5360 S.
2461 5299 2778 5356 Germanus
2842 5293 3336 5351 Antisiodorensis

2247 5394 2553 5470 episcopus
2577 5388 2700 5445 obit
2720 5387 3014 5442 Ravennae.
3039 5383 3179 5443 Vide
3208 5385 3330 5440 No-

2253 5481 2462 5537 risium
2502 5479 2622 5534 hist
2663 5476 2852 5549 Palag;
2893 5475 2979 5532 lib
3027 5483 3092 5547 ii,
3142 5483 3192 5529 'c.
3238 5471 3326 5528 42.
