3962 6164
326 252 426 311 744
1126 256 1217 308 AD
1254 252 1688 309 ANASTASIUM
1730 251 2249 309 PROLEGOMENA
2285 256 2457 313 EDIT.
2502 260 2932 316 ROM.—VAT[C.

3632 260 3736 318 742

390 379 583 454 Anni“
618 383 995 450 Imperatores,
1016 381 1672 454 Consules‘Romanorum,
1755 376 1921 454 A_7_m§_

2163 382 2317 436 Anni
2414 385 2870 449 Christianorum,
2895 388 3200 442 Iudaeorum
3237 393 3285 440 et
3310 388 3486 454 ﬁniti—
3532 384 3685 438 Anni

364 450 584 503 Periodi
696 445 716 450 ’
796 466 881 503 res
924 458 1106 519 gestas,
1156 457 1205 504 et
1250 452 1583 504 documenta.
1794 449 1856 501 U.
1882 445 1940 499 Ο.

399 521 495 575 Jul
514 525 564 573 et
1729 524 1857 571 ante
1906 523 1956 571 et

442 591 570 645 Ind.
1692 595 1815 659 post
1858 591 1977 645 Pal.

402 890 547 948 5472
689 895 868 962 Impp.
900 892 1052 947 Caess
1084 893 1190 947 Leo
1213 895 1339 965 Aug
1364 900 1436 947 tr.
1475 909 1529 963 p.
1554 892 1609 964 2,
1641 895 1693 951 3.
1774 896 1905 953 4244

371 983 444 1058 ιζεῇ
475 979 546 1038 20
608 983 733 1039 Cos.
1775 985 1916 1043 4242

402 1077 475 1150 θ
537 1076 572 1135 4
679 1082 749 1135 Et.
798 1081 1152 1150 Majorianus
1197 1083 1322 1153 Aug
1362 1090 1436 1137 tr.
1471 1098 1524 1152 p.
1554 1082 1607 1151 2,
1643 1082 1695 1139 3.

468 1173 518 1225 D
622 1169 749 1225 Cos.

404 1259 589 1353 ιίιξιίσε
629 1295 767 1353 ρο..
805 1261 1410 1353 Elaflisimomd-

439 1344 521 1385 ιιι
630 1332 767 1353 νυ⁹⁰
811 1333 1099 1389 Patricius
1127 1332 1223 1387 0r.

478 1425 528 1473 et
710 1421 812 1475 Vet
835 1422 1085 1491 inscript
1108 1423 1246 1478 Rom
1279 1423 1437 1492 subt,
1472 1429 1583 1478 tom
1634 1425 1696 1491 ll,

425 1522 529 1563 xm
608 1524 661 1583 p.
703 1509 827 1583 693,
858 1517 914 1566 et
964 1511 1169 1567 Reines
1219 1527 1277 1581 p.
1317 1510 1443 1577 976,
1496 1519 1553 1567 et
1584 1512 1621 1565 l.
1648 1509 1700 1575 4,

614 1582 675 1636 C.
739 1583 809 1637 de
869 1596 1073 1637 summ.
1150 1583 1343 1637 Trinit
1393 1589 1500 1651 etc,
1550 1583 1701 1651 apud

616 1670 828 1725 Reland
881 1670 1138 1740 Epistola
1185 1671 1238 1726 S.
1281 1672 1487 1727 Leonis
1522 1668 1612 1731 80,
1635 1672 1705 1726 de

615 1774 729 1832 qua
759 1761 890 1818 vide
918 1762 977 1817 in
1010 1762 1163 1817 notis
1187 1761 1257 1817 ad
1285 1763 1522 1817 Leonem
1554 1763 1625 1815 M.

404 2146 547 2204 5473
688 2153 849 2221 Impp
894 2155 1045 2210 Czess
1094 2157 1200 2211 Leo
1245 2156 1393 2227 Aug.
1445 2160 1515 2208 tr.
1554 2169 1605 2224 p.
1641 2152 1693 2221 3,
1775 2150 1915 2209 4242

375 2243 449 2314 ξῇ
492 2233 556 2292 24
618 2236 671 2293 4.
721 2241 849 2294 Cos.
1776 2238 1914 2297 4243

404 2330 478 2403 θ
547 2328 584 2386 5
692 2331 762 2384 Et.
785 2329 1103 2398 Majoribus
1155 2334 1281 2403 Aug
1319 2339 1391 2387 tr.
1447 2347 1498 2401 p,
1555 2330 1607 2396 3,
1645 2328 1694 2385 4.

438 2420 577 2509 .03..
620 2454 757 2509 Coss
796 2417 1269 2509 599119942194!"

392 2489 577 2544 Indict
620 2489 757 2509 W”
794 2491 1036 2559 Magnus
1065 2489 1267 2544 Occid.

442 2591 549 2633 xm
696 2580 756 2632 L.
791 2574 876 2646 44,
930 2576 990 2631 C.
1040 2576 1110 2630 de
1138 2577 1325 2633 Advoc
1364 2578 1555 2633 divers
1595 2578 1697 2646 jud

465 2672 518 2720 et
625 2672 734 2721 etc.
772 2681 845 2735 ap
873 2664 1085 2719 Reland
1126 2670 1183 2719 et
1218 2664 1273 2719 S.
1322 2666 1429 2719 Leo
1457 2663 1703 2733 epist99

446 2762 546 2809 xw
620 2755 689 2809 ad
720 2751 840 2809 403.

538 2864 551 2867 έ
692 2843 935 2899 Maldias
959 2843 1162 2899 Suevis
1208 2844 1496 2913 imperans
1515 2844 1699 2914 jugu-

620 2933 796 2989 latur.
874 2934 1199 2990 Succedunt
1270 2934 1606 2990 Frumarius
1644 2939 1700 2989 et

620 3022 1088 3077 Remismundus.
1132 3022 1407 3090 Hispanis
1434 3022 1701 3077 Theodo-

620 3111 781 3165 ricus
808 3111 1194 3179 Nepotianum
1223 3113 1348 3181 Mag
1375 3110 1621 3180 Militiae,
1645 3116 1703 3164 et

617 3197 957 3254 Sunericum
974 3198 1241 3253 comitem
1255 3196 1509 3266 prafecit
1521 3240 1534 3250 .
1567 3198 1703 3254 Ida-

616 3286 757 3343 tius.

399 3580 542 3641 5474
687 3587 808 3654 Imp
840 3584 991 3641 Czess
1030 3586 1137 3640 Leo
1165 3584 1292 3654 Aug
1346 3590 1422 3637 tr.
1462 3598 1514 3652 p.
1552 3580 1603 3650 4,
1636 3579 1689 3637 5.
1772 3578 1911 3638 4243

373 3676 445 3747 ᾧ
476 3670 549 3728 22
620 3673 750 3743 Cos.
1774 3668 1911 3727 4244

399 3762 472 3834 θ
507 3761 544 3817 6
686 3766 755 3819 Et
778 3763 1134 3831 Majorianus
1159 3764 1305 3832 Aug.
1341 3770 1412 3817 tr.
1441 3779 1490 3831 p.
1547 3762 1597 3829 4,

435 3852 487 3906 A
608 3851 737 3906 Cos.

381 3936 572 4028 ἕζιξῗίίίἱ
623 3972 764 4028 Coss
802 3935 1418 4028 §{§?F.°Ii{l‘fsn90°‘d'

381 4019 479 4060 xxv
520 4011 572 4061 et
624 4007 764 4028 W”
802 4007 1162 4079 Daglaiphus
1185 4007 1282 4063 Or.

433 4107 507 4147 xv
689 4096 864 4151 Vetus
917 4096 1167 4165 inscript
1198 4098 1415 4154 Nolana
1470 4100 1530 4154 in
1560 4099 1709 4155 Praef

614 4182 758 4238 tomi
786 4185 825 4236 Ι·
859 4198 915 4237 n.
945 4181 1037 4252 26,
1072 4183 1226 4238 circa
1274 4184 1439 4240 ﬁnem
1471 4192 1527 4241 et
1550 4188 1702 4255 epist

615 4286 698 4341 χι,
737 4269 841 4325 lib.
875 4286 913 4323 ι.
942 4270 1170 4325 Sidonii
1196 4273 1363 4341 Apoll
1406 4280 1462 4329 et
1501 4274 1699 4329 Concil

614 4361 950 4415 Turonense
1013 4373 1049 4413 ι.
1124 4360 1264 4415 Vide
1324 4363 1438 4432 Pag
1474 4364 1580 4417 Sen
1629 4364 1699 4417 ad

612 4451 670 4505 h.
704 4463 756 4505 a.

646 4539 1001 4609 Majorianus
1104 4543 1227 4611 Aug
1302 4556 1335 4597 a
1412 4543 1697 4597 Ricimere

610 4629 965 4685 occiditur:
1022 4631 1120 4700 qui
1189 4644 1302 4686 ann
1405 4632 1695 4700 superiori

613 4719 887 4775 adversus
928 4719 1212 4775 Vandalos
1241 4720 1456 4777 bellum
1488 4734 1694 4790 parans

610 4808 982 4864 dissimulato
1033 4809 1235 4865 habitu
1281 4809 1451 4880 legati
1507 4811 1695 4879 specie

609 4897 679 4952 ad
706 4898 1082 4955 Gensericum
1127 4899 1185 4953 in
1214 4899 1353 4968 Hisp
1400 4896 1692 4969 profectus

398 5054 541 5114 5175
611 4984 823 5042 fuerat.
861 4988 1076 5058 Procop
1114 4988 1184 5043 de
1204 4987 1497 5044 bellVand
1539 4988 1622 5043 lib
1654 5003 1693 5043 ι.

369 5126 544 5203 ωεδ

396 5205 574 5278 67

433 5279 477 5332 G

362 5350 562 5405 Indiet.

433 5434 505 5475 xv
687 5427 847 5496 Impp
884 5425 1034 5481 Caess
1062 5427 1166 5480 Leo
1190 5426 1316 5496 Aug
1346 5433 1418 5481 tr.
1446 5443 1493 5497 p.
1539 5428 1594 5502 5,
1627 5432 1677 5489 6,
1763 5424 1900 5481 4244

435 5514 523 5564 et!
617 5510 722 5567 Cos
757 5528 817 5570 ιι.
1774 5521 1914 5579 4245

2164 454 2372 524 Olymp.

2509 473 2715 511 morum
2774 460 3115 527 populorum,
3172 462 3473 525 Pontiﬁces,

3544 458 3679 510 Erae

2497 531 2680 593 Reges,
2732 545 2815 582 res
2853 536 3011 595 gesta)
3062 538 3109 583 ct
3140 532 3475 584 documenta.
3521 526 3721 580 Christi

2371 698 2541 744 ventu
2618 690 2930 745 Salvatoris
2977 704 3156 745 annos
3220 702 3453 744 ccccnn

2376 779 2509 849 Pag.

2217 898 2257 939 Il
2441 889 2642 943 Leonis
2677 888 2742 944 49
2770 896 2826 944 et
2855 888 2941 945 20.

2200 987 2263 1029 ιιι
2448 979 2556 1032 Leo
2586 979 2827 1033 Proterii
2862 992 2995 1033 nece
3012 978 3239 1048 cognita
3266 976 3458 1030 Cresa—

2378 1066 2529 1119 rium
2584 1067 2817 1121 mittens
2847 1067 3020 1121 caedis
3072 1066 3235 1121 illius
3268 1065 3458 1134 parti—-

2377 1167 2507 1223 ceps
2535 1154 2889 1211 abscissione
2926 1156 3139 1226 linguae
3167 1154 3453 1221 multavit,

2377 1243 2735 1299 Timotheum
2813 1260 2943 1300 vero
3042 1245 3455 1314 Episcoporum

2370 1333 2595 1400 judicio
2682 1334 2947 1402 reliquit.
3039 1334 3303 1387 Petavius
3392 1346 3460 1385 ex

2375 1422 2623 1491 Theoph.

2445 1512 2941 1583 Constantinopoli
2962 1512 3284 1568 Concilium
3309 1511 3465 1565 cele—

2381 1600 2622 1655 brantur
2644 1602 2703 1655 in
2726 1615 2840 1671 quo
2858 1601 3346 1657 Chalcedonensis
3365 1599 3458 1667 Sy-

2381 1690 2566 1745 nodus
2606 1690 2938 1745 conﬁrmata
2967 1695 3022 1745 et
3050 1687 3462 1744 Ecclesiastica

2379 1778 2693 1847 disciplina
2752 1779 3092 1835 constituta.
3146 1778 3367 1833 Balsam
3401 1775 3460 1829 in

2378 1868 2611 1924 Nomoc.

2459 1957 2668 2013 Acacio
2682 1958 3036 2013 Antiocheno
3059 1964 3285 2013 mortuo
3299 1953 3463 2010 suni-

2380 2047 2538 2101 citur
2560 2050 2889 2118 Martyrius.
2919 2047 3136 2115 Niceph
3177 2047 3382 2100 chron.

2200 2164 2265 2206 ιιι
2450 2155 2653 2210 Leonis
2688 2152 2758 2210 20
2787 2159 2842 2209 et
2870 2152 2932 2209 24

2203 2252 2259 2294 1v
2439 2242 2773 2298 Timotheus
2825 2242 3057 2298 Elurus
3118 2240 3450 2297 interfector

2378 2330 2621 2386 Proterii
2652 2332 2910 2401 episcopi
2935 2332 3281 2386 Chersonam
3308 2329 3457 2384 rele-

2381 2425 2550 2489 gatur
2576 2437 2589 2473 :
2633 2425 2836 2489 etpost
2864 2433 3083 2476 menses
3109 2419 3368 2488 quinque
3401 2418 3458 2471 in

2378 2508 2714 2578 episcopatu
2743 2508 2883 2563 Alex
2935 2509 3119 2564 eidem
3176 2506 3462 2562 sufﬁcitur

2379 2597 2712 2653 Timotheus
2806 2598 3189 2653 Solofaciolus
3276 2596 3451 2651 Cone.

2375 2685 2695 2741 Chalcedon
2751 2685 3033 2741 defensor.
3097 2687 3298 2741 Victor
3338 2685 3460 2739 Tun

2376 2774 2647 2842 Epistolas
2700 2775 2761 2830 S.
2835 2776 3036 2830 Leonis
3087 2772 3158 2828 99
3211 2781 3265 2828 et
3326 2771 3451 2828 400.

2376 2862 2701 2931 Theophan.
2755 2864 2897 2918 Vide
2922 2863 3159 2933 Pagium
3182 2864 3291 2917 Jun
3327 2862 3385 2915 in
3406 2861 3461 2916 S.

2383 2951 2565 3004 Leone
2592 2963 2726 3006 num
2756 2947 2845 3005 36.

2451 3039 2704 3094 Eudocia
2750 3039 3054 3095 Theodosii
3110 3040 3310 3093 relicta
3338 3053 3464 3094 mo-

2380 3126 2532 3181 ritur
2559 3127 2992 3196 Hierosolymis,
3022 3141 3151 3183 cum
3179 3141 3349 3196 opera
3369 3126 3459 3182 SS.

2377 3215 2675 3285 Euthymii
2703 3223 2760 3271 et
2787 3216 3074 3271 Simeonis
3101 3215 3321 3285 Stylita:
3365 3229 3461 3269 re—

2379 3303 2660 3373 sipuisset
2686 3303 2757 3358 ab
2788 3305 2906 3358 haer
2941 3304 3161 3373 Eutych
3195 3305 3256 3358 in
3290 3317 3460 3374 quam

2378 3392 2447 3447 ad
2480 3397 2705 3461 tempus
2732 3392 2999 3462 prolapsa
3026 3391 3238 3447 fuerat.
3289 3390 3464 3461 Cyrill

2381 3484 2438 3535 et
2473 3480 2711 3550 Niceph.

2176 3586 2331 3656 Olym
2456 3589 2661 3644 Leonis
2690 3585 2752 3643 24
2791 3594 2846 3644 et
2885 3587 2972 3644 22.
3004 3589 3187 3643 Hilari
3221 3586 3279 3641 4.

2220 3673 2326 3731 309
2487 3678 2548 3733 S.
2587 3679 2695 3732 Leo
2724 3678 2795 3731 M.
2828 3677 2952 3735 obit
2973 3676 3008 3732 3
3036 3677 3317 3733 Novembr
3361 3678 3469 3746 dep

2227 3779 2282 3821 ιγ
2392 3782 2428 3822 ιι
2457 3769 2594 3823 Nov.
2636 3767 2810 3823 Vacat
2837 3768 3008 3822 Sedes
3037 3767 3164 3822 dies
3197 3764 3283 3834 47,
3326 3781 3464 3822 suc-

2158 3861 2207 3912 et
2231 3853 2339 3912 340
2375 3857 2529 3912 cedit
2555 3857 2610 3911 S.
2633 3857 2882 3912 Hunnus
2904 3856 3209 3912 ordinatus
3250 3853 3317 3911 42
3344 3858 3464 3911 Νο-

2241 3959 2257 3999 ι
2394 3945 2643 4001 vembris
2662 3945 2757 4001 die
2774 3945 3093 4000 Dominica.
3127 3944 3269 4000 Vide
3300 3949 3461 4000 notas

2379 4036 2447 4089 ad
2490 4034 2771 4089 Hilarum.

2451 4120 2803 4189 Majorianus
2822 4121 3119 4191 Augustus
3134 4134 3165 4176 a
3183 4121 3463 4176 Ricimere

2381 4208 2635 4264 Patricio
2661 4208 2952 4264 occiditur
2966 4224 3139 4279 prOpe
3167 4211 3472 4265 Dertonam

2379 4299 2474 4354 die
2493 4295 2528 4352 7
2555 4297 2802 4369 Augusti
2817 4312 2887 4353 ex
2905 4299 3082 4354 chron
3093 4300 3348 4370 ographo
3367 4314 3464 4369 per

2377 4386 2797 4456 Cuspinianum
2856 4387 3010 4442 edito
3055 4394 3109 4442 et
3158 4402 3259 4457 per
3294 4387 3463 4443 Onu—

2381 4476 2611 4544 phrium
2640 4475 2957 4531 observato.
2999 4476 3142 4531 Vide
3185 4477 3301 4547 Pag
3351 4476 3454 4531 Sen

2374 4564 2443 4619 ad
2487 4564 2543 4618 h.
2578 4578 2632 4620 a.
2668 4577 2721 4619 ιι.
2750 4562 2803 4619 2.
2836 4567 2895 4619 In
2930 4565 3053 4633 ejus
3078 4563 3265 4619 locum
3289 4565 3491 4619 levavi.

2374 4658 2470 4708 tur
2512 4653 2823 4722 imperator
2878 4654 3154 4709 Ravennae
3208 4649 3274 4707 49
3316 4656 3451 4708 Nov.

2369 4745 2561 4799 LlBlUS
2588 4745 2854 4799 Sevenus.
2888 4743 2989 4798 Ibi.

2440 4834 2554 4887 Hoc
2628 4845 2775 4887 anno
2832 4831 2900 4887 64
2948 4839 3073 4903 post
3131 4833 3353 4891 obitum
3393 4835 3445 4888 S.

2372 4922 2606 4976 Martini
2628 4921 2983 4978 Turonensis
3012 4924 3317 4992 episcOpus
3350 4936 3452 4978 or—

2374 5009 2610 5065 dinatur
2660 5010 3019 5079 Perpetuus:
3071 5026 3105 5067 a
3160 5025 3273 5083 quo
3302 5012 3454 5083 Greg

2373 5100 2560 5155 Turon
2594 5098 2675 5152 lib
2706 5114 2763 5168 x,
2796 5099 2916 5156 hist
2944 5102 3123 5156 Franc
3147 5115 3197 5157 c.
3226 5099 3317 5170 34,
3347 5116 3447 5157 or—

2367 5188 2565 5242 dinata
2640 5201 2765 5243 esse
2817 5188 3060 5245 aﬂirmat
3105 5192 3326 5259 jejunia
3393 5197 3448 5247 et

2371 5276 2606 5347 vigilias
2632 5291 2731 5347 per
2761 5280 2897 5333 anni
2929 5280 3232 5335 circulum.

2232 5453 2247 5492 ι
2452 5438 2631 5494 Hilari
2664 5436 2687 5492 4
2721 5444 2775 5495 et
2803 5438 2856 5494 2.

2210 5541 2248 5580 ιι
2430 5527 2670 5584 Studius
2692 5528 2904 5583 Patrio.
2934 5529 3342 5585 Monasterium
3358 5542 3445 5584 ce-

3565 882 3664 941 459

3571 3582 3656 3640 464

3555 5436 3649 5494 462
