3968 6164
141 230 233 288 743
1039 235 1379 293 CHRONOL.
1420 237 1465 291 A
1503 239 1556 293 S.
1600 199 1992 301 SYLVESTRO
2030 246 2122 300 AD
2160 248 2216 302 S.
2258 250 2468 306 GREG.
2509 255 2582 308 M.
3403 265 3513 325 744

175 356 308 452 Anni
339 354 753 452 'Impcratores,
787 357 1484 452 Consules,JRoma1t07°um,
1527 364 1681 415 Anni
1760 365 1819 422 A
1903 365 2088 452 nAnm’
2161 369 2617 442 Christianorum,
2649 380 2962 452 Iudaeorum
2996 391 3045 437 et
3091 388 3228 452 ﬁni-

175 433 234 452 ...
305 442 331 452 ..
647 443 731 452 η..
770 434 925 452 M..._
978 438 1014 452 _.
1490 435 1535 452 π
1572 434 1606 452 η
1952 436 1963 452 .
2231 445 2266 452 ..

175 389 305 410 am"
374 389 663 424 ,ιιιιμῑιιωιυι
679 389 753 417 co,
787 389 1060 426 uunoulco,
1093 389 1484 432 numtuwrum,
1527 389 1680 415 nunc
1760 389 1819 422 ﬂ
1931 389 2088 418 ΛῙιΙιῑ
2161 389 2617 442 ansnanomm,
2649 389 2962 436 Jwaomm
2996 391 3045 437 et
3091 389 3228 452 ﬁni—
3291 389 3449 444 Anni

149 429 250 482 Per.
269 426 370 523 Ju’l.
646 443 731 482 res
763 434 946 495 gesta,
967 438 1014 485 et
1046 433 1382 488 documenta.
1490 434 1625 487 U.C.
1899 433 2109 505 Olymp.
2221 445 2475 523 timorum
2511 450 2841 516 populorum
2913 455 3215 523 Pontiﬁces,
3291 462 3434 514 zE-rae

178 503 216 523 -4
253 499 302 523 ’.η
1552 509 1664 523 _,__A-

174 503 216 551 et
245 496 359 553 Ind.
1539 509 1667 586 ante
1706 579 1716 586 .
1963 496 1984 504 ν
2048 496 2069 505 ⁵
2217 515 2404 586 Reges,
2435 496 2531 572 res‘
2549 496 2712 586 ggsta:
2761 528 2812 576 et
2836 496 3176 580 documenta.
3198 497 3215 518 ²
3259 529 3482 585 Christi.

1506 581 1558 630 et
1594 579 1720 644 post

1521 648 1686 701 Pahl.
2009 639 2064 688 θί
2086 647 2144 688 Χῖ

463 765 534 818 Ει
571 763 776 821 Libius
809 765 1048 822 Severus
1092 773 1164 823 tr.
1212 785 1266 839 p.
1320 767 1370 840 4,
1418 768 1474 825 2.
2121 763 2134 778 ’
2158 775 2313 833 lebre
2344 782 2543 838 condit
2566 786 2673 840 CP.
2706 787 2764 842 in
2789 804 2901 859 quo
2917 791 3231 852 Acmmetas

395 853 552 909 Coss.
631 855 742 910 Leo
769 854 1068 926 Augustus
1103 870 1168 912 II.
2161 868 2467 925 monachos
2500 874 2770 931 transfert
2803 853 2823 931 ἶ
2862 879 2959 934 ubi
2988 882 3232 939 Studita:

633 943 838 999 Libius
862 943 1101 1002 Severus
1128 947 1274 1018 Aug.
2153 954 2363 1012 deinde
2391 959 2536 1015 dicti
2566 969 2719 1019 sunt.
2748 966 3000 1038 Theoph.

469 1032 644 1088 Vetus
689 1033 938 1103 inscript
975 1048 1046 1104 ap
1093 1035 1323 1093 Fabrett
1375 1052 1481 1110 pag
2226 1045 2528 1104 Antiochia
2579 1054 2816 1110 Isauria:
2866 1032 3017 1114 terra
3057 1060 3234 1117 dehi-

390 1117 521 1175 757.
555 1120 663 1177 8.Α
693 1121 874 1177 Hilari
905 1124 1054 1192 epist
1085 1139 1136 1194 ν,
1171 1132 1227 1181 et
1257 1128 1477 1183 Leontii
2153 1143 2343 1190 scente
2393 1139 2693 1212 mergitur,
2749 1144 2866 1213 piis
2913 1147 3232 1219 aliquantis

394 1209 588 1265 Arelat
618 1209 688 1264 ad
722 1211 979 1267 Hilarum
1010 1227 1230 1283 papam.
2156 1220 2396 1278 relictis.
2422 1209 2670 1286 Idatius.

467 1299 717 1370 Eclipsis
746 1303 919 1357 Lunae
944 1317 1019 1357 v1.
1061 1304 1251 1359 Nonas
1280 1305 1475 1362 Martii
1583 1335 1658 1346 —-

389 1386 498 1442 Fer
523 1402 602 1442 vi.
633 1389 769 1444 ldat.

203 1469 326 1530 5476
467 1478 625 1547 Impp
654 1478 804 1533 Caess
833 1480 941 1534 Leo
980 1479 1108 1553 Aug
1139 1486 1208 1536 tr.
1245 1496 1296 1551 p.
1331 1479 1385 1552 6,
1419 1477 1474 1552 7,
1554 1478 1694 1537 4245

1992 1487 2033 1525 ιι
2222 1475 2402 1534 Hilari
2434 1478 2470 1536 2
2489 1488 2544 1538 et
2567 1479 2626 1549 3,
3323 1493 3428 1553 463

167 1567 225 1636 Θ
260 1560 322 1618 24
388 1578 540 1620 οοεε,
571 1564 624 1621 2,
1555 1568 1695 1626 4246
1983 1574 2046 1616 ιιι
2230 1567 2493 1626 Petavius
2523 1574 2811 1632 adnotans
2838 1578 3236 1650 Theophanem

176 1651 236 1723 θ
294 1651 328 1708 8
470 1655 536 1710 Et
609 1656 812 1714 Libius
888 1660 1126 1716 Severus
1203 1661 1330 1733 Aug
1405 1667 1478 1716 tr.
1795 1687 1847 1746 Β
2161 1653 2217 1746 [ις
2276 1671 2357 1746 _a.
2406 1673 2725 1746 numerare
2799 1666 2999 1724 Mundi
3069 1669 3232 1728 5956.

235 1743 276 1795 F
369 1758 426 1812 p.
449 1741 504 1814 2,
531 1741 590 1809 3,
624 1761 740 1803 cos.
1795 1741 1802 1746 I

1795 1741 1841 1746 ”
2154 1741 2370 1799 Christi
2394 1743 2498 1801 456
2521 1790 2534 1816 ,
2565 1751 2664 1820 qui
2694 1760 2779 1808 est
2802 1755 2946 1810 Erae
2972 1771 3237 1816 commu—

186 1829 344 1884 Indict
567 1835 864 1893 Vivianus,
1385 1911 1395 1915 _
2156 1831 2250 1886 nis
2275 1829 2399 1902 463,
2429 1835 2608 1893 refert
2633 1841 2858 1897 Petrum
2903 1845 3233 1915 Cnapheum

212 1906 329 1955 ιετιι
397 1903 539 1959 COSS
577 1906 832 2032 ggsilius
877 1910 977 1979 qui
1017 1914 1072 1966 et
1118 1911 1200 1966 F1.
1257 1911 1479 1966 Caecina
2155 1921 2374 1978 Zenone
2412 1925 2557 1980 duce
2585 1927 2844 1986 Orientis
2882 1933 2997 1988 sibi
3025 1903 3236 1992 conci;

655 1993 832 2032 suus
2155 2008 2292 2032 1:-.-
2359 2012 2601 2032 ._-...,-
2651 2016 2662 2028 .
2706 2023 2717 2032 .
2978 2024 2989 2032 .

655 1993 832 2034 SlllllS

2155 2008 2316 2075 liato,
2345 2012 2789 2081 Apollinaristas
2813 2024 3086 2090 quosdam
3105 2039 3237 2080 con-

2155 2101 2243 2151 tra
2273 2099 2610 2170 Martyrium
2647 2105 3067 2166 Antiochenum
3086 2113 3235 2183 Epi-

2156 2197 2392 2254 scopum
2441 2193 2781 2250 concitasse.
2830 2199 3145 2267 Martyrius
3199 2215 3234 2256 a

2155 2273 2451 2333 Gennadio
2483 2279 2796 2338 honoriﬁce
2817 2292 3090 2355 exceptus
3125 2287 3229 2341 CP.

2153 2363 2668 2426 Antiochiamdum
2687 2373 2854 2440 redit,
2876 2375 3233 2430 tumultuan-

2156 2454 2268 2504 tem
2307 2456 2582 2522 populum
2606 2460 2826 2527 videns,
2856 2461 2981 2516 sedi
3011 2475 3234 2518 renun-

2159 2538 2285 2594 tiat.
2339 2543 2538 2600 Petrus
2595 2548 2849 2616 ejusdem
2899 2549 3134 2607 invasor
3159 2551 3232 2607 ab

2155 2628 2277 2698 Imp
2310 2630 2368 2686 in
2399 2633 2670 2690 exsilium
2698 2636 2959 2706 pellitur.

469 2064 633 2133 Apud
665 2067 842 2123 Sidon
873 2070 1035 2140 Apoll
1059 2071 1142 2126 lib
1171 2089 1210 2134 ι,
1234 2086 1320 2142 ep.
1350 2070 1402 2126 9.

474 2155 780 2225 Inscriptio
828 2159 1119 2216 Paschalis
1166 2162 1316 2231 apud
1368 2163 1479 2216 Fa—

396 2240 552 2297 brett
596 2240 704 2298 577
751 2252 807 2301 et
843 2248 1014 2304 Noris
1060 2250 1128 2304 ad
1180 2252 1309 2305 Fast
1352 2263 1480 2305 coss

397 2343 510 2401 pag
549 2328 620 2387 53
651 2346 718 2387 ex
749 2349 860 2404 qua
889 2336 996 2391 hoc
1029 2349 1180 2393 anno
1218 2337 1480 2393 celebra-

397 2425 520 2473 tum
567 2426 652 2476 est
681 2423 896 2478 Pascha
941 2422 1004 2479 24
1057 2425 1298 2494 Aprilis.
1340 2425 1481 2480 Vide

397 2520 574 2575 supra
586 2510 656 2564 ad
675 2523 789 2566 ann
804 2507 926 2580 457,
951 2511 1097 2583 1,42,
1114 2514 1170 2567 C.
1189 2514 1259 2569 de
1278 2514 1472 2569 advoc.

468 2597 764 2654 Victorius
859 2600 1188 2672 Aquitanus
1277 2609 1482 2673 rogatu

399 2683 586 2741 Hilari
655 2689 813 2757 Papa:
866 2690 1098 2761 Cyclum
1151 2691 1480 2747 Paschalem

400 2785 686 2830 annorum
711 2776 818 2833 532
837 2779 977 2835 edit.
1009 2780 1150 2836 Vide
1167 2781 1475 2836 Petavium.

211 2853 334 2913 5477
475 2863 636 2933 Impp
687 2866 836 2922 Caess
888 2868 997 2924 Leo
1041 2869 1172 2939 Aug
1210 2875 1280 2923 tr.
1326 2884 1380 2938 p.
1424 2865 1478 2938 7,
1558 2865 1698 2924 4246

1984 2870 2047 2912 ιιι
2230 2862 2411 2919 Hilari
2453 2863 2487 2920 3
2513 2873 2570 2922 et
2595 2865 2648 2922 4.
3326 2873 3431 2932 464

187 2948 246 3018 ᾗ)
290 2945 356 3003 25
402 2947 459 3016 8,
489 2965 616 3008 coss
641 2950 698 3007 2.
1559 2953 1697 3012 4247

1665 2953 1697 3010 7
1807 3009 1848 3020 Α
1992 2958 2048 3000 1v
2229 2949 2502 3020 Olybrius
2590 2957 2821 3014 Romam
2912 2962 3124 3018 missus
3199 2975 3232 3018 a

183 3009 242 3111 ὅ
315 3042 348 3100 9
448 3009 551 3103 Ἐῐ
578 3049 779 3107 Libius
803 3053 1042 3110 Severus
1077 3055 1204 3126 Aug
1238 3059 1313 3110 tr.
1336 3069 1389 3124 p.
1425 3052 1478 3124 3,
1570 3009 1685 3012 MN
1801 3009 1850 3070 Ο
2162 3009 2342 3093 Ιιθοιίθ
2401 3042 2768 3113 Imperatore,
2830 3049 3001 3105 ducta
3055 3065 3233 3106 uxore

226 3132 268 3184 Ε
289 3135 332 3187 1)
411 3133 467 3190 4,
513 3137 641 3193 ρος,
2157 3126 2435 3197 Placidia,
2471 3131 2691 3188 invitus
2710 3148 2741 3189 a
2765 3136 3038 3194 Romanis
3062 3153 3234 3194 coro-

195 3218 353 3275 ιηάίσε
621 3229 916 3287 Rusticus.
2161 3219 2352 3268 natur.
2377 3216 2564 3271 Chron
2596 3221 2771 3275 Pasch
2793 3224 2863 3276 ad
2890 3224 2942 3275 h.
2979 3238 3032 3278 a.
3069 3231 3234 3280 retu-

254 3304 288 3386 1-1
398 3294 538 3351 c035
606 3299 886 3386 ijlbrius
913 3304 1092 3374 quiet
1118 3304 1200 3359 F1,
1240 3304 1484 3361 Anicius
2162 3299 2234 3352 lit
2267 3314 2377 3356 una
2396 3318 2545 3386 .cum
2589 3306 2924 3364 Consulatu.
2973 3311 3076 3366 Sed
3119 3313 3236 3367 tri—

212 3366 319 3417 etm
604 3366 800 3442 Olybr.
929 3366 947 3374 ’
1337 3463 1341 3464 ν
2163 3393 2369 3442 mestre
2391 3366 2698 3460 Imperium
2715 3393 2937 3464 Olybrii
2960 3366 3240 3454 differen-

470 3458 644 3515 Vetus
690 3461 999 3533 inscriptio
1045 3465 1103 3519 in
1152 3465 1205 3520 S.
1261 3463 1485 3519 Sabina:
2160 3475 2298 3530 dum
2325 3483 2409 3532 est
2441 3458 2511 3533 ad
2532 3493 2643 3535 ann
2674 3458 2801 3536 472.
2828 3483 2968 3540 Vide
3001 3485 3174 3541 infra.

402 3545 651 3619 Fabrett,
690 3566 796 3623 pag
836 3549 962 3608 567.
2232 3565 2446 3636 Beogor
2498 3568 2614 3623 Rex
2656 3570 2966 3628 Alanorum
3000 3588 3032 3629 a
3076 3575 3242 3631 Rici-

472 3636 624 3692 Solis
671 3638 918 3696 defectio
971 3641 1066 3697 die
1113 3638 1184 3697 20
1238 3641 1486 3733 Augusti
2166 3665 2315 3708 mere
2357 3655 2649 3712 occiditur
2688 3661 2836 3726 apud
2881 3662 3238 3733 Bergomum.

401 3722 906 3798 Constantinopoli
970 3731 1123 3801 digit
1150 3729 1286 3798 [fere
1331 3729 1366 3785 6
1412 3729 1482 3785 ab
2163 3735 2488 3798 Cassiodor.
2517 3747 2578 3799 In
2609 3722 2901 3804 eodefecit
2929 3722 3241 3808 Alanorum

405 3812 594 3870 ldatio
646 3825 958 3876 memorata
1001 3837 1014 3873 :
1077 3821 1150 3875 de
1214 3833 1326 3890 qua
1382 3821 1492 3873 Pe—
2167 3829 2974 3906 PrincipatusinterLigerim
3000 3848 3056 3894 et
3087 3840 3250 3896 Rho-

406 3902 616 3959 tavius.
2169 3918 2278 3973 dan
2289 3933 2405 3973 um.

477 3991 841 4050 Childericus
904 4009 1003 4065 per
1073 3996 1403 4052 octennium
1461 4011 1494 4051 a
2240 4006 2448 4064 Obitus
2495 4009 2552 4065 S.
2586 4011 2874 4070 Simeonis
2913 4015 3136 4086 Stylitae
3190 4017 3250 4072 h.

416 4079 652 4137 Francis
699 4083 980 4153 expulsus
1012 4085 1204 4157 Regno
1249 4099 1356 4141 suo
1397 4099 1496 4141 re—
2171 4109 2223 4151 a.
2251 4097 2518 4168 signatur
2547 4101 2784 4158 aChron
2821 4079 3024 4161 Pasch.

403 4170 699 4226 stituitur.
721 4173 860 4228 Vide
884 4175 997 4246 Pag
1037 4175 1144 4230 Sen
1169 4176 1223 4229 h.
1260 4189 1313 4230 a.
1343 4189 1397 4232 ιι.
1435 4173 1490 4230 9.

215 4264 340 4326 5478
481 4277 640 4346 Impp
678 4278 828 4334 Caess
883 4281 990 4336 Leo
1027 4280 1156 4352 Aug
1197 4286 1268 4336 tr.
1314 4297 1374 4351 p.
1436 4279 1490 4353 8,
1570 4276 1708 4336 1247

1949 4274 2122 4346 Olym.
2243 4277 2428 4335 Hilari
2461 4274 2494 4334 4
2531 4284 2587 4336 et
2613 4277 2670 4351 5,
2707 4283 2809 4354 qui
2836 4282 3030 4340 Concil
3060 4286 3249 4342 Romae
3340 4283 3446 4344 465

288 4357 353 4416 26
403 4361 460 4431 9,
495 4379 622 4421 coss
655 4380 717 4421 ιι.
1568 4367 1708 4426 4248

1679 4367 1708 4426 Β
1805 4389 1859 4450 D
1975 4363 2081 4422 340
2173 4367 2443 4424 celebrat.
2518 4371 2662 4426 Vide
2733 4379 2899 4429 notas
2958 4373 3110 4430 infra
3176 4376 3246 4432 ad

187 4451 355 4558 0’40
483 4463 550 4518 Et
577 4463 680 4520 Lib
724 4466 964 4524 Severus
997 4469 1124 4539 Aug
1149 4473 1221 4524 tr.
1253 4484 1309 4538 p.
1351 4466 1403 4523 4.
1436 4465 1490 4536 5,
1994 4469 2092 4558 ﬂ.
2174 4456 2463 4558 Hilarum},

262 4544 298 4622 (ἶ
406 4564 504 4606 cos
554 4555 654 4623 qui
707 4555 1019 4612 Ricimeris
1067 4559 1304 4613 Patricii
1360 4558 1494 4614 dolo
1957 4546 2092 4603 ϐίοι
2237 4547 2570 4601 Incendium
2645 4548 2742 4602 ΟΡ·
2810 4549 2978 4618 illm
3071 4551 3249 4609 Chl‘On

194 4630 352 4691 Indict
408 4653 621 4698 veneno
667 4645 1046 4702 interimitur.
1099 4649 1494 4717 lnterregnum
1973 4719 2069 4740 Μ,
2169 4633 2498 4740 “93“ij
3160 4727 3172 4740 .

247 4734 300 4778 ιιι
412 4739 548 4799 post
576 4733 700 4800 ejus
735 4742 972 4791 mortem
1013 4735 1151 4791 anni
1183 4742 1240 4791 et
1268 4735 1494 4805 aliquot

1971 4719 2069 4777 344
2237 4723 2502 4793 Egidius
2521 4736 2706 4779 comes
2725 4724 3046 4782 Gothorum
3062 4741 3131 4783 ex
3157 4727 3259 4783 in-

214 4814 256 4862 ει
283 4825 333 4866 ιν
407 4830 564 4873 mens
595 4834 661 4876 ex
695 4821 953 4878 Cassiod.
2015 4824 2032 4864 ι
2161 4809 2337 4866 sidiis
2378 4813 2643 4882 moritur,
2678 4815 2778 4884 qui
2823 4823 2950 4884 post
2983 4817 3109 4887 ejus
3142 4816 3253 4871 ob-

414 4940 552 4998 COSS
627 4910 706 4964 Fl.
738 4911 1077 4994 Basiliscus.

629 4982 1080 5038 Herminericus.

2173 4898 2318 4954 itum
2364 4901 2645 4958 Romanas
2686 4904 2954 4960 civitates
2997 4919 3257 4974 occupa-

2172 4991 2327 5041 runt.
2356 4987 2598 5043 Idatius.

678 4994 1080 5038 erminericus.
2172 4994 2327 5041 runt.
2357 4994 2598 5042 Idatius.

484 5067 658 5124 Vetus
723 5072 990 5141 inscript.
1070 5071 1323 5130 Fabrotti
1388 5069 1494 5128 567
2242 5076 2608 5132 Childericus
2640 5076 2963 5150 Andegavis
3015 5089 3254 5156 pugnat.

413 5155 701 5213 Montl‘auc
741 5160 884 5215 Diar
910 5161 1016 5216 ltal
1053 5176 1107 5230 p.
1146 5159 1267 5216 464.
1299 5161 1494 5217 Concil
2172 5163 2670 5222 Odovacriuscum
2706 5169 3030 5227 Saxonibus
3058 5155 3258 5230 Ande—

422 5243 557 5300 Rom
635 5253 692 5302 et
763 5249 1008 5318 epistola
1064 5250 1247 5306 Hilari
1314 5252 1494 5319 Papte.
2175 5268 2343 5323 gavos
2375 5256 2552 5318 venit,
2594 5264 2650 5311 et
2695 5271 2896 5328 magna
2937 5261 3098 5318 clade
3143 5280 3257 5334 po-

415 5332 554 5388 Vide
580 5342 749 5392 notas
786 5339 853 5392 ad
890 5340 1129 5393 Leonem
1156 5340 1228 5392 M.
2180 5345 2376 5412 pulum
2428 5345 2764 5403 devastavit.
2820 5348 2900 5402 Ex
2956 5332 3265 5409 historicis

485 5423 833 5481 Gensericus
879 5427 1072 5483 valida
1142 5429 1323 5484 classe
1372 5443 1500 5484 oras
2179 5433 2527 5488 Francorum
2582 5452 2595 5487 :
2649 5449 2896 5505 quorum
2953 5441 3257 5498 criterium

420 5510 600 5569 Italia:
627 5520 688 5570 et
711 5516 946 5572 Graecia:
974 5516 1300 5587 populatur.
1349 5518 1500 5587 Quin
2179 5520 2309 5576 vide
2354 5521 2505 5592 apud
2549 5524 2680 5594 Pag.
2726 5524 2833 5580 Sen
2891 5526 2948 5581 h.
2993 5543 3044 5585 a.
3079 5543 3140 5584 η.
3201 5545 3258 5588 x.

701 5615 938 5668 PATHOL.
995 5614 1261 5671 CXXVII.
3154 5627 3227 5686 23
