3962 6164
422 254 530 312 745
1224 254 1315 306 AD
1352 248 1781 306 ANASTASIUM
1822 241 2332 300 PROLEGOMENA
2375 244 2550 298 EDlT.
2594 243 3020 300 ROM.-VATIC.
3705 239 3805 300 746

498 396 652 450 Anni
722 396 1098 464 Imperatores,
1175 393 1458 464 Consules,
1496 391 1770 444 Romano-
1850 385 2046 464 Anni“

2206 361 2362 464 ﬁrmi
2422 366 2874 431 Christianorum,
2945 364 3284 464 .htdaorumD
3308 362 3529 464 etv/im“—
3602 361 3744 464 Agni

2277 455 2401 464 ,ιη-υ.
2548 441 2795 464 δέμνιΛι-ςιυν.
2846 452 2988 464 “Ama!
3017 451 3161 464 Annam
3287 449 3349 464 Ama
3381 451 3396 464 ιι
3443 448 3527 464 non
3684 448 3744 464 una

455 434 1398 536 Ρὲὶί’ίῗξιι.””ἧῖἧξ”έὲε’ρεθῖἔῖί
1425 434 1767 516 documenta.
1807 458 1876 512 ab
1913 458 1973 510 U.
2009 453 2066 506 C.
2213 438 2421 510 ΟίΞΙπιΡ·
2543 437 3184 536 gﬂ‘ifu’fnfieﬂgmﬂs
3219 436 3548 536 AP;
3595 434 3778 536 ηιξ.ξῇ

463 503 706 593 ἓΐίηυάῗῢ
789 503 930 536 mm,
981 503 1064 518 ’ω
1114 503 1272 532 gmw
1317 503 1366 517 η
1425 503 1767 516 WW'mm
1807 503 2064 581 “mit-ev
2279 503 2295 506 “
2360 503 2383 510 ’
2541 511 2725 577 Reges,
2765 503 2863 563 res
2893 503 3055 575 gesta
3107 503 3180 560 et
3217 506 3564 560 documenta.
3595 503 3779 560 Christi

1843 603 1894 652 et
1912 600 2036 668 post

1859 668 2003 724 Palil

712 792 769 842 et
833 785 1236 841 Alexandriam
1292 796 1475 854 usque
1519 779 1787 852 pervasit.

716 876 952 944 Procop,
987 874 1068 929 lib
1097 873 1146 928 4.

497 959 640 1018 5479
786 967 904 1033 Imp
933 964 1072 1018 Cas.
1117 964 1222 1018 Leo
1260 963 1386 1033 Aug
1419 967 1492 1015 tr.
1529 976 1580 1030 p.
1613 957 1666 1028 6,
1704 954 1790 1025 40,

463 1055 536 1126 Θ
568 1049 639 1108 27
712 1067 809 1109 cos
848 1067 930 1107 ιιι.

463 1148 537 1221 θ
576 1148 634 1206 44
788 1153 959 1208 Vacat
981 1153 1103 1221 Imp
1131 1151 1324 1207 Occid.

548 1241 592 1293 B
966 1241 1072 1294 Leo
1097 1239 1221 1309 Aug
1243 1253 1308 1292 ιιι
1334 1238 1592 1309 primum
1609 1234 1789 1309 solus,

481 1309 666 1401 ίηέίστ
709 1346 849 1401 Coss
1051 1306 1492 1401 9933?“???
1536 1306 1792 1401 ,9οέἓὲἓὲ

533 1394 590 1435 1v
709 1377 849 1401 W°°
1054 1381 1278 1436 labente
1329 1393 1480 1434 anno
1536 1378 1596 1432 in
1643 1377 1791 1432 Cons

513 1491 620 1541 etv
1014 1489 1275 1544 additur.

783 1578 887 1632 Vet
937 1579 1184 1648 lnscript
1213 1577 1351 1633 Rom
1405 1575 1539 1632 subt
1577 1580 1691 1630 tom
1737 1570 1789 1642 4,

717 1679 769 1734 p.
819 1663 926 1720 448
953 1671 1010 1722 et
1043 1668 1252 1722 Reines
1288 1662 1392 1721 967
1423 1673 1480 1720 et
1511 1667 1548 1720 l.
1581 1663 1615 1720 9
1655 1665 1694 1719 C
1725 1663 1794 1718 de

715 1753 810 1809 his
831 1771 886 1825 q.
909 1757 978 1811 ad
1013 1757 1142 1811 Eccl
1170 1754 1400 1827 confug.

784 1845 1142 1902 Theoderico
1178 1847 1496 1901 Gothorum
1519 1843 1657 1915 Regi
1685 1841 1795 1896 de—

723 1939 951 1990 mortuo
983 1935 1242 1990 succedit
1284 1936 1549 1988 Evaricus
1596 1931 1792 1999 frater,

712 2023 836 2093 qui,
871 2025 1109 2079 vastatis
1139 2024 1457 2094 Ilispaniis,
1493 2023 1552 2077 in
1574 2020 1794 2076 Gallias

712 2098 1062 2168 descendens
1147 2115 1462 2168 Arvernum
1543 2109 1787 2165 obsedit.

715 2200 883 2255 Petav
925 2216 993 2255 ex
1045 2202 1267 2258 Isidoro
1299 2208 1354 2257 et
1382 2199 1640 2255 Sinodio.
1687 2199 1796 2253 Pa—

716 2287 849 2359 gius
919 2290 1122 2346 Senior
1198 2289 1370 2346 refert
1441 2289 1509 2345 ad
1580 2301 1794 2344 annum

718 2377 975 2444 proxime
1013 2386 1360 2448 sequentem.

786 2485 945 2552 Impp
992 2483 1142 2538 Cass
1173 2486 1279 2539 Leo
1307 2484 1433 2555 Aug
1476 2490 1548 2538 tr.
1599 2498 1652 2552 p.
1703 2479 1789 2550 40,

715 2569 802 2642 44,
837 2586 933 2627 cos
958 2586 1042 2626 ιιι.

786 2671 855 2723 Et
913 2671 1247 2725 AMTHEMIUS
1305 2669 1432 2740 Aug
1478 2673 1550 2724 tr.
1619 2682 1673 2737 p.
1729 2680 1798 2720 ex

534 2760 587 2814 Α
724 2771 916 2813 mense
940 2760 1085 2832 Aug.

477 2849 660 2938 Ῑηέίθί
711 2881 850 2938 Coss
932 2850 1184 2938 43.995???

555 2935 589 2976 ν
713 2922 850 2938 νν⁹⁰
925 2922 1188 2976 Joannes.

497 3014 548 3065 et
575 3024 629 3066 Vl
777 3012 836 3066 L.
868 3006 953 3078 47,
982 3011 1039 3064 C.
1067 3010 1137 3064 de
1161 3007 1603 3064 Collationibus.

783 3097 1147 3154 Conimbrica
1179 3112 1211 3152 a
1241 3097 1442 3152 Suevis
1472 3111 1570 3166 per
1597 3096 1792 3152 dolum

714 3193 989 3257 occupata
1037 3194 1093 3242 et
1121 3191 1359 3243 vastata.
1404 3187 1643 3240 Idatius.
1687 3187 1790 3239 He-

713 3276 930 3331 raclius
997 3276 1149 3331 Flori
1205 3275 1560 3346 Consularis.
1609 3274 1788 3339 ﬁlius,

711 3369 768 3418 et
815 3366 1040 3421 Marsus
1080 3366 1337 3432 Isaurus,
1391 3369 1592 3417 contra
1637 3361 1794 3416 Van-

711 3453 876 3508 dalos
917 3467 950 3508 a
997 3455 1180 3508 Leone
1227 3455 1574 3521 lmperatore
1625 3450 1791 3505 missi

709 3541 1012 3612 Tripolim,
1066 3542 1328 3612 aliasque
1381 3539 1558 3594 Urbes
1610 3551 1791 3608 expu-

710 3639 907 3699 gnant.
975 3631 1163 3699 Quare
1207 3629 1540 3685 Geisericus
1600 3639 1791 3696 pacem

714 3718 857 3786 petit
925 3725 982 3774 et
1058 3720 1344 3789 impetrat.
1420 3716 1792 3785 Theophanes

718 3805 1032 3875 Procopius
1062 3805 1144 3859 lib
1173 3821 1212 3860 ι.

500 2479 643 2539 5480

484 4014 618 4073 5484
771 4017 951 4086 Impp.
988 4015 1156 4070 Cass.
1199 4016 1304 4071 Leo
1342 4015 1471 4088 Aug
1517 4019 1575 4070 tr
1607 4029 1660 4084 p.
1697 4011 1785 4085 44,

464 4109 537 4180 ᾖ
615 4102 639 4159 4
701 4103 786 4160 42.
814 4106 922 4160 Cos
950 4117 1034 4159 ιιι.

452 4201 526 4272 θ
577 4199 644 4258 43
775 4204 844 4257 Et
889 4201 1234 4259 Anthemius
1259 4202 1386 4274 Aug
1437 4210 1490 4259 tr
1533 4218 1587 4273 p.
1621 4201 1675 4275 4,
1730 4201 1784 4257 2.

514 4289 560 4344 G
584 4291 626 4344 F
703 4289 810 4345 Cos
836 4304 899 4344 ιι.

455 4378 638 4433 Indict
753 4378 860 4436 Cos
927 4377 1271 4436 Anthemius
1338 4381 1634 4453 Augustus
1711 4397 1774 4454 ιι,

525 4481 580 4523 νι
690 4469 872 4526 solus.

463 4562 522 4613 et
548 4569 625 4612 vn
762 4559 982 4630 Inscrip
1057 4560 1210 4630 Neap
1290 4561 1442 4631 apud
1524 4559 1773 4627 Fabrett,

701 4662 756 4718 p.
792 4645 920 4704 757.
957 4650 1023 4702 D.
1049 4649 1220 4704 habet
1241 4651 1782 4707 Anthemiom.Cos

698 4736 932 4792 videtur
987 4737 1223 4809 legenda
1278 4739 1585 4794 Anthemio
1629 4756 1647 4792 ι
1687 4755 1718 4794 ι·
1751 4754 1782 4794 ιι

694 4835 822 4882 rum
860 4825 985 4881 Cos.
1023 4827 1284 4882 Fortasse
1323 4826 1528 4882 littera
1557 4829 1782 4884 detrita

692 4929 888 4971 ansam
934 4916 1120 4971 errori
1148 4917 1433 4972 dederunt
1465 4918 1524 4972 in
1553 4918 1780 4973 descri—

691 5003 895 5062 bendo.

758 5095 886 5149 Cos.
951 5097 1296 5151 Anthemius
1352 5098 1651 5167 Augustus
1711 5113 1772 5169 ιι,

690 5182 852 5238 solus
910 5183 1124 5256 legitur
1177 5185 1214 5239 l.
1266 5182 1352 5239 45.
1380 5187 1437 5238 C.
1488 5186 1558 5240 de
1605 5189 1773 5256 Episc

687 5271 802 5326 aud
864 5278 922 5327 et
966 5273 1103 5328 aliis
1159 5271 1428 5341 pluribus
1457 5275 1607 5341 apud
1660 5275 1773 5331 Re-

684 5359 841 5415 land.

754 5449 1066 5506 Arvandus
1095 5449 1414 5507 Galliarum
1462 5452 1770 5511 Prafectus

687 5528 1616 5609 majestatis'Romadamnatusin
1631 5544 1776 5599 exsi-

1869 1040 2008 1099 4248

1868 1138 2006 1198 4249

1859 2474 1997 2533 4249

1868 2563 2006 2622 4220

1864 4012 1996 4072 4224

1861 4101 2001 4170 4222

2317 2483 2357 2526 ιι

2299 2572 2362 2616 III

2295 4121 2352 4163 IV

2536 1041 2716 1098 Hilari
2744 1040 2779 1098 5
2796 1051 2852 1098 et
2875 1040 2926 1097 6.

2542 1132 2877 1203 Vortigerus
2901 1130 3308 1185 Britannorum
3329 1129 3447 1185 Rex
3487 1129 3546 1185 in

2467 1219 2822 1278 Occidentali
2855 1226 3014 1290 parte
3041 1219 3351 1275 Britannia
3383 1219 3555 1275 mori-

2475 1316 2572 1366 tur
2599 1330 2611 1365 :
2638 1311 2733 1366 cui
2766 1309 3094 1380 sublegitur
3119 1308 3294 1376 Cleri,
3335 1309 3553 1364 Princi-

2476 1414 2630 1470 pum,
2665 1413 2730 1455 ac
2753 1398 2950 1469 pepuli
2976 1397 3252 1470 suffragio
3281 1399 3544 1454 Aurelius

2467 1491 2788 1546 Ambrosius
2835 1507 2846 1542 :
2899 1491 3068 1558 cujus
3110 1488 3178 1544 ad
3233 1488 3553 1559 inaugura—

2471 1579 2684 1636 tionem
2707 1578 3034 1634 Concilium
3063 1577 3417 1634 Cimbricum
3451 1592 3550 1633 ce-

2475 1667 2748 1724 lebratur.
2791 1669 2870 1724 Ex
2893 1667 3114 1722 Concil.
3138 1666 3304 1738 Angl.
3340 1667 3550 1738 Pagius

2472 1757 2542 1812 ad
2571 1757 2625 1811 h.
2661 1771 2712 1811 a.
2749 1754 2885 1812 n.7.

2542 1848 2722 1904 Natus
2761 1854 2848 1903 est
2877 1848 2934 1902 h.
2966 1861 3020 1902 a.
3053 1846 3435 1904 Clodovaus'e
3459 1847 3554 1902 Ba-

2473 1937 2601 1992 sina
2672 1937 3094 2008 Thoringorum
3154 1937 3326 2008 Regis
3373 1949 3551 1991 uxore

2477 2030 2605 2094 post
2629 2025 2946 2081 divortium
2975 2026 3147 2082 ducta
3171 2039 3205 2081 a
3226 2025 3554 2081 Childerico

2471 2118 2795 2185 susceptus.
2815 2115 2957 2172 Vide
2975 2116 3161 2172 Petav.

2545 2470 2728 2526 Hilari
2757 2469 2792 2527 6
2808 2475 2865 2526 et
2890 2467 2944 2526 7.

2555 2561 2662 2616 Leo
2732 2563 2872 2631 Imp.
2941 2560 3310 2616 Anthemium
3366 2559 3556 2616 Patri—

2474 2650 2630 2706 cium
2702 2651 2935 2706 Romam
2989 2651 3172 2720 misit,
3244 2653 3559 2720 Imperato—

2475 2753 2710 2810 remque
2777 2741 3103 2796 constituit.
3158 2739 3453 2796 Marcellin
3505 2743 3560 2794 et

2474 2829 2662 2885 Chron
2692 2830 2890 2886 Pasch.

2548 2919 2800 2974 Ricimer
2851 2920 3064 2990 quippe
3104 2919 3395 2974 Patricius
3437 2919 3560 2990 Mag

2477 3007 2728 3063 Militum
2757 3022 2886 3064 cum
2921 3010 3102 3064 Leone
3130 3009 3267 3080 egit,
3303 3012 3368 3063 ut
3395 3008 3562 3063 Gra-

2477 3110 2579 3152 cus
2611 3098 2842 3152 Romam
2879 3098 3204 3154 mitteretur
3241 3099 3554 3168 Augustus,

2474 3188 2643 3256 cujus
2675 3188 2852 3242 tiliam
2893 3188 3146 3244 Ricimer
3171 3187 3285 3242 sibi
3307 3189 3560 3256 despon-

2474 3275 2652 3330 deret.
2716 3277 2959 3331 Senatur
3022 3277 3155 3332 item
3206 3279 3442 3348 Legatos
3489 3274 3556 3330 ad

2476 3363 2780 3432 petendum
2810 3364 3179 3420 Anthemium
3209 3365 3388 3435 misit,
3419 3369 3475 3418 et
3501 3361 3555 3433 8,

2472 3451 2545 3506 ab
2573 3451 2722 3506 Urbe
2749 3452 3029 3510 milliario
3059 3453 3319 3525 Augusto
3361 3465 3557 3508 mense

2473 3541 2768 3597 salutavit.
2815 3543 2981 3598 Petav
3023 3557 3091 3598 ex
3131 3543 3330 3599 Sidon.
3371 3543 3558 3614 Paneg

2469 3634 2527 3685 et
2559 3630 2693 3685 hist.
2731 3632 2961 3702 Evagrii
2994 3631 3076 3688 lib
3103 3629 3156 3688 2.
3190 3647 3238 3687 c.
3278 3629 3365 3686 48.

2543 3719 2728 3774 Pestis
2783 3721 2841 3775 in
2882 3719 3029 3775 Urbe
3075 3721 3254 3789 savit,
3309 3721 3449 3775 dum
3499 3719 3558 3774 in

2470 3818 2536 3860 ea
2580 3806 2916 3876 Lupercalia
2955 3805 3339 3862 celebrantur.
3381 3804 3560 3861 Gela—

2473 3894 2600 3950 sius
2637 3896 2781 3965 Papa
2820 3896 2877 3949 in
2895 3894 3140 3965 epistola
3178 3895 3247 3950 ad
3279 3895 3554 3951 Androm.

2548 4019 2731 4074 Hilari
2757 4016 2813 4074 7.
2841 4021 3108 4075 Smeucu
3141 4019 3383 4089 primus.

2554 4108 2751 4164 Hilaro
2790 4110 2967 4164 vitam
2995 4109 3285 4165 claudenti
3313 4107 3376 4164 24
3413 4108 3555 4164 Febr

2473 4201 2600 4266 post
2643 4197 2997 4253 vacationem
3043 4197 3206 4254 Sedis
3235 4197 3469 4254 dierum
3517 4195 3550 4253 3

2470 4287 2728 4342 succedit
2757 4286 3074 4343 Stupucws
3107 4287 3414 4344 ordinatus
3457 4287 3553 4344 die

2469 4376 2771 4431 Dominica
2833 4373 2904 4432 24
2963 4376 3124 4432 Febr.
3177 4378 3319 4434 Vide
3391 4384 3555 4435 notas

2473 4479 2582 4537 pag
2613 4461 2716 4522 465
2740 4471 2796 4522 et
2818 4461 2938 4521 474.

2541 4556 2738 4612 Victor
2786 4557 2986 4612 Tunon
3045 4556 3346 4614 exordium
3394 4557 3552 4613 Sim-

2471 4645 2636 4716 plicii
2671 4646 2878 4701 statuit
2927 4645 3034 4701 sub
3091 4661 3189 4702 cos
3237 4647 3445 4702 Leonis
3499 4660 3552 4702 Iv

2469 4740 2526 4790 et
2555 4736 2846 4791 Anthemii
2874 4750 2936 4803 ιι,
2970 4735 3063 4791 sed
3090 4736 3392 4808 legendum
3417 4743 3554 4792 tan-

2469 4825 2765 4881 tummodo
2811 4825 3103 4881 Anthemii
3161 4840 3200 4881 ιι
3245 4827 3375 4882 sine
3425 4826 3554 4882 col—

2469 4915 2591 4986 lega
2617 4927 2686 4970 ex
2710 4913 2935 4986 legibus
2971 4915 3064 4970 hic
3088 4915 3386 4972 indicatis.

2541 5007 2648 5060 Leo
2676 5004 2850 5060 classi
2889 5006 3120 5060 navium
3161 5005 3322 5061 mille
3350 5010 3549 5061 contra

2466 5095 2750 5150 Vandalos
2787 5096 2974 5150 missa
3017 5095 3360 5150 Basiliscum
3417 5109 3550 5164 pra-

2467 5183 2590 5238 ﬁcit
2651 5185 2872 5239 Verina
2920 5185 3192 5253 Augusta
3237 5182 3474 5238 fratrem
3528 5199 3542 5236 :

2467 5273 2567 5343 qui
2617 5273 2788 5328 victis
2831 5273 3109 5329 Geiserici
3143 5271 3390 5328 navibus
3429 5284 3548 5342 pre-

2466 5363 2550 5419 tio
2579 5368 2889 5432 corruptus
2924 5363 3144 5418 dicitur
3171 5376 3272 5432 spe
3313 5360 3543 5432 Imperii

2465 5453 2538 5510 ab
2583 5453 2799 5524 Aspare
2827 5457 2884 5508 et
2929 5451 3250 5508 Ardiburio
3282 5447 3544 5520 Arianis,

2469 5545 2535 5598 ut
2563 5541 2732 5613 quasi
2763 5541 2951 5600 victus
2993 5539 3214 5612 fugeret
3255 5541 3545 5597 Constan—

3629 1037 3724 1096 466

3635 2465 3735 2525 467
