3962 6164
124 301 213 358 724
1027 296 1368 354 CHRONOL.
1409 304 1450 355 A
1494 302 1548 357 s.
1591 267 1980 362 svi.vssrno
2017 308 2110 362 AD
2148 310 2204 365 s.
2251 309 2462 364 GREG.
2565 352 2575 363 .
3401 312 3512 370 722

178 417 347 502 Αηξί,
375 417 751 502 diores»
818 415 1118 502 Δεοηξυῖζδ»
1222 423 1479 502 Βοηπιηο·
1537 426 1701 502 έηζιί
1774 427 1832 486 Α
1919 428 2080 502 Anni
2145 430 2597 493 Christianorum,
2650 432 2966 485 Iudaeorum
3012 439 3062 486 et
3097 437 3234 502 fini—
3298 437 3451 489 Anni

130 486 364 573 Per-'Jlfl-
442 501 692 546 τυῖηινεε
715 491 878 553 98⁵8³3
925 493 974 541 ει
1021 489 1357 544 άοοανηϐηεαι
1537 495 1593 546 U.
1905 497 2116 569 Olymp.
2229 505 2482 555 timorum
2532 486 2875 571 populorum,
2933 486 3234 573 Pontifices,

156 558 339 613 etInd.
1494 570 1688 688 etC-:5;
1971 558 1993 568 ⁷
2055 558 2075 569 ⁸
2219 575 2404 640 Reges,
2435 558 2712 640 rcs‘géstae
2739 579 2789 627 et
2819 558 3172 629 documenta.
3217 558 3232 568 ’
3285 558 3504 631 Christi.

1494 650 1544 687 ει
1567 650 1663 687 υοε

1497 652 1659 759 ἒξατῖᾖδ

169 841 334 896 Indict
391 839 488 894 Kal
543 839 694 909 Sept.
755 839 982 897 Orestes
1039 843 1224 898 filium
1297 859 1465 902 suum
2145 840 2308 893 liscus
2367 841 2425 894 in
2470 853 2669 910 campo
2703 841 2890 896 Caesar
2934 843 3225 898 acclama—

209 943 304 984 xm
392 929 769 983 Aucusrucuu
803 931 1114 986 substituit
1148 933 1465 1001 imperato-
2144 935 2236 983 tus
2296 929 2494 983 uxoris
2549 928 2802 998 impulsu
2859 930 3218 986 Timotheum

157 1024 200 1072 et
236 1032 342 1073 xxv.
385 1030 502 1072 rem
537 1017 665 1086 prid
713 1017 816 1072 Kal
844 1019 1198 1074 Novembris.
1253 1021 1461 1076 Chron.
2142 1017 2403 1072 Elurum
2442 1024 2682 1085 revocat,
2716 1031 2781 1072 ac
2820 1019 3048 1073 Petrum
3080 1019 3222 1074 Ful-

379 1105 680 1174 Cuspiani.
2142 1105 2326 1159 Ionem
2383 1123 2396 1159 :
2454 1111 2510 1159 et
2551 1105 2820 1160 Acacium
2861 1106 2960 1161 CP.
3011 1121 3220 1177 urgens

453 1194 603 1248 Cons
633 1195 778 1248 Zeno
806 1194 934 1265 Aug
974 1209 1011 1248 ιι
1045 1196 1172 1250 sine
1221 1197 1458 1268 collega.
2139 1195 2207 1248 ad
2232 1193 2611 1248 damnandam
2641 1195 2928 1263 Synodum
2975 1196 3220 1250 Chalce-

381 1285 440 1338 L.
475 1280 548 1336 29
585 1282 644 1334 C.
679 1281 748 1336 de
780 1282 924 1336 inoif
960 1290 1110 1352 test.,
1171 1291 1259 1339 etc
1310 1289 1459 1354 apud
2138 1281 2273 1336 dou.
2302 1299 2328 1334 a
2352 1283 2560 1351 populo
2586 1283 2918 1350 impeditur.
2942 1284 3218 1353 Evagrius

377 1370 596 1425 Reland
652 1377 707 1424 et
764 1369 1019 1438 Epistola
1091 1372 1145 1425 S.
1198 1373 1461 1442 Simplici
2141 1369 2238 1424 lib.
2281 1385 2438 1424 tu.c.
2476 1369 2508 1424 4
2545 1371 2881 1426 Timmheus
2931 1372 3218 1441 Solopba—

380 1474 541 1529 papae
597 1459 665 1512 ad
716 1459 1088 1530 Florentium,
1149 1468 1279 1530 etc.,
1331 1464 1463 1519 data
2137 1458 2326 1514 ciolus
2355 1460 2697 1514 Alexandria
2728 1461 2901 1515 cedit.

380 1555 512 1617 post
541 1561 680 1602 cons
712 1548 916 1602 Leonis
941 1548 1068 1618 Aug
1092 1551 1260 1618 cujus
1297 1553 1459 1606 anti—
2211 1546 2540 1617 Ostrogothi
2582 1546 2874 1618 Illyricum
2923 1549 3220 1604 devastant

378 1651 562 1706 quum
589 1636 879 1705 exemplar
912 1639 969 1691 in
1014 1637 1117 1692 cod
1152 1647 1374 1694 monast
1401 1641 1457 1696 S.
2136 1637 2515 1691 Theodomire
2545 1650 2673 1706 rege
2699 1651 2828 1691 cum
2860 1638 3213 1693 Theodorico

375 1727 588 1781 Crucis
613 1725 686 1779 de
707 1725 871 1780 Urbe.
1775 1745 1826 1805 Β
2139 1725 2226 1780 ﬁl.
2283 1739 2381 1780 eos
2431 1726 2692 1780 ducente.
2772 1726 2903 1795 Pag.
2962 1726 3092 1780 Sen.
3147 1739 3216 1781 ex

453 1814 816 1883 Augustulus
846 1815 916 1868 ab
959 1815 1156 1870 Oreste
1183 1818 1349 1872 Patre
1387 1819 1457 1874 ad
2134 1814 2437 1884 Jornande,
2487 1813 2738 1884 aliisque
2769 1812 2824 1868 h.
2874 1826 2927 1868 a.
2968 1827 3024 1869 n.
3076 1813 3112 1870 6
3158 1822 3216 1870 et

377 1903 692 1972 imperium
726 1911 1021 1971 promotus
1046 1905 1267 1960 dicitur
1286 1908 1458 1962 etiam
2137 1916 2292 1973 seqq.

340 1991 661 2048 Momillus.
685 1992 954 2047 Jornand.

184 2095 307 2155 5489
455 2099 592 2166 Imp.
627 2095 763 2151 Czes.
814 2099 957 2152 Zeno
998 2098 1140 2170 Aug.
1191 2106 1264 2154 tr.
1299 2115 1354 2169 p.
1399 2098 1452 2171 2,
1535 2101 1674 2158 4228
1962 2111 2025 2152 III
2207 2097 2492 2166 Simplicii
2524 2100 2634 2155 bet
2659 2097 2710 2153 9.
3323 2094 3430 2153 476

194 2184 306 2260 ωε)
374 2183 436 2253 3,
465 2199 578 2240 cos.
619 2183 705 2239 44.
1534 2188 1673 2246 4229
1974 2201 2029 2240 1v
2207 2186 2778 2258 ScribitSimplicius
2802 2189 2870 2243 ad
2898 2188 3216 2258 imperato—

185 2274 247 2346 θ
277 2273 310 2330 2
455 2274 929 2345 EtAugustulus
972 2276 1194 2331 decimo
1231 2277 1460 2347 imperii
2138 2282 2317 2331 torem
2353 2277 2422 2331 de
2441 2277 2760 2332 cohibendo
2805 2277 3023 2332 zEluro.
3078 2275 3219 2331 Vide

181 2367 235 2417 D.
264 2365 314 2419 ϐ.
372 2376 571 2418 mense
617 2363 894 2432 expulsus
938 2364 1008 2418 ab
1051 2364 1324 2432 Onoacne,
1361 2369 1459 2437 qui
2143 2373 2307 2418 notas
2328 2365 2395 2418 ad
2429 2365 2820 2434 Simplicium.

173 2452 332 2507 Indict
382 2467 451 2506 se
473 2453 652 2505 Italiae
682 2468 859 2519 regem
903 2455 1094 2508 vocari
1148 2455 1455 2510 mandavit.
2217 2454 2359 2508 Zeno
2376 2455 2600 2508 Petrum
2637 2453 2929 2509 Fullonem
2951 2451 3216 2506 Basilisci

210 2555 293 2595 xw
379 2576 522 2632 COSS
563 2541 641 2596 Η.
679 2541 997 2597 Basiliscus
1027 2556 1084 2596 ιι.
2143 2541 2418 2597 fautorem
2452 2544 2512 2596 in
2554 2543 2814 2598 ordinem
2874 2542 3108 2612 redigit,
3155 2554 3222 2596 ac

199 2617 217 2665 τ
248 2627 329 2666 xv.
563 2613 854 2666 Armatus.
2143 2631 2335 2666 Ditvnc
2390 2630 2597 2666 malnat)!
2631 2649 2644 2662 .
2676 2630 2829 2666 πηιιρ
2860 2638 3046 2666 uncino
3083 2643 3222 2666 ,ιι-η-

175 2627 217 2665 ει
248 2627 329 2667 ιν.
385 2627 519 2632 ’⁷⁷⁷
563 2627 854 2666 Armatus.

2143 2631 2336 2686 Pitvos
2390 2630 2602 2686 relegat
2628 2649 2644 2683 :
2676 2630 2829 2686 unde
2860 2638 3051 2686 postea
3083 2643 3223 2686 nro—

563 2645 854 2701 A-masuo-
2144 2645 2336 2700 yityos
2390 2645 2644 2701 relegat:
2676 2645 2829 2686 unde
2860 2645 3051 2698 poswa
3083 2645 3220 2699 pro—

457 2703 515 2792 L.
545 2698 635 2792 2S,
668 2701 726 2755 C.
775 2701 846 2756 de
892 2702 993 2770 jur
1042 2703 1143 2757 dot
1171 2710 1278 2758 etc.
1311 2705 1462 2774 apud
2142 2721 2312 2792 fugit.
2385 2721 2645 2774 Attamen
2702 2718 2942 2788 perﬁdia
2999 2719 3220 2774 Armati

379 2790 622 2845 Beland.

2145 2790 2410 2882 proditus
2454 2808 2769 2864 Basiliscus
2825 2807 2886 2862 in
2923 2807 3227 2877 Cappado-

452 2879 707 2968 Οαρειεεν
736 2880 846 2968 ΕΘΓ
852 2879 1077 2934 “10mm
1121 2893 1218 2935 rex
1274 2895 1305 2936 ³
1347 2881 1466 2936 Ne“
2147 2879 2296 2954 ciam
2322 2899 2630 2968 relegatus,
2673 2895 2823 2950 turri
2877 2895 3220 2965 includitur,

389 2972 511 3039 poti
543 2967 872 3024 fautoribus
925 2969 980 3022 in
1032 2969 1251 3023 Italiam
1309 2970 1468 3024 acci—
2145 2983 3220 3054 ubifameperiit.ProcopxhistVand.

386 3057 738 3151 l08_30mfi_m
769 3055 1046 3151 οδιξηυίῐο
1073 3057 1462 3151 ᾼυὲζιιξίυιιξξη
1761 3091 1810 3151 c
2213 3073 2550 3130 Timotheus
2575 3071 2811 3126 IElurus
2854 3072 3118 3126 intrusus
3161 3070 3221 3125 in

383 3147 444 3201 in
493 3144 806 3200 Lucullano
855 3146 1173 3214 Campania:
1220 3146 1466 3201 Castello
1769 3144 1810 3151 “

1769 3144 1810 3151 *
2148 3165 2418 3218 thronum
2442 3161 2578 3216 Alex
2596 3175 2628 3214 a
2649 3159 2947 3215 monachis
2967 3159 3223 3226 pellitur.

381 3234 577 3289 exsilii
615 3246 776 3302 pmna
797 3233 1051 3287 damnat.
1087 3235 1167 3288 Ita
1194 3235 1463 3289 Occiden-
2139 3249 2528 3317 Theophanes.
2559 3247 2864 3300 Liberatus
2885 3258 3011 3312 cap.
3046 3243 3113 3298 46
3139 3258 3226 3298 as.

382 3323 494 3377 tale
523 3323 780 3376 concidit
838 3322 1168 3390 imperium.
1198 3323 1463 3378 Petavius
2142 3337 2284 3392 serit
2361 3335 2514 3390 hunc
2575 3331 2689 3387 sibi
2759 3344 2976 3386 veneno
3031 3344 3224 3386 necem

383 3424 451 3465 ex
476 3409 831 3464 Marcellino.

2139 3424 2510 3480 conscivisse.
2540 3419 2915 3476 Alexandrini
2942 3419 3000 3472 in
3033 3418 3219 3474 locum

455 3499 786 3554 Geisericus
820 3497 874 3551 h.
909 3511 962 3552 a.
1010 3504 1276 3554 mortuus
1298 3501 1466 3554 vide—
2141 3513 2325 3566 1mm
2377 3513 2602 3565 pen-um
2661 3510 2924 3578 Moggum
2996 3505 3226 3560 subs“-

385 3595 502 3654 tur,
531 3601 661 3642 cum
705 3593 1000 3657 regnasset
1041 3600 1070 3640 a
1115 3593 1276 3656 capta
1321 3589 1465 3642 Car-

2144 3605 2358 3655 tuunt:
2396 3609 2561 3665 quem
2620 3596 2764 3650 Zeno
2806 3593 3034 3663 expulit
3081 3598 3224 3648 teste

388 3676 625 3744 thagine
674 3688 856 3729 annos
902 3671 973 3728 39
1015 3674 1180 3742 juxta
1227 3676 1462 3744 Procop.

2143 3686 2409 3742 Liberato
2433 3697 2499 3739 ac
2539 3681 2723 3738 Felice
2768 3695 2935 3752 papa.
2997 3682 3160 3751 Epist
3186 3679 3223 3736 2

381 3762 1010 3818 SucceditHunericus.
1048 3761 1186 3816 Ibid.
1223 3763 1325 3817 Sed
1357 3765 1468 3818 Pa—
2149 3777 2335 3830 petav,
2391 3773 2668 3842 Pleraque
2739 3785 2811 3825 ex
2868 3771 2961 3825 his
3015 3770 3224 3840 Pagius

390 3852 525 3922 gius
571 3850 696 3905 Sen.
759 3850 1074 3904 ditferenda
1123 3851 1239 3905 haec
1301 3858 1465 3921 putat

2141 3865 2347 3920 Senior
2379 3859 2673 3917 referenda
2720 3859 2947 3928 judicat
2993 3858 3062 3913 ad
3111 3871 3226 3912 an-

386 3940 452 3994 ad
502 3951 716 3993 annum
759 3944 1104 4008 sequentem.

2146 3967 2281 4009 num
2308 3951 2566 4021 proxime
2594 3954 2946 4018 sequentem.

192 4058 316 4118 5490
459 4066 597 4134 Imp.
652 4064 790 4120 Cms.
833 4067 978 4120 Zeno
1009 4065 1134 4136 Aug
1165 4072 1234 4120 tr.
1293 4081 1349 4136 p.
1407 4064 1462 4137 3,
1540 4062 1681 4120 4229

1918 4063 2076 4130 Olym
2218 4057 2507 4127 Simplicii
2562 4054 2596 4110 9
2621 4061 2678 4110 et
2718 4052 2806 4110 40.
3335 4048 3438 4108 477

173 4154 232 4224 ω
291 4149 354 4208 40
390 4151 442 4218 4,
478 4167 592 4208 cos.
631 4150 718 4208 44.
1543 4153 1682 4211 4230
1949 4147 2056 4206 343
2217 4145 2484 4202 Barnabas
2546 4143 2792 4214 apostoli
2851 4157 3060 4214 corpus
3125 4143 3227 4197 in-

192 4239 256 4310 θ
286 4239 320 4297 3
460 4243 631 4314 Regis
658 4242 935 4299 Odoacris
982 4245 1043 4299 in
1087 4245 1252 4300 Italia
1283 4244 1304 4299 4
1349 4250 1406 4300 et
1431 4241 1468 4299 2
1972 4238 2039 4294 44
2176 4245 2405 4293 ventum
2442 4237 2499 4290 in
2522 4234 2704 4306 Cypro
2736 4246 2848 4288 una
2878 4247 3008 4288 cum
3039 4234 3229 4287 Evan-

224 4330 278 4384 B.
387 4345 456 4386 ex
485 4330 555 4386 23
591 4333 861 4404 Augusti.
2147 4327 2298 4399 gelio
2343 4324 2594 4380 Matthaai
2649 4323 2861 4392 pectori
2915 4321 3222 4390 imposito:

177 4419 337 4474 Indict
461 4423 583 4476 Cos.
620 4423 846 4478 Nullus.
1777 4439 1833 4500 ι)
2149 4431 2260 4487 qua
2293 4413 2834 4482 occasioneCyprus
2862 4409 3221 4500 Antiocheno

226 4519 290 4562 xv
467 4511 1025 4580 EpistolaSimplicii
1053 4511 1287 4580 papatad
1307 4513 1473 4565 Zeno-
1779 4497 1818 4500 ﬂ
2148 4520 2216 4561 ex
2253 4502 2646 4575 patriarchatu
2687 4505 2946 4568 exempta
3005 4497 3118 4553 fuit
3172 4505 3231 4553 et

209 4601 295 4651 eti
391 4613 515 4653 nem
539 4613 659 4653 νιιι.
688 4598 906 4655 Id.0ct.
933 4607 988 4654 et
1009 4608 1170 4654 vetus
1202 4599 1467 4666 inscript.
2145 4587 2784 4656 Constantinopolitano
2804 4585 3100 4639 attributa.
3135 4587 3228 4639 Ze-

390 4687 554 4742 Grut.
594 4686 752 4755 4054,
784 4687 817 4742 6
869 4687 1036 4743 habet
1081 4689 1209 4742 Post
1256 4688 1470 4742 Consu-
2151 4696 2242 4742 no.
2280 4677 2584 4734 intrusisa
2629 4673 2906 4728 Basilisco
2934 4672 3227 4740 episcopis

396 4778 567 4831 latum
621 4779 827 4832 iterum
878 4778 1095 4832 Armati
1146 4794 1159 4830 :
1228 4775 1472 4832 fortasse
2144 4769 2350 4840 pulsis,
2376 4760 2803 4820 Catholicosvel
2824 4761 3034 4828 eiectos
3064 4759 3228 4814 resti-

392 4865 690 4937 legendum
713 4871 836 4921 erat
865 4867 922 4920 P.
955 4866 1014 4920 C.
1049 4861 1334 4939 [Basilisci
1366 4865 1474 4920 de—
2145 4859 2284 4917 tuit.
2337 4855 2422 4911 vel
2456 4865 2631 4909 novos
2670 4849 2929 4939 ordinari
2960 4846 3225 4939 fecitsln

398 4936 508 5010 leto
535 4953 786 5030 nomine]
838 4936 1067 5010 manum
1091 4961 1146 5010 et
1175 4956 1391 5010 Anum
1420 4959 1477 5010 et
2151 4945 2356 5017 primis
2413 4945 2616 4997 Petrus
2670 4938 2969 5030 Cnapheus
3013 4936 3227 5030 Antio-

396 5044 691 5100 Fleetvood
745 5023 849 5115 p'ag
900 5041 1006 5100 378
1053 5045 1247 5099 eodem
1309 5044 1475 5100 modo
2151 5034 2281 5090 chia
2310 5037 2543 5087 exactus
2563 5033 2682 5082 est:
2717 5033 2769 5081 et
2794 5027 2852 5080 in
2879 5027 3004 5110 ejus
3035 5023 3222 5078 locum

398 5134 665 5203 signatur
696 5133 735 5188 l.
767 5130 822 5203 9,
855 5133 978 5188 cod.
1034 5133 1185 5187 unde
1232 5133 1307 5200 vi,
1342 5139 1474 5201 etc.,
2151 5124 2474 5192 Stephanus
2528 5116 2894 5187 subrogatus.
2946 5116 3111 5170 Petav
3157 5127 3228 5170 ex

395 5222 541 5290 apud
566 5221 686 5276 Bel.
2151 5214 2402 5268 Cedreno
2434 5215 2490 5265 et
2543 5207 2882 5276 Theophane
2913 5205 3013 5274 qui
3062 5203 3226 5258 addit

464 5311 744 5366 Basilisco
796 5311 854 5365 in
924 5311 1184 5366 ordinem
1247 5311 1476 5365 redacto
2152 5304 2498 5372 Stephanum
2544 5300 2603 5352 in
2657 5296 2972 5351 Laodiceno
3010 5293 3227 5364 synodo

397 5402 548 5455 circa
609 5414 855 5456 mensem
915 5401 1260 5471 Augustum,
1333 5401 1478 5453 Zeno
2159 5393 2516 5446 innocentem
2563 5385 3002 5455 pronunciatum
3062 5382 3226 5471 quia

401 5490 712 5560 imperator
757 5491 961 5544 Urbem
997 5469 1232 5560 regiam,
1264 5494 1320 5541 et
1363 5489 1483 5541 im-
2152 5477 2400 5544 Cnaphei
2445 5474 2792 5543 fautoribus,
2855 5469 3230 5560 insimulatus

402 5557 625 5646 perium
659 5584 977 5648 recuperat.
1022 5557 1104 5632 Ex
1155 5573 1384 5644 TheOph
1423 5581 1480 5629 et
2154 5567 2340 5622 fuerat
2397 5563 2674 5618 haereseos
2724 5561 3090 5618 Nestorianae.
3121 5557 3233 5613 Pa-
