3968 6164
451 218 560 276 723
1289 223 1380 278 AD
1417 224 1851 281 ANASTASIUM
1888 225 2018 282 PRO

2277 230 2402 286 ENA
2443 231 2620 286 EDIT.
2659 230 3091 290 ROM.-VATIC.
3205 295 3214 306 κ
3754 235 3844 295 724

493 348 640 431 Ann}
667 421 680 431 ἱ
708 350 1083 419 Imperatores,
1170 351 1441 431 consules,
1498 424 1514 431 _
1548 354 1827 407 Romano—
1877 353 2046 431 _Ann_i
2125 357 2184 416 Α
2235 356 2404 431 Δᾼηηί
2514 358 2966 422 Christianorum,
2999 361 3308 415 Iudaeorum
3345 365 3398 416 et
3422 362 3563 431 ﬁni—
3670 362 3816 417 Anni

461 419 698 503 μέτρης.
774 437 920 494 rum,
969 438 1054 476 res
1101 429 1279 491 gestae,
1352 419 1437 477 et'
1476 424 1815 478 documenta.
1877 426 1946 479 U.
2218 427 2410 498 Olymp
2557 433 2808 484 timorum
2830 419 3174 503 populorum,
3215 419 3521 503 Pontiﬁces,
3689 434 3816 489 Erae

493 494 545 544 et
570 492 695 545 Iud.
908 492 912 494 ⁷
1901 501 2068 621 tamet
2285 492 2302 497 ⁷
2367 492 2389 498 ’
2567 503 2752 568 Reges,
2784 492 2868 557 res
2893 492 3054 570 ,ἀρείω
3087 510 3135 558 et
3163 492 3480 558 documenta
3493 492 3521 558 .’
3631 505 3835 562 Christi.

1871 584 1898 621 e
1947 583 2042 621 nos

1871 583 1922 622 ει
1947 583 2042 622 nos

1887 583 1922 620 at
1947 583 2054 635 ρος]

1887 639 2054 692 Palil.

748 798 1034 868 Simplicii
1061 812 1217 868 papae
1238 797 1552 868 epistolisa
1577 799 1822 855 Baronio
2499 790 2633 861 gius
2671 789 2777 844 Sen
2813 791 2884 846 de
2912 791 3182 861 Stephani
3209 792 3315 847 Jun
3349 791 3581 848 ordinat

749 888 1024 943 recitatis.
1088 889 1295 958 Pagius
1335 902 1389 942 ῃ,
1453 887 1488 943 6
1534 890 1603 944 ad
1658 890 1714 943 h.
1766 902 1818 943 ει,
2498 879 2568 932 ad
2613 891 2793 935 annos
2843 886 3144 950 sequentes
3195 879 3575 936 differendum

745 977 954 1030 Zenoni
1004 977 1324 1034 auxiliatus
1372 977 1585 1049 legitur
1634 979 1826 1035 Theo-
2500 974 2712 1038 censet,
2769 983 2935 1038 quem
3000 969 3147 1024 Vide.
3207 969 3350 1025 Vide
3404 971 3576 1026 ctiam

747 1066 984 1121 doricus
1013 1066 1250 1121 Amalus
1278 1066 1458 1122 Italia:
1488 1081 1586 1122 rex
1619 1068 1678 1122 in
1710 1069 1822 1122 Pa—
2503 1060 2668 1112 "0438
2707 1059 2965 1129 Βεηοίηίν
3000 1073 3106 1129 Pag
3153 1055 3275 1131 474,
3309 1065 3367 1115 ει
3393 1059 3576 1131 Ρλὲίίν

748 1168 941 1225 negyr.
970 1155 1219 1210 Ennodii
1252 1170 1308 1210 ιι.
1341 1153 1394 1210 7.

1147 1155 1219 1210 lii
1252 1170 1308 1210 ιι.
1341 1153 1394 1210 7.
2506 1160 2559 1216 p.
2594 1143 2714 1200 477.

533 1260 668 1317 5494
822 1264 939 1331 Imp
986 1263 1123 1316 Caes.
1159 1264 1303 1318 Zeno
1349 1263 1478 1335 Aug
1527 1268 1598 1318 tr.
1662 1279 1714 1333 p.
1769 1262 1837 1335 4,
1902 1261 2038 1320 4230

2354 1267 2372 1308 ι
2570 1254 2858 1324 Simplicii
2893 1255 2960 1311 40
2991 1262 3047 1312 et
3076 1253 3162 1310 44.
3669 1255 3766 1314 478

511 1353 583 1423 {13
628 1348 687 1404 44
731 1349 785 1420 5,
813 1364 929 1405 cos.
965 1348 1048 1404 44.
1905 1351 2036 1408 4234

2002 1356 2036 1408 ιτ
2329 1357 2370 1398 ιι
2568 1345 2819 1401 Romana
2857 1347 3110 1417 synodus
3153 1359 3186 1401 a
3227 1345 3569 1417 Simplicio;

531 1439 604 1510 θ
642 1437 675 1494 4
819 1439 988 1510 Regis
1017 1439 1290 1494 Odoacris
1318 1439 1354 1495 2
1377 1445 1433 1495 et
1453 1439 1505 1494 3.
2503 1435 3135 1504 Constantinopolitana
3155 1435 3226 1490 ab
3249 1436 3456 1492 Acacio
3475 1451 3577 1492 ce-

530 1534 604 1583 A.
819 1531 945 1584 Cos.
970 1529 1110 1584 Illus
1131 1528 1224 1582 Or.
1264 1529 1388 1584 sine
1411 1530 1658 1601 Collega.
2503 1523 2777 1578 lebratur.
2813 1527 2871 1578 In
2906 1532 3148 1596 utraque
3186 1526 3388 1580 Petrus
3415 1525 3578 1582 Fullo

513 1618 697 1673 Indict
821 1619 878 1672 L.
909 1614 996 1685 44,
1044 1617 1102 1672 C.
1137 1619 1208 1672 de
1256 1617 1431 1686 injur,
1479 1623 1608 1686 etc.,
1672 1619 1822 1688 apud
2137 1687 2166 1688 η
2501 1613 2824 1669 damnatur.
2877 1615 3016 1670 Vide
3068 1617 3180 1686 Pag
3229 1615 3336 1670 Sen
3393 1616 3447 1670 h.
3499 1630 3578 1688 a.,

583 1726 603 1763 ι
736 1708 949 1763 Reland
981 1713 1036 1762 et
1065 1707 1310 1777 epistola
1335 1708 1623 1778 Simplicii
1666 1687 1822 1779 papa:
2134 1687 2188 1747 Β
2503 1717 2637 1757 num
2669 1701 2703 1758 6
2727 1709 2783 1758 et
2811 1717 2950 1774 seqq
2976 1710 3033 1760 et
3085 1710 3248 1760 notas
3277 1706 3437 1777 Pagii
3465 1707 3580 1762 Jun

528 1805 579 1856 et
625 1813 666 1855 ιι
739 1799 807 1853 ad
841 1798 1132 1852 Acacium.
2499 1792 2568 1846 ad
2600 1793 2987 1862 Simplicium.

811 1887 867 1942 S.
901 1889 1094 1956 Lupus
1140 1887 1436 1942 Trecensis
1515 1887 1639 1942 obit
1688 1887 1810 1944 Kal.

739 1979 868 2048 Aug
919 1977 1084 2031 Petav
1143 1991 1275 2031 cum
1328 1977 1501 2032 annis
1555 1975 1627 2032 52
1701 1991 1818 2032 suae

740 2067 1005 2123 Ecclesiae
1035 2066 1374 2136 praefuisset.

523 2172 667 2230 5492
810 2178 951 2244 Imp.
991 2177 1130 2230 Caes.
1178 2178 1321 2231 Zeno
1351 2174 1477 2246 Aug
1521 2180 1591 2230 tr.
1649 2191 1702 2245 p.
1757 2173 1811 2247 5,
1893 2172 2025 2232 4234
2322 2181 2361 2222 II
2563 2168 2849 2238 Simplicii
2885 2165 2941 2224 44
2982 2173 3038 2223 et
3071 2165 3157 2225 42.
3678 2167 3771 2226 479

505 2263 577 2337 ξ)
623 2259 690 2317 42
734 2260 787 2327 6,
821 2275 936 2315 cos.
966 2275 1058 2316 ιιι.
1894 2261 2034 2319 4232

2014 2261 2034 2318 Β
2323 2271 2387 2311 ιιι
2567 2258 2889 2327 Stephanus
2919 2256 3313 2314 Antiochenus
3343 2259 3581 2329 episco—

521 2349 594 2420 θ
627 2347 663 2404 5
805 2348 1081 2405 Odoacris
1106 2353 1256 2423 regis
1282 2351 1335 2423 3,
1371 2349 1421 2407 4.
2501 2363 2612 2418 pus
2643 2345 2766 2419 [qui
2799 2353 2854 2402 et
2903 2345 3113 2420 senior]
3161 2361 3193 2402 a
3251 2350 3478 2404 Petavio
3525 2356 3586 2406 et

557 2439 623 2494 G.
805 2437 914 2492 Cos
942 2441 1088 2493 Zeno
1111 2441 1237 2510 Aug
1282 2456 1342 2495 ιιι
1391 2442 1517 2496 sine
1567 2441 1815 2514 Collega.
2496 2437 2738 2508 Evagrio
2762 2437 2843 2492 lib
2874 2451 2960 2505 ιιι,
2995 2451 3046 2491 c.
3073 2435 3160 2506 40,
3181 2438 3403 2494 dicitur
3431 2439 3484 2493 h.
3520 2453 3575 2495 a.

499 2526 678 2581 Indict
805 2529 864 2580 L.
923 2523 1010 2595 44,
1063 2527 1121 2579 C.
1174 2529 1275 2596 qui
1329 2535 1522 2597 petant
1564 2536 1722 2585 tutor
1765 2535 1822 2584 et
2497 2524 2800 2580 confossus
2827 2525 3016 2581 acutis
3043 2526 3280 2581 calamis
3309 2539 3342 2580 a
3385 2533 3585 2583 secta-

579 2628 621 2668 ιι
745 2615 929 2684 Epist.
989 2612 1278 2682 Simplicii
1312 2615 1371 2667 Ρ.
1422 2617 1479 2668 C.
1537 2617 1668 2671 Illi:
1718 2618 1818 2672 ubi
2157 2617 2160 2620 ’
2497 2613 3022 2670 toribusFullonis.
3053 2615 3262 2686 Pagius
3282 2615 3492 2670 Sen.h.
3522 2632 3583 2688 a,

517 2707 652 2758 etm
729 2708 918 2758 tamen
950 2703 1162 2772 Pagius
1212 2702 1516 2773 legendum
1557 2710 1822 2761 autumat
2497 2717 2550 2757 ιι.
2597 2700 2654 2767 3,
2686 2703 2981 2758 contendit
3003 2703 3294 2758 Seniorem
3333 2703 3588 2773 Stepha-

736 2792 797 2845 P.
872 2791 930 2844 C.
986 2789 1206 2845 Placidi
1262 2804 1460 2860 nempe
1510 2805 1662 2848 anno
1715 2791 1812 2848 484
2496 2805 2634 2846 num
2665 2791 2839 2846 vitam
2861 2792 3203 2860 produxisse
3222 2793 3290 2847 ad
3315 2789 3438 2859 480,
3475 2807 3584 2849 nec

727 2880 1026 2948 scriptam.
2499 2881 2663 2936 illum
2682 2879 3055 2936 confossuma
3074 2881 3454 2950 Fullonianis,
3476 2885 3578 2939 sed

804 2968 1222 3024 Theodericum
1256 2983 1440 3040 regem
1471 2971 1622 3040 apud
1655 2973 1820 3027 Graa-
2135 3025 2179 3040 η
2494 2969 2840 3037 Stephanum
2911 2970 3225 3040 Juniorem,
3296 2970 3583 3040 quemad-

733 3059 883 3112 ciam
931 3025 1372 3112 debacchantem
1429 3025 1676 3114 deterret
1714 3061 1822 3116 Sa-
2499 3025 2728 3112 modum
2756 3065 2811 3112 et
2840 3025 3265 3114 ordinationem
3311 3025 3576 3135 iunioris

736 3145 1014 3200 binianus
1069 3145 1411 3215 Illyriciame
1443 3148 1670 3203 militia:
1695 3150 1821 3204 Dux
2496 3145 2767 3214 Stephani
2807 3153 3140 3216 usurpatam
3167 3147 3238 3201 ab
3267 3147 3472 3202 Acacio
3500 3147 3575 3202 ad

736 3238 1010 3288 strenuus
1029 3233 1321 3303 (narrante
1341 3235 1694 3306 Marcellino)
1717 3239 1817 3305 qui
2496 3247 2710 3292 annum
2743 3233 2839 3291 484
2887 3237 3052 3292 docet
3090 3236 3463 3292 referendam.

732 3323 900 3392 juxta
923 3321 1323 3390 Theophanem
1357 3324 1559 3378 uxoris
1584 3325 1821 3394 Asparis

737 3408 914 3465 fratre
957 3411 1208 3481 genitus,
1237 3417 1296 3466 et
1343 3425 1376 3466 a
1413 3413 1632 3466 Zenone
1657 3410 1820 3467 defe-

738 3504 912 3554 cerat.

521 3605 664 3664 5493
812 3608 932 3676 Imp
962 3607 1081 3662 Caes
1128 3609 1272 3663 Zeno
1315 3606 1442 3678 Aug
1466 3613 1540 3662 tr.
1592 3622 1646 3678 p.
1680 3607 1734 3680 6,
1759 3604 1816 3679 7,
1895 3607 2035 3666 4232

2324 3619 2387 3661 ιιι
2566 3605 2854 3676 Simplicii
2889 3604 2957 3661 42
2976 3611 3032 3662 et
3060 3603 3145 3662 43.
3680 3603 3770 3662 480

506 3704 581 3772 ﬁ
633 3693 700 3751 43
738 3709 836 3751 cos
868 3709 952 3748 ιιι.
1897 3696 2036 3755 4233

2011 3696 2036 3754 3
2337 3708 2391 3750 tv
2569 3694 2715 3749 Urbs
2737 3695 2892 3766 regia
2915 3709 3014 3764 per
3035 3709 3094 3749 ιιι
3110 3695 3238 3752 dies
3266 3698 3578 3753 continuos

521 3784 595 3855 θ
631 3783 666 3838 6
811 3782 1089 3838 Odoacris
1116 3786 1269 3854 regis
1295 3783 1328 3839 4
1367 3789 1422 3839 et
1445 3783 1498 3839 5.
2500 3788 2665 3839 terrae
2724 3789 2881 3840 motu
2954 3793 3260 3854 quassatur
3310 3799 3411 3840 vm
3470 3785 3576 3841 Kal

514 3874 576 3925 F.
620 3873 687 3925 E.
827 3872 934 3926 Cos
961 3871 1211 3925 Basilius
1250 3875 1358 3925 Jun
1405 3874 1530 3926 sine
1573 3876 1820 3948 Collega.
2496 3873 2616 3928 Oct.
2661 3872 3050 3928 Marcellinus.
3097 3875 3201 3929 Sed
3258 3874 3468 3946 Pagius
3496 3876 3569 3930 ad

501 3961 686 4015 Ind-iet
812 3962 870 4015 L.
927 3957 1017 4027 22,
1105 3959 1215 4013 Cod
1266 3961 1336 4014 de
1387 3961 1629 4031 Testam,
1684 3970 1819 4034 etc.,
2498 3977 2608 4018 ann
2641 3958 2746 4016 477
2777 3975 2844 4017 ex
2889 3963 3228 4032 Theophane
3268 3977 3578 4019 recensen—

564 4063 629 4104 ιιι
740 4050 890 4120 apud
920 4049 1257 4103 Relandum.
2497 4052 2632 4106 dum
2666 4057 2848 4120 putat.
2885 4051 3022 4106 Vide
3049 4051 3130 4107 ibi
3174 4066 3226 4106 n.
3271 4051 3324 4106 9.

529 4142 580 4192 et
609 4151 665 4193 tv
812 4141 1017 4207 Nepos,
1065 4152 1228 4206 quem
1282 4136 1510 4194 Orestes
1581 4141 1822 4211 imperio
2569 4141 2890 4197 Hunericus
2909 4144 3126 4202 Zenone
3155 4148 3210 4198 et
3240 4142 3494 4198 Placidia
3515 4143 3574 4198 id

741 4228 1123 4293 abdicaverat,
1153 4227 1404 4294 ejusdem
1428 4231 1702 4284 comitum
1739 4233 1820 4286 in-
2497 4233 2801 4303 agentibus
2819 4231 3579 4310 permittitCarthag’inensi-

750 4315 923 4372 sidiis
980 4314 1270 4368 occiditur
1331 4330 1502 4386 prope
1565 4319 1819 4376 Salonas.
2137 4379 2190 4400 ἢ
2497 4323 2604 4378 bus
2633 4324 2808 4396 Afris,
2838 4329 3248 4397 utepiscopum
3274 4329 3572 4400 eligerent.

746 4405 1144 4463 Marcellinus.
1331 4379 1346 4383 _
1436 4379 1452 4386 -
2137 4379 2192 4440 D
2500 4379 2815 4471 Ordinatus
2870 4379 2978 4472 estr
3006 4379 3321 4487 Eligenius.
3357 4379 3578 4474 0Victor

815 4497 878 4550 H.
928 4509 978 4550 a.
1041 4495 1125 4550 vel
1179 4497 1440 4564 sequenti
1511 4497 1826 4557 Clodoveus
2498 4505 2593 4559 Vit
2623 4505 2707 4560 lib
2736 4519 2801 4561 ιι.

745 4586 810 4640 V.
844 4587 961 4641 Rex
988 4586 1331 4640 Francorum
1364 4586 1502 4643 iniit
1527 4588 1712 4644 Petav.

815 4675 869 4729 S.
927 4675 1267 4730 Benedictus
1321 4677 1599 4731 nascitur.
1632 4678 1716 4733 Ibi
1756 4693 1824 4734 ex

745 4766 928 4819 Leone
949 4762 1068 4818 Ost.

529 4886 672 4948 5494
817 4891 936 4960 Imp
965 4889 1081 4944 Caes
1111 4890 1255 4944 Zeno
1303 4888 1430 4960 Aug
1455 4896 1525 4946 tr.
1580 4907 1633 4964 p.
1674 4890 1728 4962 7,
1760 4893 1814 4968 8,
1895 4893 2033 4954 4233
2263 4898 2436 4968 Olym.
2570 4899 2858 4968 Simplicii
2894 4897 2979 4969 43,
3012 4905 3068 4956 et
3099 4897 3186 4954 44.
3679 4892 3770 4952 484

511 4985 586 5056 ﬁ}
645 4976 712 5034 44
747 4993 846 5035 cos
874 4992 959 5032 III.
1893 4984 2030 5043 4234
2294 4984 2400 5043 344
2569 4989 2853 5057 Stephano
2882 4989 2988 5043 Sen
3021 4989 3280 5045 succedit
3322 4989 3568 5059 Stepha—

529 5068 602 5140 θ
636 5063 673 5123 7
815 5067 1073 5123 Oloacris
1103 5068 1274 5139 Regis
1298 5067 1350 5136 5,
1386 5069 1439 5125 6.
2333 5090 2387 5132 tv
2496 5090 2606 5132 nus
2647 5077 2755 5131 Jun
2810 5077 2870 5131 in
2896 5078 3036 5133 Sede
3062 5077 3330 5133 Antioch.
3364 5078 3574 5150 Pagius

584 5160 627 5212 ι)
821 5157 927 5209 Cos
959 5156 1224 5211 Placidus
1255 5158 1381 5212 sine
1411 5159 1657 5231 Collega.
2331 5171 2384 5219 et
2503 5165 2559 5218 in
2583 5165 2736 5218 notis
2765 5163 2915 5219 infra
2942 5179 3049 5234 pag
3080 5161 3182 5219 477

507 5245 684 5302 Indict
806 5244 1151 5298 Memoratur
1175 5245 1267 5297 hic
1295 5245 1442 5299 Cons
1485 5247 1651 5314 juxta
1702 5252 1813 5306 Pa-
2292 5249 2398 5310 345
2555 5253 2943 5310 Theodoricus
3044 5255 3364 5311 Gothorum
3478 5270 3573 5311 rex

581 5345 636 5387 IV
747 5331 904 5402 gium
941 5332 998 5384 in
1025 5331 1265 5399 epistola
1321 5333 1815 5408 SimpliciinPapa:
2337 5358 2354 5399 ι
2483 5343 2695 5397 Triarii
2752 5343 2928 5410 ﬁlius,
2992 5344 3093 5414 qui
3151 5345 3219 5400 ad
3299 5351 3570 5416 quartum

540 5425 643 5475 etv
733 5432 886 5475 anno
921 5419 1184 5486 sequenti
1211 5419 1343 5474 data
1373 5429 1497 5490 post
1525 5424 1814 5483 Consula—
2494 5431 2741 5486 milliare
2764 5431 2898 5486 Urbi
2918 5431 3572 5504 Constantinopolitanae

738 5513 858 5563 tum
900 5505 1138 5561 Placidi-
2491 5535 2622 5577 cum
2676 5521 2862 5591 c0piis
2916 5529 3254 5595 accesserat,
3319 5523 3571 5594 jacentis
