3962 6164
134 295 235 353 725
1045 298 1387 356 CHRONOL.
1427 302 1473 358 A
1508 302 1565 359 S.
1609 302 1997 360 SYLVESTRO
2041 306 2134 362 AD
2169 307 2224 363 S.
2269 308 2482 364 GREG.
2529 310 2601 362 M.

199 417 358 471 Anni
430 418 802 484 Imperatores,
864 418 1138 483 Consules,
1207 424 1482 477 Romano-

136 487 370 613 Ρεζϊῖιᾶι.
513 502 658 551 rum,
687 505 773 544 res
803 496 964 558 gestae
1001 497 1049 546 et
1079 494 1415 548 documenta.

170 574 194 614 ε
256 574 293 612 n

474 841 801 899 Hunericus
854 843 914 899 in
969 843 1312 910 Catholicos,
1381 847 1478 903 sed

407 931 592 987 multo
624 933 804 1005 magis
828 933 885 988 in
917 949 1052 990 suos
1078 935 1332 992 desaevit.
1376 938 1482 994 Vi-

399 1025 543 1076 ctor.
577 1019 672 1076 Vit
697 1020 782 1075 lib
804 1019 859 1075 2.

471 1110 721 1167 Moritur
748 1110 1112 1182 Chilpericus
1135 1114 1482 1173 Francorum

400 1199 522 1255 Rex
579 1202 748 1271 juxta
795 1202 906 1274 Pag
946 1202 1049 1259 Sen
1101 1203 1158 1258 h.
1212 1218 1264 1259 a.
1316 1218 1372 1259 ιι.
1425 1203 1475 1260 6.

199 1557 325 1615 5495
478 1560 596 1628 Imp
618 1559 737 1614 Caes
782 1561 927 1616 Zeno
955 1560 1082 1632 Aug
1121 1565 1194 1617 tr.
1249 1577 1302 1633 p.
1335 1562 1389 1634 8,
1417 1563 1470 1636 9,

176 1652 234 1720 θ
262 1645 322 1703 45
378 1661 514 1702 coss
543 1663 629 1703 ιιι.

171 1747 230 1820 θ
278 1745 312 1803 8
507 1747 780 1803 Odoacris
811 1750 982 1822 Regis
1011 1749 1065 1820 6,
1101 1746 1165 1806 7.

229 1837 343 1928 (ζμ
435 1873 571 1928 Coss
607 1838 937 1928 ἓῨῩῨῖίέηΡδκ·

185 1908 343 1963 Indict
436 1908 571 1928 “"°°
607 1909 860 1965 Trocond
871 1927 959 1967 us.

253 2011 282 2051 v
475 2000 639 2070 Epist
671 1996 1061 2071 44,Simplicii
1092 2004 1272 2073 Papze,
1301 2005 1468 2074 cujus

203 2090 244 2140 et
266 2099 316 2141 vx
386 2088 597 2158 antiqu
627 2089 844 2158 exempl
880 2090 938 2144 in
971 2090 1202 2146 Bibioth
1250 2096 1472 2149 Monast

388 2176 448 2231 S.
477 2176 761 2232 Crucisde
790 2177 971 2233 Urbe:
1003 2185 1058 2234 et
1086 2179 1280 2236 Concil
1302 2183 1473 2237 Turo-

395 2277 570 2319 nense
616 2266 658 2319 Ι.
702 2266 841 2322 Vide
866 2268 979 2339 Pag
1010 2269 1066 2323 h.
1107 2284 1158 2324 ιι.
1194 2285 1329 2325 num
1376 2268 1464 2326 27.

465 2353 520 2408 S.
568 2353 874 2411 Severinus
905 2358 1078 2413 Noric
1106 2359 1284 2429 Apost
1310 2361 1366 2415 h.
1415 2374 1466 2415 a.

396 2441 546 2498 obiit
567 2445 775 2515 Pagius
802 2459 856 2500 ιι.
887 2443 977 2500 29.

201 3075 321 3134 5496
468 3081 582 3150 Imp
613 3079 730 3137 Cas
755 3082 900 3137 Zeno
953 3082 1161 3155 Augtr.
1199 3098 1254 3154 p.
1276 3081 1331 3155 9,
1367 3081 1450 3156 40,

178 3168 237 3240 Θ
266 3165 326 3225 46
388 3185 484 3228 cos
511 3185 594 3226 ιιι.

172 3261 230 3333 θ
280 3260 312 3317 9
462 3260 736 3316 Odoacris
757 3260 926 3332 Regis
953 3257 988 3316 7
1013 3265 1069 3317 et
1104 3260 1159 3316 8.

231 3352 268 3404 B
471 3350 576 3406 Cos
605 3349 851 3405 Faustus
880 3351 1006 3405 sine
1033 3351 1270 3424 collega.

190 3440 349 3495 Indict
472 3441 1125 3509 VetuslnscriptGruter
1148 3440 1304 3513 4062,
1333 3442 1387 3514 5,
1416 3454 1472 3501 et

231 3543 280 3585 v1
399 3529 692 3585 Nolanain
715 3529 920 3585 Praefat
947 3531 1015 3586 ad
1047 3537 1262 3586 tomum
1292 3536 1331 3588 Ι.
1369 3533 1467 3589 hu-

199 3623 326 3676 etvn
388 3621 484 3690 jus
519 3621 640 3676 edit
666 3635 803 3677 num
833 3634 958 3691 quae
988 3627 1043 3677 et
1083 3622 1233 3692 apud
1281 3622 1471 3678 Flect-

393 3711 535 3766 vood
563 3726 614 3779 p.
644 3707 767 3765 400.

470 3797 850 3854 Theodoricus
879 3799 994 3855 Rex
1022 3799 1339 3855 Gothorum
1366 3802 1473 3856 Ze-

396 3889 565 3944 nonis
594 3891 720 3960 Aug
740 3889 1304 3960 muniﬁcentiispene
1318 3903 1474 3959 paca-

396 3984 509 4049 tus,
543 3981 924 4052 Magisterque
970 3983 1267 4050 praesentis
1305 3982 1471 4036 mili—

397 4072 488 4126 tiae
516 4071 721 4139 factus,
748 4081 802 4128 et
825 4088 920 4130 cos
936 4075 1163 4142 design.
1185 4074 1370 4128 Daciae
1399 4075 1473 4128 ri-

397 4163 590 4232 pensis
615 4169 670 4217 et
701 4163 909 4219 Moesiae
956 4169 1142 4234 partes
1184 4164 1299 4219 sibi
1325 4177 1470 4219 con-

398 4252 645 4308 creditas
678 4258 849 4308 tenet.
884 4254 1048 4308 Petav

204 4599 327 4660 5497
463 4608 746 4678 Imp'Caes
793 4611 939 4665 Zeno
989 4609 1114 4682 Aug
1159 4616 1228 4665 tr.
1278 4626 1326 4681 p.
1382 4608 1467 4682 40,

180 4691 322 4766 $47
391 4694 476 4765 44,
532 4712 630 4753 cos
682 4713 767 4770 ιιι,
814 4700 915 4770 qui
992 4700 1265 4757 Cazsarem
1314 4707 1468 4756 creat

175 4786 234 4859 θ
260 4791 319 4849 40
397 4798 742 4852 Basiliscum.

205 4881 246 4934 A
273 4883 314 4938 G
446 4885 724 4943 Odoacris
749 4889 920 4960 Regis
943 4886 998 4956 8,
1023 4895 1076 4945 et
1100 4887 1153 4943 9.

194 4973 356 5070 ίξίέἐετ
433 5013 571 5070 eo...
608 4978 1004 5070 Ξὲιςρίέριὲςυε
1070 4981 1202 5036 Βοκ-

225 5056 298 5099 vn
434 5049 571 5070 w”
608 5049 946 5106 Venantius.

173 5135 326 5189 etvm
456 5138 558 5193 Vet
608 5139 855 5208 inscript
927 5139 1076 5209 apud
1127 5139 1472 5213 Aringhium

394 5222 517 5293 449,
555 5227 616 5281 in
661 5227 813 5282 Basil
852 5229 906 5283 S.
963 5229 1121 5284 Pauli
1176 5230 1471 5287 Fleetvood

394 5329 501 5386 pag
531 5313 654 5383 456,
689 5317 850 5386 Ιιίρίδι
870 5317 1078 5372 Felicis
1110 5320 1198 5388 III,
1232 5321 1300 5375 ad
1324 5321 1475 5375 Aca—

394 5407 548 5460 cium
578 5413 636 5461 et
679 5409 720 5462 I.
773 5404 858 5461 40.
913 5407 970 5460 C.
1008 5408 1159 5462 unde
1211 5409 1266 5462 vi
1322 5410 1472 5477 apud

397 5495 633 5551 Reland.

467 5587 675 5643 Evarix
698 5586 1017 5644 Gothorum
1047 5587 1162 5643 Rex
1195 5588 1254 5642 in
1287 5586 1475 5644 Gallia

1519 641 1570 690 et

1553 423 1709 500 A_nn_i
1784 427 1844 486 A
1938 423 2095 500 Anni
2166 428 2619 491 Christianorum,
2669 429 2986 484 Iudaeorum
3015 435 3065 484 et
3091 432 3226 500 ﬁni-

1581 495 1705 549 U.C

1574 571 1702 620 ante

1604 642 1726 708 post

1520 708 1687 762 Palil.

1551 1562 1689 1621 4234

1551 1650 1688 1710 4235

1551 3082 1690 3143 4235

1553 3171 1691 3231 4236

1548 4608 1687 4666 4236

1545 4697 1682 4756 4237

1927 495 2135 568 Olymp.

1993 1547 2009 1587 ι

1976 1635 2016 1676 Il

1975 3082 2018 3124 Il

1978 3171 2042 3212 III

1982 4625 2043 4665 III

1974 4712 2030 4752 ιν

3423 309 3535 371 726
3599 400 3602 402 γ

3297 429 3454 485 Anni

2247 503 2499 554 timorum
2544 501 2894 571 populorum,
2946 503 3248 571 Pontiﬁces,
3293 504 3465 571 νλΕνω

2219 574 2404 639 Reges,
2452 570 2550 626 res
2586 570 2748 641 gestae
2773 578 2823 626 et
2882 570 3226 627 documenta.
3272 570 3496 632 Christi;

2154 816 2327 871 supra
2361 806 2692 873 carpentum
2726 804 2826 859 teli
2869 802 3135 858 acumine
3167 801 3245 858 ﬂ-

2155 905 2263 946 xus
2283 891 2531 946 interiit.
2560 891 2877 948 Marcellin.

2227 981 2458 1037 Perozes
2479 983 2775 1037 Persarum
2824 995 2923 1037 rex
2978 981 3082 1037 hoc
3119 981 3237 1036 cir-

2155 1069 2301 1125 citer
2343 1081 2494 1126 anno
2545 1071 2605 1126 in
2650 1072 3016 1141 expeditione
3036 1076 3238 1127 contra

2154 1160 2514 1228 Nephtalitas
2544 1160 2664 1216 sive
2680 1163 2916 1216 Hunnos
2946 1159 3119 1216 Albos
3147 1173 3235 1230 pe-

2157 1249 2257 1304 rit.
2287 1251 2400 1319 Pag
2427 1249 2556 1305 Sen.
2590 1263 2646 1304 ιι.
2701 1247 2755 1319 5,
2790 1263 2858 1304 ex
2889 1249 3135 1321 Agathia
3176 1253 3234 1306 et

2156 1339 2392 1408 Proc0p.
2455 1339 2778 1408 Stephanus
2817 1340 2923 1394 Sen
2979 1339 3227 1394 Antioch

2159 1428 2257 1496 Ep.
2287 1427 2411 1482 obit
2438 1427 2517 1482 ibi
2549 1441 2605 1482 ιι.
2633 1427 2684 1482 6.
3023 1413 3032 1424 ’

2225 1535 2513 1603 Simplicii
2544 1533 2608 1589 44
2633 1538 2689 1590 et
2720 1533 2803 1590 45.

2223 1624 2510 1692 Simplicii
2547 1624 2695 1678 ritus
2744 1632 2798 1678 et
2825 1624 3050 1679 decreta
3079 1625 3136 1678 h.
3173 1637 3225 1679 a.

2149 1711 2290 1767 Vide
2309 1713 2366 1766 in
2384 1715 2539 1767 notis
2558 1713 2714 1783 Pagii
2737 1713 2805 1766 ad
2833 1712 3223 1781 Simplicium.

2221 1801 2466 1870 Stephan
2507 1803 2615 1856 Jun
2648 1801 3004 1856 Antiocheno
3033 1803 3225 1858 occiso

2149 1889 2496 1960 subrogatur
2543 1890 2814 1945 Calendio
2846 1890 3222 1946 orthodoxus.

2143 1981 2224 2034 Ex
2251 1980 2402 2048 epist
2443 1979 2731 2048 Simplicii
2783 1981 2943 2050 Papae
2993 1981 3221 2052 Pagius,

2146 2077 2202 2124 et
2238 2069 2542 2125 ordinatur
2563 2069 3082 2138 Constantinopoli.

2215 2158 2572 2213 Theodorius
2596 2159 2854 2214 Volamer
2875 2159 3019 2232 [sive
3050 2161 3230 2215 Ama-—

2147 2244 2262 2320 lus]
2341 2255 2645 2318 utramque
2721 2249 3112 2304 Macedoniam
3167 2255 3225 2304 et

2145 2336 2495 2393 Thessaliam
2515 2337 2918 2407 depopulatur,
2952 2344 3008 2393 et
3028 2338 3229 2392 Laris-

2150 2438 2272 2480 sam
2289 2427 2650 2496 Metropolim
2675 2427 3062 2496 deprazdatur.
3085 2428 3231 2481 Mar-

2151 2516 2348 2571 cellin.

2221 2607 2520 2664 Timotheo
2577 2605 2988 2676 Solophaciolo
3043 2607 3226 2676 episc,

2147 2695 2287 2751 Alex
2344 2697 2643 2752 demortuo
2687 2695 2946 2751 succedit
2986 2697 3230 2751 Joannes

2146 2784 2501 2849 Catholicus,
2535 2799 2702 2855 quem
2760 2784 2970 2854 expelli
2999 2784 3230 2840 mandat

2147 2875 2292 2929 Zeno
2321 2876 2654 2945 Imperator,
2686 2874 3230 2930 etHenoticonevul-

2151 2969 2263 3032 gat.

2224 3069 2512 3139 Simplicii
2549 3067 2632 3139 45,
2669 3066 2754 3125 46.
2808 3072 3025 3127 Εειιοιε
3047 3073 3140 3126 ΠΙ.
3176 3087 3216 3128 ι.

2221 3159 2275 3214 S.
2304 3159 2774 3228 Simpliciusobit
2799 3161 2894 3215 die
2918 3159 2972 3226 2,
3006 3162 3218 3216 Martii.

2153 3249 2325 3301 Vacat
2349 3248 2518 3300 Sedes
2544 3248 2668 3300 dies
2689 3246 2743 3315 5,
2775 3248 3030 3316 Eligitur
3044 3251 3096 3301 S.
3131 3250 3226 3302 Fr:-

2148 3349 2244 3390 Lix
2265 3335 2390 3403 ejus
2417 3335 2669 3389 nominis
2692 3335 2899 3390 tertius
2920 3336 3226 3391 ordinatus

2147 3425 2243 3479 die
2271 3423 2570 3478 Dominica
2589 3424 2869 3478 vaartii.
2900 3424 3039 3480 Vide
3063 3431 3226 3480 notas

2147 3513 2215 3567 ad
2247 3512 2638 3580 Simplicium.

2215 3604 2284 3657 Et
2307 3604 2472 3671 juxta
2491 3601 2724 3655 Bencini
2755 3604 2918 3656 notas
2941 3603 3222 3671 synodum

2147 3694 2336 3746 Roma:
2389 3688 2638 3743 celebrat
2690 3703 2799 3760 pag
2831 3688 2951 3754 482,
2989 3691 3046 3745 in
3110 3708 3224 3762 qua

2147 3778 3042 3848 PetruanapheusAntiochena:
3062 3782 3226 3837 Sedis

2149 3871 2378 3925 invasor
2393 3869 2699 3923 damnatur
2728 3875 2793 3922 ut
2834 3870 3229 3938 Eutychianus

2146 3975 2210 4017 ac
2234 3957 2667 4026 Theopaschita.

2219 4049 2419 4102 Petrus
2440 4046 3110 4117 MoggusAlexandrinus
3125 4051 3222 4120 Ep.

2144 4127 2420 4195 Henotico
2441 4145 2664 4206 recepto
2697 4138 2756 4192 in
2807 4138 2914 4194 fide
2946 4146 3127 4209 nutat,
3173 4145 3230 4195 et

2151 4229 2214 4284 fit
2241 4227 2659 4296 Acephalorum
2691 4233 2856 4282 sectae
2887 4229 3133 4284 occasio.

2221 4317 2442 4373 Verinaa
2465 4317 2738 4388 Augustae
2760 4316 2970 4372 litteris
2991 4318 3227 4374 excitati

2154 4407 2477 4480 Orientales
2533 4407 2829 4462 Leontium
2856 4406 2985 4478 Aug
3011 4407 3234 4464 admit-

2157 4501 2306 4554 tunt.
2349 4497 2613 4551 Petavius
2639 4509 2707 4550 ex
2739 4496 3100 4566 The0phane.

2230 4604 2439 4662 Felicis
2467 4602 2646 4656 Tertii
2680 4614 2696 4652 ι
2737 4604 2790 4654 et
2817 4598 2873 4654 2.

2225 4692 2485 4763 Synodus
2514 4691 2584 4744 III
2613 4691 2863 4743 Romana
2893 4686 3000 4742 sub
3029 4688 3234 4746 Felice.

2152 4784 2294 4840 Vide
2324 4787 2486 4836 notas
2527 4793 2633 4850 pag
2666 4774 2788 4848 487,
2821 4774 2939 4846 489,
2989 4775 3109 4848 494,
3143 4779 3232 4836 col

2149 4872 2204 4940 2,
2256 4876 2312 4926 et
2356 4871 2449 4924 Jo:
2501 4867 2751 4936 Talajam
2800 4865 3067 4921 Ecclesiae
3113 4869 3234 4922 No—

2146 4963 2290 5017 lanaa
2340 4957 2594 5028 praeﬁcit.
2657 4956 2822 5010 Petav
2873 4969 2940 5010 ex
2981 4954 3234 5010 Liberat.

2151 5065 2200 5106 c.
2237 5047 2322 5102 48.

2219 5137 2409 5193 Chron
2458 5132 2638 5189 Pasch
2686 5132 2740 5187 h.
2793 5145 2845 5187 a.
2912 5134 3058 5188 Zeno
3112 5135 3230 5205 Imp

2148 5230 2424 5284 Caesarem
2457 5224 2669 5279 creavit
2701 5222 2922 5277 Armati
2957 5223 3222 5296 Magistri

2149 5318 2376 5372 Militia:
2407 5312 2786 5386 przeseutialis
2816 5311 3000 5367 ﬁlium
3024 5315 3236 5368 Basili-

2148 5424 2317 5462 scum.

2227 5499 2415 5550 Mense
2442 5494 2615 5548 Junio
2665 5493 2760 5548 die
2789 5490 2879 5564 27,
2914 5493 3099 5548 Indict
3127 5505 3230 5562 vn,

2157 5584 2428 5641 Leontius
2489 5586 2760 5653 tanquam
2842 5585 2961 5649 Imp
3019 5579 3232 5634 Antio-

3328 1531 3434 1590 482

3327 4601 3432 4660 484
