3968 6164
369 246 472 306 734

429 374 586 429 Anni

1169 256 1262 312 AD
1300 256 1742 318 ANASTASIUM
1779 262 2299 326 PROLEGOMENA
2333 270 2510 328 EDIT.
2552 273 2984 333 ROM.-VATIC.

648 379 1020 449 Imperatores,
1116 383 1370 439 Consules
1468 388 1742 445 Romano—

397 445 525 524 ἕξετ’.
549 448 644 524 Jul
720 445 741 449 “
759 467 904 524 rum,
933 445 1017 508 res
1045 461 1206 522 gesta
1251 461 1300 511 et
1325 457 1664 515 documenta.

397 520 450 569 et
491 519 620 574 Ind.

434 922 577 982 5204

397 1102 596 1180 θη

467 1197 530 1250 F.

396 1285 596 1340 Indict.

453 1386 550 1428 XIV

433 1465 485 1515 et
513 1475 606 1516 xv.

426 2785 571 2846 5205

392 2879 590 2956 @,25

391 2968 594 3044 948

437 3133 580 3187 ΕΙ)

387 3222 570 3278 Ιηάὶοέ

453 3324 527 3366 ιν

423 3403 549 3456 et!

419 4285 563 4345 5206

386 4379 594 4451 $26

383 4468 579 4544 949

475 4561 516 4616 0

400 4651 580 4709 Indici

413 4853 466 4905 et
511 4862 553 4905 η

652 751 930 808 Ravenna
950 753 1263 824 includere,
1292 759 1392 814 ubi
1429 773 1527 830 per
1553 761 1742 818 trien—

659 842 821 894 nium
849 841 1172 898 obsidetur.

722 931 841 998 Imp
866 931 985 986 Cas
1002 901 1304 1005 ZenoAug.
1339 940 1409 991 tr.
1442 952 1477 1007 p
1532 935 1621 1010 47,
1644 937 1728 1008 48,
1810 935 1948 996 4243

402 1014 476 1088 ᾤ
534 1013 605 1070 24
641 1031 740 1073 cos
765 1032 849 1073 III.
884 1020 1080 1076 Anast.
1101 1023 1223 1092 Imp
1247 1037 1317 1080 ex
1336 1025 1428 1081 die
1456 1024 1524 1081 48
1545 1028 1731 1098 April.
1809 1025 1947 1085 4244

722 1106 1000 1166 Odoacris
1048 1111 1218 1182 Regis
1246 1109 1332 1172 45.
1360 1111 1445 1170 46.

712 1196 817 1252 Cos
872 1197 1146 1268 Olybrius
1195 1201 1306 1257 Jun
1345 1203 1562 1275 absque
1599 1205 1737 1261 Col-

661 1284 849 1427 “Igilii.
875 1374 934 1429 C.
976 1375 1046 1431 de
1077 1341 1492 1452 prascripta30,
1521 1383 1607 1438 vel
1641 1381 1731 1452 40,

654 1474 955 1534 annorum,
989 1471 1098 1520 etc.
1123 1467 1274 1535 apud
1309 1469 1647 1540 Relandum,
1673 1476 1729 1526 et

645 1551 844 1606 Concil
867 1553 1291 1622 Carpentoract.
1328 1558 1468 1613 Vide
1494 1561 1728 1630 Pagium

645 1641 751 1695 Sen
775 1641 831 1695 h.
875 1656 929 1696 a.
959 1656 1015 1696 n.
1048 1641 1136 1698 24.

712 1729 944 1786 Dicitur
968 1732 1144 1787 etiam
1173 1732 1228 1787 h.
1262 1748 1315 1788 a.
1346 1735 1478 1791 Post
1505 1737 1735 1795 Consu-

645 1819 828 1874 latum
860 1821 1102 1891 Longini
1144 1822 1236 1877 bis
1263 1829 1320 1878 et
1343 1824 1604 1882 Faustini
1648 1833 1740 1884 vet

644 1906 737 1976 lap
758 1910 997 1980 Lugdun
1021 1911 1171 1980 apud
1215 1912 1509 1970 Fleetvood
1536 1932 1587 1986 p.
1610 1914 1735 1974 483.

715 2000 834 2068 Imp
861 2000 981 2054 Cas
1006 2001 1363 2057 ANASTASIUS
1387 2005 1456 2060 ab
1481 2006 1737 2063 Ariadna

640 2086 884 2142 Zenonis
910 2088 1039 2160 Aug
1077 2090 1251 2146 vidua
1283 2094 1528 2148 maritus
1556 2095 1736 2151 duci-

644 2179 758 2244 tur,
792 2181 849 2230 et
868 2185 1179 2235 coronatur
1220 2181 1550 2250 Imperator.

716 2262 1088 2330 TheOphanes
1135 2268 1188 2321 h.
1246 2282 1299 2324 a.
1355 2277 1618 2328 numerat
1666 2274 1737 2330 ab

641 2347 861 2404 Adamo
903 2349 1066 2407 5999.
1119 2360 1435 2414 secundum
1484 2360 1740 2417 Alexan-

641 2435 842 2491 drinos
880 2436 1040 2493 5983.
1088 2443 1433 2501 Diocletiani
1465 2446 1590 2504 207.
1636 2453 1741 2506 In—

653 2527 1010 2583 carnationis
1049 2526 1172 2583 483.
1226 2534 1411 2590 Petav.
1453 2538 1734 2609 Evagrius

647 2614 719 2670 ab
748 2617 999 2687 Augusti
1044 2620 1288 2687 Imperio
1317 2621 1442 2678 532.
1488 2627 1591 2682 Sed
1617 2641 1736 2683 nu—

644 2704 786 2759 meri
812 2713 950 2760 sunt
979 2710 1259 2776 corrupti.
1297 2712 1515 2780 Lydiat.

712 2794 832 2861 Imp
862 2794 998 2849 Cas.
1024 2797 1368 2855 Anastasius
1399 2807 1471 2856 tr.
1505 2817 1555 2872 p.
1601 2802 1650 2874 4,
1675 2811 1732 2862 et
1808 2805 1948 2865 4244

1807 2895 1947 2954 4245

625 2897 694 2938 ex
721 2879 805 2936 48.
838 2881 1001 2950 April
1028 2882 1080 2952 2,
1129 2899 1247 2941 cos.

720 2970 996 3026 Odoacris
1029 2974 1198 3044 Regis
1231 2972 1316 3043 46,
1353 2974 1441 3033 47.

856 3062 1199 3137 Anastasius
1229 3067 1376 3137 Aug.

868 3132 1071 3188 Rufus.

695 3225 756 3276 L.
783 3220 837 3289 3,
862 3224 922 3278 C.
951 3224 1021 3278 de
1037 3222 1115 3278 oti‘
1137 3231 1384 3293 quastor
1412 3234 1469 3284 et
1491 3231 1736 3304 inscript

629 3316 722 3366 vet
750 3311 1014 3382 Lugdun.
1047 3314 1197 3382 apud
1229 3317 1376 3386 Spon
1390 3320 1552 3390 antiq
1577 3323 1730 3393 Lugd

629 3414 682 3470 p.
727 3397 818 3459 48.
856 3407 910 3456 et
960 3401 1252 3459 Fleetvood
1311 3406 1368 3460 in
1417 3409 1638 3480 Sylloge
1673 3428 1729 3482 p.

637 3485 764 3558 344,
787 3490 998 3545 Gruter
1023 3489 1179 3546 4049.
1207 3508 1260 3549 n.
1287 3492 1340 3562 2,
1368 3497 1577 3568 Pagius
1601 3501 1728 3557 diss

643 3578 772 3648 hyp.
807 3593 862 3648 p.
905 3577 1029 3649 296,
1072 3581 1227 3638 alius
1268 3583 1416 3653 lapis
1453 3586 1512 3641 in
1561 3589 1729 3644 Vati—

642 3681 785 3724 cano
815 3669 1095 3738 impluvio
1127 3673 1370 3729 collocat
1414 3690 1464 3730 s.
1496 3676 1731 3735 Anasta-

635 3756 763 3812 sius
789 3758 931 3825 Imp.
964 3772 1034 3812 ex
1064 3760 1479 3828 Acephalorum
1534 3773 1591 3820 et
1612 3769 1728 3831 Ha-

637 3844 940 3898 sitantium
964 3851 1116 3899 secta
1137 3847 1385 3904 liberum
1407 3851 1619 3920 cuique
1637 3857 1730 3910 Ea.

639 3932 721 3986 cit
742 3945 868 4000 qua
908 3931 1047 3986 velit
1092 3933 1384 4002 amplecti.
1445 3939 1612 3994 Petav
1659 3956 1728 3997 ex

635 4021 781 4091 Evag
813 4019 898 4074 lib
926 4034 1014 4082 III,
1049 4033 1153 4090 cap
1177 4020 1268 4077 30.
1314 4024 1452 4081 Vide
1473 4033 1528 4082 et
1565 4029 1728 4086 Baro-

638 4111 822 4179 nium,
887 4116 943 4166 et
968 4113 1081 4183 Pag
1108 4110 1216 4168 Sen
1249 4115 1305 4170 b.
1346 4129 1398 4170 a.

641 3096 798 3152 Coss.

709 4292 828 4359 Imp
884 4290 1004 4346 Cas
1055 4291 1397 4350 Anastasius
1464 4297 1592 4370 Aug
1641 4303 1714 4354 tr.
1792 4299 1931 4360 4245

1792 4388 1931 4450 4246
2033 4413 2089 4475 D

632 4396 686 4451 p.
717 4379 772 4449 2,
797 4379 852 4445 3,
886 4393 1003 4435 cos.

699 4470 975 4526 Odoacris
1034 4471 1204 4542 Regis
1258 4471 1344 4544 l7,
1405 4475 1505 4545 qui
1564 4478 1717 4534 circa

626 4561 863 4616 initium
886 4561 1078 4616 Martii
1104 4562 1722 4624 occidituraTheodo--

630 4651 716 4707 ric
761 4694 774 4722 ,
819 4651 920 4723 qui
949 4659 1149 4725 regnat
1180 4652 1240 4707 in
1272 4653 1434 4710 Italia
1464 4669 1532 4711 ex
1566 4657 1624 4711 d.
1661 4673 1713 4714 v.

627 4743 792 4797 Mart.

845 4848 1134 4905 Eusebius
1195 4864 1258 4905 ιι.

845 4883 1134 4905 “mnus
1195 4883 1258 4905 ιι.

626 4883 781 4941 0035'
844 4920 1110 4992 Albinus,
1145 4923 1496 4983 seuAlbinus
1527 4928 1707 4987 solus.

699 5010 928 5066 Fabrett
959 5011 1204 5084 inscript
1257 5028 1366 5086 pag
1387 5013 1509 5072 758.
1566 5019 1714 5078 Cons

627 5099 848 5168 Albini,
878 5106 935 5156 et
971 5102 1229 5172 epistola
1271 5104 1488 5160 Gelasii
1551 5108 1712 5177 Papa

623 5187 835 5244 Albino
877 5191 937 5244 V.
990 5191 1048 5244 C.
1097 5205 1212 5245 cos.
1270 5192 1348 5246 Ex
1380 5195 1711 5254 Marcellino

631 5285 815 5334 autem
876 5283 1136 5349 uterque.

699 5366 953 5422 Odoacer
983 5366 1259 5420 Ravenna
1287 5366 1558 5427 obsessus
1607 5389 1709 5444 pa.

628 5457 872 5515 ciscitur
909 5469 1041 5508 cum
1085 5455 1437 5519 Theodorico
1495 5471 1557 5520 ut
1588 5467 1712 5534 pari

621 5548 768 5615 jure
797 5545 960 5602 ambo
997 5546 1056 5602 in
1089 5548 1253 5604 Italia
1309 5560 1580 5623 regnent:
1625 5559 1722 5613 sed

1826 503 1840 518 .
1913 465 1977 517 U.
2183 467 2395 539 Olymp.

1836 539 1963 589 ante

1778 610 1830 660 et
1874 609 1996 674 post

1803 676 1968 741 Pali].

2233 1053 2298 1095 III

2236 2799 2298 2841 ιιι
2481 2799 2690 2840 rencis
2739 2799 2929 2856 9,qu1
2977 2799 3125 2842 ουιιι
3159 2799 3272 2842 25:
3325 2799 3483 2844 Febr.

2231 2889 2289 2930 ιν
2395 2873 2536 2930 Vide
2596 2878 2762 2928 notas
2817 2875 2886 2930 ad
2939 2875 3178 2930 Felicem
3231 2878 3324 2931 III.
3375 2879 3494 2934 GE-

2165 4314 2322 4386 Olym

2211 4400 2318 4460 347

3683 279 3790 341 732

1801 391 1960 478 fian
2051 393 2109 451 A
2191 396 2355 478 Anni
2424 400 2874 478 Christianorum,
2923 405 3229 460 Judaorum
3287 411 3339 462 et
3397 410 3536 478 ﬁni—
3599 409 3755 464 Anni

2505 476 2757 549 timorum
2796 478 3143 548 populorum,
3213 476 3511 549 Pontiﬁces.

3602 485 3740 537 jEra

2495 546 2679 612 Reges,
2725 561 2810 602 res
2855 552 3018 616 gesta
3058 554 3108 603 et
3134 546 3486 606 ‘wcumenta.
3537 552 3749 610 Christi.

2490 951 2699 1008 Felicis
2719 950 2756 1007 8
2783 957 2839 1008 et
2859 950 2912 1008 9.

2481 1041 2668 1096 Chron
2709 1042 2887 1097 Pasch
2927 1042 3035 1098 sub
3085 1042 3191 1099 hoc
3245 1044 3492 1102 Consule

2412 1129 2582 1184 habet
2603 1148 2620 1197 ξ
2639 1131 2705 1184 Η.
2737 1144 2788 1184 a.
2824 1145 3013 1188 mense
3041 1132 3350 1202 Xanthico,
3375 1135 3498 1191 sive
3526 1140 3527 1143 ‘

2402 1218 2591 1288 Aprili
2646 1221 2953 1292 sanguinis
2988 1221 3149 1276 ﬂuxu
3197 1229 3497 1292 correptus

2409 1307 2563 1362 diem
2595 1322 2764 1364 suum
2795 1308 2921 1364 obit
2938 1311 3084 1365 Zeno
3129 1323 3309 1366 annos
3333 1316 3502 1369 natus

2411 1408 2540 1463 va,
2569 1395 2694 1451 dies
2745 1410 2824 1451 ιχ.

2483 1485 2788 1554 Imperavit
2838 1500 2962 1542 XLV.
3011 1487 3362 1543 ANAS’I‘ASIUS
3385 1491 3492 1545 DI-

2414 1585 2581 1627 conus
2623 1580 2932 1630 coronatus
2961 1589 3150 1632 mense
3176 1578 3361 1647 Aprili
3397 1580 3500 1634 Fer

2417 1674 2469 1715 v.
2523 1662 2755 1731 Majoris
2820 1663 3186 1720 hebdomada
3225 1668 3323 1722 Ind
3377 1681 3492 1738 xxv,

2413 1765 2562 1807 anno
2599 1754 2912 1808 secundum
2942 1754 3263 1810 Antiochia
3287 1770 3499 1827 magna

2413 1855 2582 1896 aram
2605 1854 2858 1896 oxxxvu.
2887 1843 3040 1898 Idem
3072 1857 3139 1899 ex
3191 1845 3412 1902 Malala.

2481 1930 2802 1986 Concilium
2841 1931 3400 2002 Carpentoractense.
3432 1938 3493 1992 V.

2415 2020 2474 2073 P.
2506 2019 2614 2075 Sen
2662 2019 2720 2074 h.
2763 2033 2814 2075 a.
2848 2034 2904 2075 n.
2937 2019 3023 2076 24.

2481 2109 2536 2164 S.
2596 2110 2882 2166 Patricius
2937 2111 3224 2168 Hibernia
3276 2115 3500 2184 primus

2412 2197 2733 2266 EpiscOpus
2782 2199 2836 2252 h.
2889 2213 2940 2255 a.
3007 2199 3132 2256 obit
3178 2203 3344 2259 Petav
3387 2204 3492 2260 Sed

2410 2285 2541 2342 vide
2595 2288 2709 2358 Pag
2747 2288 2856 2344 Sen

2481 2783 2690 2840 Felicis
2739 2784 2791 2855 9,
2829 2784 2929 2856 qui
2977 2784 3125 2842 obiit
3159 2783 3272 2842 25:
3325 2788 3483 2844 Febr.

2409 2975 2601 3018 LASIUS
2627 2962 2931 3019 Successor
2971 2963 3213 3036 eligitur
3260 2966 3501 3023 ordina-

2410 3057 2506 3107 tus
2527 3051 2628 3106 Kal
2659 3052 2874 3107 Martii.
2905 3053 3044 3109 Vide
3076 3061 3238 3109 notas
3279 3055 3418 3111 ibid.

2482 3140 2779 3211 Longinus
2795 3141 3038 3196 Zenonis
3069 3143 3355 3199 demortui
3385 3143 3493 3201 fra-

2410 3232 2497 3284 ter
2525 3229 2805 3284 adversus
2834 3230 3202 3286 Anastasium
3232 3231 3490 3304 rebellat,

2407 3332 2442 3374 a
2514 3331 2627 3388 quo
2685 3323 2871 3372 tamen
2939 3327 3142 3389 captus
3209 3321 3494 3393 relegatur

2404 3405 2544 3462 Alex
2601 3405 2699 3460 ubi
2753 3407 3060 3464 ordinatur
3089 3410 3280 3465 Presb.

2475 3495 2660 3551 Isauri
2686 3495 2876 3552 adhuc
2907 3496 3145 3554 rebelles
3187 3499 3495 3558 domantur

2407 3598 2505 3655 per
2551 3587 2615 3640 .Io
2661 3605 2673 3640 :
2735 3586 3008 3656 Scythan,
3057 3589 3122 3643 Jo
3169 3589 3482 3658 :Gibbum,

2403 3679 2459 3729 et
2487 3675 2792 3746 Diogenem
2825 3681 3110 3744 protracto
3156 3678 3226 3733 ad
3284 3693 3494 3736 sexen-

2405 3764 2565 3819 nium
2616 3763 2782 3820 bello.
2833 3766 2997 3820 Petav
3035 3779 3103 3821 ex
3147 3767 3488 3838 TheOphane

2405 3859 2461 3908 et
2525 3854 2878 3921 Marcellino,

2475 3943 2665 3998 Gelasi
2677 3957 2742 3998 us
2757 3943 2825 3998 ad
2855 3943 3166 4015 Episcopos
3182 3947 3483 4006 Dardania

2403 4030 2629 4100 scribit,
2686 4037 2750 4086 ut
2783 4031 3179 4089 hareticorum
3232 4049 3482 4093 commu-

2405 4120 2632 4174 nionem
2666 4120 2869 4174 vitent.
2915 4122 3056 4178 Vide
3085 4129 3250 4180 notas
3278 4125 3348 4181 ad
3378 4127 3491 4182 Fe—

2405 4209 2572 4264 licem
2605 4211 2695 4263 III.

2469 4314 2684 4370 Gelasii
2718 4311 2767 4386 4,
2797 4320 2852 4372 et
2886 4331 2955 4372 ex
2995 4319 3096 4374 Kal
3129 4321 3273 4377 Mart
3291 4321 3345 4377 2.

2461 4404 2726 4460 Gelasius
2747 4419 2842 4475 per
2861 4407 3072 4463 Faustu
3085 4424 3130 4464 m
3146 4410 3484 4483 Magistrum

2227 4508 2282 4550 1v
2393 4491 2715 4550 ofﬁciorum
2729 4510 2760 4550 a
2781 4497 3131 4555 Theodorico
3153 4500 3300 4572 Rege
3319 4501 3487 4558 able—

2219 4589 2272 4638 et

2207 4671 2314 4729 348
2404 4674 2472 4728 ad
2505 4673 2761 4730 ofﬁcium
2807 4689 3069 4733 revocare
3116 4680 3328 4749 studet,
3383 4683 3480 4738 sed

2396 4588 2590 4656 gatum
2620 4584 3203 4659 Constantinopolim,
3249 4590 3478 4649 Gracos

2401 4762 2616 4819 frustra
2649 4783 2662 4818 :
2691 4779 2824 4820 cum
2851 4767 3169 4836 Euphemio
3196 4772 3481 4843 Episcopo

2387 4852 3021 4924 Constantinopolitano
3034 4858 3188 4914 istud
3203 4863 3484 4932 egitGra~

2387 4956 2586 4998 corum
2617 4943 2835 5011 objecta
2884 4948 3122 5017 scriptis
3152 4948 3385 5023 refellit,
3419 4962 3477 5010 et

2389 5037 2587 5088 contra
2661 5033 2997 5105 Pelagianos
3061 5037 3227 5095 ﬁdem
3288 5047 3488 5101 tuetur

2388 5121 2538 5190 epist
2575 5119 2628 5192 5,
2662 5121 2717 5192 6,
2747 5118 2801 5178 7.

2457 5209 2678 5266 Seditio
2707 5211 3208 5288 Constantinopoli
3257 5219 3482 5278 subori-

2390 5303 2507 5355 tur.
2535 5299 2592 5353 in
2627 5314 2739 5369 qua
2765 5304 3056 5361 Anastasii
3088 5310 3208 5378 Imp
3233 5316 3292 5365 et
3324 5326 3477 5367 uxo-

2392 5386 2474 5441 ris
2502 5392 2706 5443 statua
2752 5390 2983 5459 dejecta
3017 5411 3117 5465 per
3148 5399 3347 5454 urbem
3377 5415 3478 5457 ra-

2398 5482 2652 5546 ptantur.
2687 5481 3077 5541 Marcellinus.

2465 5566 2681 5623 Perotzi
2733 5569 3031 5630 Persarum
3097 5576 3266 5647 Regis
3317 5578 3478 5637 illius

3582 957 3675 1016 494

3586 2787 3689 2846 492

3575 4322 3679 4382 493
