3968 6164
235 245 331 306 733

258 371 406 425 Anni
448 374 846 444 Imperatores,

231 443 336 496 Per.
364 443 478 497 Jul.

259 517 308 567 et
331 513 452 568 Ind.

285 1415 423 1474 5207

266 1592 332 1665 ο
403 1590 430 1648 4

265 1771 438 1826 Indict

328 1873 365 1914 ll

280 1952 326 2003 et
350 1962 420 2004 III

277 2960 413 3020 5208

245 3055 418 3125 $28

252 3143 422 3217 02

258 3324 432 3378 Indici

310 3409 370 3450 Ill

280 3488 327 3537 et
352 3497 406 3540 tv

267 4475 408 4535 5209

237 4568 376 4641 $4

247 4660 388 4733 G3

249 4749 310 4806 G.
335 4753 399 4806 F.

1151 255 1491 316 CHRONOL.
1530 258 1578 314 Α
1614 259 1670 315 S.
1710 259 2102 320 SYLVESTRO
2135 263 2228 320 AD
2265 265 2320 320 S.
2361 262 2570 321 GREG.
2610 267 2684 320 M.

592 463 734 512 rum,
763 465 848 504 res
874 459 1038 518 gestae
1068 461 1117 510 et
1131 455 1466 512 documenta.

1663 533 1793 583 ante

1633 604 1684 654 et
1713 604 1842 668 post

1649 672 1815 726 Palil.

500 797 534 840 a
564 780 866 854 fmdifrago
899 783 958 839 in
981 786 1244 844 convivio
1273 790 1582 850 occiditur.

505 873 721 941 Procop
751 871 1074 928 Cassiodor.
1107 877 1409 934 Jordanus.

574 960 932 1015 Theodoricus
954 962 1132 1017 Italia:
1157 964 1269 1019 Rex
1289 966 1583 1026 Anastasii

498 1049 619 1118 Imp
648 1047 991 1118 amicitiam,
1026 1055 1081 1105 et
1125 1051 1339 1124 Regum
1376 1058 1582 1124 proxi-

501 1149 723 1192 morum
772 1136 1036 1194 Clodovei
1095 1141 1314 1197 Fratris
1359 1143 1577 1201 Alarici

497 1225 726 1297 Wisgot
782 1230 839 1280 et
887 1227 1247 1298 Sigismundi
1302 1233 1572 1305 Burgund

497 1314 662 1383 petit.
709 1314 964 1370 Cassiod.
999 1318 1098 1387 Ep.
1131 1331 1147 1371 ι
1179 1331 1247 1373 ex
1276 1321 1508 1377 Jordan.

573 1420 694 1490 lmp
745 1419 860 1476 Caes
917 1421 1260 1480 Anastasius
1318 1425 1444 1498 Aug
1499 1433 1572 1483 tr.
1651 1427 1791 1487 4246

502 1522 558 1578 p.
589 1505 642 1563 3.
677 1505 726 1577 4,
760 1523 880 1563 cos.
1463 1543 1472 1552 ς

566 1595 870 1652 Thodorici
902 1597 1123 1670 Regis4
1158 1602 1214 1656 et
1240 1599 1293 1656 2.

706 1685 972 1742 Asterius
991 1690 1091 1758 qui
1124 1690 1370 1746 Turcius
1392 1691 1577 1750 Rufus

495 1771 647 1828 Coss.
780 1775 1167 1845 Apronianus.

709 1865 1044 1921 Prtesidius.

568 1950 742 2007 Vetus
770 1954 1076 2024 inscriptio
1103 1956 1162 2011 in
1189 1957 1282 2013 Tit
1309 1959 1364 2012 S.
1391 1959 1576 2017 Caeci-

491 2039 605 2108 liae,
654 2046 712 2095 et
758 2043 910 2110 apud
963 2043 1188 2100 Fabrett
1236 2062 1291 2116 p.
1336 2045 1464 2118 758,
1520 2055 1576 2106 et

490 2129 607 2184 alia
638 2129 696 2184 in
727 2131 781 2186 S.
815 2131 1002 2199 Pauli,
1028 2140 1086 2189 et
1107 2135 1350 2204 epistola
1375 2138 1428 2193 S.
1458 2138 1576 2194 Ge-

498 2217 627 2273 lasii
657 2220 816 2288 Papae
839 2221 1045 2277 iisdem
1073 2237 1202 2279 coss
1224 2225 1379 2281 data.
1402 2227 1576 2283 Aste—

499 2306 574 2361 rii
603 2307 872 2364 Consulis
896 2312 1317 2381 autographum
1348 2315 1407 2370 in
1433 2317 1576 2371 Vir-

497 2397 638 2469 gilio
675 2399 925 2455 Mediceo
970 2401 1040 2456 de
1069 2416 1184 2472 quo
1229 2403 1370 2460 Card
1401 2407 1573 2462 Noris

496 2486 666 2543 Cenot
691 2489 786 2543 Pis
814 2489 1028 2545 dissert
1060 2505 1114 2545 1v
1145 2493 1178 2564 §
1209 2492 1257 2548 4.

566 2575 878 2634 Clodoveus
919 2581 1264 2637 Francorum
1313 2585 1569 2655 Regnum

490 2664 805 2735 Sequanam
839 2683 1020 2739 usque
1047 2670 1274 2726 dilatat.
1308 2673 1473 2729 Petav
1503 2688 1573 2731 ex

487 2752 800 2822 Sigebcrto.

561 2970 678 3038 Imp
729 2968 850 3025 Caes
914 2969 1256 3029 Anastasius
1310 2973 1438 3047 Aug
1488 2979 1564 3031 tr.
1644 2973 1782 3032 4247

484 3073 539 3127 p.
568 3053 620 3124 4,
649 3055 707 3127 5,
737 3071 852 3114 cos.

552 3144 892 3288 'léheodorici
962 3147 1133 3218 Regis
1192 3149 1251 3204 in
1317 3151 1486 3207 Italia
1532 3149 1570 3208 2

487 3238 544 3288 et
611 3274 624 3288 .

491 3361 642 3416 COSS,
705 3323 1050 3416 ELZEIPE,
1074 3325 1231 3397 (aliis
1261 3327 1466 3400 solus.)

705 3395 1073 3450 Emilianus.

554 3484 873 3554 Utrumque
917 3485 1176 3541 nominat
1217 3485 1255 3541 l.
1296 3485 1350 3558 2,
1393 3488 1453 3543 C.
1495 3488 1566 3544 de

489 3571 667 3628 bonor
733 3587 958 3642 possess
1020 3559 1184 3629 contr
1241 3575 1336 3630 tab
1393 3576 1568 3632 libert

488 3661 818 3717 observante
845 3661 1118 3718 Relando.
1145 3663 1285 3718 Acta
1314 3664 1560 3720 Concilii

483 3749 722 3805 Romani
766 3753 836 3820 II,
881 3750 989 3805 sub
1020 3752 1248 3808 Gelasio
1293 3755 1376 3807 Fl.
1425 3755 1568 3808 Via-

483 3841 593 3892 tore
629 3840 691 3894 V.
729 3840 783 3896 C.
830 3839 926 3893 Cos
957 3844 1012 3895 et
1042 3841 1192 3909 epist
1221 3839 1460 3896 Gelasii.

557 3926 866 3984 Clodoveus
917 3928 1263 3983 Francorum
1321 3931 1438 3984 Rex
1496 3929 1566 3985 de

481 4015 817 4072 Alamannis
846 4017 1029 4073 victor
1066 4017 1312 4072 Clotilde
1346 4019 1563 4088 Regina

481 4107 757 4160 suadente
795 4119 826 4161 a
855 4105 908 4160 S.
946 4107 1204 4178 Remigio
1235 4107 1563 4177 baptizatur

480 4208 612 4250 cum
664 4196 952 4251 militibus
1007 4204 1093 4251 ter
1143 4196 1301 4251 mille
1347 4197 1564 4267 Gregor

482 4283 567 4338 lib
622 4298 682 4350 ιι,
740 4299 790 4339 c.
843 4284 896 4356 3,
949 4291 1005 4341 et
1059 4286 1366 4343 Aimoinus
1423 4287 1463 4342 l.
1517 4300 1560 4358 I,

483 4386 588 4443 cap
614 4371 699 4445 49,
730 4377 880 4445 apud
916 4377 1082 4430 Petav
1114 4376 1170 4430 h.
1202 4389 1254 4431 a.

555 4484 674 4552 Imp
703 4482 820 4540 Caes
859 4484 1197 4540 Anastasius
1231 4484 1357 4557 Aug
1399 4490 1470 4541 tr.
1505 4500 1558 4556 p.
1639 4481 1779 4541 4248

573 4572 624 4630 6.
660 4587 775 4629 cos.
1640 4570 1780 4630 4249

1673 4572 1736 4631 24

487 4573 546 4645 5,
573 4572 624 4643 6,
660 4587 775 4629 cos.

559 4662 897 4719 Theodorici
937 4663 1108 4734 Regis
1137 4661 1171 4718 3
1200 4667 1256 4718 et
1285 4661 1336 4717 4.

565 4751 670 4808 Cos
734 4751 948 4808 Paulus
999 4751 1162 4807 solus
1217 4751 1316 4822 qui
1371 4754 1566 4829 Frater

248 4841 436 4896 Indict
487 4843 876 4912 Imperatoris,
912 4846 1019 4896 etc.

240 4942 296 4985 ιν
322 4935 374 4986 et
401 4943 438 4985 v
557 4932 615 4985 L.
649 4929 734 5000 46,
763 4931 824 4985 C.
846 4931 917 4986 de
943 4933 1245 4986 testament
1271 4929 1426 4985 milit
1453 4936 1560 4987 etc.

483 5022 632 5091 apud
671 5020 906 5075 Reland.
940 5019 1060 5074 Alii
1092 5019 1386 5088 appellant
1411 5020 1566 5076 hunc

485 5123 696 5165 annum
742 5111 872 5162 Post
912 5110 1252 5162 consulatum
1301 5111 1564 5177 νέατον-18,

487 5207 549 5254 ut
596 5198 748 5268 apud
789 5196 846 5252 S.
891 5197 1118 5252 Petrum
1161 5197 1433 5254 inventus
1476 5199 1568 5255 la-

490 5288 595 5357 pis,
634 5293 689 5343 et
720 5301 751 5341 a
789 5286 1074 5342 Schelestr
1114 5285 1327 5342 relatus
1372 5288 1431 5342 in
1456 5288 1570 5343 Fa-

489 5378 594 5432 stis
620 5376 897 5449 (antiquit
927 5375 1055 5431 Eccl
1081 5377 1215 5429 Tom
1244 5373 1303 5446 I),
1335 5383 1390 5432 et
1415 5378 1566 5446 apud

490 5465 779 5521 Fleetvood
815 5465 874 5519 in
906 5464 1130 5534 Sylloge
1161 5479 1269 5536 pag
1297 5461 1421 5519 424.

553 5553 812 5622 Quatuor
859 5552 969 5609 lilii
1022 5554 1339 5612 Gunderici
1399 5553 1572 5625 Regis

1653 459 1720 514 U.
1749 458 1804 513 Ο.

1659 1517 1796 1576 4247

1644 3062 1783 3122 4248
1881 3044 1929 3104 Ο

1879 4389 1932 4448 D

3509 263 3622 322 734

955 379 1209 464 Consules
1313 388 1587 464 Romano—
1651 387 1808 464 Anni
1893 392 1954 453 Α
2039 393 2196 464 Anni
2263 393 2719 463 Christianorum,
2772 394 3083 448 Judaeorum
3129 397 3179 448 et
3222 396 3361 464 ﬁni—
3409 393 3569 448 Anni

2040 463 2250 535 Olymp.
2343 469 2600 519 timorum
2653 467 2997 534 populorum,
3051 467 3356 534 Pontiﬁces,
3403 466 3550 518 Erae

2332 538 2516 608 Reges,
2539 552 2625 591 res
2667 542 2828 604 gestae
2897 542 2946 591 et
2992 536 3330 590 documenta.
3371 535 3594 590 Christi.

2265 786 2604 856 Zamasphes
2629 785 2850 842 Cabade
2880 784 3047 856 pulso
3089 787 3345 857 Regnum

2261 881 2503 946 occupat
2535 889 2632 946 per
2665 875 3135 946 quadriennium.
3174 874 3278 930 Ibi.

2329 965 2538 1020 Contra
2563 967 2790 1020 Isauros
2816 966 2998 1019 Duces
3017 963 3088 1018 ab
3109 966 3342 1020 Anasta-

2258 1055 2346 1110 sio
2377 1054 2541 1110 missi
2576 1067 2841 1124 prospere
2867 1067 2898 1108 (ε
2939 1053 3204 1124 nﬂigunt,
3241 1053 3342 1108 in—

2258 1140 2494 1199 terfecto
2515 1146 2738 1198 tantum
2763 1144 3008 1210 Conone,
3045 1140 3146 1210 qui
3176 1139 3342 1195 miles

2255 1244 2323 1287 ex
2345 1233 2624 1301 Episcopo
2649 1229 2883 1286 eﬂ'ectus
2913 1228 3122 1285 fuerat.
3147 1229 3336 1284 Petav.

2258 1334 2325 1375 ex
2368 1320 2729 1389 Theophane.

2104 1442 2121 1484 ι
2325 1426 2542 1482 Gelasii
2571 1425 2626 1493 2,
2660 1431 2714 1482 et
2743 1424 2798 1482 3.

2099 1531 2137 1572 ιι
2334 1518 2598 1587 Synodus
2628 1519 2898 1585 Romana,
2933 1515 2992 1570 in
3027 1529 3137 1586 qua
3165 1512 3340 1569 Gela-

2257 1605 2384 1661 sius
2427 1619 2556 1660 cum
2600 1619 2710 1659 Lxx
2755 1604 3054 1673 Episcopis
3083 1602 3341 1658 decernit

2257 1695 2327 1750 de
2370 1694 2540 1748 libris
2585 1693 2935 1761 recipiendis
2964 1705 2995 1746 a
3022 1691 3339 1746 Catholicis

2254 1787 2356 1838 aut
2405 1782 2754 1850 rejiciendis.
2816 1781 2965 1835 Idem
3017 1779 3329 1849 Pelagium,

2249 1870 2594 1934 Caelestium,
2629 1874 2684 1923 et
2710 1868 3006 1924 lulianum
3050 1867 3337 1924 Eclanen—

2253 1969 2390 2028 sem,
2423 1971 2735 2027 eorumque
2779 1956 2961 2012 libros
2992 1957 3247 2028 contigit,
3279 1960 3337 2012 et

2249 2048 2836 2119 Semipelagianorum
2855 2046 3069 2115 scripta
3090 2042 3334 2118 [Cassia-

2252 2139 2311 2194 ni
2344 2143 2400 2193 et
2428 2122 2623 2192 Fausti
2657 2133 2937 2209 Rejensis]
2975 2135 3166 2203 rejicit
3197 2141 3336 2190 tan-

2251 2240 2421 2297 quam
2461 2226 2805 2296 apocrypha,
2847 2226 3029 2280 Baron
3068 2228 3124 2278 et
3162 2224 3334 2278 Noris

2250 2316 2370 2371 hist
2400 2316 2566 2386 Pelag
2593 2315 2676 2370 lib
2717 2328 2754 2370 ιι
2789 2328 2893 2384 cap
2939 2310 3024 2367 47.
3057 2312 3161 2367 Sed
3195 2325 3346 2367 con-

2248 2403 2333 2459 fer
2361 2418 2491 2459 cum
2521 2404 2812 2460 adnotatis
2843 2401 2913 2456 ab
2943 2401 3138 2456 eodem
3161 2400 3330 2456 Card.

2247 2491 2479 2548 Norisio
2504 2493 2572 2547 ad
2603 2491 2796 2546 Cenot.
2832 2491 2928 2544 Pis
2956 2489 3082 2544 diss
3110 2501 3185 2557 ιν,
3217 2487 3250 2558 §
3277 2487 3329 2558 4,

2249 2593 2357 2652 pag
2400 2578 2524 2649 445,
2565 2585 2622 2634 et
2662 2592 2695 2633 a
2737 2578 2912 2649 Pagio
2948 2577 3016 2632 ad
3070 2577 3126 2632 h.
3174 2591 3227 2632 a.
3269 2578 3332 2632 In

2246 2670 2348 2726 cod
2381 2674 2544 2724 vetus
2571 2670 2792 2722 Monast
2816 2666 2870 2721 S.
2900 2666 3103 2721 Crucis
3128 2667 3333 2735 signa-

2249 2763 2348 2814 tur
2382 2759 2680 2812 Decretum
2710 2755 2937 2811 Asterio
2966 2759 3022 2810 et
3052 2754 3332 2810 Praesidio

2245 2847 2356 2902 VV.
2387 2845 2486 2900 CC.
2517 2859 2666 2900 coss.

2082 2969 2123 3011 ιι
2318 2951 2534 3008 Gelasii
2565 2949 2601 3006 3
2627 2955 2684 3006 et
2711 2948 2764 3004 4.

2069 3057 2135 3099 ιιι
2315 3041 2576 3111 Synodus
2626 3041 2876 3094 Romana
2927 3040 2992 3108 II,
3043 3037 3328 3094 celebrata

2075 3144 2138 3187 ιιι
2247 3129 2308 3185 Id
2363 3129 2520 3196 Maii,
2585 3127 2643 3182 in
2705 3141 2818 3197 qua
2875 3126 3130 3182 Misenus
3186 3126 3328 3183 olim

2243 3216 2586 3286 Apostolicae
2611 3215 2774 3268 Sedis
2807 3216 3068 3282 Legatus,
3102 3219 3159 3267 et
3176 3215 3329 3268 Aca-

2242 3305 2322 3360 cii
2345 3301 2750 3358 communione
2771 3299 3019 3354 infectus
3043 3299 3330 3368 paenitens

2243 3389 2671 3449 reconciliatur.

2311 3480 2366 3535 S.
2389 3478 2683 3549 Eugenius
2703 3475 3176 3544 Carthagine‘nsis
3200 3477 3331 3546 Epi-

2241 3581 2450 3637 scopus
2472 3580 2574 3636 pro
2601 3565 2709 3621 ﬁde
2728 3563 2888 3620 exsul
2914 3565 2972 3619 in
2997 3562 3186 3619 Gallia
3207 3564 3332 3621 obit

2241 3661 2457 3727 Gregor
2485 3658 2605 3711 Tur
2647 3656 2767 3712 hist
2805 3656 2985 3710 Franc
3016 3654 3054 3708 l.
3092 3667 3152 3722 ιι,
3187 3667 3236 3709 c.
3269 3653 3322 3708 3.

2312 3746 2668 3816 Euphemius
2731 3743 3335 3821 Constantinopolita—

2241 3853 2353 3893 nus
2368 3835 2626 3891 Antistes
2643 3833 2715 3888 ab
2734 3833 3042 3888 Anastasio
3062 3833 3332 3902 Principe

2242 3928 2302 3982 in
2326 3926 2584 3982 ordinem
2607 3923 2873 3978 redactus
2893 3926 2950 3976 et
2971 3921 3031 3976 in
3053 3921 3327 3978 exsilium

2241 4015 2465 4086 pulsus.
2522 4013 2666 4068 Huic
2718 4012 3086 4067 Macedonius
3141 4009 3324 4066 suﬁ‘e—

2239 4111 2368 4160 ctus
2394 4109 2498 4172 est,
2524 4103 2624 4173 qui
2657 4102 2928 4157 Henotico
2953 4101 3320 4170 subscripsit.

2240 4192 2556 4248 Marcellin.
2629 4190 2936 4260 Theophan
2994 4190 3328 4260 Theodorus

2242 4284 2458 4350 Lector,
2511 4286 2568 4335 et
2629 4280 2937 4349 Cedrenus,
3001 4279 3244 4335 indicati
3291 4291 3327 4334 a

2244 4372 2470 4428 Petavio
2497 4369 2568 4426 ad
2603 4369 2754 4424 hunc
2786 4382 3020 4425 annum.

2066 4493 2128 4536 ιιι
2317 4478 2530 4534 Gelasii
2564 4475 2597 4530 4
2625 4482 2682 4530 et
2709 4475 2763 4545 5,
2797 4478 2898 4546 qui
2931 4477 3055 4532 obit
3087 4474 3173 4531 49.
3210 4477 3330 4531 Nov

2067 4583 2122 4627 tv
2231 4584 2360 4626 cum
2409 4565 2654 4621 sedisset
2697 4577 2808 4617 ann
2867 4578 2944 4633 ιν,
2995 4579 3152 4619 mens
3195 4576 3321 4633 vm,

2242 4659 2367 4714 dies
2400 4654 2484 4726 48,
2517 4660 2579 4708 ut
2611 4654 2670 4706 in
2699 4651 2968 4721 pluribus
2999 4651 3319 4706 codicibus.

2240 4748 2321 4802 Ex
2353 4747 2527 4802 Anast
2550 4743 2801 4812 aliisque
2825 4755 2858 4797 a
2886 4741 3058 4808 Pagio
3086 4743 3195 4796 Jun
3227 4755 3329 4794 re-

2241 4836 2454 4890 citatis.
2489 4831 2810 4902 Deponitur
2828 4831 2978 4900 apud
3002 4831 3058 4884 S.
3094 4830 3324 4884 Petrum

2237 4925 2335 4980 die
2352 4921 2443 4980 24.
2475 4919 2772 4976 Novembr.
2804 4920 3058 4990 Eligitur
3081 4918 3327 4972 Succes-

2241 5027 2337 5069 sor
2377 5013 2720 5066 ANASTASIUS
2759 5008 2887 5076 ejus
2930 5021 3059 5063 nom
3107 5007 3174 5074 II,
3228 5006 3326 5061 die

2240 5100 2541 5158 Dominica
2571 5095 2876 5153 ordinatus
2898 5093 2990 5151 24.
3017 5094 3322 5151 Novembr.

2243 5191 2385 5247 Vide
2416 5192 2580 5244 notas
2607 5186 2677 5242 ad
2707 5185 3023 5241 Gelasium.

2312 5280 2476 5338 India
2524 5275 2827 5332 Anastasio
2881 5277 3139 5347 Principi
3187 5277 3324 5333 Ele—

2245 5371 2520 5441 phantum
2551 5373 2608 5422 et
2644 5366 2790 5421 duas
2825 5365 3317 5436 CameIOpardales

2246 5473 2347 5530 pro
2378 5469 2611 5512 munere
2653 5455 2850 5509 mittit.
2887 5455 3204 5510 Marcellin.

2310 5549 2365 5603 S.
2407 5546 2768 5618 Epiphanius
2809 5545 3135 5601 Ticinensis
3173 5543 3320 5615 Epi-

3425 1419 3531 1478 494

3413 2947 3520 3005 495

3421 4471 3529 4530 496
