3968 6164
382 322 491 382 735
526 287 529 290 4
1175 287 1269 378 An
1304 322 1740 378 ANASTASIUM
1779 315 2294 376 PROLEGOMENA
2336 316 2513 372 EDIT.
2556 310 2988 370 nou-vano.
3663 310 3757 369 736

448 438 625 520 Αηζιὶ,
665 445 1038 520 Imperatores,
1116 451 1367 508 Consules
1476 451 1752 503 Romano—
1814 439 1970 520 ᾼῙυξὶ
2058 445 2118 504 Α
2180 438 2354 520 “Anni
2423 439 2880 520 Christianorum,
2924 434 3237 520 {admorunt
3276 432 3503 514 ct-ﬁni-
3561 426 3705 520 Alani

384 508 643 591 Pe-‘erul,
743 498 760 513 ι
1091 498 1681 590 gééiégmocuih‘énta.
2059 498 2118 504 Ἰ
2172 506 2382 579 Olymp.
2505 511 2759 591 timorum
2797 498 3145 591 populorum,
3170 498 3492 591 'Pontiﬁces,
3531 498 3696 591 "{Erz;

421 580 616 634 etInd.
712 638 717 643 ,
807 568 1048 591 ’”””””
1091 568 1316 590 "mw"
1821 586 1948 635 αητε

1765 658 1816 707 et
1836 655 1977 722 post.

2237 568 2260 577 ⁷
2320 568 2342 579 ⁵
2507 583 2692 648 Reges,
2737 568 2822 633 res
2863 568 3025 646 pesta
3069 580 3118 629 et
3136 568 3488 629 documenta.
3529 568 3713 626 Christi

1801 722 1963 778 Palil.

464 3649 600 3709 5244

463 3744 602 3816 Θ3

469 3832 614 3906 Q5

511 3925 554 3977 D

444 3992 628 4047 Indict

502 4092 556 4133 VI

454 4171 506 4222 et
523 4178 600 4220 vu

467 5283 612 5380 5242

472 5415 621 5488 ac

469 5509 585 5650 θα

673 827 1140 899 Burgundiorum
1185 827 1336 882 inter
1365 841 1425 882 se
1454 828 1752 883 dimicant.

673 919 776 974 Vid
801 931 892 986 ap.
928 919 1021 971 Pet
1052 917 1108 970 h.
1140 930 1193 971 a.

742 1006 1166 1062 Guntabundus
1191 1008 1307 1061 Rex
1338 1007 1489 1062 Vand
1513 1007 1634 1062 obit
1657 1003 1748 1062 24.

673 1094 807 1165 Sept
848 1097 930 1150 Ex
978 1095 1196 1164 append
1246 1095 1316 1149 ad
1361 1096 1540 1150 chron
1580 1097 1757 1164 Prosp

671 1184 842 1239 Noris
869 1183 988 1238 hist
1020 1184 1110 1238 Pel
1138 1183 1222 1238 lib
1248 1185 1314 1252 ΙΙ,
1348 1198 1395 1238 c.
1425 1181 1515 1237 21.
1545 1184 1759 1238 Succe—

673 1271 763 1326 dit
806 1272 1238 1327 Trasamundus
1286 1285 1384 1341 per
1433 1285 1615 1328 annos
1660 1269 1752 1340 26,

675 1372 895 1414 menses
921 1358 977 1428 8,
1009 1359 1135 1414 dies
1164 1356 1217 1413 4.
1249 1359 1358 1413 Ibi.

743 1447 865 1515 Imp
904 1447 1023 1501 Caes
1055 1447 1395 1503 Anastasius
1433 1448 1560 1519 Aug
1591 1455 1661 1502 tr.
1697 1463 1750 1517 p.

675 1533 730 1600 6,
760 1531 814 1603 7,
847 1547 946 1589 cos
977 1549 1036 1588 ιι.

744 1623 1083 1678 Theodorici
1119 1625 1290 1693 Regis
1320 1621 1353 1679 4
1383 1631 1437 1679 et
1465 1624 1518 1680 5.

743 1713 868 1768 Cos.
928 1713 1270 1768 Anastasius
1329 1713 1455 1784 Aug
1507 1727 1568 1784 ιι,
1628 1713 1755 1768 sine

672 1802 917 1870 Collega.

744 1893 804 1946 L.
837 1888 893 1961 9,
921 1890 981 1945 C.
1013 1891 1084 1946 de
1126 1891 1407 1962 repudiis,
1439 1897 1572 1962 etc.,
1603 1891 1754 1961 apud

671 1980 793 2036 Bel.

743 2071 822 2125 Eo
860 2083 958 2125 cos
984 2069 1136 2125 Solis
1179 2068 1436 2125 defectus
1465 2070 1756 2138 apparuit,

673 2157 1004 2227 bellumque
1048 2159 1364 2213 Isauricum
1409 2164 1568 2212 sexto
1609 2171 1758 2213 anno

675 2245 955 2300 sedatum.
977 2247 1398 2316 Athenodorus,
1434 2247 1556 2301 sive
1576 2247 1758 2300 Ante-

675 2333 928 2388 nodorus
947 2336 1273 2390 Isaurorum
1295 2337 1516 2405 primus
1537 2336 1593 2390 in
1611 2338 1694 2390 Isa
1705 2349 1760 2390 u-

676 2421 762 2476 ria
783 2429 1004 2490 captus,
1033 2423 1466 2494 decollatusque
1486 2431 1589 2479 est.
1617 2427 1761 2479 Mar-

673 2509 848 2566 cellin
890 2515 947 2564 et
990 2523 1058 2565 ex
1106 2523 1171 2565 eo
1215 2511 1436 2583 Lydiat.
1485 2512 1588 2567 Sed
1631 2512 1762 2566 vide

675 2600 912 2670 Pagium
962 2601 1066 2654 Sen
1117 2612 1266 2654 anno
1315 2601 1576 2670 sequenti
1629 2597 1753 2668 498,

673 2688 770 2741 cui
812 2688 870 2741 in
907 2688 1123 2756 Eclipsi
1164 2688 1314 2743 Solis
1352 2701 1420 2742 ex
1459 2687 1756 2742 Marcellin

677 2774 970 2845 signanda;
999 2777 1295 2830 contestis.
1332 2777 1515 2830 Petav.

745 2862 798 2916 S.
833 2862 1201 2917 Eleutherius
1230 2863 1608 2918 Tornacensis
1643 2862 1761 2931 epi-

677 2961 887 3016 scopus
928 2947 1230 3018 plusquam
1270 2963 1329 3004 x1
1376 2949 1560 3004 millia
1603 2950 1658 3004 h.
1705 2963 1756 3004 a.

679 3035 750 3088 ad
813 3034 1107 3089 Christum
1167 3049 1438 3091 conversa
1503 3038 1761 3107 exemplo

676 3123 942 3178 Clodovei
993 3123 1263 3192 baptizat.
1323 3127 1435 3196 Pag
1485 3125 1554 3180 ad
1602 3126 1658 3180 h.
1703 3140 1755 3181 a.

679 3224 738 3266 ιι.
770 3208 824 3265 4.

750 3299 1090 3356 Ambrosius
1131 3301 1404 3358 Aurelius
1446 3304 1760 3360 Britanno-

678 3402 804 3444 rum
845 3401 942 3443 rex
975 3391 1220 3445 moritur
1269 3391 1593 3458 proditione
1623 3392 1754 3446 ﬁlii.

677 3477 945 3532 Succedit
986 3479 1216 3532 Utherus
1255 3476 1430 3535 frater
1457 3493 1526 3534 ex
1565 3479 1756 3536 Flori-

680 3563 824 3635 lego.
863 3565 1069 3637 Pagius
1102 3566 1182 3621 ibi
1214 3580 1270 3622 ιι.
1301 3565 1356 3623 5.

698 3723 700 3725 _
753 3658 873 3726 Imp
902 3657 1023 3712 Caes
1051 3658 1394 3714 Anastasius
1435 3659 1562 3729 Aug
1592 3663 1668 3714 tr.
1701 3673 1755 3729 p.

673 3741 729 3816 7,
759 3744 812 3804 8.
849 3759 965 3800 cos.
1001 3759 1060 3799 II.

755 3831 1094 3887 Theodorici
1129 3833 1300 3902 Regis
1327 3830 1362 3887 5
1389 3839 1446 3887 et
1473 3832 1526 3887 6.

675 3955 814 4010 Coss
849 3919 1296 4010 43'.-.S£y.t.t.'an9f'

854 3989 1134 4044 Paulinus
1163 3986 1293 4044 Occ.

752 4080 808 4133 L.
842 4077 896 4140 4,
923 4076 983 4132 C.
1011 4077 1082 4134 de
1113 4075 1357 4148 legitim.
1399 4079 1560 4134 tutel.
1607 4081 1759 4150 apud

676 4166 796 4221 Rei.

751 4245 953 4310 Festus
997 4256 1231 4324 quidam
1276 4256 1512 4312 Senator
1547 4258 1761 4313 Roma—

682 4358 794 4399 nus
837 4357 868 4397 a
911 4345 1057 4414 Rege
1086 4345 1440 4400 Theodorico
1471 4347 1539 4401 ad
1583 4348 1763 4404 Anast

682 4434 803 4502 Imp
838 4431 1053 4488 missus
1083 4447 1212 4488 cum
1248 4434 1584 4502 imperatori
1615 4437 1761 4492 clam

687 4521 1050 4591 promisisset
1126 4521 1460 4578 effecturum
1539 4539 1617 4592 se,
1698 4535 1762 4582 ut

678 4611 1021 4666 Anastasius
1047 4611 1193 4680 Papa
1215 4613 1488 4668 Henotico
1515 4612 1764 4672 subscri-

684 4701 1042 4771 beret;cum
1095 4701 1153 4755 in
1202 4703 1395 4758 reditu
1442 4705 1511 4759 ad
1557 4705 1758 4762 Urbem

682 4791 1030 4861 percepisset
1104 4790 1321 4846 obiisse
1404 4793 1758 4865 Pontiﬁcem,

682 4881 976 4949 corruptis
1017 4881 1256 4949 pecunia
1301 4882 1699 4951 compluribus
1731 4899 1763 4940 e

681 4969 842 5025 Clero
883 4975 1080 5024 contra
1122 4970 1517 5038 Symmachum
1564 4971 1764 5043 legiti-

683 5072 838 5113 mum
865 5071 1247 5114 successorem
1271 5059 1409 5131 eligi
1437 5067 1601 5115 curat
1629 5063 1767 5118 Lau-

684 5148 954 5202 rentium.
987 5149 1150 5205 Pacis
1177 5163 1349 5204 causa
1378 5163 1467 5203 res
1492 5150 1558 5203 ad
1589 5151 1764 5206 Theo-

683 5236 943 5291 doricum
967 5237 1230 5305 refertur,
1253 5238 1403 5291 unde
1419 5238 1582 5307 origo
1603 5253 1762 5295 usur-

686 5326 979 5395 pationum
1011 5325 1392 5382 saecularium.
1428 5327 1568 5382 Vide
1599 5335 1764 5387 notas

685 5417 752 5472 ad
783 5415 1198 5486 Symmachum.

757 5509 875 5576 Imp
908 5505 1026 5558 Cres
1063 5503 1402 5560 Anastasius
1437 5506 1566 5578 Aug
1595 5514 1664 5562 tr.
1703 5523 1756 5578 p.

691 5594 746 5664 8,
779 5595 837 5666 9,
867 5606 984 5648 cos.
1018 5605 1082 5647 ιι.

1831 1443 1970 1501 4249

1830 1532 1968 1590 4250

1835 3656 1858 3712 4
1867 3656 1974 3714 250

1835 3743 1964 3802 4254

1837 5506 1966 5565 4254

1833 5595 1974 5655 4252

2199 1433 2370 1502 Olym.

2236 1520 2343 1577 348

2267 1624 2320 1664 ιν

2265 1705 2315 1754 et

2067 1769 2121 1830 Β
2233 1784 2344 1843 349

2272 3739 2314 3778 II

2272 5526 2313 5565 II

2257 5615 2320 5654 III

2427 825 2607 881 c0pus
2644 809 2783 866 obit.
2829 806 3146 863 Ennodius.
3174 802 3505 860 Conversio-

2432 914 2558 956 nem
2606 899 2868 953 Clodovei
2901 895 2969 950 ad
3014 893 3306 948 Christum
3339 892 3395 945 h.
3447 906 3499 945 ιι.

2431 989 2732 1058 consignat
2793 985 3001 1055 Pagius
3039 1001 3051 1036 :
3091 995 3261 1050 quam
3335 981 3502 1034 Petav

2433 1075 2634 1132 retulit
2680 1088 2829 1129 anno
2877 1070 3161 1142 superiori
3216 1074 3273 1123 et
3318 1068 3502 1122 Baron

2432 1170 2558 1235 post
2585 1163 2919 1218 triennium.
2949 1159 3088 1214 Vide
3114 1163 3276 1212 notas
3293 1156 3360 1211 ad
3388 1157 3506 1211 Ge-

2433 1255 2662 1311 Iasium.

2499 1430 2790 1487 Anastasii
2823 1431 2889 1494 ΙΙ,
2929 1425 2951 1482 4
2988 1434 3045 1483 et
3071 1424 3125 1480 2.

2502 1519 2739 1575 Sedente
2783 1515 3086 1571 Anastasio
3129 1515 3176 1568 ΙΙ
3221 1513 3368 1582 Papa
3414 1512 3508 1567 in-

2405 1607 2544 1664 felix
2555 1606 2897 1663 constitutio
2909 1609 3032 1659 erat
3044 1602 3496 1670 Principatuum,

2437 1710 2580 1767 quos
2607 1694 2875 1766 regebant
2905 1692 3201 1760 Principes
3229 1688 3503 1756 haeretici,

2430 1793 2495 1841 ut
2515 1782 2855 1838 Anastasius
2880 1783 3000 1849 Imp
3025 1779 3162 1834 talis
3189 1783 3378 1847 postea
3405 1789 3509 1831 co-

2431 1875 2648 1946 gnitus,
2675 1869 3064 1926 Theodoricus
3096 1868 3155 1922 in
3189 1866 3292 1922 Ital
3314 1865 3509 1920 Alari-

2435 1977 2538 2018 cus
2562 1962 2761 2032 Visgot
2782 1960 2841 2013 in
2871 1956 3079 2026 Gallia,
3101 1953 3432 2011 Gundebald
3443 1968 3511 2008 us

2437 2053 2496 2106 in
2527 2049 2794 2120 Burgund
2827 2047 3050 2114 Ariani,
3083 2054 3139 2101 et
3167 2045 3358 2112 Suevi,
3382 2048 3437 2098 et
3457 2042 3507 2098 si

2436 2140 2537 2211 qui
2559 2139 2664 2194 alii
2694 2140 2752 2192 in
2785 2137 3078 2205 Hispania.
3110 2136 3175 2188 In
3205 2131 3507 2188 Germania

2433 2235 2644 2298 autem,
2667 2235 2723 2282 et
2753 2225 3047 2281 Britannia
3068 2223 3258 2278 adhuc
3282 2220 3504 2291 Pagani.

2436 2322 2514 2374 De
2554 2319 2676 2374 solo
2713 2315 2990 2371 Clodoveo
3033 2313 3317 2381 baptizata
3355 2310 3504 2363 Ana-

2437 2408 2652 2463 stasius
2679 2403 2959 2476 gratulari
2995 2401 3202 2471 potuit.
3234 2399 3372 2453 Vide
3404 2410 3512 2452 no-

2435 2503 2523 2551 tas
2548 2495 2616 2549 ad
2650 2493 3034 2548 Anastasium.
3066 2492 3301 2560 Legatos
3328 2493 3511 2540 tamen

2433 2583 2690 2640 misitad
2723 2584 2842 2649 Imp
2885 2582 2940 2635 S.
2979 2583 3324 2636 Germanum
3368 2574 3509 2644 Epi—

2441 2687 2674 2743 scopum
2694 2673 3048 2741 Capuanum,
3069 2673 3125 2723 et
3142 2663 3508 2721 Cresconium

2434 2764 2837 2826 Tudertinum,
2917 2765 2983 2814 ut
3053 2768 3256 2812 nomen
3313 2751 3506 2808 Acacii

2438 2855 2763 2924 abrogaret.
2788 2851 2954 2903 Petav
2985 2846 3052 2901 ad
3087 2845 3141 2898 h.
3176 2856 3229 2897 a.

2506 2945 2729 2997 Mortuo
2749 2933 3064 2993 Athanasio
3088 2931 3356 3000 episc0po
3376 2926 3513 2982 Ale-

2433 3031 2720 3087 xandrino
2780 3023 3048 3080 haeretico
3100 3017 3378 3076 suffectus
3425 3021 3511 3070 est

2433 3122 2676 3176 Joannes
2718 3115 2910 3171 eadem
2954 3110 3077 3166 labe
3119 3107 3382 3163 iniectus.
3429 3103 3514 3160 Ibi

2436 3223 2506 3264 ex
2559 3205 2844 3261 Liberato.
2886 3200 3028 3258 Vide
3073 3204 3131 3253 et
3182 3198 3294 3266 Pag
3350 3194 3402 3248 h.
3457 3206 3513 3247 a.

2402 3313 2459 3355 ιι.
2491 3295 2541 3353 3.

2507 3629 2800 3688 Anastasii
2847 3629 2915 3697 II,
2964 3624 3000 3682 2
3046 3632 3102 3680 et
3143 3621 3198 3692 3,
3250 3621 3350 3692 qui
3392 3619 3522 3675 obit

2437 3722 2532 3777 die
2573 3715 2634 3773 47
2691 3717 2775 3772 vel
2817 3712 2885 3770 48
2927 3711 3174 3769 Novemb
3213 3710 3522 3766 Successor

2435 3806 2806 3880 Symmachus
2828 3804 3132 3859 ordinatur
3155 3797 3226 3855 22
3246 3796 3518 3854 Novemb.

2435 3899 2577 3953 Vide
2610 3903 2773 3951 notas
2803 3894 2871 3948 ad
2904 3889 3324 3962 Symmachum.

2508 3991 2712 4057 Ingens
2759 3983 2970 4039 seditio
3017 3975 3519 4046 Constantinopoli

2437 4083 2495 4131 et
2542 4074 2710 4129 multi
2764 4073 2821 4126 in
2885 4085 2950 4126 ea
3005 4070 3157 4124 caesi.
3215 4068 3380 4121 Petav
3446 4077 3519 4119 ex

2438 4166 2616 4222 chron
2691 4163 2831 4216 Alex
2894 4161 3202 4228 Imperator
3254 4167 3523 4209 nummos

2437 4254 2698 4314 Follares,
2747 4263 2891 4320 quos
2931 4246 3168 4302 Romani
3218 4244 3520 4297 Teruntia-

2437 4359 2533 4398 nos
2576 4347 2798 4408 vocant,
2848 4338 2984 4394 usui
3026 4333 3287 4405 populari
3330 4330 3512 4386 cudit.

2435 4433 2518 4489 Ibi
2550 4446 2618 4488 ex
2649 4428 2963 4485 Marcellin.

2507 4520 2876 4579 Macedonius
2903 4517 3207 4586 episcopus
3234 4513 3516 4567 Constan—

2434 4613 2855 4682 tiuopolitanus
2927 4605 3096 4660 Urbis
3169 4601 3520 4658 Monasteria

2437 4716 2563 4773 quae
2592 4701 2663 4756 ab
2681 4701 2807 4768 ejus
2832 4694 3234 4752 communione
3262 4702 3519 4746 recesse-

2437 4797 2567 4848 rant
2587 4803 2714 4845 cum
2735 4786 3003 4842 Henotico
3025 4780 3390 4839 subscribere
3409 4778 3518 4833 de-

2439 4883 2767 4943 tractarent,
2815 4874 3032 4930 frustra
3058 4871 3172 4927 sibi
3205 4869 3522 4938 adjungere

2390 4957 2397 4965 ’
2439 4964 2604 5028 curat
2627 4970 2794 5038 jussu
2825 4961 3212 5034 Imperatoris.
3237 4955 3522 5013 Prazcellit

2439 5056 2762 5117 constantia
2789 5055 3117 5124 Virginum,
3141 5049 3432 5111 Matronae,
3464 5051 3524 5098 et

2439 5148 2682 5218 Sophim.
2716 5145 2799 5200 lbi
2829 5158 2896 5199 ex
2927 5140 3176 5210 TheOph.

2509 5236 2762 5293 Palladio
2805 5232 3052 5287 Antioch
3094 5230 3251 5299 episc
3293 5232 3521 5282 mortuo

2437 5327 2695 5383 succedit
2724 5325 3049 5379 Flavianus.
3086 5319 3190 5375 lbi.

2507 5501 2826 5574 Symmachi
2853 5499 2875 5555 4
2907 5506 2964 5556 et
2981 5500 3036 5556 2.

2499 5593 2759 5665 Synodus
2780 5592 3030 5648 Romana
3054 5593 3096 5662 Ι,
3123 5588 3232 5644 sub
3252 5587 3525 5657 Symma—

3606 3609 3702 3670 498

3620 5484 3729 5544 499
