3962 6164
220 275 317 336 737

280 399 436 453 Αηηί
506 400 881 466 Imperatores,

219 474 331 528 Per.
372 469 488 524 Jul.
601 485 742 532 rum,
767 485 852 524 res
885 473 1044 536 gesta:
1086 475 1134 524 et
1160 471 1495 523 documenta.

285 546 333 596 et
355 540 482 595 1nd.

265 752 443 808 Indict
567 748 909 804 Theodorici
949 749 1121 820 Regis
1149 746 1184 802 6
1211 754 1267 804 et
1288 744 1352 802 7.

315 855 436 931 Ψ--
493 876 633 931 Coss
677 836 1169 931 {9%9Rf’EE‘bbus
1202 833 1306 910 [δι-
1365 835 1571 911 solus-1

263 917 309 967 et
337 925 437 967 vui
493 911 633 931 “"’°°
673 911 994 979 Asclepius.

565 1001 626 1055 L.
657 996 830 1067 25,0
859 1001 928 1054 de
979 1014 1153 1055 excus
1206 1005 1295 1054 tut
1342 1004 1398 1054 et
1429 998 1466 1053 1.
1517 996 1572 1065 5,

495 1089 556 1144 C.
586 1089 656 1144 de
685 1088 951 1143 silentiar
976 1095 1286 1158 utrumque
1310 1101 1439 1142 coss
1467 1101 1578 1142 ex-

500 1177 699 1232 hibent
721 1184 820 1233 not
846 1177 1058 1232 Reland
1092 1178 1278 1232 solum
1304 1177 1572 1232 Joannem

494 1266 673 1322 chron
710 1267 888 1322 Pasch
915 1272 971 1322 et
999 1266 1314 1321 Marcellin.
1362 1265 1576 1321 I‘Ionci-

498 1355 643 1410 lium
683 1368 816 1410 vero
871 1355 1209 1418 Romanum,
1267 1359 1324 1409 et
1377 1366 1465 1422 ep.
1519 1351 1570 1406 4.

497 1444 820 1513 Symmachi
853 1445 1013 1512 Papa:
1046 1444 1198 1498 hunc
1227 1455 1440 1497 annum
1485 1440 1579 1495 si-

500 1539 674 1604 gnant
737 1534 854 1586 Post
916 1531 1268 1586 Consulatum
1324 1529 1568 1582 Paulini.

283 1619 422 1678 5243
571 1624 688 1690 Imp
712 1622 832 1676 Caes
890 1621 1068 1676 Anast
1120 1621 1246 1690 Aug
1276 1626 1347 1673 tr.
1407 1633 1457 1687 p.
1516 1615 1570 1687 9,

267 1715 332 1785 Θ
379 1708 418 1766 5
497 1707 582 1770 40,
628 1725 816 1766 cosn.

282 1800 348 1872 θ
373 1795 413 1853 7
565 1799 902 1855 Theodorici
931 1799 1083 1871 regis
1109 1795 1143 1852 7
1165 1806 1220 1854 et
1237 1796 1291 1852 8.

291 1890 443 1980 θέλ
499 1923 635 1980 Coss
675 1889 984 1980 53"}???

266 1960 443 2014 Ind-iet
499 1960 635 1995 ‘-"’°°
675 1961 974 2029 Hypatius.

297 2060 396 2102 VIII
574 2050 639 2103 L.
707 2045 795 2114 43,
846 2048 910 2104 C.
974 2049 1046 2104 de
1093 2052 1390 2113 transact.,
1439 2050 1572 2113 etc.,

285 2140 332 2190 et
359 2150 421 2192 ιι
497 2138 646 2206 apud
683 2138 918 2193 Reland.
941 2137 1122 2193 Ambo
1153 2151 1280 2191 coss
1304 2136 1577 2191 Orienta-

501 2225 607 2280 les.
643 2226 830 2294 Quare
861 2227 917 2280 in
947 2224 1120 2281 Occid
1155 2227 1422 2295 signatur
1467 2235 1579 2276 an—

503 2327 610 2368 nus
644 2333 655 2368 :
690 2318 891 2369 Iterum
907 2318 1032 2383 post
1050 2315 1393 2367 consulatum
1421 2313 1579 2364 Pau-

506 2403 622 2455 lini.
657 2404 831 2458 Vetus
858 2403 1165 2470 inscriptio
1187 2402 1243 2455 in
1272 2400 1456 2469 pavim
1482 2400 1604 2470 Ba-g

507 2490 578 2545 si]
595 2491 650 2546 S.
684 2492 849 2546 Pauli
873 2505 1041 2561 quam
1066 2489 1234 2545 refert
1252 2488 1576 2559 Aringhius

503 2579 638 2634 Rom
667 2579 819 2635 subt.
854 2581 990 2635 Tom
1017 2576 1064 2646 4τ
1102 2593 1154 2648 p.
1195 2574 1320 2647 447,
1351 2583 1409 2631 et
1434 2576 1575 2631 Rei—

495 2681 591 2723 nes
619 2683 673 2737 p.
704 2665 829 2737 964,
860 2674 917 2722 et
943 2667 1182 2722 Reland.

571 2757 962 2813 Theodoricus
1019 2760 1357 2812 cunctorum
1427 2755 1579 2808 votis

504 2847 792 2916 expetitus
841 2849 1074 2902 Romam
1107 2846 1359 2911 advenit,
1390 2845 1489 2900 ubi
1517 2845 1573 2899 S.

500 2934 554 2989 S.
585 2935 649 3004 ρ.
679 2936 741 2989 R.
781 2936 1236 2991 muniﬁcentiam
1270 2935 1575 2998 demeruit,

501 3029 556 3078 et
601 3030 812 3080 certam
864 3025 932 3080 ad
991 3023 1330 3080 reﬁciendos
1385 3037 1581 3078 muros

506 3115 802 3182 pecuniam
824 3113 1116 3168 attribuit.
1143 3113 1400 3168 Cassiod.
1424 3112 1584 3167 Com-

504 3202 697 3271 plures
717 3203 929 3274 ﬁglina:
961 3203 1020 3257 in
1052 3202 1220 3258 tectis
1248 3201 1433 3257 eccles
1461 3199 1576 3273 Urb

505 3290 756 3361 aliisque
802 3291 1072 3346 aediﬁciis
1120 3293 1427 3361 signantur
1481 3304 1581 3341 re—

501 3385 704 3446 gnante
780 3381 847 3433 D.
922 3381 990 3435 N.
1079 3380 1338 3433 Theodor.
1426 3377 1582 3432 Felia:

509 3469 694 3522 Roma.
726 3469 830 3523 Vid
860 3468 1060 3538 Ciamp
1086 3468 1156 3523 de
1182 3481 1276 3522 sac
1301 3467 1406 3522 ted.
1437 3479 1486 3520 c.
1517 3463 1572 3534 9,

577 3647 696 3713 lmp
723 3646 846 3702 Caes
885 3646 1226 3702 Anastasius
1265 3652 1390 3715 Aug
1420 3650 1493 3698 tr.
1519 3657 1571 3712 ι).

511 3731 598 3802 40,
630 3732 714 3803 44,
750 3751 844 3792 cos
875 3752 938 3792 ιι.

295 3820 434 3879 5244
579 3824 918 3881 Theodorici
947 3826 1117 3896 Regis
1136 3822 1173 3880 8
1191 3829 1249 3879 et
1275 3821 1329 3877 9.

307 3917 377 3988 ﬁ)
407 3911 442 3969 6
693 3915 997 3984 Pompeius
1022 3917 1115 3969 0r.

297 4001 367 4073 θ
400 3999 436 4057 8
507 4002 661 4058 Coss.
696 4004 948 4058 Avienus
1025 4003 1198 4057 Occid
1246 4000 1346 4072 qui
1398 3996 1585 4054 Rufus

345 4091 388 4147 G
690 4094 927 4163 Magnus
1002 4093 1248 4146 Faustus
1309 4087 1582 4143 Avienus.

288 4180 465 4235 Indict
587 4179 764 4238 Vetus
820 4181 1067 4250 inscript
1123 4179 1360 4251 Lugdun
1438 4177 1587 4246 apud

340 4283 394 4324 ix
515 4271 724 4326 Reland
755 4278 810 4326 et
841 4270 1134 4326 Fleetvood
1170 4284 1222 4338 p.
1247 4266 1352 4323 495
1372 4271 1428 4322 et
1453 4266 1590 4322 Acta

319 4362 425 4413 etx
513 4361 720 4430 Synodi
793 4363 932 4417 Rom
1006 4361 1061 4414 h.
1115 4373 1148 4414 a
1212 4364 1268 4414 et
1319 4355 1592 4427 Epistolaa

515 4449 838 4521 Symmachi
866 4452 1027 4519 Papae
1063 4450 1265 4504 iisdem
1299 4461 1447 4502 coss.

583 4539 770 4594 Codex
804 4539 990 4610 legum
1035 4537 1532 4606 Burgundicarum
1560 4547 1594 4588 a

515 4627 892 4684 Gundebaldo
923 4629 1069 4698 Rege
1096 4626 1154 4680 b.
1179 4639 1228 4680 a.
1259 4621 1594 4693 promulga—

517 4718 794 4785 tusjuxta
826 4718 1060 4788 Pagium
1093 4730 1150 4770 n.
1205 4712 1261 4781 3,
1285 4712 1384 4782 qui
1413 4716 1468 4766 et
1500 4724 1597 4765 re—

520 4806 882 4861 stitutionem
930 4804 1174 4860 Cabadis
1229 4802 1288 4856 in
1344 4802 1595 4870 Regnum

519 4896 817 4951 Persarum
862 4909 932 4951 ex
973 4892 1248 4956 ProcOpio
1273 4895 1330 4944 et
1372 4902 1559 4944 excur
1584 4915 1605 4927 -

520 4985 739 5039 sionem
766 4983 1143 5055 Bulgarorum
1179 4977 1406 5053 [nomen
1431 4981 1597 5031 antea

524 5070 874 5146 inauditum]
913 5074 971 5126 in
993 5070 1289 5140 Illyricum
1323 5074 1378 5123 et
1409 5067 1600 5121 Thra—

515 5161 662 5217 ciam
692 5162 830 5217 huic
859 5173 1010 5216 anno
1037 5159 1315 5228 assignat.

1685 468 1744 520 U.
1773 465 1829 518 C.

1665 541 1790 590 ante

1619 613 1670 662 ct
1701 611 1826 674 post

1643 678 1815 732 Palil.

1650 1613 1790 1671 4252

1648 1703 1788 1762 4253
1888 1716 1939 1775 Β

1655 3637 1794 3697 4253

1654 3727 1794 3786 4254

2078 1606 2142 1648 III

2098 1695 2152 1734 IV

2034 3592 2207 3661 Olym.

2066 3677 2172 3736 349

1142 269 1480 328 CHRONOL.
1522 270 1568 325 A
1605 269 1659 324 S.
1703 267 2088 326 SYLVESTRO
2125 267 2219 323 AD
2255 268 2310 323 S.
2348 269 2556 326 GREG.
2602 273 2676 326 Μ.

981 398 1233 452 Consules
1307 401 1576 452 Romano-
1652 395 1810 449 Anni
1882 399 1940 451 A
2018 391 2176 445 Anni
2223 393 2692 455 Christianorum,
2741 395 3051 448 Iudaeorum
3097 400 3147 447 et
3173 397 3309 463 ﬁni-

981 473 1044 516 tm
1086 475 1134 516 et
1160 471 1495 516 (innumenm.
1685 468 1744 516 U.
1773 465 1829 516 C.
2016 461 2225 516 Oli/mi).
2347 468 2600 516 timorum
2629 467 2973 516 venularum.
2996 467 3222 516 Pontific
3238 481 3309 516 es.

2080 478 2225 532 Wp-

2347 468 2600 518 timorum
2622 467 2973 534 populorum,
2996 467 3222 534 Pontiﬁc
3238 481 3312 534 es,

2347 537 2537 603 Reges,
2561 551 2646 590 res
2675 541 2836 603 gestae
2867 541 2916 590 et
2959 536 3294 590 documenta.
3340 589 3346 622 ,1

2253 728 2360 783 cho
2389 728 2664 785 adversus
2703 729 2988 786 ambitum
3018 729 3334 786 Pontiﬁca—
3425 751 3434 753 Α

2251 823 2346 872 tus
2370 817 2472 872 Kal
2500 820 2662 872 Mart.

2320 907 2663 962 Anastasius
2692 906 2917 977 aliquot
2965 906 3182 963 tributa
3212 922 3336 963 sus-

2253 994 2408 1061 tulit,
2442 996 2592 1051 iuter
2621 997 3210 1067 qua‘Chrysargyrum
3234 1013 3248 1048 :
3273 1001 3331 1050 et

2248 1084 2578 1138 venationes
2621 1084 3130 1154 amphitheatrales
3186 1083 3334 1139 abo-

2248 1169 2423 1225 levit:
2458 1178 2512 1227 et
2542 1173 2912 1243 Magistratus
2955 1171 3182 1228 venales
3210 1185 3335 1227 esse

2251 1261 2454 1314 vetuit.
2532 1261 2692 1315 Petav
2756 1274 2825 1315 ex
2874 1261 3217 1330 TheOphane
3270 1268 3326 1315 et

2253 1348 2498 1417 Evagrio
2543 1348 2627 1404 lib
2658 1363 2719 1418 ιι,
2761 1364 2812 1404 c.
2871 1345 2960 1418 39,
2993 1361 3210 1404 necnon
3263 1360 3333 1402 ex

2250 1435 2356 1490 Ced
2366 1448 2531 1492 reno.

2324 1596 2646 1665 Symmachi
2678 1595 2715 1653 2
2742 1603 2798 1653 et
2825 1597 2860 1652 3

2333 1683 2622 1754 Synodum
2701 1688 2747 1739 Il.
2840 1685 3148 1740 Romanam
3224 1685 3334 1740 sub

2259 1769 2594 1840 Symmacho
2645 1773 2986 1828 celebratam
3039 1771 3221 1828 fuisse
3274 1773 3329 1827 h.

2255 1873 2288 1914 a
2347 1861 2556 1931 Pagius
2607 1862 2771 1916 docet
2799 1875 2867 1916 ex
2916 1862 3210 1917 Theodoro
3242 1860 3333 1916 le-

2254 1954 2411 2003 ctore
2437 1967 2452 2017 ς
2477 1954 2533 2003 et
2552 1951 2846 2020 Anonymo
2878 1949 3181 2005 Valesiano
3208 1967 3221 2002 :
3272 1949 3332 2005 in

2254 2051 2367 2106 qua
2412 2037 2559 2092 facta
2606 2052 2712 2107 pax
2741 2039 2890 2093 inter
2931 2038 3332 2108 Symmachum

2252 2130 2308 2179 et
2338 2127 2707 2182 Laurentium
2730 2132 3034 2196 antequam
3067 2125 3334 2181 Theodo—

2259 2213 2417 2270 ricus
2445 2215 2676 2270 Romam
2699 2216 2941 2270 veniret.

2325 2304 2380 2357 S.
2418 2304 2760 2374 Fulgentius
2791 2306 3019 2360 Romam
3063 2303 3220 2358 venit
3263 2302 3333 2357 ad

2265 2390 2468 2446 limina
2546 2391 2976 2461 Apostolorum,
3032 2391 3198 2446 Petav
3262 2405 3332 2446 ex

2251 2481 2413 2534 Actis
2431 2482 2579 2549 apud
2600 2481 2857 2550 Surium,
2877 2479 3141 2534 Saraceni
3165 2478 3336 2535 Phae-

2256 2569 2422 2624 nicen
2454 2576 2510 2624 et
2546 2569 2767 2638 Syriam
2815 2569 3138 2624 incursant.
3178 2569 3332 2624 Idem

2254 2669 2323 2712 ex
2353 2656 2712 2726 Theophane.

2333 3590 2653 3661 Symmachi
2681 3588 2716 3644 3
2745 3594 2800 3644 et
2831 3587 2881 3644 4.

2335 3681 2522 3734 Roma
2544 3679 2805 3748 Synodus
2835 3676 3031 3732 habita
3061 3677 3119 3732 in
3153 3689 3330 3732 causa

2101 3783 2156 3824 ιν
2263 3767 2598 3824 schismatis
2622 3780 2653 3821 a
2687 3766 2995 3822 Laurentio
3023 3765 3322 3834 concitati,

2083 3864 2136 3912 et

2113 4050 2129 4091 ι

2261 3871 2433 3928 quam
2453 3856 2745 3912 contraxit
2761 3854 3035 3910 brevibus
3049 3867 3115 3909 ac
3134 3854 3340 3909 nitide.

2067 3944 2174 4003 320
2269 3945 2538 4001 Petavius
2561 3944 2619 3999 h.
2662 3959 2715 3999 a.
2770 3943 3140 3998 Indicendam
3171 3941 3344 3997 duxit

2264 4034 2657 4090 Theodoricus
2687 4033 2756 4088 de
2781 4045 3068 4088 consensu
3087 4032 3344 4101 ejusdem

2264 4123 2610 4194 Symmachi,
2644 4123 2746 4193 qui
2777 4122 2931 4177 ultro
2961 4121 3160 4177 subire
3183 4121 3347 4176 vole-

2269 4213 2363 4269 bat
2398 4213 2710 4282 judicium.
2765 4213 2972 4266 Verum
3022 4212 3213 4266 Patres
3258 4210 3342 4265 nil

2268 4303 2506 4359 deﬁnire
2558 4303 2686 4358 ausi
2744 4300 2944 4370 prima:
3008 4301 3172 4355 Sedis
3227 4297 3353 4354 An-

2268 4392 2456 4448 tistite
2504 4389 2753 4447 subinde
2819 4388 3342 4456 schismaticorum,

2271 4489 2336 4536 ut
2363 4480 2608 4542 videtur,
2645 4476 2895 4531 factione
2924 4475 3206 4544 impediti,
3238 4489 3348 4530 ur-

2271 4575 2436 4640 gente
2485 4567 2712 4621 tandem
2759 4565 2905 4632 Rege
2976 4576 3012 4617 x
3079 4562 3181 4617 Kal
3231 4564 3352 4616 Nov

2270 4658 2540 4712 damnato
2633 4652 2944 4707 Laurentio
3031 4650 3349 4705 secundum

2271 4741 2668 4814 Symmachum
2750 4737 3092 4793 sententiam
3179 4736 3355 4792 dixe-

2277 4836 2435 4888 runt.
2471 4830 2607 4884 Vide
2639 4832 2804 4884 notas
2825 4827 2896 4882 ad
2928 4826 3348 4896 Symmachum.

2276 4919 2490 4990 Pagius
2521 4916 2810 4987 Synodum
2831 4915 2901 4969 ad
2941 4910 3047 4968 503
3076 4911 3357 4968 differen—

2277 5009 2407 5064 dam
2449 5005 2675 5060 statuit.

2347 5089 2841 5158 ConstantinOpoli
2876 5089 2934 5145 in
2973 5090 3225 5147 tumultu
3256 5090 3357 5147 lu-

2281 5185 2483 5241 dorum
2509 5177 2875 5236 theatralium
2901 5192 3074 5234 causa
3101 5179 3214 5236 tria
3234 5180 3358 5235 mil-

2281 5275 2360 5330 lia
2383 5271 2595 5328 civium
2622 5269 2832 5324 occisa.
2862 5267 3178 5323 Marcellin.

2352 5363 2490 5416 Cum
2547 5355 2836 5414 Arabibus
2895 5357 3192 5412 Saracenis
3250 5370 3358 5425 pax

2281 5452 2352 5506 ab
2373 5449 2677 5504 Anastasio
2707 5445 2872 5502 facta.
2906 5453 2962 5502 et
3013 5447 3155 5514 Reip
3193 5454 3360 5501 tran-

2285 5536 2550 5611 quillitas
2579 5535 2866 5592 restituta.
2887 5532 3213 5604 Theophan.

3423 3585 3522 3644 504
