3962 6164
329 331 438 412 739

346 480 504 534 Anni
553 548 567 551 _
586 477 966 551 Imperatores,
1002 477 1254 551 Consules
1287 477 1559 551 Romano—

324 548 586 676 Ρεῖοιέιᾶιο
664 547 809 617 rum,
840 568 926 607 res
955 556 1117 620 gesta
1145 553 1193 602 et
1215 547 1552 600 documenta.

361 638 388 677 ε
556 657 570 673 .

395 867 494 927 524
505 867 541 925 5

386 963 460 1036 ﬁ
500 956 536 1015 7
613 954 698 1024 44,
730 952 816 1009 42.
850 965 947 1007 cos
980 963 1042 1003 ιι.

686 869 806 934 Imp
833 863 954 919 Caes
981 858 1324 915 Anastasius
1348 856 1473 927 Aug
1526 861 1600 911 tr.
1635 870 1688 925 p.

498 1045 534 1103 9
675 1041 1020 1108 Theoderici
1052 1037 1224 1109 Regis
1247 1035 1282 1092 9
1318 1041 1374 1092 et
1399 1033 1485 1090 40.

429 1139 476 1194 F
795 1131 1034 1188 Probus.

376 1228 559 1317 πηξίοί
616 1260 775 1317 Coss.
829 1221 1082 1317 “139.118
1098 1212 1694 1317 statutam:

455 1313 493 1354 ιι
616 1285 775 1317 υυδδ·
905 1305 1054 1364 gnus
1113 1289 1376 1343 Faustus.
1439 1285 1691 1341 Avienus

395 1393 446 1444 et
482 1400 541 1443 ιι
901 1380 1126 1437 Junior.

684 1474 745 1528 L.
778 1469 864 1538 40,
891 1470 950 1525 C.
979 1469 1049 1524 de
1070 1464 1502 1528 collationibus,
1524 1462 1694 1517 aliae-

613 1576 723 1634 que
765 1559 916 1631 apud
959 1557 1169 1615 Reland
1203 1555 1299 1610 ubi
1332 1561 1388 1609 et
1429 1553 1696 1622 Symma-

613 1652 709 1708 chi
741 1653 902 1722 Papa:
935 1649 1106 1718 epist.
1153 1645 1336 1701 Probo
1383 1645 1442 1698 V.
1499 1641 1558 1696 C.
1595 1653 1691 1695 cos

610 1749 667 1797 et
690 1741 827 1796 Acta
849 1738 1060 1810 Synodi
1103 1737 1241 1792 Rom
1287 1733 1501 1788 Avieno
1533 1731 1596 1785 V.
1629 1728 1689 1783 C.

610 1832 719 1887 Jun
747 1844 844 1886 cos
882 1826 1209 1894 etinscript
1253 1825 1459 1879 Reines
1499 1835 1553 1890 p.
1587 1816 1686 1874 964

613 1922 819 1977 recitat
855 1924 1021 1974 antea
1051 1915 1273 1971 editum
1308 1912 1377 1967 ab
1407 1909 1693 1980 Aringhio

609 2011 746 2066 Tom
775 2011 816 2077 Ι,
846 2009 985 2064 Rom
1026 2005 1158 2062 subt
1191 2019 1244 2073 p.
1457 1999 1695 2068 Ep'.sto-

614 2099 726 2154 lam
757 2095 1080 2168 Symmachi
1128 2091 1309 2148 Probo
1359 2103 1454 2145 cos
1506 2087 1696 2142 datam

615 2188 727 2256 Pag
758 2185 933 2241 refert
955 2197 1090 2240 num
1130 2199 1184 2250 χ,
1218 2193 1332 2236 ann
1358 2176 1481 2234 543.

400 2273 545 2333 5246
692 2275 810 2341 Imp
831 2273 952 2328 Caes
972 2269 1315 2326 Anastasius
1353 2267 1481 2338 Aug
1510 2269 1584 2320 tr.
1638 2279 1692 2334 p.

396 2366 468 2439 ﬁ}
515 2361 553 2418 8
626 2360 713 2432 42,
744 2358 833 2431 43,
863 2374 1049 2416 cosu.

399 2452 471 2526 θ
496 2449 563 2509 40
685 2447 1032 2506 Theodorici
1062 2448 1234 2520 Regis
1268 2444 1334 2501 40
1363 2449 1420 2500 et
1452 2441 1510 2498 44

438 2545 486 2597 Ε

617 2577 773 2634 Coss.
828 2536 1277 2634 Βῗξξῗξῗξίῖῗηοίῖξ

385 2614 568 2670 Indict
617 2605 773 2634 w°°’
831 2609 1182 2665 Volusianus
1205 2605 1335 2661 Occ.

438 2716 499 2758 ιιι
689 2703 866 2756 Vetus
898 2698 1145 2767 inscript
1185 2693 1416 2751 Fabrett
1460 2707 1514 2760 p.
1561 2687 1691 2758 757,

398 2797 450 2848 et
476 2805 556 2847 xu
623 2795 680 2846 et
729 2788 1024 2844 Fleetvood
1059 2802 1111 2857 p.
1159 2782 1266 2841 500
1296 2787 1352 2839 et
1387 2781 1594 2836 Reines
1641 2793 1696 2850 p.

617 2876 744 2936 994.

689 2970 757 3024 Hi
781 2981 909 3024 coss
924 2966 1127 3022 omissi
1149 2965 1209 3020 in
1233 2961 1530 3019 chronicis
1553 2958 1698 3014 Cas-

624 3059 866 3126 siodori,
897 3062 953 3112 et
993 3053 1383 3120 Tununensis,
1419 3047 1702 3121 quemad—

621 3148 852 3204 modum
878 3152 932 3202 ct
962 3146 1220 3215 ipsorum
1247 3153 1436 3197 annus
1475 3140 1534 3194 in
1563 3138 1699 3192 Jor—

623 3235 759 3292 dani
789 3233 1130 3291 Annalibus.
1162 3230 1380 3304 Lydiat.

403 3499 548 3561 5247
692 3504 813 3573 Imp
841 3502 959 3558 Caas
983 3499 1325 3556 Anastasius
1365 3497 1487 3564 Ang
1512 3498 1584 3549 tr.
1635 3508 1690 3563 p.

403 3594 477 3667 ᾧ
517 3592 553 3658 9
629 3590 715 3661 43,
747 3589 834 3656 45,
866 3605 963 3648 cos
992 3605 1056 3646 ιι.

397 3687 470 3759 θ
491 3683 550 3740 44
693 3680 1035 3738 Tbeodorici
1062 3678 1234 3750 Regis
1256 3672 1315 3730 44
1351 3678 1408 3730 et
1434 3670 1521 3729 42.

412 3777 454 3828 D
480 3775 520 3828 C
689 3772 796 3827 Cos
818 3770 1098 3837 Cethegus
1141 3765 1318 3821 solus.

387 3863 567 3919 Indict
693 3862 756 3914 In
787 3857 1028 3924 antiqua
1048 3853 1248 3907 charta
1273 3850 1584 3905 Ravennati
1609 3863 1702 3917 ap.

442 3963 523 4006 xu
627 3946 868 4004 Lambec
914 3941 1040 3997 Bibl
1099 3941 1353 3994 Caesarea
1421 3945 1536 3992 tom
1588 3937 1704 3991 VIII

388 4045 441 4096 et
467 4051 574 4097 xm
627 4042 684 4094 et
713 4032 989 4091 Mabillon
1022 4028 1104 4084 rei
1140 4027 1294 4097 displ
1330 4041 1437 4098 pag
1467 4023 1594 4082 458.

695 4122 1088 4179 Theodoricus
1104 4117 1274 4172 victis
1298 4115 1564 4188 Bulgaris
1590 4113 1706 4170 Sir-

625 4216 922 4281 miensem,
947 4208 1300 4265 Pannoniam
1336 4205 1451 4261 sibi
1499 4203 1702 4274 subje—

622 4303 723 4359 cit.
758 4298 1083 4354 Cassiodor.

409 4480 555 4542 5248
695 4481 820 4548 Imp
847 4478 966 4533 Caes
1010 4471 1353 4530 Anastasius
1380 4471 1505 4541 Aug
1535 4475 1605 4526 tr.
1642 4485 1695 4541 p.

502 4570 569 4629 40
627 4568 714 4639 44,
748 4565 836 4637 45,
864 4580 962 4622 cos
994 4579 1053 4620 ll.
1553 4568 1559 4573 ‘

395 4669 468 4744 θ
489 4668 558 4728 42
687 4664 1028 4723 Theodorici
1061 4661 1234 4732 Regis
1259 4657 1327 4717 42
1354 4665 1406 4716 et
1435 4655 1519 4714 43.

461 4763 505 4816 Β
624 4793 762 4851 COSS
841 4755 1191 4811 Sabinianus
1216 4751 1312 4807 0r.

473 4833 574 4851 1a-;
776 4833 788 4846 ο
835 4827 1163 4851 φιυυηηΙΑη-υ.
1189 4823 1312 4851 ΙῚηιιί

392 4833 574 4893 Indict
624 4822 788 4851 ψη·
835 4827 1166 4883 Theodorus
1189 4822 1385 4879 Occld.

423 4937 534 4984 xm
699 4921 758 4975 L.
813 4915 901 4987 l9,
952 4917 1011 4972 C.
1065 4913 1400 4982 deEpiscop
1441 4910 1697 4966 audient.

392 5021 443 5073 et
461 5028 559 5073 ιιιν
615 5016 746 5081 etc.,
780 5007 930 5079 apud
977 5003 1189 5060 Reland
1223 5014 1440 5058 necnon
1487 5006 1702 5056 veteres

625 5099 893 5168 inscript.
923 5094 1202 5151 Gudiana:
1231 5091 1382 5161 apud
1414 5090 1697 5146 eumdem.

696 5186 815 5244 Sub
890 5185 996 5241 hoc
1075 5188 1302 5250 tempus
1385 5178 1702 5234 Clodoveus

625 5280 860 5336 hortatu
882 5272 1145 5341 conjugis
1173 5282 1294 5324 suae
1310 5265 1492 5322 eccles
1525 5266 1583 5320 in
1607 5265 1704 5320 ho-

625 5378 820 5424 norem
871 5361 961 5417 SS.
1021 5362 1200 5428 Apost
1251 5355 1401 5410 Petri
1434 5359 1490 5408 et
1538 5354 1698 5410 Pauli

627 5453 777 5529 [quae
825 5463 978 5508 nunc
1025 5449 1082 5503 S.
1155 5441 1468 5513 Genovefaa]
1524 5442 1703 5513 cmpit

625 5550 937 5601 exstruere.
971 5539 1136 5594 Petav
1165 5548 1234 5590 ex
1262 5534 1590 5590 Hincmaro.

1705 681 1757 730 et

1129 348 1222 402 AD
1258 344 1692 400 ANASTASIUM
1731 339 2243 397 PROLEGOMENA
2282 339 2455 394 EDIT.
2499 334 2925 393 ROM.-—VATIC.

3621 323 3732 383 740

1764 465 1920 518 Anni
2007 466 2066 522 Λ
2155 462 2306 515 Anni
2367 461 2816 527 Christianorum,
2867 457 3183 511 Judworum
3221 451 3436 527 etﬁni—
3510 450 3673 527 Alani

1786 534 1922 590 U.C

1783 610 1912 659 ante

1789 681 1934 746 post.

1751 748 1916 804 Palil.

1767 850 1905 910 4254

1766 939 1904 997 4255

1770 2257 1910 2316 4255

1772 2346 1911 2406 4256

1777 3488 1917 3548 4256

1777 3576 1915 3641 4257

1775 4465 1913 4527 4257

1775 4556 1914 4615 4258

2107 532 2316 604 Olymp.

2009 4486 2064 4548 D
2160 4456 2336 4548 9’3?"-

2438 535 2686 586 timoru-m
2724 525 3083 600 populorum,_
3127 525 3430 600 Pontiﬁces,

3529 525 3674 576 Erae

2430 607 2616 674 Reges,
2643 591 2912 670 re§géstz
2949 605 3000 654 et
3047 598 3384 652 documenta.
3469 591 3698 650 Christi.

2209 833 2230 870 ι
2425 816 2746 887 Symmachi
2777 812 2810 869 4
2832 819 2887 870 et
2914 811 2970 867 5.

2203 917 2243 960 ιι
2438 905 2628 960 Romae
2647 903 2910 974 Synodus
2929 903 3135 972 quarta
3160 896 3268 953 sub
3295 896 3452 965 Sym-

2367 993 2567 1048 macho
2604 993 2878 1048 Palmaris
2907 991 3065 1048 dicta
3093 986 3442 1053 celebratur,

2369 1080 2426 1136 in
2454 1096 2567 1152 qua
2597 1082 2874 1138 Odoacris
2931 1078 3217 1150 quondam
3275 1073 3452 1146 Regis

2365 1170 2710 1227 Herulorum
2736 1170 2960 1227 sanctio
2991 1168 3282 1238 abrogata,
3323 1176 3451 1234 quae

2369 1266 2568 1316 contra
2612 1261 2937 1316 libertatem
2959 1255 3269 1313 electionis
3307 1254 3447 1308 Rom

2373 1349 2665 1418 pontiﬁcis
2711 1349 2824 1404 lata
2876 1347 3080 1403 fuerat.
3111 1345 3253 1400 Vide
3283 1347 3449 1397 notas

2366 1438 2436 1492 ad
2462 1437 2862 1507 Symmachum
2892 1436 2990 1492 ubi
3017 1434 3226 1504 Pagius
3244 1430 3449 1486 Junior

2369 1527 2562 1595 patrui
2589 1527 2931 1581 sententiam
2953 1523 3218 1594 sequitur
3241 1519 3453 1575 distin-

2368 1615 2599 1685 guentis
2618 1616 2793 1684 hujus
2809 1615 2946 1669 anni
2965 1614 3254 1683 Synodum
3277 1621 3448 1678 quam

2369 1711 2530 1759 vocat
2558 1706 2828 1770 Tertiam,
2857 1718 2890 1758 a
2945 1709 3150 1772 quarta
3199 1696 3447 1753 Palmari

2369 1791 2476 1847 sub
2534 1792 2867 1862 Symmacho
2913 1803 3084 1860 quam
3137 1785 3330 1843 din‘ert
3378 1785 3447 1838 ad

2370 1893 2581 1936 annum
2613 1880 2936 1950 proximum
2972 1898 2984 1932 :
3012 1876 3162 1932 nihil
3190 1878 3448 1929 moratus

2371 1969 2729 2025 characteres
2751 1984 2878 2024 coss
2908 1967 3122 2037 quibus
3148 1965 3448 2035 signatur;

2373 2073 2501 2115 cum
2522 2073 2716 2115 errore
2738 2057 3129 2114 Librariorum
3155 2055 3210 2110 id
3237 2052 3450 2107 factum

2378 2155 2556 2220 putet.

2197 2250 2238 2292 ιι
2449 2237 2770 2309 Symmachi
2801 2235 2836 2292 5
2865 2241 2920 2291 et
2948 2233 3003 2290 6.

2195 2339 2259 2381 ιιι
2443 2329 2634 2384 Romae
2659 2327 2921 2398 Synodus
2959 2322 3243 2380 celebrata
3276 2333 3446 2392 quam

2374 2417 2640 2473 Petavius
2687 2417 2973 2487 quintam,
3018 2413 3228 2484 Pagius
3273 2423 3459 2482 quar-

2377 2510 2491 2561 tam
2516 2506 2824 2560 Palmarem
2855 2504 3124 2574 appellat.

2446 2593 2793 2650 Anastasius
2820 2594 3130 2664 imperator
3162 2591 3450 2662 ingentem

2375 2685 2690 2741 exercitum
2748 2691 2948 2740 contra
2996 2684 3196 2737 Persas
3265 2678 3447 2746 misit,

2379 2773 2710 2828 concredita
2743 2779 2993 2844 quatuor
3027 2769 3285 2826 Ducibus
3308 2765 3446 2822 belli

2376 2874 2598 2916 summa
2630 2862 2902 2932 Patricio,
2941 2859 3202 2930 Hypatio,
3247 2855 3453 2924 Celeri,

2375 2958 2431 3005 et
2455 2950 2794 3006 Areobindze
2822 2969 2834 3004 :
2873 2963 3117 3021 quorum
3163 2943 3458 3003 discordia

2378 3044 2504 3109 post
2555 3041 2776 3110 priores
2813 3039 3089 3095 victorias
3126 3032 3449 3105 Rempubli.

2377 3141 2500 3182 cam
2534 3129 2612 3183 ita
2643 3129 2894 3196 vexavit,
2937 3133 3001 3183 ut
3027 3139 3219 3197 pacem
3251 3138 3282 3178 a
3312 3124 3456 3176 Bar-

2379 3215 2537 3273 baris
2559 3218 2839 3273 redimere
2882 3217 2962 3272 sit
2986 3221 3204 3272 coacta.
3236 3213 3456 3267 Proco-

2385 3306 2515 3375 pius
2555 3306 2626 3361 de
2657 3305 2805 3361 bello
2837 3307 2971 3362 Pers
3011 3319 3062 3360 c.
3112 3301 3166 3374 8,
3213 3302 3268 3373 9,
3301 3301 3458 3355 Mar-

2382 3393 2576 3449 cellin.
2599 3394 2855 3464 Theoph.

2206 3493 2268 3536 ιιι
2448 3482 2772 3552 Symmachi
2803 3483 2837 3540 6
2863 3489 2919 3539 et
2943 3479 2995 3538 7.

2224 3582 2278 3625 tv
2457 3572 2647 3627 Roma:
2673 3577 2832 3628 sexta
2880 3569 3160 3642 Synodus,
3224 3581 3348 3640 quae
3402 3569 3459 3620 et

2381 3666 2666 3729 postrema
2727 3661 2835 3718 sub
2888 3658 3247 3731 Symmacho,
3300 3654 3455 3712 cele—

2382 3747 2545 3805 brata
2568 3755 2766 3805 contra
2787 3748 3326 3804 Ecclesiasticorum
3351 3744 3462 3800 bo-

2382 3850 2587 3893 norum
2653 3844 3045 3908 occupatores.
3105 3836 3247 3894 Vide
3296 3837 3460 3890 notas

2379 3925 2449 3981 ad
2482 3928 2898 3998 Symmachum.

2451 4016 2801 4072 Incrementa
2833 4014 3255 4086 persecutionis
3273 4013 3462 4068 Thra-

2385 4105 2661 4161 samundi
2689 4105 2748 4160 in
2779 4104 2994 4175 Africa,
3025 4118 3134 4174 qua
3162 4108 3460 4158 constante

2381 4193 2684 4249 exsulibus
2751 4193 3044 4263 episcopis
3092 4191 3462 4262 Symmachus

2377 4282 2525 4352 Papa
2539 4281 2800 4338 subsidia
2817 4282 2949 4337 vitae
2962 4280 3276 4352 quotannis
3288 4285 3471 4335 trans-

2378 4370 2580 4426 mittit.
2606 4371 2748 4427 Vide
2771 4376 2956 4440 notas,
2990 4370 3132 4426 ibid.

2447 4460 2769 4530 Symmachi
2800 4458 2835 4515 7
2861 4466 2916 4516 et
2949 4457 3004 4515 8.

2182 4544 2288 4604 320
2449 4549 2604 4605 Bello
2650 4551 2878 4605 Persico
2933 4561 3032 4619 per
3083 4546 3349 4604 inducias
3390 4543 3459 4600 ad

2222 4649 2275 4693 tv
2385 4639 2745 4709 septennium
2779 4639 2836 4693 h.
2881 4652 2932 4693 a.
2970 4642 3295 4694 contractas
3327 4634 3459 4690 ﬁnis

2206 4729 2258 4781 et
2386 4727 2694 4799 indicitur,
2725 4728 2947 4784 Cabade
2973 4729 3120 4799 Rege
3149 4726 3329 4782 variis
3349 4722 3460 4778 cla-

2179 4812 2278 4872 324
2372 4816 2548 4873 dibus
2580 4831 2679 4888 per
2704 4817 2953 4873 Celerem
2977 4815 3196 4884 affecto,
3232 4821 3288 4870 et
3311 4813 3466 4868 Ami-

2222 4917 2240 4960 ι
2373 4905 2525 4976 dam,
2561 4907 2791 4976 aliaque
2837 4907 3050 4978 oppida
3099 4906 3457 4962 restituente.

2381 4996 2464 5050 Ex
2490 4995 2847 5066 Theophane.

2448 5086 2662 5140 Joanne
2739 5085 3138 5143 Alexandrino
3196 5085 3463 5154 episcopo

2380 5179 2606 5230 mortuo
2638 5173 2911 5231 suffectus
2936 5180 3024 5231 est
3050 5177 3298 5230 Joannes
3353 5172 3465 5229 Ni—

2379 5269 2582 5319 ceotes.
2615 5263 2917 5320 Liberatus
2946 5263 3310 5321 Machteotem
3359 5275 3461 5318 vo-

2380 5360 2472 5408 cat
2531 5353 2813 5409 Petavius.

2451 5439 2804 5497 Sabinianus
2828 5441 3030 5499 consul
3063 5446 3262 5498 contra
3289 5442 3463 5497 Mun—

2379 5531 2586 5588 donem
2646 5531 2842 5587 Getam
2905 5531 3193 5588 dimicans
3253 5529 3458 5588 {cedam

2376 5618 2594 5676 cladem
2625 5619 2866 5691 accepit.
2893 5619 3208 5678 Marcellin.

3489 803 3661 879 ,502

3539 2225 3646 2285 503

3561 3472 3665 3532 504
