3962 6164
163 300 249 362 744
1088 313 1428 372 CHRONOL.
1466 315 1514 372 A
1550 316 1606 372 S.
1645 318 2033 377 SYLVESTRO
2070 322 2162 377 AD
2199 324 2254 379 S.
2297 324 2507 380 GREG.
2549 327 2620 379 M.

205 424 366 500 Anni
415 497 428 500 _
479 431 856 500 Imperatores,
938 435 1193 494 Consules
1237 443 1514 496 Romano-

181 497 445 623 ἒεῗηὲαι.
541 497 682 574 ium,
733 520 818 560 res
859 513 1045 573 geste,
1103 515 1154 564 et
1190 511 1513 567 documenta

192 905 258 979 θ
310 901 372 959 44
435 902 520 976 45,
557 905 642 974 46,
678 923 776 966 cos
800 925 859 967 ιι.

189 994 256 1067 θ
322 991 393 1050 43
499 995 841 1074 Tbeodorici
872 1003 1041 1075 Regis
1070 1001 1136 1060 43
1164 1011 1221 1062 et
1271 1003 1358 1062 44.

252 1084 366 1176 ἐμ
421 1118 559 1176 Coss
634 1086 978 1176 £99291?-
1021 1093 1256 1176 .(‘!uni°r
1293 1095 1414 1169 0‘")

189 1156 366 1212 Indict
421 1156 559 1176 “"°°
632 1160 874 1216 Messala
902 1156 1097 1219 Occid.

261 1256 362 1299 xxv
511 1246 570 1298 L.
602 1246 655 1317 4,
683 1247 739 1300 C.
769 1249 838 1304 de
859 1251 1098 1308 advocat
1124 1255 1386 1312 diversor
1412 1258 1520 1313 Ju-

220 1336 269 1388 τε
290 1346 366 1388 xv
442 1333 663 1389 dicium
691 1341 748 1392 et
767 1336 874 1393 Cod
898 1341 1084 1396 Theod
1107 1343 1190 1398 lib
1217 1341 1270 1413 5,
1300 1358 1404 1414 cap
1435 1359 1521 1416 ιιι,

437 1421 477 1476 l.
508 1423 716 1479 unica°
753 1433 808 1482 et
855 1427 915 1483 in
946 1431 1133 1486 concil
1164 1432 1349 1504 Agath
1378 1434 1521 1490 Ala—

439 1511 601 1568 ricus
648 1514 900 1572 codicem
962 1520 1263 1579 Romanar.
1311 1525 1521 1596 Legum

437 1601 557 1657 edit
589 1617 779 1660 mense
810 1607 951 1664 Febr
1001 1612 1101 1681 qui
1132 1613 1356 1669 dicitur
1379 1616 1524 1669 Bre-

434 1693 673 1747 viarium
698 1697 932 1752 Anioni.
975 1700 1088 1772 Pag
1134 1716 1202 1758 ex
1227 1703 1428 1760 Gotofr
1460 1705 1521 1759 in

435 1781 585 1836 Praef
654 1784 881 1841 Codicis
951 1789 1210 1847 Theodos
1258 1793 1524 1850 Alaricus

439 1870 648 1928 deinde
725 1875 784 1930 in
858 1878 1056 1946 praelia
1141 1895 1174 1936 a
1242 1881 1522 1938 Clodoveo

439 1959 784 2018 Francorum
834 1965 980 2038 Rege
1021 1969 1332 2039 occiditur,
1359 1971 1522 2038 ejus-

436 2062 547 2118 que
616 2051 792 2124 Regni
847 2069 978 2124 pars
1061 2058 1362 2126 potissima
1416 2058 1523 2113 snb

433 2136 712 2195 ditionem
784 2143 1026 2200 victoris
1096 2147 1249 2202 cedit
1306 2147 1524 2218 Gregor

434 2225 646 2295 Turon,
687 2235 822 2301 etc.,
857 2233 1007 2302 apud
1041 2235 1228 2290 Petav.

503 2315 827 2375 Amalarico
875 2327 1064 2378 autem
1112 2323 1329 2380 Alarici
1400 2325 1521 2381 ﬁlio

434 2405 710 2474 Hispania
739 2416 914 2478 paret.
946 2411 1032 2466 lbi
1062 2419 1118 2468 et
1149 2427 1218 2468 ex
1260 2414 1528 2472 Aimoino

433 2494 754 2563 etCassiod
785 2497 870 2553 lib
908 2498 962 2555 3.

505 2585 587 2639 Ex
633 2585 691 2640 h.
741 2600 791 2641 a.
826 2587 1170 2644 Tolosanum
1200 2591 1520 2648 Gothorum

437 2670 692 2744 Regnum
742 2689 874 2732 cum
922 2678 1201 2750 Gregorio
1260 2687 1523 2737 numerat

440 2761 728 2820 Petavius.

223 2843 366 2904 5220
511 2853 633 2922 Imp
663 2853 782 2910 Caes
805 2855 1149 2914 Anastasius
1177 2857 1324 2931 Aug.
1355 2862 1428 2914 tr.
1459 2873 1514 2930 p.

192 2937 260 3009 θ
315 2932 386 2992 42
437 2934 524 3011 46,
555 2936 642 3010 47,
675 2957 773 2999 cos
803 2959 888 3000 ιιι.

192 3029 261 3102 ο
322 3025 390 3085 44
497 3030 836 3089 Tbeodorici
870 3035 1038 3107 Regis
1069 3032 1138 3091 44
1161 3038 1218 3090 et
1251 3033 1336 3092 45.

413 3153 552 3210 εοεε
627 3121 1227 3210 senemsenem-

188 3190 364 3246 Indict
414 3190 552 3210 W”
630 3194 945 3251 Venantius
974 3190 1168 3254 Occid.

504 3279 770 3339 Anastas.
790 3284 918 3340 sine
939 3286 1154 3359 collega
1183 3286 1520 3358 ponitMar—

433 3368 630 3425 cellin.
712 3372 1093 3432 Cassiodorus
1172 3375 1518 3433 Venantium

431 3456 627 3516 Occid.

254 3557 328 3600 xv
512 3547 624 3603 Lex
643 3562 675 3603 a
704 3550 1059 3607 Theodorico
1104 3553 1238 3610 data
1265 3548 1400 3626 [tom
1426 3553 1514 3622 IV,

226 3640 276 3688 et
306 3647 325 3692 ι
440 3634 730 3693 Concilior
763 3653 870 3711 pag
912 3637 1066 3712 4042]
1098 3641 1378 3698 Ravennae
1408 3642 1519 3698 Ve-

437 3727 642 3781 nantio
672 3728 738 3797 V,
759 3729 816 3782 C.
840 3743 988 3785 coss.

508 3813 822 3873 Clodovens
842 3818 1143 3875 victoriam
1178 3824 1520 3888 prosecutus

432 3902 808 3972 Aquitaniam
881 3913 1059 3963 totam
1133 3921 1251 3963 suae
1301 3907 1517 3963 ditioni

433 3990 699 4063 subjecit,
738 3996 1030 4052 Turonum
1086 3997 1385 4066 Metropoli
1417 4009 1520 4051 ac-

433 4082 673 4151 quisita,
698 4088 754 4139 et
776 4085 1094 4141 Pictavensi
1117 4091 1325 4153 tractu,
1347 4085 1520 4140 Theo-

430 4169 630 4226 dorico
669 4171 789 4229 ﬁlio
826 4174 1116 4230 Padurcos
1155 4174 1512 4246 Albigenses,

434 4260 708 4330 Rutenos,
766 4263 1054 4319 Arvernos
1095 4264 1310 4333 pariter
1358 4263 1520 4319 obti—

431 4356 599 4406 nente
653 4351 840 4406 Patris
879 4352 1165 4422 auspiciis
1222 4352 1512 4409 subactos.

430 4437 571 4494 Vide
617 4441 730 4510 Pag
762 4440 816 4495 h.
873 4455 927 4496 a.
961 4455 1013 4497 n.
1046 4440 1100 4497 8.
1153 4440 1514 4497 Gisalaricus

431 4526 680 4584 Alaricis
695 4531 933 4598 spurius
943 4530 1222 4586 Narbonae
1245 4530 1514 4600 Princeps

430 4613 698 4672 eﬂicitur.
725 4618 934 4675 Isidori
965 4619 1172 4674 Chron.

216 4696 356 4758 5224
500 4706 624 4776 Imp
660 4707 781 4763 Caes
822 4707 1166 4764 Anastasius
1193 4707 1321 4778 Aug
1346 4711 1415 4763 tr.
1454 4722 1507 4779 p.

185 4793 259 4865 ﬁ)
303 4788 370 4847 43
443 4789 531 4856 47,
565 4793 652 4867 48,
685 4809 780 4852 cos
822 4811 905 4853 ιιι.

181 4877 254 4950 θ
300 4878 370 4937 45
509 4885 850 4942 Tbeodorici
883 4887 1054 4958 Regis
1086 4885 1153 4943 45
1201 4885 1364 4951 et46,

212 4978 338 5032 ΒΕ
423 5016 557 5040 μη--
633 4983 793 5039 Celer
824 4983 920 5040 Or.

192 5016 379 5105 ιλιῑὲει
423 5016 560 5073 COSS
633 5016 920 5112 ῧὲῗείηἶῖ·
1107 5057 1120 5068 ·
1346 5056 1358 5069 ο

884 5072 952 5113 us
990 5058 1196 5114 Iunior
1225 5056 1426 5113 Occnd.

279 5161 300 5203 ι
502 5153 734 5211 Dicitur
779 5155 952 5212 etiam
987 5155 1241 5212 Basilius
1283 5157 1516 5211 Venan—

207 5242 264 5292 et
307 5250 354 5293 ιι
428 5240 545 5297 tius
596 5245 824 5315 Decius,
861 5247 961 5317 qui
1018 5245 1165 5302 forte
1223 5249 1309 5301 est
1365 5245 1516 5314 apud

434 5331 640 5389 Reines
701 5340 1048 5391 memoratus
1108 5347 1215 5405 pag
1261 5331 1387 5405 980,
1422 5334 1522 5389 in-

433 5422 632 5495 script,
666 5424 892 5480 ultima.

502 5521 894 5580 Theodoricus
924 5537 1022 5580 rex
1073 5521 1224 5580 Goth
1271 5520 1522 5577 Francos

435 5607 654 5680 ingenti
710 5610 871 5670 clade
917 5610 1112 5682 aﬂicit,
1155 5616 1213 5668 et
1261 5607 1519 5690 Wisig'}:

1641 511 1741 566 UC

1589 587 1716 637 ante

1638 658 1762 724 post

1551 725 1718 779 Palil.

219 811 366 872 5249
509 818 632 888 Imp
660 819 779 876 Caes
805 821 1144 883 Anastasius
1175 826 1301 900 Aug
1329 833 1401 884 tr.
1458 845 1512 901 p.
1594 827 1732 885 4258

219 905 258 974 ᾖ
310 901 372 959 44
435 902 520 974 45,
557 905 642 974 46,
678 923 776 966 cos
800 925 859 967 ιι.
1589 914 1730 974 4259

1553 659 1604 709 et

1593 2857 1735 2918 4259

2025 2945 2090 2988 ΠΙ

1589 4705 1730 4766 4260

1593 4793 1724 4854 4264

2017 4722 2084 4765 ιιι

2019 4811 2074 4853 IV

2263 821 2585 892 Symmachi
2633 821 2689 893 8,
2730 827 2786 879 et
2821 821 2877 878 9.

2261 910 2584 966 Concilium
2615 912 2934 984 Agathense
2975 912 3035 968 in
3088 912 3277 970 Gallia

2192 998 2517 1056 celebratur
2545 1001 2598 1056 3.
2626 1004 2694 1056 Id
2717 1005 2844 1073 Sept
2874 1004 3108 1057 Messala
3141 1019 3277 1058 con—

2193 1089 2310 1142 sule
2389 1107 2532 1144 anno
2597 1093 2748 1146 XXII
2815 1093 3022 1146 domini
3061 1139 3066 1154 ι
3112 1092 3288 1146 nostri

2194 1178 2412 1232 Ala-rici
2440 1181 2597 1247 Regis
2627 1181 2934 1253 [Visigoth]
2993 1181 3135 1238 Vide
3158 1182 3282 1235 No—

2198 1265 2281 1320 ris
2313 1266 2434 1322 hist
2453 1269 2622 1340 Pelag
2647 1269 2729 1324 lib
2760 1283 2798 1339 ι,
2819 1284 2924 1339 cap
2955 1267 3041 1337 49,
3077 1285 3131 1339 p.
3159 1264 3282 1324 424.

2269 1355 2612 1415 Anastasius
2691 1362 2812 1430 Imp
2891 1358 3284 1415 Macedonium

2198 1443 2444 1515 Episcop
2464 1447 3171 1516 Constantinopolitanum
3206 1446 3276 1501 ad

2199 1532 2461 1590 haeresim
2517 1552 2677 1592 suam
2707 1539 3036 1608 pertrahere
3067 1536 3285 1592 frustra

2197 1630 2437 1679 conatus
2485 1633 2648 1681 vexat
2713 1627 3074 1682 renitentem.
3148 1627 3283 1679 Item

2199 1711 2474 1779 Xenajam
2492 1715 2935 1770 Manichaeorum
2957 1713 3149 1768 Prinei
3159 1725 3283 1782 pem

2199 1798 2259 1852 in
2290 1799 2494 1855 Urbem
2526 1801 2889 1874 introduxit;
2942 1802 3036 1857 sed
3094 1803 3285 1856 Mace-

2197 1886 2372 1944 donio
2415 1888 2582 1945 illius
2612 1892 3071 1947 communionem
3115 1901 3284 1944 aver-

2203 1983 2363 2032 sante
2388 1992 2453 2033 ac
2486 1980 2696 2049 populo
2725 1980 3133 2049 tumultuante,
3169 1991 3282 2032 no-

2198 2071 2296 2121 ctu
2345 2067 2604 2124 eumdem
2655 2069 2956 2126 subduxit.
3017 2070 3184 2124 Petav
3214 2078 3283 2121 ex

2197 2154 2555 2226 Theophane.

2273 2245 2904 2316 ThalmudJudteorum,
2928 2245 3078 2317 quod
3111 2244 3284 2314 Baby-

2198 2331 2453 2390 lonicum
2502 2342 2704 2391 vocant
2731 2336 2784 2390 h.
2845 2350 2896 2391 a.
2961 2333 3290 2404 promulga-

2198 2425 2319 2477 tum
2347 2437 2417 2479 ex
2448 2425 2774 2482 Judaaorum
2804 2422 3152 2479 Kalendario
3177 2422 3287 2476 de-

2194 2509 2360 2566 ducit
2385 2527 2492 2586 pag
2523 2514 2577 2568 h.
2604 2529 2655 2570 a.
2692 2528 2749 2570 n.
2772 2513 2825 2585 6,
2845 2519 2902 2569 et
2920 2512 2989 2568 ad
3021 2525 3134 2567 ann
3157 2507 3282 2581 476,

2199 2611 2256 2653 ιι.
2287 2597 2373 2655 49.

2262 2848 2583 2919 Symmachi
2615 2850 2669 2919 9,
2697 2855 2755 2907 et
2775 2849 2860 2906 40.

2267 2937 2610 2995 Anastasius
2636 2940 2887 3010 cognitis
2911 2938 3085 2994 rebus
3103 2950 3134 2992 a
3164 2936 3285 2992 Clo-

2197 3023 2374 3082 doveo
2400 3028 2579 3098 gestis
2604 3027 2907 3084 codicillos
2943 3025 3282 3082 consulatus

2201 3113 2271 3168 ad
2287 3127 2416 3171 eum
2446 3117 2626 3184 misit,
2649 3117 2748 3187 qui
2777 3117 3026 3172 Turonis
3046 3116 3102 3169 in
3129 3113 3278 3168 Basi-

2199 3201 2311 3256 lica
2367 3205 2422 3258 S.
2496 3207 2730 3259 Martini
2801 3206 2999 3260 tunica
3066 3203 3277 3256 blattea

2197 3288 2439 3343 indutus
2466 3296 2573 3354 est,
2605 3298 2660 3346 et
2707 3289 3024 3358 chlamyde,
3058 3301 3125 3342 ac
3144 3300 3280 3342 ver-

2194 3377 2298 3432 tici
2351 3377 2615 3436 diadema
2666 3378 2962 3448 imposuit.
3015 3375 3166 3445 Quin
3215 3378 3273 3428 et

2191 3479 2396 3522 aurum
2449 3474 2866 3539 argentumque
2943 3478 3117 3520 manu
3167 3475 3272 3519 sua

2196 3555 2407 3624 p0pulo
2437 3557 2692 3625 sparsit:
2723 3561 2778 3610 et
2803 3568 2872 3609 ex
2924 3567 2989 3610 ea
3018 3553 3116 3608 die
3140 3557 3275 3607 tan-

2194 3653 2362 3710 quam
2383 3643 2663 3698 consulet
2689 3643 2988 3713 Augustus
3016 3645 3105 3696 est
3124 3649 3284 3694 voca-

2195 3736 2308 3785 tus.
2332 3731 2620 3787 Nimirum
2654 3732 2911 3803 insignia
2942 3728 3282 3786 consulatus

2193 3820 2433 3889 accepit.
2493 3822 2690 3877 Postea
2749 3821 3003 3876 Parisios
3047 3817 3281 3874 veniens

2198 3904 2288 3963 ibi
2319 3908 2506 3964 sedem
2548 3909 2728 3980 Regni
2773 3907 3099 3964 constituit.
3133 3905 3282 3976 Greg

2196 3995 2279 4050 lib
2329 3994 2384 4068 2,
2434 4012 2484 4052 c.
2538 3994 2628 4068 28,
2680 4003 2736 4053 et
2788 3997 3094 4053 Aimoinus
3131 3991 3282 4063 apud

2194 4084 2382 4141 Petav.
2449 4086 2505 4140 h.
2542 4099 2592 4141 a.
2648 4087 2856 4158 Pagius
2900 4086 2969 4140 ad
3026 4097 3138 4138 ann
3187 4094 3287 4152 seq

2198 4173 2454 4244 insignia
2487 4175 2834 4245 patriciatus
2860 4172 3161 4244 intelligit.

2262 4265 2439 4320 Daras
2511 4265 2787 4335 oppidum
2856 4260 3281 4332 Mesopotamiae

2191 4352 2251 4408 in
2310 4353 2498 4409 limite
2548 4354 2762 4410 Persici
2795 4356 2850 4408 et
2892 4350 3130 4408 Romani
3173 4351 3292 4404 Im—

2195 4442 2342 4512 perii
2385 4443 2636 4499 munivit
2662 4441 3025 4507 Anastasius,
3048 4446 3106 4494 et
3128 4439 3290 4494 Ana—

2195 4532 2559 4602 stasiOpolim
2602 4533 2847 4587 vocavit.
2889 4530 2973 4585 Ibi
3004 4542 3073 4585 ex
3099 4527 3290 4584 Theo-

2195 4621 2380 4692 phane
2417 4626 2473 4674 et
2492 4622 2674 4690 Evagr
2695 4619 2778 4674 lib
2805 4631 2894 4686 ιιι,
2926 4631 2978 4672 c.
3009 4613 3100 4671 37.

2268 4708 2590 4779 Symmachi
2625 4704 2691 4762 40
2714 4712 2769 4762 et
2803 4702 2891 4760 44.

2269 4798 2608 4856 Anastasius
2681 4795 2898 4851 frustra
2958 4796 3160 4877 _tentat
3214 4791 3286 4848 ab

2192 4887 2320 4944 Elia
2346 4887 2871 4958 Hierosolymorum
2897 4884 3070 4954 Episc
3101 4896 3272 4938 suum

2194 4976 2532 5032 Henoticum
2613 4973 2926 5040 subscribi,
3007 4970 3279 5027 Flaviano

2194 5065 2549 5122 Antiocheno
2592 5065 2651 5120 in
2682 5076 2818 5120 suas
2866 5067 3052 5132 partes
3104 5060 3282 5116 etiam

2197 5160 2500 5226 pertracto,
2541 5167 2652 5210 non
2697 5159 2883 5208 tamen
2931 5150 3112 5221 plene.
3141 5149 3288 5205 Vide

2196 5245 2501 5318 Evagrium
2533 5245 2616 5301 lib
2661 5257 2742 5315 ιιι,
2771 5256 2876 5313 cap
2916 5238 3007 5312 34,
3034 5248 3091 5298 et
3115 5242 3281 5297 Petav

2201 5336 2257 5405 h,
2312 5349 2364 5391 a.
2421 5343 2478 5392 et
2555 5335 2789 5406 Pagium
2848 5332 2919 5389 ad
2973 5345 3085 5388 ann
3155 5327 3284 5400 540,

2201 5439 2338 5481 num
2369 5422 2423 5480 3.

2265 5512 2672 5575 Gundibaldus
2682 5512 3156 5585 Burgundionum
3169 5510 3288 5565 Rex

2196 5617 2229 5660 a
2292 5602 2570 5663 Clodoveo
2633 5601 2893 5673 undique
2960 5599 3164 5671 pulsus
3224 5597 3285 5654 in

3458 329 3568 390 742

1821 447 1880 505 Α
1974 461 2130 538 Anni
2168 465 2623 530 Christianorum,
2670 468 2982 521 Iudaeorum
3039 474 3088 524 et
3135 473 3272 538 ﬁni—
3335 473 3492 528 Anni

1975 533 2164 606 Oymp.
2243 540 2496 592 timorum
2557 540 2907 608 populorum,
2989 533 3292 610 Pontiﬁces,
3361 546 3504 598 Διῖνω

2266 610 2448 676 Reges,
2503 625 2590 664 res
2636 615 2799 678 gesta:
2832 617 2883 666 et
2914 611 3253 667 documenta.
3297 614 3521 671 Christi.

3365 822 3476 882 506

3366 2842 3474 2905 507
