3968 6164
347 228 456 286 743

1137 226 1231 280 AD
1271 226 1705 282 ANASTASIUM
1749 221 2262 281 PROLEGOMENA
2299 226 2479 282 EDIT.
2523 226 2952 283 ROM.-—VATIC.

3642 223 3743 283 744

407 367 565 420 Anni
631 369 988 436 Imperatores
1085 366 1360 431 Consules,
1451 368 1728 421 Romano-
1792 365 1946 420 Anni
2027 345 2087 403 Α
2142 350 2299 436 ﬁlim.
2323 435 2329 436 ί
2355 346 2820 436 Ηῖξνῖέτίαηονυτη,
2853 351 3179 436 Jgtdworun;
3198 349 3427 436 είυξθξξξ·
3532 348 3684 436 Απζιῖξξ

343 439 465 490 Per.
488 438 602 491 Jul.

364 513 415 562 et
438 508 564 564 Ind.

751 454 893 507 rum,
924 453 1012 492 res
1051 443 1210 504 gestae
1266 444 1314 492 et
1336 438 1672 492 documenta.

635 775 861 832 thorum
886 776 1164 831 ditionem
1192 774 1249 828 in
1269 788 1428 829 suam
1461 779 1718 843 potesta—

634 870 744 919 tem
801 865 1085 920 redactam
1130 863 1440 918 Amalarici
1509 863 1718 932 pupilli

630 953 862 1008 nomine
931 966 1029 1023 per
1113 953 1406 1007 Praefectos
1463 953 1722 1007 admini-

633 1046 798 1111 strat,
853 1054 964 1096 non
1015 1054 1182 1096 secus
1248 1053 1312 1095 ac
1359 1040 1715 1110 Hispaniam.

633 1131 710 1184 Ex
743 1129 894 1200 epist
919 1129 1248 1185 Cassiodori
1273 1127 1376 1184 lib.
1414 1143 1498 1197 ιιι,
1534 1131 1714 1184 Petav.

415 1410 562 1469 5222
704 1414 824 1481 Imp
861 1411 980 1467 Caes
1027 1412 1369 1468 Anastasius
1400 1413 1527 1483 Aug
1553 1418 1623 1466 tr.
1661 1426 1716 1481 p.

382 1503 454 1573 ξε)
515 1495 582 1554 44
623 1497 708 1568 48,
745 1498 831 1554 49.
857 1501 964 1556 Cos
990 1514 1075 1555 ιιι.

382 1587 454 1658 θ
527 1584 594 1644 46
701 1589 1042 1644 Theodorici
1063 1591 1234 1660 Regis
1265 1589 1330 1646 46
1360 1595 1416 1646 et
1447 1586 1533 1644 47.

472 1681 520 1732 D
699 1677 830 1733 Cos.
889 1680 1254 1746 importunus
1296 1679 1423 1734 sine
1472 1678 1721 1749 Collega.

393 1764 579 1820 Indici
703 1766 903 1836 Aliqui
964 1767 1241 1822 Basilium
1326 1769 1723 1837 Importunum

474 1867 516 1908 ιι
635 1861 840 1910 vocant
879 1869 1010 1910 cum
1067 1857 1268 1925 Pagio:
1325 1857 1427 1910 alii
1487 1856 1724 1910 Decium

422 1946 560 1998 etut
637 1945 1058 2014 Importunum,
1120 1946 1224 2001 alii
1283 1945 1718 2015 Opportunum:

635 2037 691 2086 et
711 2033 779 2086 ad
816 2032 968 2087 hunc
1011 2034 1350 2102 pertrahunt
1378 2032 1725 2102 inscriptio—

637 2132 762 2174 nem
807 2121 1063 2176 Reinesii
1107 2123 1339 2177 relatam
1370 2134 1520 2176 anno
1547 2133 1728 2190 supe—

634 2208 778 2262 riori
835 2215 892 2264 et
945 2224 978 2264 a
1035 2211 1286 2267 Relando
1325 2211 1395 2266 ad
1446 2211 1500 2265 h.
1541 2225 1602 2266 a.
1657 2223 1728 2266 ex

634 2295 930 2352 Fleetvood
981 2313 1108 2371 pag.
1187 2298 1310 2367 452,
1367 2300 1455 2356 vel
1502 2300 1572 2356 ad
1630 2313 1728 2355 cos

635 2385 772 2439 anni

705 2471 1021 2530 Clodoveus
1094 2478 1439 2533 Francorum
1498 2479 1613 2532 Rex
1668 2477 1728 2531 in

637 2562 997 2633 pmpinquos
1039 2577 1176 2619 suos
1229 2566 1390 2620 saevit
1440 2565 1590 2636 Greg
1613 2564 1729 2618 Tur

645 2647 729 2702 lib
764 2663 825 2718 ιι,
870 2664 921 2704 c.
975 2647 1061 2704 44.
1109 2650 1252 2706 Vide
1301 2653 1467 2706 Petav
1515 2657 1572 2706 et
1617 2652 1730 2722 Pag

642 2735 700 2790 h.
742 2751 794 2792 a.

420 2819 563 2879 5223
705 2827 826 2896 Imp
855 2840 965 2882 caas
1008 2827 1352 2884 Anastasius
1378 2828 1505 2899 Aug
1543 2833 1614 2883 tr.
1668 2842 1722 2897 p.

281 2968 296 2988 I,
397 2912 468 2983 ﬁ)
533 2909 600 2967 45
639 2909 726 2982 49,
752 2913 843 2985 20,
873 2929 970 2971 cos
1000 2929 1083 2970 ιιι.

393 3005 467 3076 θ
528 3001 594 3059 47
712 3005 1055 3060 Theodorici
1089 3005 1260 3075 Regis
1293 3003 1378 3076 47,
1402 3010 1459 3062 et
1491 3001 1576 3060 48.

481 3093 521 3149 C
698 3091 806 3147 Cos
873 3093 1146 3148 Boethius
1195 3093 1374 3163 solus,
1417 3095 1520 3163 qui
1579 3091 1730 3148 Ani—

399 3181 583 3236 Indict
636 3180 766 3235 cius
805 3181 1058 3236 Manlius
1097 3183 1402 3239 Severinus
1434 3183 1726 3244 Boethius,

457 3282 523 3324 ιιι
636 3281 836 3338 nempe
916 3269 1166 3341 insignis
1235 3271 1622 3340 PhilosOphiaa
1673 3277 1729 3325 et

424 3361 561 3411 ettv
635 3358 978 3420 Matheseos.
1029 3359 1394 3429 aliarumque
1443 3358 1727 3414 scientia-

638 3458 765 3500 rum
813 3446 1046 3500 studiis.
1084 3448 1224 3515 Ejus
1244 3447 1557 3516 diptychon
1581 3460 1729 3501 con--

637 3534 830 3590 sulare
856 3535 1004 3604 apud
1023 3536 1141 3590 Nob
1164 3536 1506 3592 Barbisonos
1521 3535 1728 3590 Brixia

639 3622 882 3679 relatum
910 3625 967 3678 in
992 3625 1228 3693 Ephem.
1252 3626 1462 3680 Erudit
1483 3625 1588 3680 Ital
1611 3631 1724 3679 tom

635 3723 847 3778 xxvm,
892 3727 944 3778 p.
1001 3709 1091 3777 39,
1148 3713 1528 3767 inscribitur:
1582 3713 1724 3766 NAR

637 3801 808 3854 MVN.
864 3799 1196 3854 BOETHIUS
1227 3799 1310 3854 UC
1341 3802 1422 3854 ET
1467 3802 1581 3854 [NL
1627 3800 1728 3854 EX

635 3887 718 3939 PP
745 3887 830 3939 PV
854 3887 940 3940 ET
966 3886 1140 3941 CONS
1167 3886 1308 3940 0RD
1351 3887 1436 3939 ΕΓ
1460 3887 1720 3942 PATRIC.

636 3974 714 4027 De
774 3972 994 4044 collega
1049 3973 1359 4028 Eutharico
1431 3975 1724 4042 adscripto

635 4059 676 4115 l.
708 4058 794 4116 40.
821 4061 882 4116 C.
933 4061 1004 4115 de
1034 4059 1208 4116 haeret
1237 4074 1484 4116 errorem
1516 4061 1725 4117 Libra-

638 4150 865 4204 riorum
921 4155 1112 4204 censet
1165 4150 1372 4220 Pagius
1444 4151 1513 4206 ad
1555 4151 1610 4205 h.
1666 4164 1719 4206 a.

635 4248 692 4290 ιι.
722 4235 776 4291 4.

708 4534 829 4602 Imp
879 4547 988 4590 cies
1021 4535 1364 4591 Anastasius
1392 4535 1519 4608 Aug
1548 4539 1619 4591 tr.
1659 4551 1709 4606 p.

635 4619 726 4692 20,
753 4620 844 4692 24,
875 4637 972 4680 cos
1019 4638 1106 4679 ιιι.

704 4713 1047 4769 Theodorici
1077 4714 1247 4785 Regis
1270 4711 1355 4777 48,
1396 4718 1453 4769 et
1484 4713 1567 4769 49.

404 4813 589 4940 ιηέεοι
631 4848 770 4904 COSS
871 4809 885 4940 l
940 4808 1426 4938 ἓὲῗί¹ἒε“ἑ²)ἷ;¹ἑὶ¹ιῗ.⁰⁹’

454 4994 510 5036 1v
699 4981 874 5036 Vetus
943 4981 1191 5050 inscript
1275 4981 1426 5051 apud
1511 4983 1718 5038 Reines

637 5084 691 5138 p.
725 5066 852 5132 544,
885 5074 940 5124 et
986 5070 1281 5126 Fleetvood
1336 5085 1388 5139 p.
1432 5068 1559 5136 348,
1587 5071 1716 5137 1:46,

631 5155 738 5212 544
792 5157 1034 5228 aliaeque
1081 5160 1231 5228 apud
1281 5159 1375 5213 Rel
1427 5166 1482 5214 et
1521 5161 1717 5216 Concil

641 5244 806 5300 Pure]
837 5247 1127 5318 signatum
1160 5249 1198 5300 F
1236 5247 1272 5299 1.
1303 5259 1402 5300 cos
1430 5248 1722 5302 Amalari—

632 5347 736 5389 cus
790 5335 1004 5390 Alarici
1075 5334 1500 5403 Visigotogrum
1550 5334 1720 5407 Regis

635 5422 798 5480 ﬁlius
842 5422 1146 5479 Clotildem
1202 5420 1466 5477 Clodovei
1541 5424 1719 5481 ﬁliam

632 5513 818 5570 ducit.
866 5512 1084 5581 Gregor
1103 5512 1296 5566 Turon
1327 5510 1410 5568 lib
1442 5526 1528 5583 ιιι,
1577 5527 1628 5569 c.
1671 5525 1710 5568 ι.

1805 437 1866 490 U.
1901 437 1958 492 Ο.

1822 511 1950 559 ante

1777 579 1978 702 θὲιῧίὲῗί

1797 1408 1927 1466 4264

1796 1497 1936 1554 4262

1801 2823 1941 2882 4262

1803 2912 1942 2971 4263

1723 4483 1730 4494 Ι
1791 4534 1930 4594 4263

1791 4623 1930 4682 4264

2187 1403 2342 1473 Olym

2213 1491 2312 1550 324

2227 1597 2280 1637 1V

2225 1677 2278 1726 et

2235 2927 2276 2970 ll

2229 4547 2270 4589 ΙΙ

2217 4637 2284 4678 ΙΙΙ

2145 417 2356 489 Olymp.
2427 428 2678 476 timorum
2737 423 3067 493 populorum
3137 421 3437 488 Pontiﬁces,

2388 495 2555 561 Reges
2596 509 2682 548 res
2729 492 2892 572 gestae
2935 497 2984 546 et
3013 492 3352 546 documenta.

2391 769 2614 825 Italiam
2673 768 3010 841 confugiens
3066 767 3272 822 misere
3304 765 3475 836 perit.

2393 857 2804 928 Sigismundus
2853 859 2978 926 ejus
3012 856 3169 911 ﬁlius
3210 855 3484 924 Burgun-

2396 945 2636 1001 dionum
2686 946 2921 1016 Imperii
2982 943 3260 1015 reliquias
3304 946 3477 1011 tenet,

2397 1041 2453 1089 et
2496 1035 2685 1091 Fidem
2736 1035 3074 1090 catholicam
3109 1031 3481 1102 amplectitur

2397 1135 2500 1191 ope
2537 1123 2595 1178 S.
2638 1123 2793 1179 Aviti
2836 1122 3200 1177 Viennensis.
3271 1118 3354 1174 Ibi
3412 1132 3482 1174 ex

2395 1211 2546 1282 Greg
2566 1211 2604 1281 l,
2631 1226 2718 1282 ιιι,
2742 1227 2792 1268 c.
2820 1210 2874 1266 5.
2893 1211 2998 1267 Sed
3028 1209 3238 1282 Pagius
3257 1207 3478 1263 vixisse

2401 1299 2950 1368 probatGundibald
2983 1299 3054 1355 ad
3086 1312 3200 1354 ann
3228 1294 3359 1353 546.

2474 1407 2795 1478 Symmachi
2827 1406 2885 1462 44
2922 1415 2979 1464 et
3012 1405 3099 1462 42.

2475 1498 2738 1553 llaaretici
2791 1497 3054 1553 Monachi
3118 1495 3352 1552 ducenti
3414 1492 3485 1549 ab

2397 1583 2628 1641 Oriente
2653 1585 3212 1657 Constantinopolim
3248 1582 3486 1654 profecti

2396 1689 2526 1730 cum
2582 1676 2785 1731 Severo
2861 1677 3041 1745 impio
3093 1675 3381 1741 haeretica,
3431 1677 3490 1727 et

2406 1762 2720 1820 honoriﬁce
2764 1765 3018 1834 suscepti
3057 1763 3129 1819 ab
3181 1764 3486 1818 Anastasno

2405 1852 2522 1920 Imp
2548 1859 2748 1907 contra
2771 1853 3188 1915 Macedonium,
3236 1857 3294 1906 et
3312 1847 3491 1905 Chal—

2404 1941 2776 1997 cedonensem
2840 1942 3127 2012 Synodum
3201 1939 3526 1996 tumultus-

2403 2028 2718 2098 concitant,
2767 2029 3063 2084 adnitente
3104 2031 3316 2084 Joanne
3345 2026 3490 2096 Epi-

2406 2129 2577 2185 sc0po
2614 2116 3024 2174 Alexandrino.
3069 2115 3494 2186 Superveniunt

2402 2219 2470 2260 ex
2526 2205 2830 2263 Palaestina
2893 2207 3154 2264 Monachi
3221 2202 3492 2260 catholici

2404 2295 2503 2364 qui
2567 2295 2732 2352 ﬁdem
2803 2301 3058 2353 tuentur.
3119 2292 3489 2350 Macedonius

2403 2383 2736 2440 Flavianum
2775 2376 3194 2441 Antiochenam
3240 2384 3494 2450 damnat,

2407 2477 2463 2526 et
2501 2481 2757 2544 caeteros,
2812 2474 2913 2544 qui
2959 2480 3159 2528 contra
3201 2471 3490 2541 Synodum

2409 2561 2862 2617 insurrexerant.
2926 2564 3111 2631 Petav.
3157 2568 3213 2616 et
3269 2561 3380 2631 Pag
3425 2573 3495 2616 ex

2404 2649 2744 2719 TheOphane
2767 2663 2918 2706 anno
2941 2650 3080 2706 Alex
3113 2647 3239 2704 504.

2472 2829 2793 2899 Symmachi
2823 2827 2890 2883 42
2917 2835 2975 2886 et
3004 2827 3090 2885 43.

2398 2916 2566 2973 Novae
2640 2920 2823 2974 turba:
2890 2915 3388 2987 Constantinopoli
3441 2922 3502 2970 et

2408 3020 2505 3075 per
2555 3007 2842 3062 Orientem
2874 3008 3134 3064 excitatae
3151 3005 3224 3061 ab
3253 3007 3501 3060 Anasta—

2407 3095 2496 3150 sio
2526 3095 2594 3150 ad
2649 3097 3082 3165 promovendam
3117 3095 3500 3164 receptionem

2405 3183 2688 3254 lienotici,
2735 3191 2791 3241 et
2829 3185 3163 3240 abolendam
3211 3180 3498 3253 Synodum

2407 3271 2945 3329 Chalcedonensem.
2991 3273 3196 3328 Verum
3250 3269 3504 3325 narratis

2410 3373 2507 3428 per
2530 3361 2760 3432 Theoph
2789 3376 2898 3418 non
2929 3375 3058 3418 esse
3079 3360 3314 3416 omnino
3338 3356 3501 3412 adhi-

2404 3447 2645 3505 bendam
2725 3451 2889 3506 ﬁdem
2967 3455 3160 3506 monet
3234 3445 3501 3502 Petavius

2404 3537 2509 3592 Sed
2559 3539 2887 3594 methodum
2918 3537 3245 3609 corrigendi
3287 3535 3500 3605 Pagtus

2406 3625 2521 3681 init
2543 3628 2598 3681 h.
2637 3643 2687 3683 a.
2717 3634 2774 3683 et
2800 3625 2926 3683 542.

2476 3715 2800 3771 Vitalianus
2848 3714 3147 3772 Patricioli
3186 3713 3344 3768 ﬁlius
3389 3709 3500 3766 sub

2402 3805 2722 3860 versionem
2766 3805 3064 3861 catholicae
3092 3802 3249 3859 Fidei
3290 3816 3358 3856 ex
3397 3802 3512 3869 Sy-

2403 3894 2539 3948 nodi
2599 3894 2920 3950 Chalcedon
2993 3893 3380 3954 damnatione,
3440 3895 3499 3944 et

2401 3983 2817 4052 Episc0porum
2837 3982 3266 4038 Catholicorum
3292 3975 3506 4047 expul-

2402 4077 2564 4128 sione
2633 4075 2862 4144 timens,
2941 4072 3182 4128 collecta
3243 4069 3501 4123 virorum

2401 4158 2641 4216 fortium
2693 4175 2865 4217 manu
2895 4169 3094 4217 contra
3125 4156 3497 4214 Anastasinm

2400 4248 2676 4320 insurgit.
2730 4249 2860 4304 Vict
2887 4251 3152 4306 Tunnum
3201 4247 3409 4302 etJorn
3429 4242 3502 4298 de

2395 4352 2531 4393 succ
2573 4339 2726 4410 Regn
2780 4353 2831 4393 c.
2883 4337 3006 4394 409.
3066 4336 3287 4407 Pagius.
3362 4331 3502 4388 Vide

2397 4433 2559 4484 notas
2585 4429 2653 4484 ad
2686 4428 3106 4500 Symmachum.

2461 4535 2782 4605 Symmachi
2815 4531 2900 4603 43,
2951 4541 3009 4589 et
3056 4530 3140 4587 44.

2455 4625 2782 4696 Trisagium
2798 4622 3346 4692 Theopaschitarum
3360 4631 3492 4674 cum

2396 4727 2573 4770 novas
2603 4713 2804 4770 turbas
2841 4709 3336 4779 Constantinopoli
3369 4709 3496 4763 cie-

2396 4811 2500 4872 ret,
2528 4803 2766 4858 adactus
2785 4807 2872 4857 est
2896 4800 3240 4857 Anastasius
3269 4799 3338 4854 ad
3374 4799 3504 4853 Ma-

2395 4892 2702 4948 cedoniam
2773 4891 3040 4947 accedere
3114 4891 3254 4946 dum
3302 4887 3498 4959 fugam

2396 4987 2576 5050 parat,
2625 4987 2682 5036 et
2746 4981 3023 5037 simulare
3072 4994 3133 5036 se
3179 4977 3501 5034 Catholicis

2397 5069 2688 5124 assentiri.
2719 5070 2926 5126 Verum
2957 5070 3125 5140 paulo
3158 5075 3307 5138 post,
3342 5067 3502 5121 larva

2394 5159 2677 5228 deposita,
2711 5167 2909 5216 contra
2949 5159 3345 5215 Macedonium
3374 5155 3497 5226 (qui

2395 5253 2588 5314 aperte
2611 5248 2903 5316 professus
2942 5248 3131 5304 fuerat
3157 5259 3216 5301 se
3247 5245 3502 5312 recipere

2397 5336 2686 5405 Synodum
2774 5337 3293 5392 Chalcedonensem
3365 5345 3499 5386 cum

2399 5425 2562 5480 Clero
2597 5425 2914 5495 Catholico)
2944 5424 3273 5481 calumnias
3293 5420 3496 5485 struit,

2401 5519 2458 5567 et
2496 5511 2646 5569 solio
2696 5511 3024 5584 Episcopali
3096 5509 3383 5578 deturbat,
3435 5507 3498 5563 in

3542 420 3682 473 Erae

3501 489 3713 546 Christi.

3575 1401 3682 1460 509

3579 2823 3690 2882 540

3584 4524 3689 4584 544
