3968 6164
127 257 223 318 749
1063 283 1403 346 CHRONOL.
1442 290 1490 347 A
1526 293 1581 350 S.
1624 295 2013 362 SYLVESTRO
2050 309 2145 364 AD
2182 311 2236 367 S.
2276 316 2483 376 GREG.
2523 324 2596 379 M.

184 384 330 476 Anni
378 389 755 458 Imperatores,
781 395 1035 457 Consules
1072 409 1451 476 Romanorum,
1530 419 1684 472 Anni

3425 346 3531 408 750

1789 422 1848 482 A
1920 429 2100 530 [Anni
2163 433 2616 530 Christianorum,
2666 449 2978 530 Judaeorum
3025 464 3076 512 et
3115 465 3252 530 ﬁni—
3309 470 3466 526 Anni

1074 459 1301 464 _-.._-_.--
1345 459 1451 476 πω,
1530 459 1683 472 .-.νην
1789 459 1848 482 η
1941 459 2098 487 nuru
2163 459 2616 509 utrasmmorum,
2666 459 2978 509 Judaeorum
3025 464 3076 512 et
3115 465 3252 530 ﬁni—
3309 470 3466 526 Anni

577 477 660 518 res
679 473 841 533 gestae
885 477 936 527 et
993 476 1333 538 documenta.
1524 489 1652 601 "$9
1679 489 1747 601 tif
1919 500 2110 576 Olymp
2264 511 2518 601 timorum
2554 521 2900 601 papulowum,
2938 529 3243 601 Pontiﬁces,
3331 543 3470 598 IErae

682 528 701 533 ν
1553 528 1614 542 υ.
1680 528 1714 544 υ
1919 528 2110 576 υιῃηιρ
2264 528 2518 569 umorum
2554 528 2900 588 pOpulomm,
2938 528 3243 601 Pontiﬁces,
3331 543 3470 598 Era

1429 565 1753 669 "menaeus;
2006 641 2014 652 l
2264 583 2453 649 Reges,
2484 602 2570 642 res
2583 596 2746 656 gesta:
2770 600 2822 648 et
2859 598 3197 660 documenta.
3277 609 3482 669 Christi

169 604 211 654 et
229 600 354 656 1nd.
1423 600 1753 698 posytmngaiivl

386 761 441 816 p.
486 746 609 806 450.
642 750 1010 817 Anastasium
1055 761 1109 818 h.
1143 777 1195 820 a.
1246 767 1477 826 Consu—

387 835 494 892 lem
529 853 640 896 non
674 841 855 902 fuisse
893 851 1214 923 Augustum
1249 857 1473 926 probat.

384 926 648 994 Ejusdem
695 933 906 1004 duplex
928 940 1240 1012 diptychon
1263 946 1474 1003 Consu-

389 1014 504 1072 lare
557 1019 775 1078 editum
829 1039 859 1080 a
909 1029 1241 1090 Vilthemio.
1293 1037 1477 1095 Unius

390 1105 607 1164 iconem
632 1111 901 1172 dedimus
936 1118 995 1174 in
1025 1121 1337 1196 Prolegom.
1373 1126 1473 1184 fol.

386 1209 562 1251 XXVII.

455 1286 718 1354 Synodus
789 1293 1148 1363 Epaunensis
1222 1305 1277 1358 h.
1353 1320 1468 1362 cos.

386 1373 524 1429 Vide
549 1378 721 1434 Noris
755 1380 873 1438 hist
897 1385 1066 1459 Pelag
1090 1389 1172 1445 lib
1193 1389 1229 1447 2
1257 1407 1360 1465 cap
1379 1393 1469 1452 23.

176 1544 334 1643 5234A
438 1553 557 1643 Imp
597 1556 726 1643 Cass
789 1559 1134 1623 Anastasius
1189 1570 1316 1643 Aug
1395 1578 1467 1630 tr.
1543 1573 1679 1633 4270

156 1638 214 1708 ﬁ)
265 1635 337 1693 23
380 1639 553 1710 p.27,
581 1642 674 1716 28,
711 1650 807 1718 qui
845 1654 1094 1711 moritur
1121 1673 1174 1714 χι
1225 1635 1464 1730 Aprilis.
1544 1663 1673 1723 4274

150 1723 209 1795 θ
271 1725 304 1782 6
369 1730 632 1789 JUSTlNUS
684 1737 870 1794 Thrax
922 1757 1232 1814 purpuram
1288 1753 1469 1808 sumit

217 1815 255 1870 G
371 1819 513 1876 Julii
545 1820 598 1890 9,
635 1826 730 1881 lnd
758 1842 836 1900 χι,
870 1845 1020 1888 anno
1063 1835 1310 1894 Antioch
1340 1839 1466 1898 566.

166 1906 323 1961 lndict
386 1911 497 1965 Chr
524 1914 699 1969 Pasch
716 1958 728 1970 .

208 2007 259 2048 xi
443 2000 780 2061 Theodorici
810 2008 979 2081 Regis
1023 2011 1096 2069 25
1123 2021 1179 2070 et
1214 2015 1303 2073 26.

177 2087 217 2136 et
236 2098 309 2140 xu
443 2088 550 2144 Cos
597 2093 833 2165 Magnus
865 2099 1082 2171 absque
1119 2106 1354 2179 collega.

453 2179 705 2248 Epistola
725 2187 939 2244 Justini
969 2193 1084 2261 [mp
1109 2195 1177 2248 ad
1202 2197 1466 2254 Hormis-
1567 2221 1572 2224 ·

379 2265 509 2321 dam
540 2274 652 2325 tom
685 2274 754 2328 IV
784 2277 968 2332 concil
1016 2281 1134 2337 Gen
1198 2297 1304 2357 pag
1331 2284 1469 2345 4469

383 2353 511 2410 data
544 2358 644 2413 Kal
674 2361 818 2432 Aug.

451 2445 795 2519 Vitalianus,
841 2455 940 2523 qui
979 2465 1177 2516 contra
1219 2461 1468 2522 Anasta-

384 2531 1463 2620 siumsteteratproCatholicis,Justini

379 2624 769 2685 amicissimus
797 2631 992 2703 instat,
1017 2644 1074 2693 ut
1096 2641 1465 2711 Imperatoris

374 2709 541 2779 jussu
608 2716 786 2786 impio
851 2722 1056 2781 Severo
1109 2709 1464 2792 Antiocheno

379 2799 575 2874 lingua
602 2809 968 2875 praecidatur.
1002 2817 1054 2871 Is
1086 2815 1237 2889 fugit
1263 2821 1322 2876 in
1363 2824 1466 2877 1E-

375 2899 627 2965 gyptum,
661 2910 898 2970 eamque
931 2907 1289 2973 provinciam
1321 2913 1462 2969 inﬂ-

371 2982 456 3037 cit
478 2987 695 3042 erroris
739 2994 1102 3064 contagione.

447 3076 504 3129 In
543 3077 669 3146 ejus
714 3078 902 3137 locum
959 3087 1171 3144 Paulus
1219 3090 1461 3164 eligitur

366 3162 615 3235 Episcop
639 3170 904 3228 Antioch.

173 3260 297 3321 5232
445 3272 565 3343 Imp
598 3274 680 3331 Fl.
719 3277 840 3334 Caes
867 3280 1011 3337 Anic
1035 3285 1302 3344 Justinus
1331 3288 1452 3347 Au-

151 3439 212 3511 θ
255 3441 288 3499 7
358 3463 408 3518 p.
438 3447 475 3504 2
502 3466 618 3508 cos.

217 3535 256 3587 Ρ
431 3541 772 3602 Theodorici
810 3547 980 3622 Regis
1009 3548 1103 3619 26,
1145 3550 1238 3610 27.

158 3621 316 3680 Indict
581 3633 848 3693 Justinus
877 3621 1022 3712 Aug.

195 3727 264 3768 xu
353 3718 490 3774 Coss
563 3723 914 3784 Eutharicus
1011 3731 1238 3805 Cillica,
1335 3737 1450 3794 Go-

157 3804 200 3855 et
219 3815 312 3860 xm
647 3813 802 3870 thus.

436 3900 496 3955 L.
527 3897 584 3971 7,
615 3901 670 3956 (Ζ.
701 3904 771 3960 de
810 3909 1036 3965 natural
1073 3911 1155 3967 lib
1181 3917 1270 3969 etc
1296 3918 1448 3985 apud

361 3987 597 4046 Reland.
656 3993 757 4049 Vet
787 3995 1035 4069 inscript
1080 4002 1218 4058 olim
1254 4004 1311 4060 in
1346 4020 1454 4076 pa-

362 4077 496 4133 vim.
560 4080 618 4136 S.
672 4083 981 4142 Clementis
1029 4090 1239 4163 Roma,
1297 4107 1450 4152 nunc

365 4165 422 4222 in
467 4171 617 4225 Mus.
669 4172 808 4229 Card
856 4174 997 4232 Alex
1045 4179 1271 4251 Albani,
1324 4201 1450 4256 qua:

362 4259 510 4327 apud
580 4260 806 4318 Fabrett
868 4267 1116 4339 inscript
1164 4286 1272 4343 pag
1322 4273 1448 4332 207.

361 4347 507 4403 Grut
553 4347 710 4406 4053.
768 4355 971 4412 Reines
1036 4356 1158 4416 900.
1220 4365 1447 4422 Litteras

359 4436 694 4504 Ilormisdaa,
717 4443 957 4516 ejusque
981 4449 1314 4520 Legatorum
1348 4451 1436 4524 40,

428 4615 543 4670 Hoc
583 4631 696 4675 ann
759 4621 1096 4682 institutum
1131 4629 1187 4684 in
1214 4631 1448 4690 Britan-

359 4701 456 4760 nia
494 4706 749 4778 Regnum
780 4712 1286 4793 West—Saxonum,
1322 4725 1447 4780 sive

354 4791 642 4853 Saxonum
699 4798 1158 4863 Occidentalium
1213 4791 1442 4868 a'Cer-

355 4880 487 4939 dico
525 4888 736 4945 asserit
764 4891 975 4964 Pagius
1005 4908 1061 4951 n.
1106 4893 1178 4954 22
1205 4913 1273 4957 ex
1322 4901 1442 4960 hist

352 4970 521 5045 Angl.

155 5064 280 5129 5233
428 5081 546 5154 Imp
572 5085 841 5145 Justinus
865 5089 996 5165 Aug
1044 5097 1101 5151 tr
1142 5109 1197 5167 p.
1239 5095 1276 5156 2
1302 5104 1359 5158 et
1383 5100 1437 5175 3,
1515 5101 1656 5164 4272

155 5159 184 5252 ρ
341 5181 460 5224 cos.
1516 5190 1656 5252 4273

129 5159 184 5229 air)
235 5158 303 5221 25
341 5181 460 5224 cos.

125 5243 182 5316 θ
236 5249 270 5307 8
417 5259 758 5322 Theodorici
785 5268 958 5343 Regis
986 5269 1057 5330 27
1086 5277 1142 5330 et
1169 5272 1261 5332 28.

147 5337 188 5391 Β
217 5343 260 5391 D
338 5383 372 5391 ._
518 5352 843 5391 Vitelliana":
871 5360 950 5391 Α..

234 5352 295 5440 3‘
331 5383 477 5440 COSS
516 5352 968 5440 Vitalianuspr.

138 5409 295 5470 lndict
331 5409 477 5440 υυδδ
516 5409 976 5488 Ἦιιειίὲῖιζῡόἱί.

168 5511 259 5559 xm
355 5510 489 5577 ,Vet
545 5515 704 5571 inscr
731 5518 789 5574 in
845 5523 1031 5591 pavim
1067 5526 1170 5582 Bas
1199 5527 1254 5583 S.
1287 5530 1441 5586 Pau-

135 5594 175 5643 ιε
197 5605 287 5650 xiv
340 5599 414 5655 li.
448 5602 843 5674 EpistJustini
869 5613 939 5669 ad
969 5615 1326 5675 Hormisdam
1346 5632 1437 5676 xv.

1784 1758 1836 1818 B

1532 3291 1662 3350 4274

154 3356 212 3454 ἓ
256 3354 329 3454 ξι
365 3367 571 3454 gustus
612 3371 684 3422 tr.
737 3383 791 3439 p.
852 3369 876 3425 4
925 3379 981 3427 et
1017 3387 1084 3429 ex
1129 3373 1183 3431 9.
1235 3378 1327 3435 Jul
1381 3385 1454 3437 tr.
1533 3380 1672 3441 4272
1962 3354 2024 3454 1.1.1

1942 5105 2006 5150 ιιι

1961 5196 2015 5240 ιν

2226 741 2362 798 Dira
2410 753 2730 816 persecutio
2765 756 2821 811 in
2851 757 3014 830 Syria
3044 773 3244 827 contra

2153 831 2488 905 catholicos,
2543 847 2857 908 praesertim
2912 857 3238 928 monachos,

2154 934 2186 976 a
2253 924 2455 981 Severo
2526 930 2881 993 Antiocheno
2959 924 3236 1004 movetur.

2153 1015 2448 1072 Maronitze
2483 1033 2597 1088 prae
2642 1027 2865 1083 caeteris
2907 1039 3237 1094 constantes

2155 1107 2490 1176 martyrium
2526 1111 2794 1171 subeunt.
2827 1119 3029 1176 Baron.
3072 1126 3238 1184 Petav

2155 1194 2284 1266 Pag.

2219 1287 2303 1343 Jo.
2348 1290 2532 1359 Episc.
2589 1293 2750 1350 Alex.
2799 1298 2943 1356 obit.
2985 1305 3238 1377 Eligitur

2148 1375 2459 1435 Dioscorus
2484 1382 2614 1436 Jun.
2639 1386 2828 1443 Noris.
2875 1392 2944 1447 de
2985 1375 3115 1466 Syn.
3168 1401 3229 1455 V.

2150 1479 2273 1536 pag.
2303 1463 2338 1522 7
2380 1483 2446 1524 ex
2483 1473 2624 1528 Vict.
2667 1476 2873 1535 Chron.

2218 1576 2532 1636 Hormisdze
2555 1579 2588 1635 4
2618 1591 2672 1638 et
2696 1583 2748 1640 5.
3325 1599 3433 1659 548

2211 1665 2431 1734 Impius
2455 1672 2795 1730 Anastasius
2827 1678 2966 1748 Imp.
3008 1682 3170 1740 Feria
3196 1702 3230 1742 ν

2150 1755 2386 1824 majoris
2411 1756 2774 1818 hebdomadis
2813 1767 2940 1824 visu
2968 1775 3228 1845 territus,

2150 1843 2289 1910 sive,
2321 1853 2383 1900 ut
2403 1847 2506 1902 alii
2531 1862 2796 1908 asserunt
2822 1853 3066 1916 fulmine
3084 1843 3232 1921 ictus

2148 1931 2310 1988 obit:
2345 1935 2649 1995 decedente
2696 1944 2867 1999 etiam
2913 1948 3228 2025 Timotheo,

2147 2021 2336 2089 Episc.
2365 2024 2799 2102 ConstantinOp.
2825 2036 3067 2095 Joannes
3097 2021 3233 2113 Cap;

2150 2111 2329 2179 padox
2358 2111 2548 2171 fautor
2590 2123 2886 2180 catholica:
2917 2127 3071 2185 Fidei
3115 2111 3232 2187 eli-

2145 2201 2390 2272 giturin
2443 2206 2627 2263 locum
2669 2211 2974 2286 Timothei,
3025 2225 3082 2274 et
3137 2221 3234 2277 die

2144 2291 2316 2346 tertia
2365 2294 2658 2354 Pascbatis
2690 2301 3012 2362 Pontiﬁciis
3052 2322 3231 2363 orna—

2147 2381 2354 2436 mentis
2387 2383 2688 2444 induitur:
2716 2393 3120 2462 quiSynodum
3151 2398 3234 2453 in-

2143 2469 2288 2525 dicit
2344 2473 2867 2550 ConstantinOpoli,
2897 2489 2953 2538 et
2983 2486 3232 2544 celebrat

2146 2558 2203 2613 in
2227 2576 2336 2631 qua
2354 2564 2405 2618 S.
2428 2566 2691 2636 Synodus
2726 2572 3226 2650 Chalcedonensis,

2141 2654 2198 2704 et
2224 2651 2276 2705 S.
2301 2652 2504 2711 Leonis
2535 2658 2692 2727 Papae
2713 2674 2778 2715 ac
2803 2666 3118 2723 Macedonii
3138 2684 3232 2726 no-

2144 2740 2297 2796 mina
2329 2745 2513 2799 sacris
2539 2746 2834 2818 diptychis
2867 2753 3224 2818 inseruntur.

2213 2832 2350 2887 Item
2367 2833 2574 2905 Synod.
2603 2839 2661 2893 in
2687 2842 2988 2902 Palaestina
3004 2849 3072 2905 ad
3094 2853 3234 2909 reci-

2145 2919 2407 2988 piendam
2434 2925 2734 2994 epistolam
2767 2932 2954 3003 dogm.
2999 2939 3053 2991 S.
3084 2941 3230 2997 Leo—

2142 3010 2253 3078 nis,
2273 3018 2328 3066 et
2351 3013 2568 3071 Concil.
2598 3017 2864 3078 Chalced.
2895 3025 3034 3084 Vide
3065 3037 3228 3088 notas

2140 3099 2209 3154 ad
2242 3101 2623 3163 Hormisdam.

2207 3313 2523 3372 Hormisdaa
2547 3316 2582 3374 5
2610 3324 2665 3375 et
2686 3319 2740 3376 6.
3312 3331 3424 3393 549

2207 3403 2508 3463 Hormisda
2548 3409 2804 3482 quinque
2849 3412 3064 3486 legatos
3111 3419 3225 3491 By-

2137 3494 2393 3549 zantium
2427 3497 2627 3567 mittit,
2675 3501 2935 3558 turbatas
2962 3506 3033 3560 ab
3063 3507 3223 3566 Ana-

2135 3581 2314 3637 stasio
2345 3597 2434 3639 res
2459 3589 2902 3657 composituras.
2944 3595 3085 3654 Vide
3114 3613 3224 3656 no-

2134 3676 2220 3726 tas
2243 3685 2368 3743 pag.
2395 3670 2501 3730 235
2530 3675 2729 3746 et237,
2755 3687 2810 3736 et
2843 3683 3031 3742 Noris.
3080 3687 3216 3747 hist.

2133 3759 2318 3832 Pelag.
2353 3761 2456 3817 lib.
2487 3761 2540 3836 2,
2575 3781 2624 3821 c.
2670 3765 2756 3823 48.

2204 3851 2465 3908 Monachi
2537 3855 2759 3926 Scythae
2809 3875 2938 3917 cum
2995 3865 3221 3926 Victore

2128 3937 2379 3995 Diacono
2406 3940 2566 3997 litem
2599 3944 2884 4005 intentant
2916 3952 2986 4008 de
3008 3955 3128 4012 Uno
3159 3958 3218 4014 in

2129 4025 2412 4083 Trinitate
2444 4042 2629 4101 passo,
2681 4039 2738 4089 et
2764 4036 2835 4092 de
2858 4037 3058 4097 haeresi
3091 4045 3216 4101 Eu-

2129 4115 2396 4185 tychiana
2420 4124 2476 4174 et
2505 4121 2822 4193 Pelagiana.
2856 4130 2929 4186 Ea
2961 4131 3218 4192 defertur

2127 4204 2196 4258 ad
2227 4205 2482 4264 tribunal
2510 4210 2842 4272 Hormisdae.
2884 4219 3023 4277 Vide
3054 4232 3216 4283 notas

2131 4292 2301 4350 infra.

2197 4381 2458 4441 Dioscori
2517 4398 2774 4458 mortem,
2825 4401 2880 4449 et
2925 4397 3209 4459 Timothei

2129 4475 2547 4531 successionem
2600 4479 2658 4532 in
2732 4481 2892 4538 Cath.
2959 4487 3214 4548 Alexan-

2127 4559 2296 4616 drina
2347 4563 2485 4618 huic
2537 4578 2688 4624 anno
2743 4571 2947 4642 alligat
3004 4577 3211 4650 Pagius

2128 4662 2285 4704 num.
2330 4648 2419 4719 20,
2487 4667 2656 4722 quam
2725 4663 2910 4716 tamen
2972 4648 3208 4726 biennio

2126 4742 2253 4807 post
2302 4741 2618 4814 contigisse
2664 4745 2830 4805 docet
2889 4753 3080 4811 Noris.
3136 4757 3209 4816 de

2119 4827 2250 4898 Syn.
2275 4828 2339 4884 V.
2365 4845 2489 4904 pag.
2514 4829 2570 4889 7.

2186 5097 2500 5155 Hormisdte
2520 5098 2554 5156 6
2572 5107 2628 5158 et
2644 5098 2700 5159 7.
3287 5118 3396 5182 520

2208 5187 2574 5248 Justinianus
2619 5194 2890 5266 Magister
2947 5200 3202 5264 Militum

2119 5277 2393 5347 regnandi
2435 5281 2752 5341 ambitione
2780 5286 2946 5346 ﬁdem
2994 5291 3204 5353 formi-

2117 5364 2362 5423 dandam
2429 5370 2751 5446 infringens
2835 5379 3200 5445 Sacramento

2117 5456 2347 5511 Domini
2405 5471 2670 5532 suscepto
2733 5467 2943 5543 datam,
2983 5489 3203 5533 consu-

2118 5542 2226 5599 lem
2290 5547 2638 5608 Vitalianum
2689 5542 3197 5636 occidit.7Proc0p.

2125 5633 2258 5690 hist.
2292 5649 2407 5694 arc.
2442 5655 2496 5711 p.
2547 5639 2636 5700 30.
2687 5646 2804 5703 Alii
2850 5664 2980 5706 cum
3011 5633 3200 5714 "rned-
