3968 6164
416 347 516 408 754
1219 342 1311 399 AD
1349 337 1784 397 ANASTASIUM
1825 329 2340 392 PROLEGOMENA
2375 332 2554 392 EDIT.
2596 299 3023 392 RIOM.-VATIC.

479 554 607 679 gul.
773 545 796 550 “
880 566 964 606 res
1013 554 1175 619 gestae
1242 551 1292 602 et
1357 545 1693 600 documenta.

524 641 599 679 er.

524 641 599 679 er.

707 838 811 894 Kal
843 837 986 894 Febr
1034 836 1126 891 his
1151 848 1301 890 coss.
1347 831 1488 888 Vide
1531 831 1698 884 notas
1740 840 1793 882 a.

705 925 832 996 240,
858 931 914 984 et
939 924 1254 982 Hormisdie
1279 921 1348 978 ab
1376 923 1478 991 Ep.
1499 917 1570 975 66
1602 919 1672 974 ad
1702 912 1792 971 84.

775 1018 831 1073 S.
887 1016 1229 1088 Fulgentius
1281 1013 1602 1082 Episcopus
1669 1008 1808 1062 Ru—'

706 1107 932 1178 spensis
949 1105 1111 1162 exsul
1135 1103 1292 1160 Fidei
1311 1114 1483 1158 causa
1507 1100 1566 1153 in
1588 1096 1796 1153 Sardi-

709 1197 804 1251 nia
828 1195 1034 1252 scribit
1062 1194 1275 1249 librum
1308 1192 1377 1247 de
1410 1189 1545 1244 Fide
1583 1187 1652 1241 ad
1687 1187 1794 1240 Pe-

707 1290 881 1344 trum.
918 1297 1082 1350 quem
1141 1283 1290 1336 inter
1339 1291 1509 1348 opera
1557 1277 1612 1331 S.
1667 1275 1789 1330 Au-

709 1374 926 1446 gustini
985 1375 1280 1428 recensent
1331 1382 1460 1425 cum
1503 1363 1792 1435 Fulgentii

707 1463 801 1518 tit.
849 1463 988 1518 Vide
1028 1459 1198 1517 Noris
1231 1459 1350 1514 hist
1400 1455 1564 1526 Pelag
1610 1453 1694 1509 lib
1735 1449 1790 1523 2,

707 1566 757 1608 c.
793 1549 860 1606 49

494 1656 637 1717 5234
779 1661 901 1729 Imp
952 1657 1218 1713 Justinus
1263 1655 1390 1726 Aug
1433 1656 1502 1708 tr.
1558 1666 1614 1721 p.
1659 1647 1713 1706 3.
1752 1645 1806 1719 4,
1878 1641 2016 1702 4273

1870 1731 2008 1792 4274

2108 1795 2161 1858 Β

458 1752 531 1824 ἐξ)
588 1747 794 1806 26cos

459 1837 532 1910 θ
591 1835 626 1894 9
773 1834 1118 1890 Theodorici
1147 1831 1319 1904 Regis
1337 1828 1409 1887 28
1437 1834 1493 1886 et
1520 1827 1612 1886 29.

702 1963 840 2018 Coss
876 1925 1264 2018 {E§Ei_lﬂinus'

469 1999 652 2055 Indict
702 1997 840 2018 ww
881 1997 1161 2052 Valerius.

522 2101 622 2142 xiv
789 2088 892 2142 Vet
967 2085 1214 2153 inscript
1285 2080 1514 2137 Fabrett
1575 2091 1678 2148 cap
1734 2091 1791 2146 x,

497 2181 546 2231 et
569 2190 642 2231 xv
717 2191 852 2232 num
894 2172 1020 2231 454.
1059 2173 1268 2229 Ticini.
1323 2169 1593 2241 Epistolas
1645 2169 1794 2223 Hor-

711 2265 909 2319 misdai
941 2279 1123 2332 usque
1147 2263 1216 2319 ad
1246 2259 1318 2318 89
1347 2267 1403 2317 et
1425 2258 1641 2316 Justini
1675 2259 1795 2312 lm—

712 2351 1014 2424 peratoris.
1069 2351 1211 2407 Vide
1243 2360 1406 2406 notas
1432 2363 1540 2420 pag
1582 2344 1708 2414 235,
1734 2342 1789 2399 2.

780 2439 1148 2496 Justinianus
1169 2438 1620 2495 famosissimum
1641 2435 1793 2490 hunc

708 2527 1080 2587 Consulatum
1171 2527 1598 2582 mandiiicentia
1691 2535 1796 2579 sua

709 2618 942 2675 reddit..
967 2619 1106 2672 Nam
1123 2613 1230 2670 289
1261 2616 1580 2672 solidorum
1604 2610 1792 2667 millia

710 2709 770 2763 in
803 2707 1077 2776 populum
1121 2709 1178 2760 et
1217 2705 1276 2759 in
1326 2701 1784 2772 spectaculorum

707 2801 1044 2867 apparatum
1079 2792 1414 2863 insumpsit.
1456 2792 1669 2846 Leones
1688 2801 1786 2860 xx,

709 2885 916 2956 pardos
938 2899 1070 2954 xxx,
1099 2884 1353 2953 exceptis
1377 2881 1515 2937 aliis
1535 2877 1695 2947 feris,
1729 2879 1788 2932 in

703 2975 1142 3045 Amphitheatro
1205 2971 1490 3028 exhibuit.
1547 2967 1794 3025 Marcel—

708 3065 885 3121 linus.

483 3170 628 3229 5235
772 3175 914 3241 Imp.
957 3171 1223 3227 Justinus
1264 3168 1406 3240 Aug.
1463 3173 1534 3224 tr.
1580 3183 1634 3238 p.
1669 3166 1719 3238 4,
1751 3165 1805 3238 5,
2104 3149 2153 3213 Ο

703 3274 822 3311 cos.
1971 3273 2007 3311 ο

1971 3273 2004 3312 0

703 3274 822 3316 COS.

456 3352 529 3426 ξεν)
592 3346 663 3407 27
770 3349 1116 3408 Theodorici
1168 3347 1340 3418 Regis
1381 3344 1452 3403 29
1491 3352 1546 3402 et
1591 3343 1682 3403 30.

454 3445 528 3519 θ
599 3440 662 3499 to
1485 3435 1622 3490 Filii
1680 3435 1789 3491 An.

519 3536 563 3590 B
925 3527 1296 3599 Symmachus
1372 3527 1498 3582 Man
1596 3537 1719 3580 seu.

543 3607 644 3625 in;
741 3582 857 3625 088.
954 3600 1224 3625 ιιΑηιμιη-
1398 3595 1639 3625 Canachi:

467 3607 644 3664 Indict
698 3595 857 3625 “"°°‘
953 3595 1248 3658 Boethius.
1398 3595 1640 3652 ‘Boethii

522 3709 598 3751 xv
1443 3699 1557 3741 cos.
1587 3683 1714 3740 540.

499 3782 596 3839 et4
762 3784 936 3836 Vetus
969 3778 1232 3846 inscript.
1262 3777 1321 3831 in
1353 3776 1478 3830 Bas.
1517 3776 1572 3830 S.
1598 3773 1783 3844 Pauli,

697 3869 768 3924 de
798 3881 911 3937 qua
939 3866 1254 3920 Severanus
1287 3876 1340 3931 p.
1376 3859 1497 3915 452.
1532 3867 1587 3916 et
1615 3861 1789 3917 Flect-

700 3957 840 4013 vood
871 3967 978 4024 pag
1004 3948 1107 4007 455
1137 3950 1204 4006 ad
1233 3951 1287 4006 S.
1322 3948 1634 4003 Pancratii.

765 4039 1186 4100 Transamundi
1220 4038 1630 4095 Wandalorum
1666 4037 1784 4092 Re-

699 4136 790 4206 gis
817 4135 875 4188 in
912 4130 1103 4186 Africa
1132 4135 1370 4185 mortem
1399 4127 1454 4182 h.
1502 4141 1553 4182 a.
1583 4126 1787 4183 consi—

695 4228 830 4295 gnat
874 4219 1156 4276 Petavius.
1196 4218 1405 4289 Pagius
1447 4217 1515 4271 ad
1545 4229 1784 4285 sequen-

697 4316 807 4366 tem
840 4306 1204 4365 consulatum
1243 4303 1615 4360 diﬂ‘erendam
1659 4310 1782 4358 sta—

698 4399 831 4456 tuit.
864 4400 946 4454 Ex
972 4396 1198 4454 Victore
1217 4393 1574 4462 Tununensi,
1607 4391 1784 4448 aliis-

699 4503 830 4561 que.

769 4581 1004 4636 Dunaan
1133 4573 1554 4632 Homeritarum
1666 4574 1780 4629 Rex

702 4667 1049 4745 [IEthiOpum
1080 4666 1139 4722 in
1166 4663 1312 4739 Afr.]
1340 4679 1407 4720 ex
1438 4663 1774 4720 Christiano

698 4761 927 4816 Iudaeus
948 4757 1133 4813 factus
1151 4755 1371 4812 Fideles
1407 4755 1777 4824 persequitur

697 4849 751 4905 S.
784 4847 1052 4904 Aretham
1098 4844 1379 4916 Martyrio
1412 4841 1685 4912 afﬁciens,
1718 4847 1776 4898 et

697 4952 905 4995 SOCIOS.

487 5045 632 5106 5236
780 5049 898 5116 Imp
943 5044 1208 5102 Justinus
1236 5042 1364 5115 Aug
1393 5046 1465 5097 tr.
1533 5055 1588 5110 p.
1636 5037 1690 5109 5,
1739 5037 1774 5095 6
1850 5035 1988 5096 4275

585 5135 660 5192 28
696 5149 793 5190 cos

447 5228 519 5300 θ
582 5223 641 5282 44
772 5222 1110 5279 Theodorici
1145 5221 1315 5290 Regis
1344 5215 1413 5273 30
1438 5223 1492 5274 et
1522 5217 1610 5274 34.

520 5319 568 5372 Α
755 5314 861 5370 Cos
892 5313 1174 5367 Maximus
1199 5308 1381 5363 solus.

468 5409 650 5464 Indict
778 5404 948 5458 Vetus
977 5398 1222 5468 inscript
1249 5398 1305 5452 in
1348 5397 1464 5452 Bas.
1501 5398 1772 5456 Vaticana

690 5496 760 5552 de
817 5506 929 5565 qua
976 5491 1035 5545 in
1087 5489 1239 5544 notis
1288 5504 1340 5559 p.
1386 5485 1514 5559 229,
1551 5489 1662 5556 col,
1718 5488 1768 5544 4.

535 5583 558 5642 4
756 5585 972 5640 Marius
1021 5579 1417 5636 Aventicensis
1457 5594 1525 5636 ex
1578 5580 1681 5635 hoc
1715 5594 1767 5636 a.

501 5681 551 5731 ct
583 5689 622 5730 ιι
715 5675 925 5744 incipit
943 5673 1194 5730 inserere
1233 5683 1339 5726 suo
1374 5671 1584 5726 Chron.
1618 5669 1783 5724 Indi—

1860 540 1924 592 U.
1949 537 2006 592 C.
2226 537 2416 608 Olymp

1822 615 1947 664 ante
1969 613 2019 663 et

488 701 536 751 et
563 695 674 751 Ind
1733 689 1857 754 post
1877 680 2042 737 Palil.

2223 1630 2410 1705 Oli/mp

2271 1719 2377 1778 324

2297 1825 2350 1866 iv
2464 1816 2691 1881 perator
2719 1811 3002 1883 (Justinus
3035 1813 3204 1868 etiam
3234 1813 3548 1868 certamina

2291 1906 2342 1956 et
2449 1901 2744 1972 Olympica
2791 1901 3112 1972 prohibuit,
3163 1916 3230 1957 ne
3277 1902 3547 1972 deinceps

2279 1988 2385 2047 325
2474 1992 2794 2048 Amici-hia:
2818 1992 2889 2048 ab
2915 1993 3238 2047 Indictione
3270 2005 3364 2046 xiv
3393 1991 3548 2047 cele-

1851 5126 1988 5186 4276
2278 5138 2338 5180 iii

2475 807 2658 878 phane
2688 806 2912 864 civibus
2953 807 3551 878 Constantinopolita-

2473 898 2588 967 nis,
2618 897 2722 953 alii
2745 912 2874 953 cum
2901 899 3140 969 Evagrio
3182 898 3282 953 lib.
3341 895 3394 967 4,
3443 913 3495 953 c.
3525 897 3580 955 3.

2467 986 2960 1044 Justinidoloeam
2976 987 3182 1044 caedem
3196 986 3546 1045 attribuunt.

2470 1075 2612 1131 Vide
2634 1069 2817 1131 Petav.

2539 1148 2743 1203 Joanni
2796 1148 3112 1219 Cappadoci
3148 1150 3373 1204 mortuo
3405 1162 3544 1204 suc-

2468 1239 2622 1294 cedit
2649 1239 2702 1293 h.
2750 1251 2800 1293 a.
2837 1239 2897 1294 in
2929 1238 3078 1294 Eccl.
3108 1239 3544 1308 Constantinop.

2469 1328 2850 1399 Epiphanius.

2517 1632 2833 1689 Hormisdae
2859 1628 2895 1687 7
2923 1636 2978 1688 et
3005 1631 3060 1688 8.

2531 1723 2614 1778 Jo.
2660 1721 2863 1778 Malala
2893 1734 3020 1792 pag.
3071 1718 3193 1778 440.
3247 1722 3396 1778 Idem
3429 1724 3548 1778 Im-

2462 2080 2787 2138 brarentur.
2808 2083 2888 2138 Ab
2905 2081 3141 2138 Afranio
3155 2089 3345 2137 autem
3365 2095 3547 2152 usque

2469 2173 2539 2229 ad
2587 2187 2800 2229 annum
2862 2186 3072 2228 anvui
3121 2169 3285 2246 [Erae
3334 2172 3550 2228 Antio-

2469 2259 2682 2338 chenae]
2717 2276 2829 2334 quo
2861 2269 3112 2333 tempore
3142 2262 3298 2318 ludis
3320 2261 3442 2317 illis
3465 2261 3551 2316 in-

2468 2354 2776 2410 terdictum
2824 2358 2931 2425 est,
2993 2351 3302 2409 Alitarchie
3348 2365 3546 2408 Lxxvu

2469 2447 2867 2499 numerantur.
2885 2497 2896 2506 ,

2543 2532 2739 2589 Victor
2791 2533 2852 2588 in
2905 2532 3113 2588 Chron.
3157 2531 3306 2602 apud
3355 2531 3545 2588 Noris.

2467 2624 2536 2680 de
2560 2625 2692 2694 Syn.
2717 2626 2774 2680 V.
2823 2637 2948 2694 pag.
2979 2621 3034 2692 7,
3080 2622 3172 2678 his
3215 2623 3371 2680 Coss.
3405 2637 3550 2678 suc-

2466 2714 2780 2770 cessionem
2832 2713 3089 2769 Dioscori
3143 2718 3272 2783 post
3313 2718 3554 2768 mortem

2465 2803 2748 2859 Timothei
2777 2803 2933 2858 Alex.
2963 2803 3242 2874 assignat.

2538 2891 2710 2949 Paulo
2734 2893 2982 2949 Antioch
3026 2898 3248 2949 mortuo
3291 2892 3555 2950 succedit

2465 2982 2826 3053 Euphrasius
2855 2983 3107 3054 Theoph.

2528 3164 2843 3220 Hormisdaa
2866 3163 2902 3219 8
2921 3168 2976 3219 et
3003 3161 3057 3219 9.

2547 3253 2819 3310 Tzathius
2861 3256 3159 3310 Laziorum
3219 3267 3314 3310 rex
3343 3267 3376 3309 a
3406 3254 3552 3309 Per-

2468 3355 2661 3399 sarum
2713 3357 2841 3415 rege
2879 3344 3152 3400 deﬁciens
3201 3344 3547 3416 constanti-

2469 3433 2720 3503 nopolim
2772 3435 2928 3490 venit
2980 3435 3044 3490 ad
3118 3435 3430 3504 Iustinum,
3490 3441 3552 3490 et

2467 3522 2818 3580 Christianis
2849 3525 3030 3580 sacris
3073 3524 3344 3581 initiatus
3369 3525 3552 3596 regiis

2469 3612 2802 3684 insignibus
2825 3627 2856 3669 a
2898 3614 3128 3670 Justino
3157 3615 3404 3670 donatus
3448 3615 3554 3669 in-

2465 3685 2853 3755 dignationem
2924 3686 3170 3742 Cabadis
3245 3687 3544 3743 Persarum

2466 3774 2620 3845 regis
2644 3776 2892 3831 incurrit
2925 3792 2938 3829 :
2975 3777 3076 3846 qui
3116 3781 3313 3832 contra
3355 3776 3548 3832 Justi—

2463 3875 2598 3919 num
2631 3865 2882 3919 concitat
2909 3864 3161 3936 Ziligbin
3203 3866 3543 3920 Hunnorum

2465 3965 2672 4024 regem,
2708 3955 3069 4022 postmodum
3109 3954 3340 4026 utrique
3366 3953 3548 4010 inadi—

2459 4041 2704 4114 fragum,
2773 4049 2830 4100 et
2899 4058 2932 4100 a
2983 4046 3202 4102 Cabade
3260 4046 3542 4116 occisum,

2460 4133 2627 4190 Persa
2687 4149 2818 4190 cum
2875 4139 3149 4193 Romanis
3217 4136 3542 4192 amicitiam

2458 4224 2834 4281 instaurante.
2875 4226 2991 4282 Chr
3019 4227 3158 4283 Alex
3183 4226 3436 4296 TheOph.

2527 4313 2778 4371 Cabades
2820 4315 3106 4372 Chosroen
3182 4316 3362 4372 ﬁlium
3433 4315 3538 4372 ad-

2456 4406 2642 4474 optari
2671 4419 2704 4461 a
2730 4406 2958 4463 Justino
2996 4407 3158 4477 petit,
3201 4406 3294 4461 sed
3340 4405 3542 4462 Proclo

2457 4494 2828 4553 dissuadente
2871 4498 2997 4552 Just
3049 4501 3273 4553 recusat
3324 4497 3542 4566 Procop

2457 4583 2540 4640 lib
2570 4583 2623 4657 3,
2657 4585 2770 4642 bell
2803 4587 2934 4642 Pers
2960 4585 3209 4657 Theoph.

2531 5034 2845 5089 Horsmidie
2872 5032 2981 5090 9et
3010 5031 3093 5102 40,
3126 5029 3226 5105 qui
3257 5033 3404 5089 obiit
3434 5033 3532 5088 die
3630 5028 3742 5088 523

2449 5123 2484 5180 6
2518 5124 2659 5196 Aug.
2715 5125 2852 5181 Vide
2882 5132 3046 5182 notas
3090 5140 3142 5195 p.
3170 5121 3278 5180 229
3319 5129 3375 5179 et
3402 5121 3531 5180 246.

2451 5213 2702 5286 Eligitur
2748 5230 3046 5272 successor
3081 5217 3323 5272 JOANNES
3365 5213 3537 5270 ordi—

2453 5310 2621 5360 natus
2649 5305 2744 5362 die
2788 5307 3088 5363 Dominica
3122 5304 3188 5362 43
3227 5305 3340 5362 Jul.
3388 5305 3532 5361 Vide

2452 5401 2616 5451 notas
2648 5409 2698 5464 p.
2733 5394 2858 5452 246.

2517 5485 2793 5543 Elesbaan
2822 5487 3185 5559 zEthyOpum,
3231 5499 3334 5543 seu
3362 5487 3536 5542 Axn-

2449 5577 2718 5633 mitarum
2750 5590 2868 5647 rex,
2910 5579 3103 5636 Fidem
3132 5576 3528 5634 Christianam

2442 5668 2711 5740 suscipit,
2744 5673 2799 5725 et
2839 5665 3051 5726 fmdera
3079 5668 3191 5726 init
3215 5681 3346 5726 cum
3375 5679 3530 5722 novo

3714 334 3810 397 752

479 481 637 538 Anni
697 481 1075 550 Imperatores,
1119 474 1393 550 Consules,
1421 475 1804 538 Romano-rum,
1859 466 2016 550 Anni
2091 465 2152 525 A
2211 464 2369 550 Anni
2453 466 2907 550 Christianorum,
2967 467 3284 550 Iudaeorum
3305 468 3524 550 et‘Iin-i-
3603 466 3754 550 Anni

2577 543 2827 594 timorum
2859 539 3204 609 populorum,
3242 541 3546 606 Pontifices,
3621 542 3756 594 dira

2571 613 2756 682 Reges,
2791 627 2876 666 res
2913 616 3073 679 gestae
3101 615 3150 666 et
3192 611 3532 666 documenta.
3576 610 3783 668 Christi.

3641 1629 3733 1690 524

3637 3158 3738 3218 522
