3962 6164
150 259 254 320 753

212 390 376 477 anni
444 393 823 464 Imperatores,
845 397 1096 477 Consules
1125 405 1502 477 Romanorum,

1084 243 1420 336 CHRONOL.
1462 279 1510 336 Α
1546 281 1602 337 s.
1643 281 2032 340 SYLVESTRO
2062 284 2157 342 AD
2195 286 2253 342 s.
2292 285 2499 344 GREG.
2542 286 2615 342 M.

3417 333 3424 381 ξ
3453 291 3564 386 754

1577 407 1731 489 ἑτιρὶ
1819 405 1875 463 Α
1968 409 2127 489 Anni
2191 411 2983 484 ChristianorumJudaeorum
3013 423 3064 473 et
3095 417 3269 489 ﬁn7'ff-
3330 421 3486 476 Anni

638 483 722 523 res
748 476 928 538 gestae,
947 479 998 529 et
1018 475 1354 532 documenta.
1490 464 1502 477 ’
1577 481 1637 560 U.
1669 478 1733 560 0.
1957 479 2164 553 Olymp.
2200 464 2512 560 "ignitis?
2538 464 3263 560 'paﬁaib?.£{ﬁ,""réhziﬁleé,

235 535 396 627 fu];
754 535 765 538 ⁷
915 535 922 538 ⁷
1539 555 1769 627 ant§e_t__
1966 535 1973 536 ί
2021 535 2083 550 ⁷⁷⁷
2262 535 2767 627 ᾖέέέἔζνεέξεέὶέέ
2790 535 2897 614 Ἐῗ
2918 535 3263 618 (1δῖάῆἓῖἷῖἆῖ
3311 535 3531 620 exeat.

136 651 138 655 .
211 610 262 660 et
285 607 413 663 Ind.
1476 628 1603 692 post
1625 621 1788 678 Palil.

429 733 652 791 ctiones
709 742 834 807 post
896 754 1025 798 coss
1072 743 1322 801 nomina.
1368 747 1508 804 Vide

435 823 692 894 Pagium.

499 914 746 970 Moritur
834 919 1302 980 Transamundus
1393 926 1509 982 Rex

422 999 628 1058 Africae
656 1021 668 1058 :
696 1009 752 1060 et
785 1007 1055 1079 Episcopi
1087 1010 1401 1070 Orthodoxi
1435 1015 1506 1071 ab

429 1091 638 1147 exsilio
709 1101 1048 1154 revocantur
1093 1100 1164 1156 ab
1227 1103 1505 1158 Hilderz'co

424 1194 773 1240 successore.
814 1185 956 1242 Vide
995 1188 1233 1260 Pagium
1257 1192 1326 1246 ad
1361 1192 1414 1248 h.
1449 1206 1502 1248 a.

424 1273 480 1325 et
507 1271 576 1326 ad
611 1274 967 1343 superiorem
999 1291 1052 1332 n.
1087 1275 1142 1333 2.

207 1373 351 1432 5237
503 1377 618 1449 lmp
647 1380 785 1437 Caes.
805 1384 1067 1442 Justinus
1095 1386 1241 1460 Aug.
1262 1392 1333 1445 tr.
1361 1404 1414 1461 p,
1443 1388 1495 1461 6,

172 1471 237 1541 Θ
303 1463 327 1521 4
420 1463 475 1532 7,
503 1481 599 1524 cos
628 1484 666 1525 ιι

171 1563 239 1636 θ
280 1561 350 1621 42
496 1567 834 1627 Theodorici
867 1574 1040 1645 Regis
1068 1572 1130 1632 34
1166 1582 1223 1634 et
1249 1575 1322 1634 32

205 1653 367 1749 9:5.
414 1691 543 1749 Cos.
629 1659 1137 1749 {EEQWSAug'u'

187 1725 367 1782 Indiet
415 1725 543 1752 υυδ⁶
630 1732 651 1754 ¹
669 1731 884 1800 Opilio.

253 1829 296 1870 II
491 1819 715 1892 ‘Fragm
763 1829 852 1877 vet
894 1824 1132 1896 inscrip.
1176 1827 1234 1883 in
1281 1829 1404 1884 Bas.
1435 1831 1491 1885 S.

202 1910 250 1960 et
289 1919 350 1962 III
427 1908 675 1965 Pauliet
701 1911 760 1966 ll.
789 1909 826 1967 7
861 1919 916 1968 et
951 1912 1006 1969 8.
1029 1916 1180 1972 C.de
1200 1918 1375 1974 advoc
1394 1918 1496 1974 di-

413 2012 541 2054 vers
567 2000 669 2069 jud
709 2001 955 2074 aliaeque
993 2007 1143 2075 apud
1174 2007 1490 2064 Relandum

413 2087 472 2142 h.
495 2101 546 2143 a.

489 2176 665 2235 Circa
705 2181 812 2237 hoc
868 2189 1093 2254 tempus
1130 2186 1487 2259 Langobardi

417 2269 769 2414 Pagnnon;am
812 2279 1112 2344 occupant.
1146 2276 1303 2333 Paul.
1350 2279 1489 2335 Diac

417 2356 455 2412 l.
522 2372 610 2414 .c.
687 2401 701 2414 .

413 2355 806 2506 Lagiiizium
855 2451 1186 2511 Arelatense
1229 2454 1298 2511 h.
1327 2469 1379 2512 a.
1430 2460 1488 2513 et

410 2550 508 2594 cos
542 2539 731 2594 Petav.
763 2545 821 2595 et
848 2539 980 2612 Pag.

197 2621 337 2682 5238
481 2629 603 2697 Imp
638 2629 758 2685 Caes
810 2631 1079 2689 Justinus
1123 2633 1267 2707 Aug.
1300 2639 1375 2691 tr.
1426 2651 1482 2706 p.

167 2718 233 2787 Θ
295 2712 332 2770 2
402 2712 456 2785 7,
482 2713 537 2785 8,
571 2731 699 2773 coss
729 2733 792 2774 ll.

164 2809 232 2882 θ
266 2811 332 2869 43
474 2814 814 2872 Theoderici
842 2817 1013 2891 Regis
1042 2817 1114 2877 32
1136 2826 1191 2878 et
1210 2818 1300 2878 33.

243 2904 348 2997 ΞΑ.
393 2939 501 2997 Cos
568 2905 925 2997 Elimeam
948 2909 1060 2997 9’-

175 2975 348 3030 Indict
394 2975 501 2997 “"°
568 2977 789 3034 Probus
815 2981 924 3036 Jun
946 2979 1140 3038 Occid.

232 3076 294 3119 Ill
474 3066 576 3120 Vet
607 3065 830 3137 inscrip
859 3071 1010 3138 apud
1047 3071 1250 3129 Reines
1280 3089 1334 3144 p.
1375 3071 1481 3132 446

196 3157 243 3206 et
271 3166 322 3210 tv
394 3158 450 3210 et
491 3151 588 3208 984
638 3161 693 3211 et
729 3156 993 3214 Sirmond
1025 3161 1094 3216 ad
1122 3161 1299 3220 Sidon
1343 3163 1382 3220 l.
1423 3163 1480 3220 8.

399 3255 487 3313 ep.
515 3243 550 3300 6
573 3250 629 3300 et
655 3246 724 3302 ad
757 3248 1084 3306 Ennodium
1108 3266 1232 3324 pag.
1262 3250 1419 3310 4847.

473 3333 532 3386 L.
585 3329 640 3388 7.
696 3334 756 3389 C.
809 3336 879 3393 de
930 3341 1232 3411 praascript
1268 3340 1340 3399 30
1396 3343 1481 3400 vel

399 3417 487 3476 40.
511 3434 645 3477 ann.
678 3425 886 3481 concil.
921 3427 1168 3502 Carthag
1191 3431 1247 3487 h.
1279 3445 1332 3488 a.
1361 3435 1485 3491 No—

401 3510 495 3566 nis
524 3511 668 3569 Febr
701 3514 860 3571 Tom.
888 3517 977 3575 IV.
1012 3520 1219 3577 concil.

194 3849 322 3912 5239
468 3857 609 3926 Imp.
644 3855 780 3912 Caes.
816 3856 1082 3914 Justinus
1123 3856 1266 3929 Aug.
1311 3862 1366 3915 tr
1417 3872 1472 3927 p.

165 3945 231 4017 Θ
282 3942 313 4000 3
382 3943 440 4009 8,
471 3943 528 4002 9.
561 3944 664 4002 Cos
695 3959 756 4001 II.

160 4039 230 4111 θ
263 4039 322 4098 44
463 4042 807 4101 Theodorici
830 4045 1011 4118 ‘Regis
1055 4043 1125 4102 33
1153 4049 1210 4102 et
1238 4042 1328 4117 34,
1371 4046 1471 4118 qui

249 4135 292 4187 D
394 4132 544 4190 obiit
576 4134 809 4189 ineunte
834 4133 1166 4204 Septembri.

180 4219 347 4276 Indict
460 4223 568 4279 Cos
596 4223 869 4294 Olybrius
899 4224 1024 4279 sine
1051 4223 1295 4296 collega.

163 4321 217 4362 tv
249 4315 294 4364 et
326 4324 359 4365 v
397 4313 454 4368 L.
487 4311 542 4368 6.
573 4312 630 4368 C.
677 4313 748 4368 de
774 4312 1063 4382 sepulchr.
1106 4313 1304 4371 violat.

460 4403 592 4458 Post
608 4402 882 4472 Martyrio
904 4401 1165 4458 atl‘ectum
1195 4405 1465 4461 Joannem

390 4491 595 4562 Papam
615 4491 1006 4548 Theodericus
1027 4494 1144 4548 Rex
1164 4493 1465 4550 Boethium

389 4584 442 4636 et
483 4581 887 4652 Symmachum
931 4582 1118 4651 capite
1158 4582 1328 4652 plecti
1364 4584 1470 4653 ju-

366 4667 481 4724 bet
513 4688 526 4724 :
565 4670 664 4740 qui
703 4669 877 4725 etiam
928 4673 1164 4727 territus
1206 4671 1467 4728 illatione

388 4759 599 4828 capitis
677 4758 858 4828 piscis
917 4759 1067 4814 inter
1123 4761 1461 4818 caanandum

391 4849 551 4917 quasi
606 4845 927 4917 Symmachi
983 4852 1155 4917 caput
1193 4849 1457 4920 vidisset,

389 4935 558 5004 paulo
589 4943 717 5005 post
739 4936 1079 5006 exspiravit.
1117 4939 1329 5009 Procop
1357 4939 1458 4995 lib.

389 5021 438 5078 4.
487 5026 558 5080 de
612 5024 762 5081 bello
809 5025 1074 5082 Gothico.
1130 5028 1460 5086 Eumdema

386 5113 650 5170 solitario
671 5116 857 5172 visum
880 5116 1112 5172 detrudi
1139 5118 1197 5172 in
1221 5119 1460 5190 ignitam

385 5204 714 5276 voraginem
747 5205 926 5261 tradit
949 5207 1004 5262 S.
1044 5207 1195 5279 Greg
1225 5221 1293 5262 tv.
1319 5210 1464 5266 Dia—

387 5291 496 5365 log.
553 5297 778 5351 Mortuo
801 5295 1158 5352 Theodorico
1183 5300 1462 5354 successit

385 5380 754 5440 Athalaricus
777 5384 1168 5440 Amalusuntee
1192 5385 1350 5441 ﬁlius
1370 5401 1462 5442 na-

387 5475 480 5526 tus
520 5485 702 5528 annos
749 5472 804 5528 8.
844 5475 1081 5545 ProcOp.
1117 5473 1220 5529 ibi.
1255 5475 1465 5545 Pagius

389 5566 626 5618 mortem
700 5563 1024 5635 Symmachi
1102 5570 1158 5620 et
1236 5561 1458 5618 Boethii

2182 753 2615 811 Homeritanum
2661 769 2790 828 rege
2828 756 3180 828 Christiano,
3214 763 3272 815 et

2185 857 2314 899 cum
2334 845 2565 901 Justino
2609 846 2972 916 imperatore.
3000 849 3139 904 Vide
3170 849 3268 905 Pas

2184 933 2343 1004 gium
2372 941 2428 989 n.’
2461 951 2493 1004 p
2552 939 2608 990 et
2633 950 2788 1007 seqq.

2257 1023 2521 1080 Justinus
2570 1030 2767 1081 contra
2840 1025 3140 1082 haereticos
3209 1031 3266 1082 et

2185 1109 2445 1167 inﬁdeles
2482 1113 2679 1180 edicit,
2723 1117 2780 1171 et
2803 1115 3146 1172 Manichzeos
3177 1129 3263 1172 ea-

2181 1199 2300 1269 pite
2355 1201 2524 1270 plecti
2543 1203 2708 1273 jubet
2733 1203 2770 1260 l.
2805 1201 2892 1276 42,
2919 1219 2970 1262 c.
2997 1205 3068 1262 de
3087 1205 3262 1262 haeret

2179 1293 2234 1346 et
2263 1291 2492 1346 Manich

2245 1399 2483 1456 Joannis
2505 1397 2529 1454 4
2560 1403 2616 1456 et.
2629 1398 2684 1457 2.

2243 1488 2509 1546 Justinus
2548 1490 2907 1548 Anazarbum
2935 1495 3100 1548 terrae
3127 1505 3256 1549 mo-
3345 1489 3451 1549 524

2175 1578 2240 1632 tu
2283 1578 2539 1635 dirutam
2591 1581 2898 1653 instaurat,
2947 1583 3098 1639 etde
3151 1597 3258 1640 suo

2175 1667 2408 1722 nomine
2473 1669 2886 1740 Justinopolim
2971 1672 3250 1728 nominat.
3304 1700 3306 1702 τ

2171 1754 2562 1826 Theophanes.

2243 1845 2396 1900 Idem
2471 1848 2758 1904 Ecclesias
2827 1849 3249 1917 haereticorum,

2175 1934 2516 2003 praesertim
2543 1937 2912 2010 Arianorum,
2957 1940 3250 1996 Catholico

2171 2025 2291 2080 ritu
2311 2027 2565 2084 dedicari
2597 2033 2794 2101 curat;
2819 2043 2887 2086 ex
2918 2045 3031 2102 quo
3064 2031 3252 2086 minas

2167 2114 2507 2172 Theoderici
2546 2121 2601 2174 et
2633 2119 3088 2191 indignationem
3141 2135 3252 2191 pa—

2169 2208 2326 2258 ratas
2355 2207 2668 2276 experitur.
2709 2209 2975 2265 Petavius
3001 2210 3068 2264 ad
3103 2211 3158 2264 h.
3193 2224 3247 2265 a.

2236 2293 2321 2348 Jo.
2350 2294 2452 2364 Ep.
2479 2296 2739 2353 Hierosol
2784 2297 2934 2353 obiit
2959 2295 3032 2352 22
3057 2296 3245 2368 April.

2164 2379 2434 2439 Succedit
2498 2388 2731 2442 Petrus.
2769 2386 2911 2443 Vide
2960 2386 3134 2442 Noris
3178 2385 3249 2442 de

2162 2481 2268 2540 syn
2299 2472 2362 2536 V,
2391 2488 2444 2543 p.
2470 2471 2562 2530 24.

1577 1387 1715 1448 4276

1575 1476 1713 1538 4277

2003 1408 2065 1451 ῐΙῐ

1999 1497 2055 1540 ιν

2229 2630 2465 2688 Joannis
2491 2631 2529 2688 2
2555 2637 2612 2690 et
2634 2631 2696 2690 3.
3329 2631 3442 2694 525

2233 2721 2479 2778 Joannes
2521 2736 2664 2793 papa
2701 2724 2769 2780 ad
2824 2723 3245 2795 impediendam

1560 2631 1699 2692 4277

1558 2721 1698 2781 4278

1941 2627 2097 2696 Olym

1966 2713 2073 2774 325

1993 2821 2049 2864 tv
2159 2811 2516 2867 vexationem
2558 2813 2990 2870 Catholicorum
3014 2815 3244 2886 cogitur
3333 2846 3336 2848 η

1983 2901 2034 2952 et
2148 2913 2181 2955 a
2225 2901 2578 2958 Theodorico
2604 2905 2863 2973 ejusdem
2892 2905 3125 2960 nomine
3155 2905 3248 2960 le-

1969 2983 2076 3045 326
2159 2991 2448 3060 gationem
2477 2993 2772 3063 suscipere
2800 2993 2870 3049 ad
2901 2994 3194 3051 Justinum
3222 3012 3236 3049 :
3393 3063 3398 3071 ο

1793 3058 1842 3124 C
2010 3089 2027 3131 ι
2155 3058 2187 3134 a
2226 3094 2339 3149 quo
2384 3081 2600 3137 eximio
2629 3058 2761 3138 cum
2801 3083 3016 3140 honore
3044 3084 3242 3140 susci—
3283 3075 3290 3084 ’

2159 3167 2338 3236 pitur.
2389 3170 2531 3225 Vide
2575 3175 2737 3226 notas
2780 3172 2847 3226 ad
2898 3174 3167 3227 Joannem
3188 3175 3232 3241 Ι,

2157 3255 2254 3309 sed
2306 3256 2486 3311 redux
2529 3257 2928 3312 inhumaniter
2966 3271 2999 3312 a
3050 3259 3241 3314 Theo-

2157 3343 2356 3399 dorico
2381 3344 2693 3413 excipitur.
2736 3345 2841 3400 Ibi.

2231 3432 2601 3489 Marcellinus
2633 3435 2692 3489 in
2727 3433 2915 3490 Chron
2976 3439 3240 3493 numerat

2157 3533 2226 3577 ex
2281 3535 2430 3576 anno
2487 3521 2780 3578 Cathedrae
2835 3523 2894 3578 B.
2957 3524 3108 3579 Petri
3166 3526 3236 3581 ad

2157 3609 2313 3665 hunc
2333 3609 2708 3666 Consulatum
2736 3624 2917 3669 annos
2943 3624 3236 3686 cccaxxv,

2156 3697 2399 3755 fortasse
2466 3713 2659 3757 errore
2735 3700 3030 3772 librarior,
3107 3717 3236 3760 nam

2150 3793 2289 3844 sunt.
2318 3785 2443 3845 485.

2213 3878 2452 3934 Joannis
2519 3875 2572 3947 3,
2630 3878 2731 3949 qui
2817 3893 2948 3935 cum
3002 3881 3250 3938 sedisset

1983 3977 2024 4020 ιι
2135 3978 2248 4021 ann
2297 3980 2357 4035 ιι,
2411 3981 2633 4024 menses
2680 3981 2805 4035 vm,
2834 3969 2960 4025 dies
2988 3967 3079 4036 23,
3113 3971 3231 4028 Ra—

2149 4068 2345 4110 vennae
2392 4054 2703 4113 defunctus
2748 4061 2834 4113 est
2878 4059 2937 4114 in
2967 4060 3232 4115 custodia

1552 3855 1691 3916 4278
2002 3887 2020 3930 ι

1550 3945 1690 4005 4279

3339 3880 3448 3941 526

2147 4145 2362 4213 Martyr
2397 4157 2471 4199 xv
2523 4145 2627 4200 Kal
2676 4147 2900 4216 Junias,
2931 4152 2987 4202 et
3021 4147 3081 4202 in
3123 4149 3231 4204 Bas

2145 4233 2200 4288 S.
2237 4234 2385 4289 Petri
2419 4234 2682 4304 sepultus
2697 4235 2953 4306 Olybrio,
2974 4238 3232 4311 consule,

2146 4329 2202 4379 et
2252 4323 2495 4379 cessavit
2547 4325 2920 4395 episcOpatus
2975 4327 3102 4383 dies
3129 4325 3226 4384 58.
3319 4325 3322 4330 ’

2145 4412 2200 4468 S.
2235 4413 2407 4468 FELIX
2456 4415 2544 4483 IV,
2592 4428 2890 4471 successor
2919 4416 3231 4474 ordinatus

2146 4515 2220 4558 tv.
2262 4503 2320 4558 Id
2365 4502 2529 4558 Julii.
2578 4502 2721 4559 Vide
2756 4509 2921 4559 notas
2953 4507 3023 4561 ad
3055 4507 3235 4562 Joan-

2145 4603 2271 4645 nem
2331 4592 2355 4644 I
2383 4594 2439 4644 et
2467 4590 2775 4646 Cassiodor
2807 4591 2844 4645 l.
2874 4589 2929 4659 8,
2955 4606 3044 4661 ep.
3081 4591 3167 4648 45.

2214 4678 2499 4733 Maximus
2552 4685 2716 4734 terrm
2776 4683 2965 4735 motus
3019 4680 3234 4738 Antio-

2140 4767 2287 4823 chia:
2318 4764 2563 4823 refertur
2589 4768 2646 4836 h,
2677 4781 2729 4823 a.
2782 4781 2815 4824 a
2863 4769 2946 4824 Jo.
3003 4770 3228 4842 Malala,

2141 4856 2198 4911 in
2224 4870 2334 4927 quo
2372 4853 2479 4910 250
2515 4857 2654 4912 mill.
2690 4857 2993 4914 hominum
3029 4860 3223 4929 perie-

2137 4951 2273 5001 runt
2320 4945 2416 4999 die
2443 4942 2515 4999 29
2544 4946 2678 5000 Maii
2716 4949 2817 5002 Fer
2856 4962 2909 5001 v.
2963 4953 3022 5002 ut
3047 4949 3220 5005 etiam

2137 5047 2206 5089 ex
2247 5033 2487 5103 Evagrio
2538 5033 2703 5088 docet
2754 5035 2922 5089 Petav
2980 5041 3038 5091 et
3079 5037 3223 5095 Card

2137 5122 2310 5178 Noris
2356 5120 2427 5176 de
2458 5122 2567 5193 Syn
2615 5123 2680 5178 V.
2732 5124 2943 5180 Oecum
2999 5138 3104 5197 pag
3130 5125 3221 5185 20.

2139 5211 2240 5281 qui
2287 5210 2459 5266 etiam
2509 5213 2819 5269 ostendunt
2862 5215 3226 5284 Euphemiam

2138 5299 2469 5371 prmfectum
2502 5301 2758 5360 Orientis
2803 5303 3045 5360 missum
3103 5306 3228 5363 An—

2140 5389 2419 5445 tiochiam
2488 5392 2557 5446 ad
2631 5395 2980 5463 reparandas
3028 5395 3229 5452 ruinas

2134 5478 2378 5534 electum
2412 5477 2594 5537 fuisse
2626 5480 2966 5541 Antistitem
3000 5489 3225 5542 mortuo

2139 5567 2484 5638 Euphrasio.
