3968 6164
445 324 555 386 755
1262 324 1355 382 AD
1392 325 1825 385 ANASTASIUM
1860 327 2371 388 PROLEGOMENA
2407 334 2582 390 EDIT.
2624 334 3051 392 ROM.—VATIC.
3739 343 3826 405 756

530 444 686 532 {inm
762 447 1138 515 Imperatores,
1191 447 1464 532 ‘Consuics
1506 452 1785 505 Romano-
1877 454 2032 532 Anne
2115 450 2175 510 A
2218 453 2396 532 Αᾼηηὶ
2501 458 2955 517 Christianorum.
2998 461 3304 515 Judaeorum
3347 472 3396 515 et
3443 467 3578 532 ﬁni-
3635 467 3777 521 Anni

537 516 660 605 ξεῖ.
828 533 953 572 rum
982 535 1067 574 res
1088 525 1266 588 gestae,
1288 527 1338 574 et
1375 521 1709 576 documenta.
1878 524 1955 605 Π.¹
1997 527 2055 605 (5.
2209 523 2419 596 Olymp.
2560 534 2814 605 timorum
2855 516 3202 601 populorum,
3257 516 3561 605 Pontiﬁoes,
3635 516 3765 593 El;

538 589 655 674 Iul;
1858 597 2106 674 anteet“.
2276 589 2295 594 ⁷
2359 589 2379 596 ’
2558 603 2745 674 Reges,
2793 589 2879 658 res
2917 589 3078 672 gesta
3130 589 3201 659 et,
3228 589 3565 663 documento.
3613 589 3810 666 (lifts-ti.

481 662 534 742 et
546 659 672 714 1nd.
1812 671 1940 735 post
1962 662 2106 722 Pali!

734 832 870 877 ann.
903 820 1193 892 superiori
1243 823 1613 881 statuendum
1658 824 1826 882 docet
2565 815 2880 888 DiOHYSiuS
2903 817 3160 890 Ειίὲιιιιε
3186 817 3245 874 h-
3273 831 3324 888 ai
3355 819 3577 889 οΥεῙιιῐῐι

733 922 792 964 ιι.
827 906 882 965 6.
2496 917 2666 960 suum
2716 906 2935 962 condit.
2968 908 3133 963 Petav
3154 907 3223 963 ad
3251 908 3307 964 h.
3330 922 3385 964 a.
3411 916 3466 966 et
3496 910 3578 966 lib

2497 1007 2602 1064 xu,
2640 1009 2691 1050 c.
2719 992 2772 1051 3.

523 1101 666 1163 5240
814 1107 933 1176 Imp
983 1106 1102 1162 Caes
1145 1107 1413 1164 Justinus
1450 1109 1578 1182 Aug
1631 1117 1704 1165 tr.
1765 1126 1818 1181 p.
1899 1106 2036 1165 1279
2347 1113 2389 1155 ιι
2570 1103 2778 1160 Felicis
2809 1104 3011 1174 Quarti
3053 1102 3076 1160 4
3111 1110 3166 1160 et
3185 1119 3252 1160 ex
3275 1103 3575 1163 l2Julii2.
3668 1104 3760 1164 327

497 1199 571 1273 ξς)
643 1193 677 1251 4
749 1192 783 1250 9
833 1201 888 1251 et
939 1193 1024 1266 40,
1084 1211 1213 1253 coss
1286 1212 1348 1268 ii,
1401 1199 1501 1270 qui
1555 1200 1828 1256 Kalendis
1905 1197 2042 1256 4280

2018 1197 2042 1256 3
2327 1202 2390 1246 ιιι
2569 1193 2834 1250 Justinus
2859 1196 3029 1250 annis
3050 1197 3281 1265 Imperii
3312 1210 3387 1266 ix,
3420 1210 3585 1252 men—

494 1293 566 1366 θ
635 1290 701 1350 45
754 1293 980 1364 Aprilis
1033 1297 1332 1352 coronavit
1372 1297 1698 1370 Augustum
1727 1300 1829 1353 Ju—

2504 1295 2564 1337 se
2597 1279 2646 1352 4,
2677 1290 2733 1338 et
2756 1283 2961 1341 diebus
2981 1285 3207 1356 aliquot
3227 1287 3445 1342 exactis
3461 1300 3586 1342 mo-

582 1383 622 1438 ϐ’
750 1397 1050 1439 summum
1109 1385 1387 1456 collegam
1436 1388 1656 1443 sororis
1710 1401 1829 1442 suae

2506 1371 2664 1427 riens
2705 1373 2830 1428 Kal.
2884 1375 3029 1447 Aug.
3059 1377 3454 1432 Iustinianum
3486 1390 3586 1432 so-

509 1472 696 1528 lndict
745 1472 954 1537 ﬁlium,
991 1479 1047 1528 et
1080 1473 1186 1528 Kal
1225 1476 1470 1546 Augusti
1504 1477 1771 1548 migravit
1800 1490 1831 1532 e
2506 1462 2624 1518 lum
2671 1463 2816 1535 Aug.
2848 1465 3110 1536 reliquit.
3148 1468 3246 1536 qui
3284 1467 3588 1536 imperarit

571 1574 605 1614 v
733 1562 869 1616 vita.
2503 1553 2674 1608 annis
2735 1551 2825 1620 38,
2884 1568 3044 1610 mens
3096 1552 3182 1624 44,
3256 1569 3323 1611 ex
3371 1555 3580 1612 Chron.

533 1654 584 1705 et
612 1663 669 1706 vx
816 1650 937 1722 Imp
962 1653 1331 1710 Justinianus
1376 1653 1503 1728 Aug
1555 1661 1624 1710 tr.
1679 1670 1734 1724 p.
1782 1668 1823 1723 ι,
2499 1640 2666 1698 Alex-

743 1754 812 1841 (ἓξ
870 1741 968 1796 δίε
1029 1743 1133 1799 Κ³¹
1198 1744 1362 1815 Apr“
1415 1745 1583 1817 ima
1637 1745 1826 1802 “"0"
2145 1780 2198 1841 Β
2509 1733 3306 1841 ..Αίῗῖῗῗ,ξῖ¹ῗ⁶ἲ¹3,ῗὶ¹,ί,ίῗ“Ῐ¹¹εξ
3336 1733 3592 1841 illi”???

742 1829 911 1887 Alex.
2145 1820 2198 1841 ”
2509 1820 2738 1891 ticipati
2756 1823 2988 1892 Imperii
3003 1823 3128 1878 Kal.
3147 1823 3310 1894 April
3327 1824 3593 1881 desumi-

816 1920 1139 1978 Athalarici
1211 1923 1364 1996 regis
1441 1935 1482 1994 ι,
1547 1928 1606 1980 et
1677 1938 1746 1981 ex
1796 1921 1833 1980 2

2509 1914 2606 1966 tur
2655 1911 2714 1966 in
2765 1912 2890 1982 ejus
2934 1913 3185 1984 Novella,
3229 1919 3294 1970 ut
3338 1915 3591 1970 ostendit

743 2012 879 2083 Sept
928 2010 984 2067 2.
2508 2000 2652 2056 Card
2676 2003 2847 2058 Noris
2871 2002 2941 2058 de
2969 2004 3080 2074 Syn
3121 2005 3185 2060 V.
3219 2017 3329 2074 pag
3353 2002 3446 2060 85.

817 2102 926 2158 Cos
955 2101 1035 2159 Fl.
1074 2104 1390 2161 Mavortius
1433 2105 1559 2161 sine
1593 2105 1831 2177 collega.

2582 2091 2757 2162 Remp
2804 2093 3042 2161 optimis
3086 2093 3311 2165 legibus
3368 2100 3591 2164 tempe-

821 2193 882 2248 L.
927 2191 984 2263 5,
1021 2209 1069 2250 c.
1104 2195 1174 2250 de
1213 2195 1338 2251 ofﬁc
1375 2198 1498 2268 Mag
1523 2194 1744 2252 oﬂicior
1779 2201 1836 2252 et

2510 2185 2618 2248 rat,
2675 2181 2833 2236 Fidei
2878 2182 3195 2250 catholica,
3243 2189 3299 2239 et
3331 2183 3595 2240 Ecclesiae

751 2279 812 2334 in
861 2287 952 2336 νει
1004 2283 1251 2353 inscript
1305 2287 1458 2356 apud
1509 2286 1715 2342 gemes
1768 2299 1836 2341 ex
2509 2270 2783 2340 dignitati
2817 2272 3138 2328 coisulens.
3165 2273 3304 2329 Vide
3347 2275 3514 2329 Petav
3539 2279 3595 2329 et

749 2367 984 2436 Cujacjo
1031 2373 1248 2429 clauis
1289 2389 1342 2445 ρ,
1389 2372 1513 2446 “2,
1559 2375 1838 2446 θιαίριγ..
2511 2359 2766 2415 Cassiod.
2804 2361 3090 2430 Epistolas
3107 2362 3176 2418 ab
3215 2377 3280 2420 eo
3313 2364 3598 2420 iudicatas

750 2458 898 2514 chon
971 2459 1027 2514 s.
1080 2464 1381 2520 Maximini
1429 2479 1519 2535 ap.
1555 2464 1838 2521 Wilthel—
2455 2465 2458 2469 '
2513 2447 2571 2503 ιι·
2622 2462 2672 2504 ³ο
2707 2450 3076 2508 Athalaricus
3103 2465 3294 2523 pacem
3327 2453 3598 2524 impetrat

752 2561 909 2604 mum
937 2548 996 2602 in
1042 2550 1186 2605 Leod
1227 2566 1276 2622 p.
1308 2551 1364 2622 5,
1409 2553 1509 2610 ubi
1536 2553 1840 2622 componi—

1477 2554 1509 2609 »ί
1536 2553 1840 2622 componi—
2511 2550 2544 2593 a
2566 2537 2915 2596 Justiniano.
2940 2540 3044 2597 Ibi.

756 2640 854 2693 tur
903 2637 1000 2693 hic
1038 2651 1228 2695 annus
1258 2653 1320 2695 ιιι
1354 2641 1435 2696 Id.
1468 2644 1682 2699 Ianuar
1705 2656 1836 2698 cum

753 2726 856 2782 Ind
909 2738 967 2782 v.

537 2845 674 2908 5244
825 2853 945 2923 Imp
989 2852 1073 2908 Fl.
1113 2855 1480 2913 Justinianus
1508 2856 1636 2930 Aug
1673 2861 1747 2914 tr.
1780 2873 1835 2930 p.
1914 2855 2052 2915 4280
2338 2864 2404 2909 ιιι
2584 2851 2793 2908 Felicis
2815 2849 2852 2907 2
2880 2856 2937 2908 et
2954 2849 3008 2909 3.
3681 2849 3776 2912 528

508 2943 582 3018 ﬁ}
647 2939 686 2997 5
760 2940 813 3012 1,
840 2939 894 3008 2,
920 2955 1017 2999 cos
1056 2956 1118 2998 ιι.
1913 2945 2044 3004 4284

2030 2945 2044 3003 l
2349 2955 2405 2998 iv
2582 2942 2948 2999 Justinianus
2981 2941 3104 2998 Kal.
3128 2943 3360 2999 Ianuar.
3388 2943 3487 2999 Ind
3515 2957 3597 3001 vi.

503 3037 576 3110 ο
615 3036 684 3096 46
825 3040 1146 3098 Athalarici
1182 3043 1336 3116 regis
1358 3041 1394 3101 2
1421 3051 1477 3101 et
1504 3043 1556 3102 3.
2520 3035 2733 3087 tanwm
2749 3032 2861 3086 vim
2880 3032 3135 3102 pecuniae
3161 3032 3399 3104 sparcit,
3424 3047 3600 3103 quan-

539 3128 584 3182 B
621 3130 675 3184 A
821 3129 927 3186 Cos
950 3130 1318 3190 Justinianus
1341 3135 1467 3207 Aug
1488 3149 1552 3205 ιι,
1585 3135 1766 3192 solus.
2151 3121 2200 3185 C
2513 3125 2634 3178 tum
2677 3121 2874 3178 nullus
2902 3123 3056 3178 alius
3099 3124 3240 3192 Imp-
3285 3123 3344 3179 in
3384 3137 3604 3180 consu—

512 3216 698 3272 Indict
830 3218 991 3274 Prail‘.
1037 3211 1148 3276 Cod
1173 3229 1337 3278 const
1368 3229 1488 3292 i,et
1529 3217 1658 3280 aliae
1688 3225 1838 3294 apud
2515 3211 2659 3268 Ῐθῐιι-
2703 3212 2844 3268 Vide
2894 3212 3029 3268 Chr.
3081 3212 3278 3268 PasCh-
3337 3213 3393 3268 h-
3436 3227 3489 3268 ἃ.
3544 3219 3603 3269 εἴ

583 3318 643 3360 Vl
758 3307 858 3362 Rel
909 3308 964 3363 ιι.
1019 3323 1071 3365 a.
1123 3325 1287 3382 quem
1333 3312 1579 3383 epistola
1634 3313 1841 3369 Felicis
2516 3300 2777 3358 Malalam
2809 3317 2861 3371 p-
2909 3299 3030 3358 453.
3065 3303 3215 3358 Idem
3248 3302 3460 3359 Tzatho
3490 3304 3603 3359 La-

546 3399 685 3451 etvii
765 3410 922 3467 papae
955 3399 1024 3454 ad
1065 3399 1373 3456 Caesarium
1409 3402 1604 3459 Arelat
1633 3402 1686 3459 3.
1717 3406 1839 3462 Non

2516 3389 2737 3446 ziorum
2809 3390 2946 3463 Regi
3017 3405 3050 3447 a
3126 3392 3314 3448 Persis
3368 3405 3602 3464 agressa

755 3487 900 3542 Febr
950 3489 1201 3559 appellat
1263 3509 1276 3546 :
1319 3492 1445 3546 Post
1500 3495 1843 3550 consulatum
2519 3481 2816 3549 ευρβθιίθδ
2845 3480 3047 3536 mm“-

754 3578 1033 3633 Mavortii.
1069 3581 1209 3636 Vide
1247 3583 1418 3638 Noris
1459 3582 1578 3641 hist
1616 3585 1708 3640 Pel
1757 3585 1839 3640 lib
2168 3626 2179 3646 .
2429 3565 2431 3567 ’
2587 3568 2796 3624 Gethes
2840 3569 3145 3625 Erulorum
3193 3570 3309 3625 Rex
3351 3570 3422 3625 ad
3481 3571 3602 3625 Ro-

755 3663 811 3729 2,
857 3681 904 3721 c.
939 3665 1029 3737 22,
1073 3671 1445 3728 Marcellinus
1473 3687 1686 3730 annum
1725 3689 1843 3731 nu—

2521 3672 2717 3714 manos
2750 3658 3000 3726 transit;
3031 3658 3246 3729 quibus
3283 3659 3455 3714 etiam
3491 3657 3602 3714 fce-
3675 3738 3681 3742 ι

758 3763 936 3810 merat
991 3759 1159 3828 regiis
1207 3758 1380 3816 Urbis
1417 3763 1665 3820 condita;
1716 3760 1837 3832 498,
2517 3748 2754 3803 deratur
2802 3747 3006 3803 Boazes
3051 3748 3231 3814 vidua
3265 3749 3598 3803 Hunnorum

762 3851 934 3900 recte.
2518 3837 2690 3908 Regis
2735 3837 2947 3905 stipata
2991 3851 3042 3892 c.
3080 3836 3345 3892 millibus
3373 3836 3604 3892 bellatoo

2520 3941 2668 3994 rum,
2713 3926 2926 3981 Cordas
2967 3927 3299 3982 Hunnorum
3348 3928 3464 3981 Rex
3491 3927 3604 3982 Bo-

2519 4013 2796 4084 sphorum
2850 4013 3231 4070 accolentium
3292 4017 3601 4071 Romanam

2523 4105 2739 4173 pariter
2780 4102 3136 4175 Religionem
3182 4115 3238 4160 et
3261 4105 3600 4161 Societatem

2521 4193 2742 4249 colunt.

549 4282 694 4342 5242
839 4287 960 4356 Imp
980 4284 1098 4341 Caes
1131 4287 1499 4346 Justinianus
1519 4291 1647 4364 Aug
1685 4297 1758 4348 tr.
1787 4309 1842 4365 p.
1919 4295 2049 4352 4284

2305 4300 2460 4369 Olym
2587 4300 2796 4356 Felicis
2825 4300 2860 4358 3
2885 4307 2940 4358 et
2970 4299 3018 4356 4.
3690 4295 3786 4356 529

523 4379 591 4447 (οξ)
652 4372 688 4430 6
757 4371 813 4429 2.
841 4371 894 4444 3,
928 4388 1026 4429 cos
1055 4389 1112 4430 ιι.
1923 4384 2060 4442 4282

2037 4385 2060 4442 2
2325 4389 2432 4446 826
2585 4393 2698 4447 Hoc
2715 4392 3193 4448 annolustiniani
3224 4392 3411 4448 Codex
3428 4392 3604 4448 abso-

520 4471 593 4544 ο
623 4469 689 4528 47
832 4472 1151 4531 Athalarici
1183 4475 1334 4546 regis
1358 4473 1392 4532 3
1420 4482 1476 4532 et
1505 4474 1560 4533 4.
2156 4486 2210 4546 D
2356 4495 2411 4536 iv
2522 4481 2681 4538 lutus
2697 4490 2801 4552 est,
2821 4483 3138 4552 jussusque
3153 4488 3236 4537 est
3257 4484 3370 4536 vim
3398 4481 3604 4537 habere

601 4563 646 4619 G
827 4563 932 4620 Cos
957 4565 1184 4636 Decius,
1218 4565 1398 4637 solus,
1438 4569 1536 4638 qui
1560 4576 1616 4624 et
1639 4570 1848 4627 Decius
2275 4576 2327 4626 et
2379 4567 2484 4627 327
2521 4586 2554 4627 a
2583 4587 2673 4627 xvi
2707 4571 2944 4627 Kalend.
2968 4572 3106 4626 Maii
3145 4571 3320 4640 hujus
3348 4584 3600 4641 praesen-

523 4654 705 4710 lndict
747 4654 878 4710 Jun.
2525 4664 2601 4718 tis
2633 4662 2817 4717 lndict
2852 4674 2927 4714 vn
2954 4660 3079 4715 eod.
3115 4661 3262 4716 Just.
3307 4666 3364 4715 et
3392 4660 3601 4715 Chron.

589 4757 667 4798 vii
848 4741 1053 4798 Praefat
1091 4744 1192 4800 cod
1233 4750 1398 4800 const
1431 4743 1485 4816 2,
1515 4753 1572 4802 et
1610 4748 1649 4803 l.
1679 4746 1767 4819 44,
1793 4765 1842 4806 c.
2526 4751 2724 4808 Pasch.
2767 4752 2851 4806 Jo.
2904 4749 3108 4805 Malala
3137 4750 3204 4805 ad
3238 4750 3603 4806 consulatum

527 4838 579 4889 et
626 4847 725 4889 viii
767 4833 835 4889 de
893 4833 1064 4902 Episc
1142 4838 1199 4888 et
1260 4834 1446 4891 Cleric
1510 4851 1656 4908 quas
1721 4841 1849 4895 vide
2520 4840 2836 4897 Iustiniani
2880 4853 2920 4893 ιι
2968 4839 3298 4894 absolutum
3330 4839 3455 4893 Ind.
3495 4851 3592 4892 vii.

767 4923 940 4978 etiam
981 4923 1130 5004 apud
1156 4923 1250 4980 Rel
1276 4929 1330 4979 et
1371 4927 1521 4995 apud
1554 4929 1684 4999 Pag.
1709 4929 1847 4984 Vide
2326 4913 2334 4923 ’
2526 4945 2649 5002 pag.
2689 4927 2791 4985 456
2834 4937 3095 4984 numerat
3133 4941 3317 4983 annos
3344 4927 3418 4982 ab
3447 4928 3513 4982 U.
3542 4927 3599 4981 C.

765 5012 962 5068 Concil
988 5014 1230 5079 Vasense
1253 5027 1318 5082 ii,
1351 5021 1405 5069 et
1424 5016 1840 5073 Arausicanum
2527 5016 2665 5073 4280
2694 5023 2751 5072 et
2779 5031 2811 5073 a
2839 5016 3340 5085 Constantinopoli
3373 5017 3606 5072 condita

769 5119 836 5170 ii,
879 5105 1104 5172 signata
1149 5117 1182 5159 a
1225 5105 1278 5157 S.
1305 5104 1551 5161 Caesario
1580 5107 1684 5162 hoc
1713 5121 1827 5164 cos.
2525 5106 2648 5163 499.
2691 5108 2833 5164 Vide
2863 5115 3028 5163 notas
3071 5107 3138 5162 ad
3185 5107 3450 5162 eumdem
3483 5107 3608 5160 Ma—

765 5191 830 5243 In
875 5204 940 5244 eo
982 5191 1232 5248 concilio
1261 5193 1446 5248 Araus
1487 5196 1752 5266 dogmata
1777 5198 1848 5253 de
2525 5198 2718 5254 lalam.

765 5277 963 5333 Gratia
1004 5278 1424 5335 etlibarhitrio
1460 5286 1658 5337 contra
1686 5284 1849 5358 Pelag
2592 5289 2743 5344 Idem
2815 5286 3183 5342 Justinianus
3238 5283 3608 5340 Antiochiam

766 5373 822 5422 et
857 5366 1176 5439 Semipelag
1206 5367 1426 5423 sancita
1471 5370 1639 5439 juxta
1669 5374 1845 5445 Capi-
2522 5375 2828 5444 instaurat,
2857 5380 2912 5429 et
2960 5373 3297 5442 Theopolim
3329 5370 3604 5442 appellat.

769 5456 888 5513 tula
927 5470 959 5511 a
1009 5457 1191 5513 Felice
1235 5459 1320 5526 Ν,
1379 5465 1719 5519 transmissa
1781 5465 1838 5518 S.
2520 5463 2945 5520 Alamandurus
2976 5465 3388 5520 Saracenorum
3412 5462 3611 5533 Regu-

766 5546 1079 5618 Augustini
1126 5549 1466 5605 sententiam
1516 5551 1844 5621 approban-
2530 5553 2622 5610 lus
2689 5553 2908 5624 Syriam
2969 5556 3213 5625 primam
3269 5551 3606 5621 populatur,

769 5635 850 5690 tia
884 5655 896 5690 :
933 5635 1149 5708 quibus
1169 5635 1464 5693 diuturnae
1493 5639 1848 5696 contentioni
2527 5649 2725 5700 contra
2774 5658 2940 5714 quem
2977 5641 3342 5701 moventibus
3387 5641 3610 5697 Roma—
