3962 6164
215 255 304 315 764

276 383 427 436 Anni

305 454 422 556 ξειζὶ
585 454 605 456 ⁷
669 476 753 516 res
793 471 955 530 gestae
999 473 1049 522 et
1077 454 1587 530 documentufm"
1642 454 1811 556 -
1867 454 1923 464 η

242 525 345 604 Jul.
361 530 418 604 et
795 525 815 530 ⁷
1277 525 1416 530 ἡ
1575 525 1792 604 anteet.

273 595 392 650 Ind.
1518 595 1773 690 post

268 731 440 831 5248Δ
551 742 680 831 Imp;
715 745 834 802 Caes
888 749 1252 812 Justinianus
1300 756 1427 831 Aug
1480 765 1551 816 tr.
1633 759 1769 818 4287
2071 749 2112 791 ¹¹

275 828 338 897 Θ
375 822 443 881 42
482 843 536 899 p.
570 829 624 899 8,
658 829 710 901 9,
745 849 841 891 cos
875 852 950 892 1v.

265 919 332 992 θ
376 917 410 976 4
558 921 832 981 Theodati
867 929 1018 999 regis
1051 929 1073 985 4
1109 936 1164 988 et
1191 929 1245 989 2.

313 1007 355 1064 G
547 1013 656 1066 Cos
682 1013 1002 1073 Belisarius
1031 1020 1191 1076 solus
1215 1021 1310 1078 Or.

231 1098 416 1154 Indict.
543 1101 860 1159 Iustiniani
903 1107 1098 1163 Novell
1143 1109 1191 1179 4,
1231 1110 1284 1182 3,
1319 1111 1370 1181 4,
1403 1111 1458 1185 7,
1497 1113 1551 1187 9,

279 1201 378 1242 xm
473 1194 603 1255 etc.,
629 1193 778 1259 apud
809 1193 1041 1250 Reland.
1072 1199 1131 1251 In
1151 1200 1322 1256 Occid
1351 1203 1556 1272 appel-

251 1287 296 1332 et
319 1291 413 1332 11v
479 1277 633 1334 latur
662 1281 834 1336 etiam
871 1283 964 1339 hic
995 1298 1181 1343 annus
1203 1296 1324 1358 post
1351 1307 1554 1347 consu—

475 1367 646 1422 latum
695 1371 920 1425 Paulini
967 1376 1212 1431 Junioris
1262 1380 1326 1434 V.
1379 1380 1435 1434 ϐ.
1489 1386 1554 1438 ιιι

471 1456 533 1512 in
584 1458 743 1514 Actis
792 1462 1028 1519 concilii
1076 1466 1438 1538 Avernensis,
1481 1471 1552 1527 de

473 1560 587 1616 quo
669 1549 879 1621 Pagius
957 1552 1051 1609 hic
1133 1562 1190 1612 et
1267 1559 1337 1615 ad
1413 1573 1544 1617 ann.

441 1743 447 1748 ·
541 1727 780 1784 Initium
810 1729 946 1787 belli
973 1733 1202 1791 Gothici
1235 1738 1302 1794 ad
1328 1739 1550 1797 Italiam

363 1872 370 1879 ,
469 1819 916 1888 recuperandam
947 1823 1106 1893 (Vide
1136 1827 1307 1882 Noris
1338 1830 1407 1884 de
1436 1831 1548 1902 Syn

471 1907 536 1962 V.
573 1922 624 1976 p.
664 1904 753 1979 26)
788 1911 886 1980 qui
917 1912 984 1966 ad
1013 1913 1272 1971 Siciliam
1312 1932 1553 1990 recupe-

471 1997 704 2053 randam
791 1999 1007 2058 missus
1096 2015 1380 2075 postremo
1455 2010 1547 2066 sui

470 2088 806 2145 consulatus
854 2092 949 2147 die
1007 2092 1317 2164 Syracusas
1366 2099 1549 2154 victor

471 2174 814 2246 ingreditur.
864 2181 1078 2252 Procop
1107 2184 1178 2239 de
1207 2184 1356 2242 bello
1393 2187 1542 2245 Goth

468 2263 507 2319 I.
559 2263 607 2336 4,
658 2280 712 2321 n.
755 2265 807 2322 4.
855 2270 995 2326 Vide
1041 2279 1205 2330 notas
1243 2277 1312 2333 ad
1360 2279 1539 2334 Joan—

466 2365 592 2410 nem
623 2356 686 2410 Π.

255 2705 390 2765 5249
534 2714 658 2784 Imp
685 2714 804 2771 ϐεδε
830 2716 1199 2775 Justinianus
1226 2720 1353 2793 Aug
1382 2725 1455 2778 tr.
1484 2739 1539 2795 p.

257 2801 322 2872 ω
359 2799 424 2858 43
461 2801 516 2873 9,
554 2801 637 2870 40,
671 2818 769 2860 cos
799 2819 875 2859 1v.

253 2894 318 2966 θ
351 2893 387 2951 5
533 2893 805 2950 Theodati
838 2897 989 2969 regis
1019 2894 1073 2966 2,
1101 2894 1157 2969 3,
1189 2899 1290 2970 qui
1317 2902 1545 2958 occidi-

253 2986 292 3038 F
322 2985 368 3038 E
456 2988 571 3050 tur,
607 2985 944 3040 succedente
981 2989 1181 3056 Vitige.

223 3073 414 3129 Indict.
535 3075 667 3129 Post
697 3075 1059 3132 consulatum
1091 3077 1378 3136 Belisarii.

273 3175 367 3217 11v
537 3165 618 3219 Ita
666 3164 932 3235 signatur
975 3166 1070 3223 hic
1119 3181 1307 3228 annus
1347 3170 1472 3226 Act.
1519 3174 1541 3228 l

252 3256 300 3306 et
318 3265 388 3307 xv
465 3253 698 3308 concilii
730 3255 1147 3328 Constantinop
1172 3265 1227 3314 et
1256 3259 1314 3314 in
1346 3260 1538 3316 Novell

458 3343 774 3398 Iustiniani
813 3343 897 3415 46,
935 3343 1019 3417 48,
1061 3353 1194 3418 etc.,
1243 3350 1392 3420 apud
1427 3351 1543 3407 Re-

461 3431 611 3488 land.
674 3433 903 3489 Dicitur
953 3437 1124 3492 etiam
1178 3439 1374 3493 iterum
1417 3444 1542 3509 post

461 3524 801 3578 consulatum
847 3526 1070 3579 Paulini
1116 3528 1174 3581 in
1218 3529 1380 3598 antiq
1425 3529 1538 3600 lap.

460 3613 608 3682 apud
641 3614 863 3684 Aringh
894 3615 1066 3670 Tomo
1098 3619 1164 3686 II,
1201 3631 1254 3686 p.
1287 3615 1412 3673 693.

530 3700 704 3755 Gothi
743 3703 977 3770 Vitigem
1020 3717 1204 3775 regem
1237 3712 1450 3778 creant,
1485 3712 1540 3763 et

459 3788 811 3846 Theodatum
861 3793 1152 3849 occidunt.
1210 3797 1422 3866 Procop
1470 3798 1540 3854 de

462 3876 612 3933 bello
655 3878 801 3936 Goth
846 3880 931 3936 lib
977 3879 1027 3952 4,
1079 3896 1216 3938 num
1265 3880 1352 3938 42.
1404 3885 1539 3942 Vide

463 3968 578 4040 Pag
611 3968 666 4023 b.
700 3983 750 4025 a.
787 3983 842 4024 n.
873 3968 928 4025 2.

530 4057 847 4115 Belisarius
863 4059 1226 4132 Campaniam
1247 4065 1538 4121 transiens

464 4145 758 4217 Neapolim
830 4157 1032 4208 vastat.
1109 4154 1424 4210 Marcellin.
1484 4161 1540 4210 et

465 4251 655 4294 mense
714 4240 984 4297 Decembr
1058 4244 1289 4299 Romam
1367 4259 1540 4302 recu-

459 4335 665 4473 perat:i
691 4331 833 4387 Vide
889 4331 1125 4405 Pagium
1183 4335 1252 4391 ad
1311 4348 1424 4391 ann
1471 4349 1571 4406 seq

466 4429 600 4472 num

466 4429 600 4472 num

245 4767 394 4827 5250
534 4775 653 4846 Imp
680 4775 799 4832 Caes
831 4777 1196 4835 Justinianus
1224 4777 1351 4850 Aug
1381 4780 1450 4834 tr.
1480 4793 1534 4849 p.

248 4862 320 4934 ξ)
359 4857 426 4917 44
466 4860 550 4934 40,
588 4862 672 4937 44,
707 4880 804 4922 cos
833 4880 910 4922 ιν.

247 4955 320 5028 θ
384 4955 418 5011 6
522 4957 736 5028 Vitigis
769 4959 921 5030 regis
952 4955 974 5012 4
1011 4961 1066 5013 et
1098 4955 1152 5013 2.

293 5048 343 5099 D
537 5049 752 5104 Iterum
803 5055 930 5118 post
973 5046 1337 5105 consulatum
1383 5047 1541 5104 Beli—

228 5134 419 5190 Indict
466 5138 626 5193 sarii.

275 5236 354 5277 xv
526 5225 896 5282 Justinianus
940 5226 1092 5282 Auth
1136 5227 1255 5284 Coll
1291 5244 1342 5300 ν,
1376 5229 1449 5285 tit
1477 5227 1530 5300 2,

264 5317 319 5367 et
354 5325 372 5366 ι
463 5315 633 5371 Novel
662 5311 752 5386 47,
783 5330 932 5373 anno
963 5318 1142 5373 altero
1171 5323 1536 5388 postconsu—

459 5401 636 5459 latum
667 5404 955 5474 Belisarii,
986 5420 1152 5477 quem
1179 5409 1387 5464 asserit
1417 5421 1541 5464 esse

463 5492 691 5565 imperii
753 5496 846 5551 sui
907 5497 1295 5567 undecimum,
1361 5504 1419 5552 et
1471 5512 1540 5552 ex

466 5582 566 5639 Kal
613 5583 837 5655 Aprilis
884 5599 967 5641 xu
1018 5585 1278 5644 futurum
1331 5587 1540 5643 statuit

1631 848 1771 907 4288
2058 837 2121 880 Ill

1863 1740 1917 1801 B

1619 2722 1758 2781 4288
2048 2733 2111 2775 III

1618 2813 1756 2872 4289

1854 3086 1904 3148 Ο

1857 4435 1908 4496 D

1615 4777 1754 4837 4289
1981 4785 2171 4855 Olymp

1617 4867 1754 4927 4290
2018 4871 2125 4930 328

1112 270 1452 332 CHRONOL.
1487 276 1535 334 A
1572 279 1628 336 S.
1667 280 2052 342 SYLVESTRO
2089 285 2182 344 AD
2217 288 2273 344 S.
2315 288 2524 348 GREG.
2565 291 2640 346 M.

3495 301 3604 362 762

510 387 1175 496 Impetqt‘orf‘sz'fonsudles
1230 401 1589 496 Romanorum
1642 407 1800 496 Ann]?
1867 406 1923 464 A
1995 414 2174 496 “Anni
2243 417 2698 496 Christianorum,
2745 421 3056 478 Judaeorum
3103 432 3152 480 et
3193 430 3318 496 ﬁni-
3381 429 3540 484 Anni

2311 491 2564 568 timorum
2601 497 2948 566 papulorum,
2999 491 3300 568 Pontiﬁces,
3373 504 3513 556 Em

2341 562 2526 633 Reges,
2557 580 2643 619 res
2671 562 2832 636 bestaz
2875 562 2944 622 et
2966 562 3302 624 documenta.
3340 571 3558 627 Christi.

2309 742 2544 800 Joannis
2572 743 2608 800 2
2637 751 2693 802 et
2721 745 2773 810 3,
2810 749 2907 818 qui
2959 748 3080 806 obit
3109 749 3205 804 die
3233 762 3312 819 v1,

2232 828 2358 884 Kal.
2397 833 2554 888 Junii
2601 849 2729 891 cum
2759 838 3003 893 sedisset
3039 851 3220 893 annos
3257 835 3311 907 2,

2237 931 2455 976 menses
2485 919 2536 992 4,
2559 923 2686 980 dies
2708 924 2759 981 6.
2789 927 2868 981 Ex
2892 927 3046 982 Catal
3069 927 3312 982 Lucensi

2232 1012 2347 1064 tom
2398 1012 2444 1065 II
2488 1013 2545 1067 in
2597 1015 2719 1084 pro]
2771 1015 2848 1072 fol
2892 1031 3008 1086 χιχ,
3059 1017 3312 1087 aliisque

2229 1100 2380 1168 apud
2427 1102 2662 1172 Pagium
2697 1105 2751 1160 h.
2786 1120 2838 1162 a.
2869 1106 3124 1162 Cessavit
3165 1105 3310 1175 Epi—

2233 1194 2504 1258 sc0patus
2535 1192 2660 1249 dies
2683 1190 2738 1248 7.

2297 1277 2401 1330 Die
2425 1275 2459 1332 3
2487 1279 2645 1335 Junii
2693 1282 2996 1338 ordinatur
3038 1283 3311 1338 AGAPITUS

2229 1378 2528 1423 successor
2565 1387 2577 1423 :
2629 1371 2728 1440 qui
2774 1385 2805 1426 a
2848 1372 3135 1427 Theodato
3185 1385 3312 1443 rege

2227 1453 2545 1514 Gothorum
2579 1459 2637 1514 in
2670 1459 3013 1532 legationem
3052 1462 3310 1518 directus

2226 1542 2784 1619 Constantinopolim
2830 1553 2983 1607 venit
3035 1553 3091 1607 h.
3137 1565 3188 1606 a.
3243 1555 3306 1608 ut

2231 1631 2398 1689 habet
2431 1637 2724 1693 Marcellin
2762 1640 2821 1694 in
2851 1641 3052 1695 chron.

2299 1724 2660 1792 Epiphanius
2679 1729 2995 1798 Episcopus
3020 1730 3188 1801 regite
3210 1729 3308 1784 Ur-

2227 1807 2320 1866 bis
2337 1817 2468 1867 ante
2490 1814 2793 1871 adventum
2819 1818 3055 1872 Romani
3087 1832 3303 1887 praesu-

2229 1899 2304 1954 lis
2350 1902 2594 1957 moritur
2634 1922 2646 1957 :
2691 1907 2859 1975 cujus
2910 1908 3302 1976 episcopatum

2224 1988 2534 2047 Anthimus
2559 1999 2756 2050 contra
2787 2009 3052 2065 canones,
3085 1997 3304 2066 Trape—

2226 2081 2466 2136 zuntina
2497 2083 2750 2139 Ecclesia
2791 2086 3009 2152 relicta,
3056 2085 3295 2141 invadit.

2224 2168 2332 2224 Ibi.

2295 2258 2624 2316 Bonifacius
2664 2262 2834 2318 Carth
2879 2263 3049 2333 Episc
3085 2276 3116 2316 e
3159 2263 3306 2318 vivis

2221 2349 2465 2404 excedit.
2529 2353 2844 2421 Reparatus
2901 2353 2952 2408 ei
3023 2351 3299 2407 suffectus

2220 2438 2534 2495 concilium
2584 2441 2846 2510 generale
2890 2439 3098 2495 Africae
3149 2440 3304 2496 cele-

2224 2525 2351 2581 brat
2401 2545 2413 2582 :
2467 2528 2562 2583 cui
2617 2529 2900 2600 Agapitus
2955 2529 3301 2601 gratulatur.

2221 2615 2363 2671 Vide
2393 2617 2659 2674 Ruinart.

2293 2721 2524 2793 Agapiti
2563 2720 2610 2791 4,
2655 2724 2755 2795 qui
2785 2730 3000 2780 remoto
3031 2724 3302 2781 Anthimo

2045 2823 2100 2864 IV
2211 2811 2469 2867 Mennam
2498 2814 2654 2883 episc
2679 2815 2989 2871 constituit
3013 2815 3110 2871 die
3142 2830 3182 2870 il
3220 2817 3297 2871 ld.

2219 2902 2384 2956 Mart.
2429 2903 2567 2957 Vide
2611 2905 2742 2959 card
2790 2906 2958 2960 Noris
2986 2906 3056 2960 de
3102 2919 3216 2960 uno
3245 2906 3303 2960 in

2217 2990 2408 3046 Trinit
2432 3005 2596 3060 passo
2626 3005 2730 3062 cap
2758 2990 2843 3062 40,
2869 2996 2992 3050 obit
3015 2993 3302 3049 Constan-

2221 3079 2467 3150 tinopoli
2517 3078 2589 3136 22
2632 3081 2855 3152 Aprilis
2904 3097 3016 3154 qua
3064 3083 3298 3138 colitur.

2218 3166 2440 3237 Corpus
2471 3170 2704 3225 Romam
2748 3172 2990 3227 relatum
3025 3172 3304 3240 sepelitur

2221 3267 2300 3308 xu
2336 3255 2438 3309 Kal
2470 3256 2592 3310 Oct.
2646 3257 2947 3311 Liberatus
2993 3259 3051 3311 in
3083 3259 3218 3311 Brev
3249 3265 3305 3312 et

2216 3342 2457 3397 Anastas
2489 3350 2541 3399 et
2574 3344 2891 3399 Marcellin.
2933 3347 3102 3400 Vacat
3142 3345 3306 3400 sedes

2215 3431 2342 3487 dies
2360 3429 2448 3487 28.
2481 3433 2782 3488 SILVERIUS
2811 3447 3110 3489 successor
3131 3433 3298 3488 ordi-

2217 3529 2391 3576 natur
2436 3522 2530 3576 die
2582 3522 2881 3578 Dominica
2910 3520 2946 3577 8
2987 3523 3116 3578 Jun.
3162 3523 3304 3579 Vide
3367 3571 3380 3586 κ

2219 3614 2382 3667 notas
2413 3611 2483 3665 ad
2517 3611 2846 3682 Agapitum.

2290 3699 2348 3752 In
2397 3698 2623 3768 Synodo
2664 3699 3144 3770 Constantinopol
3190 3702 3300 3757 da—

2217 3795 2489 3843 mnantur
2517 3789 2776 3859 Severus,
2811 3791 3012 3846 Petrus
3057 3790 3305 3860 Apame-

2215 3889 2345 3943 nus,
2395 3879 2586 3948 Zoras,
2633 3884 2690 3932 et
2735 3878 3046 3934 Anthimus
3096 3879 3192 3934 die
3233 3876 3296 3934 24

2216 3967 2374 4020 Maii.
2409 3967 2550 4022 Vide
2594 3967 2888 4023 Norisium
2921 3970 2990 4025 de
3019 3969 3202 4040 Synod
3236 3969 3300 4039 V,

2215 4053 2347 4110 (Ec.
2383 4069 2486 4126 cap
2515 4055 2567 4111 2.

2288 4144 2740 4212 Euphratensem
2784 4143 3026 4200 limitem
3065 4145 3299 4216 ingres—

2217 4245 2280 4287 sa
2332 4245 2406 4286 xv
2469 4232 2654 4288 millia
2719 4233 3131 4289 Saracenorum
3191 4233 3298 4290 sub

2219 4319 2607 4377 Alamundaro
2636 4321 2707 4378 ob
2738 4322 3021 4379 defectum
3056 4335 3304 4393 pascuo-

2220 4423 2348 4466 rum
2383 4424 2496 4480 prae
2534 4411 2799 4468 siccitate
2847 4413 2905 4467 in
2943 4413 3170 4468 Perside
3198 4426 3306 4468 ex-

2221 4504 2466 4568 pertum,
2500 4499 2787 4554 industria
2818 4501 3040 4556 Ducum
3073 4501 3303 4556 limita—

2220 4601 2456 4642 neorum
2499 4590 2771 4642 arcentur
2809 4601 2842 4642 a
2877 4587 3026 4643 bello
3075 4589 3170 4644 cui
3201 4589 3299 4642 in-

2222 4675 2478 4730 hiabant.
2516 4675 2832 4730 Marcellin.

2291 4782 2523 4839 Silverii
2561 4781 2583 4837 4
2621 4787 2676 4838 et
2700 4781 2755 4839 2.

2285 4872 2567 4928 Silverius
2596 4873 2963 4942 imperatoris
2990 4873 3160 4942 jussu
3191 4872 3300 4928 de-

2041 4976 2097 5017 IV
2209 4961 2448 5032 ponitur
2490 4960 2562 5016 ab
2588 4961 2918 5030 episcopatu
2950 4961 3046 5015 die
3080 4959 3147 5016 49
3176 4962 3298 5016 No-

2049 5057 2098 5106 et
2208 5049 2402 5106 vembr
2457 5050 2684 5120 (Pagius
2735 5047 2907 5104 refert
2961 5051 3030 5106 ad
3079 5048 3189 5121 22),
3246 5055 3302 5106 et

2023 5136 2128 5195 329

2063 5242 2080 5284 ἰ

2225 5138 2465 5206 Vz’gz‘lius
2511 5136 2793 5193 diaconus
2834 5139 2891 5192 in
2944 5139 3069 5208 ejus
3107 5139 3298 5195 locum

2216 5227 2561 5298 intruditur,
2620 5227 2923 5284 ordinatus
2987 5229 3295 5300 episcopus

2217 5319 2312 5373 die
2340 5315 2412 5374 22
2439 5319 2556 5373 Nov
2577 5316 2824 5374 biblioth
2855 5317 2913 5372 in
2941 5318 3157 5391 Vigilio
3183 5323 3301 5373 sect

2221 5405 2342 5464 404.

2289 5495 2632 5552 Decennalia
2650 5497 2968 5553 Iustiniani
2995 5497 3050 5551 h.
3074 5510 3127 5551 a.
3152 5510 3324 5581 com-o

2215 5584 2366 5656 pleta
2397 5585 2662 5642 observat
2689 5587 2897 5658 Pagius
2925 5586 3033 5640 Sen
3078 5597 3136 5639 n.
3167 5584 3202 5642 6
3233 5587 3292 5642 in

3406 747 3513 806 535

3395 2723 3502 2782 536

3391 4780 3495 4839 537
