3968 6164
398 304 507 364 763

441 431 598 484 Anni
670 430 1048 500 Impefatores,

440 503 564 557 Per.

406 574 520 628 Jul.
544 577 596 628 et

437 644 565 700 Ind.

470 2572 606 2632 5254

454 2946 632 3003 Indict

483 3129 535 3181 et
559 3138 599 3180 tt

465 4812 609 4872 5252

433 4903 615 4980 ,ωςδ

441 4994 583 5068 θ8

514 5088 559 5142 R

451 5175 628 5230 indici

454 5356 505 5406 et
534 5366 595 5408 ιη

1194 304 1289 361 AD
1326 305 1759 365 ANASTASIUM
1795 309 2307 370 PROLEGOMENA
2338 312 2525 372 EDIT.
2565 314 2996 373 ROM.—VATIC.

740 518 884 567 rum,
910 519 995 558 res
1033 508 1215 573 gestae,
1244 508 1293 558 et
1339 505 1678 560 documenta.

685 820 790 877 cap
826 803 875 875 4,
912 811 977 863 ut
1016 808 1390 878 imposterum
1432 808 1763 881 ubicunque

682 897 821 953 Acta
852 897 1243 953 conﬁciuntur
1270 899 1376 955 hoc
1408 900 1574 955 modo
1607 900 1766 956 inci-

686 1000 816 1057 pere
845 986 1088 1042 debeant
1121 988 1177 1042 in
1208 988 1362 1056 publ.
1399 989 1763 1046 documentis

683 1079 903 1146 imperii
921 1078 1074 1131 illius
1102 1080 1461 1132 sacratissimi
1492 1082 1763 1150 principis

683 1182 828 1220 anno
897 1171 1047 1220 tanto
1092 1185 1109 1220 :
1155 1171 1206 1220 et
1243 1173 1370 1236 post
1406 1169 1509 1222 illa
1560 1171 1767 1237 inferre

684 1255 922 1309 consulis
964 1256 1401 1325 appellationem,
1444 1260 1542 1326 qui
1577 1260 1636 1311 in
1668 1259 1763 1312 illo

684 1360 829 1399 anno
863 1349 961 1410 est,
993 1350 1044 1399 et
1077 1348 1233 1399 tertio
1264 1346 1373 1400 loco
1416 1347 1766 1402 indietionem

683 1439 734 1489 et
790 1449 1041 1501 mensem,
1102 1440 1153 1489 et
1209 1435 1351 1489 diem
1403 1455 1420 1502 ;
1471 1443 1525 1491 et
1577 1450 1682 1507 cap
1730 1434 1767 1493 2

688 1524 934 1593 mandat,
970 1528 1035 1579 ut
1064 1523 1121 1578 in
1152 1524 1370 1580 Latinis
1400 1526 1762 1582 documentis

684 1614 908 1669 numeri
976 1614 1307 1671 scribantur
1366 1630 1461 1685 per
1510 1617 1756 1686 litteras,

687 1718 829 1773 quas
848 1704 1018 1760 liceat
1037 1704 1306 1761 omnibus
1324 1705 1508 1777 legere
1528 1708 1764 1763 omnino

684 1793 1035 1863 syllabarum
1085 1796 1414 1851 Latinarum
1448 1810 1560 1852 non
1594 1797 1764 1869 igna-

684 1882 786 1938 ris.
825 1884 978 1940 Hanc
1009 1897 1141 1939 vero
1172 1886 1645 1942 constitutionem
1683 1886 1763 1943 ita

684 1972 1009 2045 subsignat.
1057 1975 1164 2029 Dat
1213 1975 1564 2031 Kalend....
1613 1976 1771 2032 Con—

682 2063 979 2132 stantiuop
1052 2064 1367 2134 imperante
1436 2065 1765 2123 Justiniano

693 2160 965 2221 perpetuo
1017 2151 1277 2226 Augusto
1326 2167 1478 2211 anno
1538 2170 1578 2212 Il
1639 2161 1764 2227 post

686 2242 1048 2297 consulatum
1080 2244 1344 2300 Belisarii
1378 2246 1439 2300 V.
1472 2245 1532 2300 C.

759 2581 879 2651 Imp
925 2579 1046 2634 Caes
1095 2581 1464 2640 Justinianus
1508 2582 1637 2657 Aug
1687 2586 1760 2639 tr.

695 2690 750 2746 p.
785 2670 871 2737 44,
902 2670 989 2741 42,
1021 2684 1119 2727 cos
1151 2683 1230 2724 IV.

760 2764 976 2834 Vitigis
1008 2762 1177 2833 Regis
1205 2758 1242 2815 2
1269 2765 1323 2815 et
1352 2758 1404 2816 3.

757 2854 779 2877 ⁶
825 2854 931 2909 Cos
975 2853 1057 2909 Fl.
1106 2852 1350 2907 Joannes
1396 2848 1494 2905 Or.
1550 2849 1766 2923 absque

685 2945 924 3016 collega.

752 3036 857 3090 Vet
912 3032 1154 3103 inscript
1197 3032 1218 3054 ‘
1267 3029 1494 3086 Fabrett
1548 3046 1604 3101 p.
1659 3027 1764 3086 448

689 3129 745 3180 et
782 3122 1051 3180 Gudiana
1093 3120 1243 3190 apud
1286 3119 1496 3175 Reland
1546 3133 1760 3175 necnon

680 3213 972 3267 Justinian
994 3209 1167 3266 Novel
1194 3206 1264 3264 57
1288 3214 1342 3264 et
1374 3209 1577 3278 Vigilii
1609 3209 1763 3278 Papae

683 3300 928 3371 epistola
972 3299 1041 3354 ad
1091 3297 1276 3353 Caesar
1319 3297 1513 3354 Arelat
1541 3302 1596 3353 et
1624 3297 1765 3353 Acta

680 3389 929 3447 Concilii
951 3388 1224 3444 Aurelian
1246 3389 1339 3442 Ill.
1364 3387 1504 3443 Vide
1530 3388 1762 3459 Pagium

690 3495 748 3537 n.
779 3479 814 3536 6
854 3480 993 3536 anni
1032 3475 1137 3535 540
1167 3484 1223 3534 et
1264 3478 1507 3548 epistola
1537 3477 1759 3549 Vigilii,

681 3571 750 3627 de
778 3583 890 3641 qua
917 3570 976 3624 in
1005 3569 1160 3624 notis
1189 3568 1258 3623 ad
1286 3566 1615 3639 Agapitum.

754 3660 931 3716 Roma
955 3656 1101 3713 fame
1130 3665 1185 3713 et
1223 3664 1376 3726 peste
1402 3662 1598 3713 vexata
1634 3661 1761 3727 post

682 3762 896 3804 annum
921 3746 1248 3802 obsidionis
1269 3745 1549 3802 liberatur
1573 3759 1763 3801 mense

680 3838 907 3891 Martio.
936 3837 1144 3906 Pagius
1163 3848 1232 3888 ex
1259 3836 1555 3904 Proc0pio,
1577 3849 1760 3890 emen-

681 3925 817 3981 dato
870 3925 997 3993 ejus
1054 3929 1214 3980 textu
1273 3936 1341 3977 ex
1397 3924 1761 3978 animadvers

679 4013 823 4068 Card
864 4013 1084 4068 Norisii
1115 4013 1185 4068 de
1213 4012 1322 4081 Syn
1352 4012 1415 4067 V.
1445 4025 1494 4066 c.
1525 4009 1576 4067 6.
1622 4011 1763 4066 Vide

683 4104 947 4173 Pagium.

752 4191 955 4247 Datius
987 4190 1194 4246 Mediol
1221 4190 1391 4258 Episc
1420 4190 1760 4261 legationem

682 4279 932 4347 suscipit
972 4279 1041 4333 ad
1091 4276 1432 4332 Belisarium
1472 4275 1759 4330 auxilium

681 4367 1000 4437 implorans
1051 4366 1328 4421 adversus
1380 4363 1616 4420 Gothos.
1674 4363 1760 4419 lbi

681 4470 740 4513 n.
771 4453 844 4511 22
869 4470 938 4511 ex
967 4453 1265 4523 Procopio.

750 4546 1066 4602 Clodoveus
1111 4545 1220 4600 Jun
1274 4546 1331 4598 in
1381 4540 1620 4597 Francia
1666 4554 1766 4597 re-

680 4650 854 4708 gnare
900 4634 1127 4705 incipit.
1175 4632 1352 4688 Mabil
1390 4632 1471 4688 rei
1516 4631 1639 4702 dipl
1677 4630 1761 4686 lib

684 4722 736 4794 4,
770 4739 825 4780 n.
852 4721 907 4778 7.

750 4816 873 4884 Imp
899 4813 1019 4869 Caes
1043 4812 1412 4868 Justinianus
1439 4811 1565 4882 Aug
1591 4818 1660 4866 tr.
1697 4825 1752 4881 p.

685 4901 770 4972 42,
818 4901 1034 4983 13,.cos
1069 4915 1142 4957 LV.

764 4996 976 5067 Vitigis
1001 4991 1230 5066 Regis3,
1261 4991 1365 5049 iet
1397 4991 1672 5049 lldebaldi
1699 4989 1746 5046 4.

750 5087 861 5143 Cos
902 5085 1127 5156 Appion
1172 5085 1267 5141 0r.
1311 5085 1436 5139 sine
1481 5083 1718 5154 collega.

754 5176 927 5230 Vetus
967 5175 1214 5244 inscript
1255 5175 1415 5228 Graec
1461 5171 1754 5227 Montfau-

680 5278 785 5321 con
819 5263 917 5319 ubi
951 5279 1050 5321 cos
1074 5262 1354 5332 Appionis
1382 5261 1595 5330 legitur
1623 5275 1752 5316 cum

674 5354 863 5409 Indict
886 5368 945 5421 ιι,
977 5365 1152 5422 quare
1178 5348 1531 5405 emendanda
1565 5349 1754 5405 versio

677 5443 826 5513 apud
884 5439 1220 5496 Relandum.
1278 5439 1413 5493 item
1463 5438 1754 5495 Justinia-

682 5534 739 5587 ni
788 5530 982 5588 Novcll
1052 5528 1377 5598 complures
1425 5528 1497 5584 ab
1546 5526 1631 5583 89
1681 5528 1751 5584 ad

675 5618 765 5676 96.

1818 508 1878 561 U.
1912 508 1969 562 C.

1774 583 1902 632 ante
1932 587 1983 633 et

1730 655 1856 719 post
1873 650 1994 704 Pal.

1839 2580 1977 2639 4290

1841 2668 1971 2727 4294

1832 4806 1962 4867 4294

1831 4898 1970 4957 4292

2273 4834 2313 4875 ll

2253 4923 2318 4964 ιιι

3689 311 3791 371 764

1146 430 1399 485 Consules
1479 435 1750 487 Romano-
1813 435 1968 489 Anni
2067 434 2125 492 A
2220 438 2376 491 Anni
2441 439 2895 505 Christianorum,
2949 437 3261 492 Judworum
3309 442 3358 489 et
3382 437 3509 504 ﬁni—
3573 434 3726 488 Anni

1146 519 1215 566 te,
1244 508 1293 558 et
1339 505 1678 560 documenta.
1818 508 1878 561 U.
1912 508 1969 562 C.
2192 507 2404 577 Olymp.
2525 513 2775 563 timorum
2808 510 3151 577 pepulerum,
3202 510 3506 575 Pontifices,
3586 509 3726 561 Era

2296 525 2404 580 mp.

2525 513 2775 563 timorum
2808 510 3151 579 pepulerum,
3202 510 3506 575 Pontiﬁces,
3568 509 3726 579 _.Era:

2529 583 2712 651 Reges,
2737 577 2822 635 res
2864 577 3025 649 gestae
3068 586 3119 635 et
3146 581 3493 634 documenta.
3552 577 3765 633 Christi.

2440 808 2554 865 quo
2584 795 3009 852 Dedicationem
3035 794 3301 851 Ecclesiae
3325 794 3383 849 S.
3410 793 3522 850 So-v

2441 884 2590 953 phire
2627 885 2724 940 die
2768 881 2838 941 27
2875 883 3145 940 Decembr
3187 881 3403 954 profert
3451 896 3520 938 ex

2438 975 2839 1030 continuatore
2872 974 3208 1031 Marcellini.

2508 1064 2807 1121 Timotheo
2882 1064 3052 1134 Episc
3129 1061 3518 1118 Alexandrino

2441 1152 2712 1209 defuncto
2755 1155 3069 1210 succedunt
3118 1153 3303 1223 primo
3346 1151 3525 1221 Gaja-

2442 1256 2573 1305 nus.
2625 1243 2833 1300 deinde
2881 1242 3260 1299 Theodosius.
3311 1240 3523 1311 Pagius

2443 1331 2499 1387 h.
2528 1346 2581 1387 a.
2610 1346 2678 1387 ex
2711 1333 2831 1388 hist
2866 1332 3163 1388 Patriarch
3192 1331 3351 1399 C0pt.
3383 1330 3519 1384 card

2440 1422 2612 1477 Noris
2641 1423 2710 1478 ad
2749 1436 2963 1478 annum
3004 1436 3104 1492 seq
3144 1421 3215 1477 de
3254 1418 3430 1489 syuod
3475 1417 3520 1472 V

2440 1508 2572 1566 (Ec.
2607 1526 2715 1583 pag
2740 1509 2776 1566 8
2804 1527 2871 1568 ex
2896 1511 3024 1567 Vict
3047 1511 3258 1566 Chron.

2514 1600 2737 1673 Vitiges
2801 1603 2959 1657 circa
3026 1604 3271 1657 Vernum
3333 1597 3522 1669 aequi—

2445 1691 2699 1746 noctium
2754 1693 2990 1747 Romam
3041 1691 3284 1747 obsidet.
3331 1688 3416 1743 lbi
3461 1700 3519 1742 η.

2443 1776 2497 1848 7,
2530 1794 2599 1835 ex
2627 1781 3028 1836 continuatore
3057 1778 3372 1836 Marcellin.

2514 1868 2838 1926 Galliarum
2902 1871 3063 1943 regni
3127 1866 3515 1941 constitutio:
3576 1864 3583 1868 ’

2441 1958 2674 2014 cedente
2714 1961 2950 2015 Francis
2987 1959 3176 2031 Vitige
3218 1971 3339 2014 eam
3381 1970 3518 2026 par-

2441 2051 2552 2102 tem
2605 2062 2730 2118 quae
2776 2049 2983 2105 Gothis
3038 2047 3272 2119 parebat
3316 2044 3516 2101 Franci

2446 2138 2771 2194 universam
2840 2138 3142 2209 possidere
3219 2136 3520 2207 incipient,

2443 2233 2647 2296 praeter
2681 2228 3114 2298 Septimianam,
3164 2227 3223 2282 iu
3265 2241 3378 2298 qua
3416 2226 3522 2280 νί-

2444 2316 2682 2388 sigothi,
2723 2323 2780 2373 et
2822 2324 3023 2389 praeter
3057 2317 3432 2387 Britanniam,
3469 2319 3528 2370 et

2441 2404 2794 2462 Armoricam
2823 2422 2949 2478 quae
2978 2421 3116 2463 suos
3144 2406 3382 2462 comites
3415 2404 3524 2459 ha-

2443 2492 2637 2549 buere.
2690 2496 2832 2551 Vide
2880 2498 3117 2567 Pagium
3161 2495 3230 2550 ad
3267 2496 3320 2549 h.
3370 2507 3426 2549 n.
3459 2491 3506 2548 3.

2512 2584 2743 2641 Silverii
2787 2584 2844 2656 2,
2894 2587 2994 2656 qui
3038 2599 3167 2642 cum
3208 2584 3421 2640 obierit
3460 2583 3520 2638 in

2446 2673 2657 2730 exsilio
2701 2688 2892 2730 mense
2934 2676 3096 2732 Junii
3139 2675 3196 2730 h.
3241 2688 3292 2730 a.
3329 2674 3516 2730 locum

2444 2761 2582 2818 fecit
2629 2764 2985 2821 successioni
3039 2765 3258 2832 VlGlLll,
3310 2764 3410 2834 qui
3454 2775 3523 2816 ex

2445 2850 2710 2910 invasore
2744 2859 2873 2924 post
2912 2864 3149 2911 mortem
3175 2853 3406 2909 Silverii
3435 2851 3523 2907 le-

2442 2941 2685 3013 gitimus
2707 2942 2964 3013 pontifex
2979 2959 3047 3000 ex
3064 2957 3348 3000 consensu
3372 2941 3520 2998 Cleri

2442 3032 2705 3089 redditus
2736 3034 2872 3089 hinc
2896 3033 3187 3105 auspicari
3209 3031 3375 3088 debet
3400 3044 3516 3087 suae

2442 3121 2599 3178 sedis
2627 3123 2950 3180 exordium.
2984 3124 3124 3181 Vide
3147 3128 3311 3180 notas
3335 3122 3394 3178 in
3415 3120 3521 3177 Vi-

2441 3211 2670 3283 gilium.

2510 3302 2758 3360 Auctore
2810 3305 3012 3361 Nonno
3058 3302 3402 3375 Origeuistai
3462 3300 3522 3356 in

2439 3389 2740 3448 Palicstina
2755 3393 3203 3461 tumultuantur,
3218 3393 3288 3448 de
3304 3390 3519 3463 quibus

2439 3480 2570 3537 vide
2619 3482 2856 3554 Pagium
2908 3483 2963 3538 h.
3014 3496 3093 3551 a.,
3149 3496 3284 3539 num
3335 3478 3420 3549 42,
3461 3482 3521 3534 et

2439 3583 2622 3642 seqq.,
2663 3578 2721 3628 et
2752 3573 3047 3630 Norisium
3076 3572 3148 3628 ab
3190 3586 3257 3628 eo
3299 3570 3522 3642 produ-

2443 3666 2597 3715 ctum
2633 3662 2691 3716 in
2719 3662 2845 3718 diss
2873 3663 2943 3718 de
2972 3664 3083 3733 Syn
3115 3662 3181 3717 V.

2509 3751 2908 3808 Alexandrinae
2934 3752 3200 3808 Ecclesiae
3228 3749 3522 3807 turbatio-

2439 3852 2563 3895 nem
2592 3848 2716 3909 post
2742 3848 2973 3897 mortem
2996 3842 3301 3908 Timothei,
3329 3851 3519 3910 quan-

2438 3930 2511 3986 do
2562 3932 2670 3985 duo
2720 3933 2910 4001 populi
2963 3933 3217 3987 electione
3268 3920 3523 4001 ‘perversi

2442 4020 2777 4074 ordinantur
2804 4036 2911 4096 uno
2948 4020 3037 4076 die
3065 4021 3302 4090 episcOpi
3337 4018 3516 4073 Theo-

2439 4109 2625 4163 dosius
2659 4115 2710 4163 et
2748 4109 3018 4178 Gaianas.
3059 4109 3200 4164 Card
3241 4108 3412 4164 Noris
3450 4108 3521 4162 de

2439 4211 2541 4268 syn
2583 4199 2648 4266 V,
2692 4211 2801 4270 pag
2834 4196 2889 4269 8,
2936 4198 3074 4254 huic
3111 4211 3263 4255 anno
3298 4195 3515 4269 aﬂigit;

2439 4288 2691 4360 Paginus
2723 4288 3081 4359 praecedenti.

2509 4820 2713 4891 Vigilii
2749 4817 2772 4874 4
2809 4824 2866 4875 et
2891 4816 2946 4874 e.

2499 4909 2779 4966 Chosroes
2800 4910 3095 4966 Persarum
3117 4923 3214 4965 rex
3231 4908 3517 4981 legatione

2431 4997 2644 5069 Vitigis
2698 5005 2989 5066 permotus
3033 4998 3100 5053 ad
3150 4995 3516 5052 inferendum

2432 5085 2646 5140 bellum
2675 5085 2926 5142 Romano
2952 5087 3195 5156 imperio
3230 5085 3509 5154 procedit.

2432 5174 2647 5243 Procop
2685 5174 2768 5230 lib
2810 5173 2865 5242 2,
2900 5176 2971 5231 de
3000 5175 3149 5231 bello
3186 5176 3380 5231 Persic
3413 5188 3516 5245 cap

2433 5260 2469 5317 2
2495 5268 2551 5316 et
2594 5261 2647 5329 5,
2687 5277 2754 5318 ex
2785 5278 2900 5335 quo
2944 5265 3209 5337 Pelagius
3253 5265 3324 5320 ad
3357 5265 3414 5319 h.
3457 5278 3508 5319 a.

2433 5364 2491 5405 n.
2518 5348 2573 5421 5,
2605 5359 2659 5406 et
2689 5352 2757 5407 ad
2790 5367 2933 5423 seq.,
2970 5368 3026 5409 n.
3064 5352 3147 5409 42.

2502 5440 2720 5511 Vitiges
2751 5447 2937 5498 tamen
2969 5457 3098 5499 cum
3136 5456 3312 5499 uxore
3336 5448 3392 5497 et
3425 5441 3512 5496 li—

2431 5529 2586 5586 beris
2617 5530 2891 5586 Ravennae
2929 5533 3201 5589 obsessus
3229 5545 3261 5587 a
3294 5530 3514 5586 Belisa-

2434 5620 2524 5676 rio
2542 5621 2791 5694 capitur,
2804 5623 3285 5692 etConstantinop
3304 5627 3509 5677 trans-

3610 4814 3722 4875 539
