3962 6164
409 271 518 331 767
1195 286 1290 343 AD
1328 288 1767 350 ANASTASIUM
1804 295 2317 361 PROLEGOMENA
2355 305 2533 366 EDIT.
2563 309 2994 372 ROM.-VATIC.

477 399 635 513 ἦξξηί
704 405 1078 513 Ῑηψθναίονθῆ
1112 409 1366 513 θοζῖευπίεε
1391 416 1767 513 Βοηῖίιηονῖιτηγ
1841 421 2000 513 ﬁngi
2095 426 2153 486 A
2267 433 2431 513 Anni
2488 436 2941 513 Christianorum,
2989 441 3296 497 Judaeorum
3343 449 3392 498 et
3438 448 3561 513 fini-
3631 447 3765 503 Anni

573 488 617 513 φ.
849 495 933 513 mon
965 497 1052 513 non
1085 498 1123 513 νη
1155 499 1178 513 n
1265 503 1278 513 ι
1305 501 1518 513 Ληιηνιηυι
1552 504 1578 513 η

500 473 621 596 ςενῖ
784 473 798 474 ί
849 495 933 534 res
962 473 1123 548 gestae
1152 490 1202 537 et
1262 486 1600 550 documenta,

544 558 578 594 u
607 584 620 596 .

544 558 620 596 ιιι.

699 803 985 870 recusant,
1060 806 1117 857 et
1167 804 1476 861 occidunt:
1537 812 1656 865 tum
1709 810 1776 865 ad

692 899 928 955 regnum
951 889 1172 948 elevant
1204 894 1530 950 Braduilam
1558 913 1778 968 cogno-

693 981 880 1032 mento
906 979 1171 1035 Totilam.
1212 983 1448 1040 Romani
1493 1000 1620 1042 cum
1654 989 1775 1044 Go-

695 1064 815 1120 this
845 1068 1005 1123 vario
1039 1075 1216 1126 marte
1251 1083 1525 1144 pugnant.
1557 1077 1774 1133 Verona

694 1158 812 1209 tum
868 1158 1038 1230 intra,
1087 1165 1208 1216 tum
1259 1169 1418 1220 extra
1471 1179 1666 1222 muros
1716 1167 1778 1223 ﬁt

692 1241 828 1300 belli
887 1247 1191 1304 theatrum.
1241 1251 1380 1308 Vide
1432 1255 1770 1326 Procopium

687 1331 768 1386 lib
789 1333 823 1388 3
844 1334 978 1391 belli
999 1339 1194 1409 Goth.,
1215 1354 1317 1412 cap
1338 1341 1389 1398 6.
1416 1345 1631 1401 Panvin
1653 1346 1772 1403 bist

688 1421 871 1479 Veron
901 1426 985 1481 lib
1006 1424 1060 1496 4,
1093 1443 1196 1499 cap
1217 1427 1306 1486 23.

464 1611 608 1672 5255
751 1620 871 1690 Imp
911 1622 1028 1678 Caes
1079 1575 1448 1686 Ju‘stinianus
1495 1629 1624 1704 Aug
1671 1636 1749 1688 tr.
1837 1631 1977 1690 4294

1840 1729 1980 1790 4295
2079 1787 2130 1848 Β

563 1714 630 1771 49
689 1731 721 1787 p
782 1717 866 1787 45,
905 1716 988 1776 46.
1017 1724 1123 1780 Cos
1151 1739 1225 1781 ιν.

445 1802 517 1874 θ
555 1802 614 1861 44
754 1810 956 1865 'l‘otilze
996 1815 1147 1884 regis
1181 1813 1203 1869 4
1239 1822 1294 1871 et
1317 1812 1372 1872 2.

516 1897 565 1950 E
761 1898 992 1956 Defectu
1015 1901 1149 1957 Coss
1173 1904 1268 1960 hic
1284 1919 1471 1963 annus
1501 1909 1768 1966 inscribi-

446 1983 626 2039 Indict
685 1993 798 2056 tur,
823 1993 1330 2059 postconsulatum
1351 1998 1552 2054 Basilii
1571 2001 1679 2056 Jun
1700 2003 1761 2057 V.

515 2087 546 2127 ν
671 2075 727 2129 C.
782 2091 880 2134 seu
949 2081 1006 2134 P.
1061 2082 1118 2136 C.
1201 2084 1280 2140 Fl.
1333 2087 1533 2143 Basilii
1591 2091 1654 2146 V.
1703 2090 1761 2146 C.

468 2164 519 2214 et
548 2175 600 2216 vr
674 2163 823 2221 Cons
842 2172 899 2222 et
927 2168 1006 2224 ita
1037 2181 1450 2244 consequentes
1482 2179 1617 2233 anni
1654 2194 1760 2235 us-

688 2267 796 2324 que
817 2256 883 2310 ad
912 2255 1033 2314 586.

749 2344 860 2398 Hoc
889 2358 1038 2403 anno
1075 2363 1106 2404 a
1139 2352 1485 2410 Francorum
1529 2357 1762 2429 regibus

677 2429 1007 2491 Childerico
1036 2443 1091 2493 et
1111 2439 1363 2498 Clotario
1386 2443 1666 2516 ingressis
1698 2447 1757 2502 in

678 2520 1013 2591 Hispaniam
1030 2528 1507 2589 Tarraconensem
1531 2537 1756 2604 provin-

680 2610 828 2665 ciam
880 2614 1331 2689 depopulantur,
1396 2624 1754 2695 Vasconiam,

674 2704 730 2753 et
775 2700 1140 2762 Cantabriam
1167 2711 1422 2778 capiunt.
1469 2712 1609 2767 Vide
1647 2715 1758 2768 Pa—

675 2789 832 2856 gium
861 2791 930 2844 ad
955 2792 1010 2844 h.
1047 2808 1122 2856 a.,
1156 2810 1211 2850 n.
1237 2797 1270 2852 6
1295 2804 1350 2852 et
1378 2795 1432 2852 7.

746 2876 1042 2936 Arthurus
1087 2884 1494 2943 Britannorum
1538 2901 1634 2943 rex
1666 2888 1756 2944 le-

671 2963 915 3021 thaliter
956 2971 1290 3030 vulneratus
1329 2976 1385 3031 in
1421 2977 1619 3046 praelia
1649 2992 1752 3034 c0-

667 3057 838 3124 gnato
884 3070 989 3112 suo
1043 3059 1420 3120 Constantino
1489 3066 1753 3123 diadema

664 3141 977 3200 Britanniae
1001 3152 1303 3206 concessit.
1349 3153 1429 3209 ibi
1465 3169 1598 3211 num
1624 3153 1679 3212 7.

450 3240 592 3300 5256
741 3250 861 3319 Imp
911 3253 1030 3308 Cms
1073 3256 1443 3316 Justinianus
1495 3262 1622 3334 Aug
1671 3267 1741 3319 tr.
1824 3261 1963 3323 4295

1823 3359 1845 3417 4
1855 3361 1961 3418 296

543 3340 612 3398 20
671 3362 723 3418 p.
758 3343 846 3408 46,
873 3346 959 3419 47,
987 3351 1094 3407 Cos
1123 3366 1194 3407 IV.

438 3437 510 3510 θ
545 3435 607 3493 42
729 3436 936 3495 Totilas
969 3443 1122 3513 regis
1147 3440 1201 3510 2,
1235 3449 1291 3500 et
1321 3442 1372 3500 3.

500 3529 548 3581 D
726 3529 746 3552 ⁴¹
777 3532 988 3587 lterum
1020 3534 1075 3586 Ρ.
1105 3533 1164 3588 C.
1196 3534 1399 3590 Basilii
1421 3537 1528 3592 Jun
1575 3538 1638 3593 V.
1683 3539 1742 3594 C.

425 3616 607 3671 Indict
661 3619 682 3641 ⁴¹
711 3619 861 3689 epist
895 3622 1095 3694 Vigilii
1131 3638 1286 3694 papae
1334 3626 1403 3681 ad
1431 3627 1742 3684 Caesarium

495 3719 549 3760 v1
659 3707 856 3765 Arelat
892 3718 947 3766 et
988 3712 1055 3766 ad
1088 3711 1442 3769 Auxanium.
1471 3717 1613 3772 Vide
1638 3720 1742 3773 No-

444 3798 496 3848 et
524 3809 602 3848 vn
662 3797 743 3851 ris
777 3797 895 3852 hist
925 3799 1092 3868 Pelag
1114 3800 1196 3853 lib
1217 3798 1270 3868 2,
1300 3815 1402 3870 cap
1439 3800 1529 3856 22.

729 3885 946 3939 Totilas
996 3887 1292 3954 Neapolim
1343 3897 1654 3961 expugnat,
1687 3901 1743 3950 et

657 3973 862 4028 mitius
895 3973 1082 4042 habet,
1131 3987 1205 4029 ex
1252 3989 1566 4049 congressu
1612 3994 1742 4036 cum

655 4061 706 4116 S.
762 4062 1067 4117 Benedicto
1143 4063 1345 4120 abbate
1407 4068 1736 4127 Cassinensi

654 4150 935 4218 placidior
948 4151 1225 4207 redditus.
1252 4155 1388 4210 Vide
1405 4157 1735 4225 Baronium,

656 4243 712 4293 et
745 4239 979 4309 Pagium
1008 4240 1075 4294 ad
1112 4241 1167 4295 h.
1202 4255 1252 4296 a.

722 4326 858 4383 Obit
887 4329 942 4383 S.
994 4328 1276 4387 Caesarius
1329 4333 1519 4390 Arelat
1546 4351 1602 4392 v1
1632 4338 1732 4394 Kal

647 4417 800 4486 Sept.
850 4417 1204 4490 VideLNoris
1258 4421 1379 4478 hist
1408 4424 1501 4480 Pel
1545 4425 1627 4482 lib
1675 4427 1730 4500 2,

645 4519 751 4578 cap
785 4505 891 4562 ult.

431 4607 573 4667 5257
717 4615 837 4684 Imp
885 4615 1004 4671 Caes
1055 4616 1422 4677 Justinianus
1474 4621 1601 4696 Aug
1651 4629 1724 4681 tr.
1805 4625 1944 4687 4296

431 4697 487 4769 Et?)
522 4700 584 4758 24
650 4720 700 4775 ρ.
740 4701 826 4775 47,
867 4703 951 4775 48,
983 4706 1090 4763 Cos
1118 4722 1190 4763 IV.
1804 4717 1942 4775 4297

1804 4717 1907 4775 429

418 4697 487 4769 ἐξ)
522 4700 584 4758 24
650 4720 700 4775 p.
740 4701 826 4775 47,
867 4703 951 4775 48,
983 4706 1090 4763 Cos
1118 4722 1190 4763 IV.

415 4791 489 4863 θ
519 4790 585 4849 43
716 4795 918 4851 Totilas
950 4796 1102 4867 regis
1128 4794 1162 4852 3
1191 4802 1245 4852 et
1277 4796 1329 4853 4.

447 4882 552 4937 CB
715 4888 735 4912 ι
769 4885 825 4938 Ρ.
860 4884 920 4939 C.
956 4884 1160 4940 Basilii
1192 4887 1323 4942 Jun.
1356 4889 1482 4944 Ter.

405 4971 583 5026 Indict
701 4974 722 4997 "
780 4975 954 5030 Vetus
1006 4975 1253 5045 inscript
1293 4980 1445 5048 apud
1503 4981 1726 5040 Boldett

460 5075 537 5114 vu
648 5069 850 5118 cremet
879 5077 986 5136 pag
1011 5063 1102 5137 86,
1149 5071 1208 5122 et
1251 5068 1567 5126 Justiniani
1603 5074 1724 5128 No—

387 5153 439 5203 et
465 5164 564 5206 VIII
625 5151 783 5206 vellze
812 5149 933 5220 448,
966 5150 1086 5224 447,
1123 5153 1227 5212 449

705 5241 940 5309 Pr0pter
1011 5245 1409 5313 expulsionem
1462 5246 1719 5304 Ariano-

633 5343 758 5384 rum
788 5341 819 5381 a
845 5328 1116 5385 Romanis
1144 5331 1395 5389 ducibus
1417 5334 1565 5390 Urbe
1597 5338 1719 5406 pul-

631 5431 826 5474 sorum
875 5418 1093 5474 Totilas
1135 5420 1473 5494 indignatus
1515 5434 1712 5485 contra

631 5511 883 5566 eamdem
917 5513 1116 5564 movet.
1154 5510 1470 5569 Belisarius
1493 5529 1624 5573 cum
1652 5519 1711 5573 in

633 5598 874 5666 gratiam
917 5598 1202 5670 principis
1245 5601 1514 5659 rediisset
1552 5605 1710 5675 h.a.,

1822 569 1947 616 ante
1984 569 2034 618 et

445 615 496 667 et
522 615 648 669 Ind.
1749 615 2061 703 postiPal'il.

2249 3361 2313 3404 111

2232 4646 2294 4689 ΙΙΙ

2232 4736 2284 4778 ιν

3706 321 3790 382 768

2260 501 2468 575 Olymp.
2535 510 2796 586 timorum
2847 501 3191 582 populorum,
3254 501 3556 586 Pontifices,
3627 501 3751 574 Erae

2529 581 2713 651 Reges,
2757 598 2840 637 res
2884 581 3046 651 gestae
3086 590 3136 639 et
3181 581 3517 644 documenta.
3568 589 3750 646 Christi

2454 812 2802 870 redeuntem:
2839 817 3052 887 ProCOp
3084 816 3166 873 lib
3197 819 3245 873 lI
3274 819 3344 875 de
3379 819 3531 876 bello

2453 899 2584 955 Pers
2607 917 2658 956 c.
2693 901 2778 957 44.

2522 990 2721 1046 Totilas
2766 994 3019 1064 Regnum
3067 995 3201 1051 hinc
3227 1008 3533 1054 arcessen—

2453 1078 2590 1134 dum
2634 1080 2723 1152 (ab
2761 1091 2960 1140 octavo
2991 1085 3217 1142 scilicet
3246 1087 3382 1142 belli
3411 1089 3535 1144 Go—

2449 1167 2615 1239 thici)
2693 1171 2856 1228 docet
2936 1175 3165 1246 Pagius,
3225 1189 3337 1232 una
3401 1192 3531 1233 cum

2451 1263 2878 1330 expugnatione
2939 1265 3194 1320 locorum
3260 1267 3528 1337 Emilizr,

2447 1351 2504 1400 et
2545 1348 2785 1420 Samnii,
2842 1353 2911 1408 de
2958 1354 3172 1424 quibus
3216 1356 3531 1426 Procopius

2452 1435 2532 1492 lib
2574 1441 2645 1496 III
2693 1440 2828 1497 belli
2873 1444 3022 1499 Goth
3053 1459 3103 1500 c.
3136 1444 3170 1501 6
3198 1453 3254 1501 et
3303 1444 3360 1502 7.
3389 1449 3529 1504 Vide

2446 1527 2683 1601 Pagium
2706 1532 2775 1587 ad
2813 1547 2924 1590 ann
2954 1532 3079 1603 543,
3110 1550 3163 1590 u.
3189 1533 3238 1590 2.

2517 1637 2951 1708 Vmﬂﬁ4et5

2515 1726 2703 1784 Tertia
2767 1729 3042 1787 Chosrois
3121 1734 3388 1802 expenito
3466 1737 3524 1793 in

2446 1813 2752 1886 Romanos,
2785 1820 2854 1874 de
2880 1835 2992 1890 qua
3020 1823 3333 1891 Proc0pius
3360 1825 3442 1880 lib
3468 1828 3518 1881 II

2449 1902 2583 1959 belli
2633 1908 2766 1962 Pers
2796 1923 2900 1980 cap
2929 1908 2998 1966 20
3043 1916 3098 1966 et
3123 1925 3192 1967 ex
3224 1927 3289 1968 eo
3316 1915 3528 1986 Pagius

2442 1993 2510 2048 ad
2543 1994 2595 2048 h.
2633 2008 2683 2050 a.
2715 2010 2770 2050 n.
2803 1995 2856 2052 3.

2515 2083 2831 2142 Belisarius
2907 2087 3041 2144 licet
3113 2091 3313 2148 Persas
3391 2109 3519 2150 cum

2443 2171 2611 2229 laule
2636 2174 2912 2246 abegerit,
2945 2185 3191 2237 attamen
3217 2183 3526 2240 Theodoraa

2439 2263 2665 2320 artibus
2691 2265 2960 2324 offensam
2989 2270 3303 2328 Iustiniani
3336 2273 3525 2330 incur-

2442 2354 2522 2408 rit
2541 2360 2596 2410 et
2611 2357 3166 2430 Constantinopolim
3189 2371 3512 2420 revocatur.

2439 2443 2581 2499 Vide
2621 2445 2702 2500 ibi
2732 2448 2967 2519 Pagium
2997 2463 3065 2505 ex
3107 2452 3338 2522 Procop.
3379 2453 3516 2509 bist.

2435 2545 2644 2590 arcano
2707 2549 2812 2606 cap
2890 2536 2926 2593 3
3004 2538 3119 2595 haec
3169 2541 3519 2600 indicantem

2438 2635 2494 2676 n.
2525 2619 2574 2677 4.

2510 2711 2690 2768 Pestis
2722 2715 3059 2784 gravissima
3091 2725 3389 2789 grassatur
3449 2721 3508 2776 in

2433 2799 2670 2871 Egypto
2703 2807 2759 2858 et
2815 2805 3336 2877 Constantinopoli.
3374 2809 3514 2866 Vide

2435 2888 2624 2945 Calvis
2649 2893 2717 2948 ad
2753 2892 2810 2947 h.
2843 2907 2897 2948 a.
2935 2907 3005 2950 ex
3036 2896 3336 2966 Procopio.

2499 3261 2939 3332 VmﬂﬁSetﬂ

2495 3351 2708 3407 Paulus
2739 3354 3057 3425 Episcopus
3084 3356 3508 3419 Alexandrinus

2421 3438 2751 3513 deponitur,
2798 3448 2854 3498 et
2885 3444 2974 3500 illi
3023 3447 3291 3504 Ecclesiae
3319 3452 3505 3520 ρι’εῆ-

2421 3526 2578 3583 citur
2607 3529 2829 3586 Zoilus.
2876 3532 3046 3589 Noris
3085 3537 3155 3592 de
3183 3538 3296 3610 Syn
3324 3541 3368 3594 V
3395 3539 3504 3596 (Ec

2424 3630 2530 3689 pag
2549 3615 2584 3672 9
2612 3632 2680 3674 ex
2707 3619 2991 3693 Liberato,
3017 3624 3292 3697 aliisque.

2490 3708 2857 3767 Justinianus
2873 3711 3103 3771 hortatu
3124 3717 3338 3790 Pelagii
3359 3719 3498 3791 Apo-

2421 3796 2655 3852 crisarii
2689 3799 2827 3855 Rom
2867 3801 3050 3874 Sedis,
3091 3809 3146 3860 et
3188 3809 3504 3866 Monacho—

2423 3898 2549 3941 rum
2625 3888 3062 3948 Palaestinorum
3137 3896 3495 3968 Encyclicam

2417 3974 2536 4030 edit
2594 3983 2786 4033 contra
2835 3980 3156 4053 Origenem,
3205 4001 3374 4056 quam
3428 3990 3494 4045 ad

2416 4064 2780 4122 Patriarchas
2825 4073 3190 4142 transmittit,
3222 4082 3285 4130 ut
3319 4076 3392 4131 ab
3420 4078 3495 4133 iis

2418 4153 2621 4210 iterato
2663 4157 2988 4216 damnetur.
3028 4164 3169 4220 Vide
3198 4167 3490 4223 Norisium

2414 4241 2495 4297 ibi
2543 4257 2590 4298 c.
2642 4241 2678 4299 2
2727 4246 2826 4303 ubi
2857 4249 3150 4310 damnatio
3189 4257 3489 4314 subsecuta

2411 4334 2468 4386 et
2496 4331 2825 4406 subscripta
2858 4338 3152 4408 probatur.

2476 4636 2902 4708 VmHHGet7

2477 4727 2650 4783 Roma
2665 4731 3053 4799 proﬁciscitur
3069 4735 3478 4808 Vigiliuscirca

2407 4815 2571 4870 ﬁnem
2649 4819 2986 4878 Novembris
3063 4824 3478 4884 Constantino-

2406 4903 2584 4973 polim
2613 4913 2881 4965 evocatus
2902 4923 2934 4965 a
2963 4912 3295 4972 Iustiniano
3335 4917 3478 4974 Ace-

2405 4992 2706 5062 phalorum
2761 4997 3242 5070 subreptionibus
3304 5007 3479 5064 insti-

2401 5087 2549 5155 gato.
2619 5083 2760 5141 Vide
2827 5095 2989 5145 notas
3063 5093 3212 5150 infra
3268 5097 3479 5169 Vigilio

2399 5170 2687 5227 obtulerat
2733 5175 2960 5234 Arator.
3011 5181 3066 5238 S.
3116 5183 3178 5238 R.
3231 5185 3291 5240 Ε.
3325 5187 3476 5243 Sub-

2396 5260 2698 5316 diaconus.
2726 5265 2864 5322 Acta
2893 5269 3300 5338 Apostolorum
3342 5291 3474 5334 car-

2399 5348 2549 5404 mine
2625 5351 2849 5410 inclusa
2909 5357 2964 5412 h.
3020 5373 3080 5414 a.
3145 5376 3227 5417 III.
3287 5366 3343 5420 P.
3411 5367 3467 5422 C.

2394 5437 2593 5493 Basilii
2621 5454 2808 5498 mense
2830 5447 3017 5516 Aprili
3053 5453 3152 5509 Ind
3199 5468 3296 5510 vn.
3334 5457 3470 5511 Vide

2392 5528 2627 5598 Pagium
2658 5544 2715 5585 n.
2742 5531 2777 5588 3
2801 5547 2868 5589 ex
2894 5536 3158 5598 Baronio.

2459 5619 2737 5679 Chosroes
2755 5632 3015 5696 quartam
3043 5633 3462 5702 expeditionem

3627 1645 3725 1706 542

3607 3273 3700 3332 543

3573 4643 3665 4704 544
