3968 6164
313 247 412 306 774
1117 245 1212 301 ΑΒ
1248 245 1686 302 ANASTASIUM
1723 244 2237 324 PROLEGOMENA
2273 249 2456 305 EDIT.
2499 247 2927 308 ROM.-VATIC.
3614 247 3718 308 772

374 371 530 424 Anni
592 371 965 440 Imperatores,
1002 369 1252 424 Consules
1283 373 1659 439 Romanorum,
1753 371 1905 441 Anni
1991 370 2047 428 A
2141 371 2295 425 Anni
2355 372 2805 435 Christianorum,
2872 373 3179 428 Judworum
3221 379 3272 426 et
3321 374 3454 441 ﬁni—
3513 371 3664 426 Anni

397 445 517 515 Per.
719 457 802 495 res
820 446 1002 509 gesta},
1053 446 1102 495 et
1154 441 1498 494 documenta.
1755 442 1814 494 U.
1852 440 1908 494 C.
2118 442 2325 514 Olymp.
2440 447 2692 499 timorum
2742 445 3082 515 populorum,
3157 440 3460 513 Pontiﬁces.
3533 447 3669 499 .Erae

413 514 525 587 Jul:
1724 517 1850 587 ant;
1886 515 1948 587 (ἕξ
2433 520 2622 587 Reges,
2661 532 2744 571 res
2783 514 2943 586 gestae
2979 521 3029 571 et
3080 517 3418 570 documenta.
3487 515 3688 571 Christi

353 589 404 640 et
422 584 544 641 Ind.
1659 587 1784 654 post
1802 583 1971 638 Palil.

603 762 862 818 abducit.
892 761 1210 817 Belisarius
1241 760 1413 816 Urbis
1442 766 1685 830 acceptae

607 865 803 908 muros
864 853 1168 906 instaurat.
1214 853 1425 920 Procop
1486 851 1568 905 lib
1631 848 1684 921 3,

605 955 654 997 c.
737 940 819 996 43.
883 941 1023 996 Vide
1084 942 1253 995 Noris
1324 941 1394 994 de
1448 954 1549 1010 syn
1624 940 1684 1008 V,

609 1046 716 1104 pag
743 1029 832 1096 27,
868 1037 924 1085 et
949 1036 1112 1085 notas
1136 1031 1202 1084 ad
1241 1029 1542 1101 Vigilium.

681 1121 926 1177 Alboina
1006 1134 1103 1174 rex
1188 1119 1690 1190 Langobardorum

605 1211 755 1266 bello
778 1210 995 1280 petitur
1012 1222 1041 1263 a
1062 1208 1429 1264 Cunimundo
1451 1208 1692 1278 Gepida-

608 1316 733 1356 ruin
769 1313 923 1367 rege.
975 1299 1033 1353 Si
1044 1298 1255 1367 gebert.

393 1406 528 1465 5264
687 1410 804 1476 lmp
848 1407 966 1460 Caes
1020 1405 1395 1461 .lustinianus
1445 1405 1572 1475 Aug
1617 1411 1689 1460 tr.
1769 1401 1906 1460 4300

2196 1403 2258 1445 ιιι
2443 1389 2644 1461 Vigilii
2676 1387 2741 1446 40
2770 1396 2821 1446 et
2849 1387 2934 1446 44.
3549 1389 3654 1448 548

380 1501 450 1572 ζῇ
487 1497 558 1553 25
621 1513 672 1566 p.
702 1494 790 1562 21,
823 1493 912 1550 22.
945 1509 1072 1550 coss
1109 1509 1176 1548 iv.
1769 1490 1899 1547 4304

1886 1490 1899 1546 ι
2203 1493 2257 1534 iv
2434 1480 2622 1535 Mense
2645 1481 2919 1536 Januario
2945 1480 3289 1536 Patriarchaa
3315 1481 3453 1535 Con-

387 1569 460 1658 θ
491 1584 555 1641 47
689 1584 888 1638 Totilm
919 1585 1070 1653 regis
1099 1580 1131 1638 7
1157 1589 1211 1638 et
1239 1582 1293 1637 8.
2371 1569 3096 1638 stantinopolitaninomen
3127 1570 3308 1639 primo
3330 1583 3456 1640 gra-

413 1677 460 1730 E
489 1679 534 1729 D
693 1678 709 1695 '
742 1673 1054 1763 SeptiesP.
1089 1673 1146 1763 C.
1177 1672 1377 1726 Basilii
1411 1674 1558 1763 Jun.
2011 1703 2062 1763 Β
2371 1659 2450 1763 dli
2486 1663 2696 1763 malum
2727 1658 3193 1763 estnYigilio‘e‘i.
3224 1672 3451 1763 praepo-

389 1765 572 1820 Indict
693 1765 710 1785 '
743 1764 916 1817 Vetus
968 1762 1214 1830 inscript
1255 1763 1404 1832 apud
1467 1760 1696 1815 Fabrett

2014 1747 2062 1763 υ
2375 1749 2508 1803 situ.
2554 1747 2740 1802 Theod
2784 1747 2853 1802 ad
2890 1747 2946 1801 h.
2994 1761 3044 1802 a.
3095 1747 3231 1801 Vide
3280 1748 3450 1802 Noris

432 1867 488 1908 ιι
621 1868 672 1920 p.
730 1848 854 1919 758,
925 1855 981 1905 et
1029 1850 1145 1905 alia
1219 1864 1250 1904 a
1319 1864 1404 1905 me
1469 1850 1691 1905 descri-
2374 1839 2443 1893 de
2473 1839 2582 1907 Syn
2617 1839 2671 1892 V-
2707 1833 3173 1907 εῖιμίιανίὲίλίυδ
3222 1837 3450 1906 indic",

387 1947 437 1998 et
468 1956 548 1998 xu
619 1947 713 2012 pta
759 1941 1100 1996 Terracinae.
1161 1941 1294 1994 item
1351 1954 1440 2008 ap.
1491 1940 1697 1995 Reines
2374 1933 2432 1983 et
2470 1927 2656 1995 aperit
2682 1925 3000 1982 concilium
3029 1927 3448 1996 Constantinop

611 2047 662 2100 p.
711 2029 838 2100 996,
863 2037 920 2086 et
952 2030 1160 2084 lieland
1191 2030 1244 2083 h.
1279 2042 1329 2083 a.
1363 2028 1464 2083 ubi
1507 2035 1563 2084 et
1592 2029 1702 2084 Ju-

2375 2022 2432 2072 et
2490 2016 2818 2071 Judicatum
2899 2016 3138 2085 emittit,
3207 2017 3266 2070 in
3343 2030 3452 2086 quo

616 2121 861 2175 stiniani
905 2118 1099 2174 Novell
1133 2116 1203 2174 38
1233 2125 1288 2174 et
1322 2115 1440 2173 427.

2373 2105 2760 2162 damnatTria
2784 2105 3071 2174 Capitula,
3103 2105 3257 2160 salva
3292 2120 3459 2161 reve-

682 2208 880 2264 lleruli
933 2208 1228 2278 Illyricum
1269 2221 1434 2264 omne
1494 2207 1698 2264 incur—

2380 2196 2566 2249 rentia
2596 2193 2654 2247 in
2684 2191 2956 2248 omnibus
2986 2193 3226 2248 concilii
3277 2193 3454 2248 Chal-

613 2303 777 2352 sant:
804 2303 858 2351 et
883 2297 1114 2366 Gepidae
1135 2297 1410 2353 Sirmium
1441 2298 1700 2368 capiunt,
2378 2283 2576 2339 ϐθάοη·
2608 2283 2752 2337 Ηυίο
2787 2282 3048 2351 indicato
3097 2282 3460 2354 refragantur

618 2391 674 2440 et
705 2384 820 2439 alia
846 2384 1143 2440 Dalmatim
1168 2385 1312 2442 loca.
1341 2385 1697 2458 Longobardi

2379 2371 2525 2440 Afri,
2557 2371 2794 2442 lllyrici,
2826 2376 2882 2425 et
2912 2369 3029 2425 fere
3061 2383 3256 2425 omnes
3303 2372 3459 2426 Occi-

622 2487 752 2528 cum
782 2471 1020 2541 Gepidis
1063 2481 1339 2543 pugnant,
1385 2481 1440 2529 et
1495 2476 1552 2529 in
1585 2477 1706 2530 No.-
2374 2461 2814 2517 dentales.Vide
2856 2461 3046 2529 Noris,
3075 2459 3177 2526 ibi,
3207 2466 3263 2514 et
3291 2468 3452 2517 notas

623 2563 746 2618 rico
810 2561 1066 2631 quaedam
1133 2562 1366 2617 castella
1439 2563 1698 2632 capiunt.
2382 2549 2533 2606 infra
2562 2556 2619 2605 et
2646 2550 2885 2621 Pagium
2922 2549 2992 2619 h,
3032 2545 3308 2604 a.et557.

617 2651 936 2707 Marcellin.
2449 2639 2584 2695 Obit
2622 2639 2917 2694 Theodora
2973 2639 3229 2708 Augusta
3269 2652 3459 2696 mense

690 2743 752 2794 il.
783 2755 832 2794 a.
866 2746 1090 2796 sextum
1115 2739 1459 2809 lleptarchix
1483 2738 1702 2808 Anglo—
2375 2728 2567 2784 ειυηίοο
2627 2726 3041 2796 Αθθρῒιθιονυπι
3092 2731 3346 2794 Patrona.
3398 2732 3453 2783 θι

625 2830 923 2885 Saxonica:
970 2829 1223 2899 Regnum
1271 2827 1702 2884 Northumbria

2381 2818 2562 2873 totius
2593 2816 2884 2888 tragoediae
2921 2815 3117 2870 Trium
3147 2815 3452 2885 Capitulo-

624 2919 849 2974 scilicet
896 2919 1197 2974 exordium
1232 2917 1454 2974 habuit.
1490 2917 1703 2988 Pagius
2382 2921 2508 2963 rum
2550 2907 2799 2979 auctrix,
2858 2905 2945 2962 vel
2995 2905 3238 2961 occasio.
3288 2906 3459 2962 Noris

627 3021 696 3064 ex
727 3007 1219 3097 Malesinuriensi,
1269 3006 1523 3078 aliisque
1577 3005 1698 3062 hist
2014 3029 2064 3097 Ο
2383 2996 2487 3052 ibi.

623 3113 677 3154 ιι.
725 3096 813 3155 43.

403 3203 546 3262 5262
691 3208 810 3274 Imp
842 3205 962 3260 Cies
985 3205 1354 3260 Justinianus
1383 3204 1512 3276 Aug
1541 3208 1613 3259 tr.
1642 3217 1698 3273 p.
1779 3199 1906 3258 4304

2169 3212 2324 3281 Olym
2463 3211 2668 3281 Vigilii
2711 3208 2768 3267 44
2801 3217 2857 3268 et
2885 3209 2972 3268 42.
3545 3209 3655 3269 549

389 3300 457 3369 ες)
486 3293 557 3350 26
609 3291 699 3357 22,
727 3292 816 3349 23.
855 3294 962 3349 Cos
996 3307 1067 3348 ιν.
1775 3288 1914 3347 1302

1887 3288 1914 3346 2
2159 3300 2281 3359 334
2451 3303 2582 3358 Post
2601 3303 2748 3358 Cons
2783 3302 2981 3358 Basilii
3016 3316 3158 3358 ann.
3186 3316 3310 3357 vui.
3363 3303 3454 3357 Ju-

393 3383 465 3457 ο
494 3383 561 3440 48
683 3384 884 3440 ΤοιὶΙεΒ
917 3383 1089 3454 Regis
1117 3381 1153 3438 8
1174 3390 1228 3438 el
1255 3381 1308 3437 9ο
2207 3405 2258 3447 iv
2369 3391 2662 3446 stinianus
2691 3392 2806 3461 imp
2829 3405 2926 3462 per
2947 3391 3201 3448 diversas
3231 3391 3456 3460 provin-

455 3475 493 3530 C
689 3473 930 3529 'Octies
959 3475 1016 3528 P.
1047 3473 1108 3528 C.
1161 3472 1360 3528 Basilii
1392 3473 1523 3528 Jun.
2223 3485 2273 3535 et
2381 3481 2502 3536 cias
2554 3481 2714 3552 regni
2769 3481 2862 3537 sui
2912 3495 3107 3537 omnes
3159 3482 3456 3551 episcOpos

382 3563 566 3619 Indict
691 3565 711 3586 ⁶
742 3564 916 3618 Vetus
950 3562 1258 3633 inscriptio
1279 3562 1349 3617 ad
1378 3563 1434 3616 S.
1476 3559 1707 3630 Apolli—
2181 3567 2287 3627 332
2376 3570 2509 3625 Tria
2537 3570 2805 3640 Capitula
2838 3572 3111 3627 damnare
3136 3570 3449 3640 compellit.

431 3667 514 3708 xu
621 3652 780 3708 naris
815 3653 871 3707 in
911 3651 1101 3707 Classe
1159 3665 1334 3722 prope
1383 3652 1700 3706 Ravennam
2231 3673 2248 3715 ι
2376 3660 2570 3715 Victor
2627 3661 2771 3716 Tun.
2818 3661 2961 3716 Vide
3016 3661 3188 3717 Noris
3229 3661 3298 3716 de
3358 3674 3459 3730 sy-

381 3747 432 3798 et
452 3755 558 3798 xm
615 3756 716 3796 vn.
761 3741 843 3796 Id.
878 3741 1011 3796 Mrii
1057 3741 1247 3796 Indict
1286 3754 1367 3796 xu
1391 3753 1423 3794 a
1472 3753 1559 3795 me
1595 3739 1704 3795 de—
2382 3749 2491 3804 non
2528 3751 2590 3815 v,
2615 3763 2718 3819 cap
2749 3745 2799 3803 4,

620 3831 840 3899 scripta
2452 3837 2668 3894 Bellum
2713 3837 3003 3894 Persicum
3043 3839 3233 3894 minus
3265 3837 3464 3894 felici-

687 3917 906 3973 Tolilas
950 3915 1058 3971 sub
1112 3916 1280 3971 ﬁnem
1336 3915 1512 3984 huius
1563 3916 1702 3971 anni
2381 3931 2468 3982 ter
2521 3929 2744 3997 geritur
2793 3940 2823 3982 a
2864 3927 3140 3982 Romanis
3179 3940 3211 3981 a
3281 3928 3457 3982 Petrae

622 4005 825 4063 Urbem
886 4009 1200 4074 recuperat.
1265 4003 1403 4058 Vide
1469 4003 1582 4074 Pag
1633 4001 1703 4057 ad

2381 4016 2684 4072 obsidione
2709 4017 2969 4072 recedere
3013 4016 3245 4084 coactis,
3279 4023 3336 4070 et
3368 4015 3455 4070 in-

619 4109 730 4152 aml
759 4109 855 4165 seq
884 4108 937 4149 η·
969 4092 1022 4148 3-
2380 4106 2583 4162 ducias
2631 4119 2760 4161 cum
2792 4106 2981 4160 Persis
3019 4106 3085 4160 ad
3121 4106 3457 4176 quinquen-

692 4181 1383 4252 TheudiVisisolhorum
1427 4179 1702 4250 Resein-
2382 4195 2543 4250 nium
2602 4195 2840 4264 pacisci.
2893 4194 3034 4251 Vide
3087 4196 3198 4267 Pag
3272 4195 3328 4249 b.
3399 4206 3451 4249 a.

627 4278 905 4341 terempto
941 4276 1139 4340 regnat
1164 4268 1548 4323 Theudisclus
1571 4269 1704 4325 ΛΕΜ

978 4276 1139 4340 egnat
1164 4268 1548 4323 Theudisclus
1571 4269 1704 4325 ΛΕΜ
2383 4298 2440 4340 η,
2492 4283 2545 4339 3.

618 4361 835 4463 llispan
889 4358 960 4463 80
1012 4372 1190 4463 anno“
2017 4402 2071 4463 D
2451 4372 2782 4442 lllyriciana
2837 4373 3090 4444 synodus
3150 4375 3208 4428 in
3252 4372 3458 4429 defen-

617 4450 981 4516 isidorjuxta
1003 4449 1122 4503 edit
1151 4447 1339 4504 Grotii
1373 4453 1428 4502 et
1452 4445 1681 4534 Cabbei,
2017 4445 2069 4463 ν
2382 4463 2545 4518 sione
2569 4463 2769 4519 Trium
2822 4463 3219 4534 Capitulorum
3267 4464 3456 4520 Justi-

619 4539 714 4594 sed
745 4537 815 4594 22
864 4540 1031 4608 juxta
1074 4538 1312 4609 Pagium
1359 4549 1411 4592 n.
1466 4533 1499 4591 7
1551 4549 1701 4592 anno

2378 4553 2552 4609 niano
2597 4553 2819 4609 scribit.
2867 4533 2922 4609 et
2966 4555 3309 4610 Benenatum
3343 4552 3458 4622 epi-

619 4629 934 4699 supel‘im‘i-
2376 4655 2610 4712 scopum
2657 4643 3091 4700 obtrectatorem
3128 4644 3456 4700 eorumdem

687 4717 1010 4774 Concilium
1031 4715 1523 4804 AurelianenseV,
1549 4728 1699 4770 anno
2380 4730 2628 4788 damnat,
2667 4732 2804 4788 Vide
2828 4733 2999 4790 Νοι-ίε
3025 4734 3096 4790 de
3119 4749 3223 4804 by“
3249 4732 3314 4803 ν,
3347 4746 3399 4789 c.
3423 4727 3458 4787 4

616 4803 704 4862 38.
739 4805 1095 4862 Childeberti
1138 4805 1310 4876 Regis
1341 4803 1529 4859 lndict
1571 4816 1698 4858 xm.
2381 4826 2437 4875 ει
2465 4821 2701 4893 pagium
2735 4821 2794 4878 ιι,
2823 4835 2875 4892 ει,

622 4896 852 4966 Pagius.

403 5000 546 5062 5263
693 5005 910 5060 Partem
990 5000 1194 5058 Galliae
1270 5015 1440 5073 quam
1526 4997 1701 5056 Gothi

388 5099 460 5170 ﬁ)
493 5089 565 5150 27
619 5095 992 5164 possederant
1023 5093 1259 5148 Francis
1286 5091 1560 5148 attribuit
1595 5091 1702 5146 Ju-

395 5181 566 5254 919
630 5185 924 5240 stinianus
982 5188 1046 5239 ut
1101 5183 1326 5238 eosdem
1395 5195 1428 5236 a
1499 5179 1708 5236 {cedere

455 5274 499 5326 B
621 5273 864 5329 Gothico
913 5273 1172 5329 divellat.
1207 5270 1417 5340 Pagius
1458 5283 1525 5324 ex
1562 5269 1634 5323 Pr
1670 5297 1705 5308 -

380 5362 578 5417 Indict.
621 5363 808 5432 (-opio.

406 5481 510 5522 xm
693 5471 814 5538 Imp
839 5469 957 5522 Cais
985 5465 1352 5524 Justinianus
1377 5465 1506 5538 Aug
1532 5469 1602 5522 tr.
1640 5479 1692 5536 p.
1777 5460 1914 5519 4302
2227 5473 2244 5514 ι
2446 5459 2646 5532 Vigilii
2677 5457 2741 5515 42
2769 5466 2825 5516 et
2853 5459 2936 5518 43.

399 5561 450 5612 et
473 5570 566 5613 xw
619 5554 708 5628 23,
744 5555 816 5613 24
843 5558 950 5613 Cos
979 5569 1053 5612 Vl.
1773 5548 1912 5609 4303
2218 5562 2258 5604 ιι
2447 5549 2697 5622 Vigilius
2725 5550 3023 5609 Rusticum
3049 5559 3105 5609 et
3127 5550 3426 5608 Sebastia—
3539 5548 3656 5608 550
