3962 6164
175 256 272 318 773
866 239 873 245 ’
1102 258 1442 317 CHRONOL.
1480 257 1528 315 A
1563 259 1621 317 s.
1659 259 2047 335 SYLVESTRQ
2082 263 2175 319 AD
2207 262 2262 322 s.
2302 265 2511 337 anno.
2553 267 2607 321 ιι
3456 269 3566 331 774

239 381 398 463 Αῇηηί
472 382 859 449 Imperatores,
921 379 1197 463 consules,
1250 385 1523 438 Romano—
1584 385 1764 463 itum;
1846 386 1897 443 A
1969 383 2144 463 Δᾼηηί
2210 386 2669 457 Christianorum,
2696 391 3020 448 Iudaeorum
3052 400 3101 449 et
3124 398 3260 463 ﬁni—
3344 400 3502 455 Anm

263 453 389 536 Per.
419 527 431 536 ‘
556 468 698 516 rum,
730 467 815 506 res
853 457 1034 520 gestae,
1067 457 1117 508 et
1135 454 1475 511 documenta.
1584 455 1668 536 Π.Δ
1725 456 1780 536 ΟΔ.
1958 455 2167 528 Olymp.
2282 462 2536 536 timorum
2587 453 2929 536 populorum,
2973 453 3270 536 Pontiﬁces,
3354 453 3495 527 me

232 524 343 578 Jul.
381 527 433 578 et
1573 531 1699 582 ante
1722 530 1774 580 et
2030 524 2039 526 ⁷
2112 524 2129 528 ’
2272 533 2460 604 Reges,
2493 524 2764 602 res'gc'stae
2806 539 2855 590 et
2894 524 3234 594 documenta.
3257 524 3270 536 ’
3304 524 3521 598 οΙῖιῙιίενέί.

265 594 396 652 1nd.
1520 602 1647 668 post
1686 597 1808 652 Pal.

2203 737 2340 781 num
2371 726 2433 782 S.
2489 730 2552 784 R.
2605 729 2668 785 E.
2707 731 2991 790 Diaconos
3046 734 3283 794 damnat

2203 819 2474 885 tanquam
2540 818 2596 872 S.
2676 819 3120 880 Chalcedonensi
3179 841 3285 898 sy-

2208 903 2356 959 nodo
2430 906 2807 965 adversarios.
2863 912 3001 967 Vide
3071 915 3279 972 Baron.

518 737 721 794 Totilae
766 738 921 810 regis
950 735 985 793 9
1013 741 1069 794 et
1100 736 1187 795 40.

518 828 541 852 '
564 827 772 883 Novies
797 828 858 883 P.
882 828 938 883 C.
983 828 1184 884 Basilii
1203 830 1334 885 Jun.

516 916 692 971 Vetus
714 916 1342 987 inscripDedicationis
1367 918 1537 974 Basi—

448 1005 577 1062 lica:
624 1006 665 1059 B
714 1006 986 1076 Stephani
1048 1007 1326 1063 Ravennae
1366 1008 1537 1064 tertio
2206 993 2377 1048 Novis
2414 999 2468 1049 ει
2495 997 2728 1067 Paeium
2761 998 2888 1055 h-a-
2922 1000 3037 1057 11-4
3063 1009 3118 1060 el
3146 1004 3280 1076 et5.

452 1094 531 1151 Id.
585 1094 856 1149 Decembr
895 1095 1089 1151 novies
1119 1097 1182 1150 P.
1241 1097 1299 1151 B.
1333 1096 1534 1153 Basilii
2207 1087 2263 1137 εἰ
2288 1091 2452 1139 mlas
2483 1084 2648 1142 infra.

446 1185 580 1240 Jun.
605 1183 745 1239 Vide
768 1182 1069 1254 Agnellum
1096 1185 1333 1240 Bachini
1378 1186 1537 1254 parte
2278 1171 2537 1228 Africani
2580 1177 2834 1248 episcopi
2869 1193 2966 1249 per
3003 1197 3283 1241 summam

445 1270 501 1339 2,
542 1286 647 1343 pag
696 1269 786 1340 89,
821 1278 877 1327 ει
928 1272 1171 1341 epistola
1202 1273 1403 1344 Vigim
1470 1288 1531 1330 ιη
2208 1263 2583 1319 temeritatem
2646 1266 2921 1337 Vigilium
2951 1284 3284 1330 excommu—

448 1361 661 1417 Kalend
705 1362 841 1417 Maii
883 1363 1000 1430 Imp
1028 1362 1358 1417 Justiniano
1381 1375 1533 1419 anno

2251 1351 2404 1406 icant
2468 1355 2729 1422 synodali
2783 1362 3090 1416 sententia.
3160 1364 3286 1419 Vict

447 1465 608 1517 xxiv,
640 1452 702 1505 P.
741 1451 800 1506 C.
844 1450 1045 1505 Basilii
1080 1450 1144 1505 V.
1175 1452 1519 1508 C.ann01x.
2204 1440 2431 1507 Τυηυηθ
2508 1448 2618 1499 tam
2676 1444 2734 1499 hi
2798 1448 2998 1519 Vigim
3058 1452 3284 1509 decreto
3352 1440 3357 1445 I

451 1540 629 1595 Baron
652 1539 720 1594 ad
755 1538 810 1593 h.
846 1552 898 1593 a.
929 1551 1060 1593 num
1082 1535 1134 1593 4.
2207 1544 2374 1600 quam
2421 1533 2736 1590 Justiniani
2772 1540 3049 1609 rescripto
3089 1543 3290 1613 Illyri—

520 1626 704 1683 Sclavi
764 1629 972 1683 Istrum
1005 1628 1331 1699 trajiciunt,
1361 1628 1531 1686 urbes
2204 1619 2358 1675 ciani
2407 1623 2812 1689 percelluntnr.
2861 1627 2966 1683 Ibi.
2998 1632 3194 1701 agitur
3218 1633 3288 1689 de

450 1718 705 1787 capiunt,
745 1720 802 1772 ει
846 1718 902 1772 in
950 1731 1046 1774 eas
1075 1719 1390 1775 crudeliter
1419 1734 1533 1775 δερ..
1846 1714 1898 1774 Β
2207 1721 2307 1777 syn
2360 1722 2563 1764 (ecum.
2616 1718 2996 1771 convocanda.
3050 1721 3285 1776 Interim

450 1806 633 1861 viunt.
702 1807 935 1877 ProcOp.
1014 1808 1235 1864 Lechus
1292 1809 1527 1865 Sclavus

2207 1798 2567 1866 Mopsuestia:
2625 1801 2868 1860 habetur
2935 1805 2989 1861 h.
3045 1821 3097 1863 a.
3148 1810 3287 1866 Vide

446 1894 667 1951 dicitur
696 1895 851 1951 circa
908 1897 1028 1952 haec
1057 1908 1310 1967 tempora
1359 1899 1532 1955 Polo-

2206 1887 2377 1943 Noris
2400 1895 2455 1944 et
2482 1890 2715 1961 Pagium
2768 1895 2837 1949 ad
2872 1895 2925 1950 h.
2982 1910 3035 1952 a.
3086 1899 3287 1955 num9

450 1984 603 2040 niam
649 1999 974 2056 occupasse.
1007 1987 1196 2044 Calvis
1245 2001 1313 2044 ex
1358 1989 1531 2045 Polon
2205 1980 2261 2029 θι
2308 1972 2391 2030 40·
2435 1978 2688 2049 “gilius
2731 1982 3053 2050 indicatum
3112 2002 3282 2044 suum

452 2072 590 2129 hist.
2204 2078 2234 2119 e
2317 2067 2589 2123 manibus
2669 2073 2883 2127 Mennaa
2967 2083 3283 2146 recuperat.

2211 2154 2349 2211 Vide
2411 2158 2583 2214 Noris
2632 2159 2702 2215 de
2777 2175 2880 2231 syn
2934 2178 2986 2234 v,
3066 2166 3126 2221 in
3207 2166 3284 2223 ﬁn

2204 2256 2307 2314 cap
2341 2242 2395 2299 4.

239 2372 382 2433 5264
524 2377 646 2443 Imp
673 2375 792 2430 Caes
815 2338 1181 2432 Justinianus
1210 2374 1337 2449 Aug
1365 2382 1434 2432 tr.
1471 2392 1524 2448 p.
1605 2375 1745 2434 4303

2030 2379 2069 2421 ιι
2269 2370 2468 2441 Vigilii
2505 2370 2569 2429 43
2599 2378 2653 2430 et
2681 2372 2771 2430 Ui.
3356 2379 3455 2439 554

206 2468 273 2540 Θ
316 2463 390 2522 28
453 2462 543 2533 24,
575 2463 667 2535 25,
691 2478 886 2520 εονιιν.
1605 2463 1744 2522 4304

1722 2463 1744 2522 ι
2029 2468 2093 2511 ιιι
2272 2457 2740 2519 Occidentalibus
2839 2467 3128 2538 episcopis
3216 2470 3286 2525 ad

206 2555 275 2627 θ
353 2551 375 2609 4
528 2553 728 2611 Totilae
769 2553 921 2624 regis
948 2551 1013 2607 40
1038 2558 1095 2609 et
1123 2550 1208 2608 44.

290 2645 340 2699 Α
524 2643 722 2698 Decies
751 2643 808 2697 P.
851 2643 907 2695 C.
938 2642 1140 2697 Basilii
1171 2644 1307 2698 Jun.

205 2733 385 2788 Indict
521 2732 786 2787 Edictum
837 2731 1154 2787 Justiniani
1205 2733 1275 2787 de
1324 2731 1534 2790 Tribus

277 2836 369 2877 xxv
438 2820 744 2892 Capitulis,
777 2825 833 2875 et
855 2819 1089 2876 libellus
1116 2820 1267 2876 Cleri
1290 2822 1532 2879 Romani
2208 2817 2396 2872 edicto
2438 2833 2544 2875 suo
2573 2820 2706 2876 Tria
2746 2826 3011 2893 Capitula
3039 2828 3291 2886 damnat.

244 2915 387 2966 etxv
461 2911 530 2967 ad
589 2910 850 2966 eumdem
919 2923 1021 2978 pro
1080 2909 1295 2981 Vigilio
1347 2910 1409 2966 ιι.
1478 2925 1530 2968 a.
2208 2906 2479 2977 Vigilius,
2509 2913 2834 2969 convocatis
2887 2916 3196 2988 episcopis,
3222 2919 3294 2975 ab

452 3001 629 3071 scrip.
658 2999 800 3055 Vide
831 2999 999 3054 Noris
1026 3004 1083 3055 et
1110 3000 1242 3071 Pag.
1845 3038 1895 3101 Ο
2210 2997 2429 3065 apostol
2496 2999 2652 3101 sedis
2698 3005 3103 3062 communione
3155 3023 3294 3064 suan

518 3089 1535 3149 TotilasliberatustimoreGermani
1848 3088 1895 3101 "
2211 3098 2447 3154 Densum
2499 3088 2751 3145 dedant
2810 3095 3124 3162 quemlibet
3184 3097 3286 3167 qui

451 3194 483 3237 a
518 3180 845 3236 Justiniano
869 3180 1033 3236 missi
1058 3181 1306 3252 primum
1337 3186 1536 3238 contra
2216 3174 2574 3232 damnationi
2607 3180 2919 3248 Ρνιέδιιθτὶι
2954 3198 3282 3241 assensum-

451 3270 681 3327 Sclavos
721 3269 803 3340 (in
838 3282 949 3339 qua
992 3270 1356 3340 expeditione
1382 3271 1536 3327 diem
2212 3262 2549 3331 Indignatus
2652 3267 2962 3335 imperator
3031 3274 3292 3329 eumdem

443 3359 675 3430 clausit)
720 3365 784 3415 ut
813 3360 1059 3415 subinde
1086 3367 1285 3417 contra
1312 3362 1533 3417 Gothos

2208 3351 2491 3406 custodiri
2509 3353 2700 3422 jubet;
2750 3358 2845 3413 sed
2881 3357 3013 3430 fuga
3063 3360 3293 3432 elapsus

450 3452 510 3507 in
539 3451 765 3507 Italiam
796 3451 1038 3520 veniret,
1087 3450 1266 3506 libere
1289 3451 1431 3522 agit,
1482 3455 1538 3507 et
2208 3439 2619 3499 Chalcedone“!
2658 3458 2786 3500 cum
2839 3448 3130 3520 episcopis
3176 3451 3290 3508 Sibi

456 3542 513 3596 in
542 3540 804 3596 Siciliam
854 3538 1143 3609 profectus
1170 3554 1293 3596 eam
1326 3546 1531 3611 vastat,
2209 3529 2637 3589 δάῧεὲνθηῐὶδυε
2678 3538 2951 3602 Pervenit-
3000 3538 3141 3595 Vide
3170 3542 3294 3598 N0-

452 3631 787 3702 ingentique
812 3630 998 3700 prmda
1024 3635 1081 3685 et
1108 3629 1340 3702 frugum
1368 3630 1534 3701 copia

2213 3622 2294 3675 ris
2315 3621 2385 3677 de
2411 3622 2522 3692 Syn
2548 3638 2600 3694 v,
2629 3636 2661 3679 a
2698 3638 2805 3696 pag
2846 3623 2934 3692 40,
2962 3627 3031 3683 ad
3059 3625 3144 3684 48.

448 3726 653 3776 auctus
709 3721 766 3776 in
809 3720 1034 3776 Italiam
1090 3720 1257 3775 redit.
1319 3722 1533 3776 Proco-

454 3809 605 3881 pius,
630 3816 685 3865 et
708 3825 776 3866 et
802 3825 867 3867 eo
896 3810 1086 3867 Calvis
1111 3810 1181 3865 ad
1212 3810 1269 3864 h.
1295 3823 1327 3865 a

209 3894 348 3955 5265
454 3874 470 3879 ”
524 3874 645 3971 Imp
672 3900 791 3956 Caes
831 3900 1198 3957 Justinianus
1223 3899 1349 3971 Aug
1374 3905 1447 3955 tr.
1477 3913 1532 3970 p.
1612 3895 1751 3955 4304

2036 3894 2099 3936 ιιι
2278 3876 2483 3950 Vigilii
2512 3874 2579 3931 44
2598 3882 2662 3932 et
2693 3874 2782 3933 45.
3380 3880 3488 3941 552

209 3991 276 4061 Θ
340 3991 362 4047 4
440 3988 528 4061 25,
561 3967 779 4053 26.0.03
814 4003 891 4045 IV.
1319 3967 1342 3971 ⁷
1477 3967 1493 3970 ’
1610 3985 1750 4044 4305
2035 3985 2089 4027 tv
2278 3967 2483 4061 Vigilii
2540 3967 2889 4061 cpnstantia
2940 3970 3303 4061 tot‘experi-

205 4055 277 4153 ὁ
341 4080 378 4139 2
516 4055 717 4136 Totilze
736 4080 888 4151 regis
922 4076 980 4133 44
1018 4076 1158 4134 θι42
1184 4076 1284 4148 qui
1311 4077 1538 4134 occidi-
2213 4058 2421 4114 mentis
2470 4055 2957 4153 PPQbala_Suadet_
3014 4059 3304 4153 Justinia-

240 4146 286 4227 G
317 4173 361 4226 F
450 4177 565 4227 tur.
614 4146 1060 4239 Junio'mense,
1112 4146 1247 4223 Teia
1328 4180 1533 4224 succe—
2213 4161 2372 4239 num:
2433 4151 2496 4203 ιιι
2556 4146 2839 4239 legatione
2891 4148 2960 4239 {id
3004 4148 3299 4239 νθιιῐηάθῐη

222 4260 403 4316 Indict
450 4260 636 4316 dente.
1051 4236 1056 4239 ’
2215 4238 2389 4293 missa
2419 4249 2550 4292 cum
2570 4236 2952 4306 jurejurando
2998 4238 3294 4297 indemni-

278 4362 353 4404 xv
530 4347 834 4404 Undeciies
867 4348 928 4401 P.
960 4346 1020 4402 (ς.
1055 4343 1255 4401 Basilii
1281 4347 1350 4401 Ju
1405 4386 1419 4401 .
1852 4370 1907 4431 Ι)
2215 4329 2319 4431 tati
2378 4326 2827 4431 Constgnntipr“
2856 4335 3096 4385 revocet.
3163 4332 3304 4387 Nam

258 4443 360 4494 ett
525 4434 1538 4508 EncyclicaVigiliidataNonisFebr
1854 4417 1904 4431 υ
2213 4420 2361 4508 citra
2412 4417 2737 4508 pontiﬁcis
2789 4419 2950 4508 Rom.
3004 4433 3304 4477 assensum

453 4506 771 4598 imperante
803 4506 1043 4581 Domino
1067 4524 1399 4580 Iustiniano
1420 4525 1520 4579 PP.
2052 4564 2059 4568 ρ
2220 4507 2369 4598 nihil
2399 4507 2626 4598 demum
2670 4506 2849 4598 {init}?
2881 4521 3045 4575 Posse
3079 4509 3308 4598 intelli-

2206 2549 2485 2617 synodum
2542 2554 2945 2610 accedentibus
3006 2557 3294 2614 Constan—

2207 2638 2534 2711 tinopolim,
2566 2642 2818 2713 Vigilius
2842 2646 2969 2701 sine
3002 2647 3148 2717 ipsis
3168 2662 3290 2704 eam

2207 2726 2493 2784 celebrare
2565 2731 2860 2789 detrectat.
2926 2737 3294 2796 Justinianus

453 4620 578 4689 Aug
626 4630 780 4672 anno
812 4629 943 4671 xxv.
979 4617 1109 4672 Post
1151 4615 1299 4671 Cons
1328 4613 1532 4670 Basilii

454 4721 603 4763 anno
657 4719 738 4761 χι.
794 4706 933 4762 Vide
980 4705 1153 4761 Noris
1194 4705 1264 4761 de
1306 4703 1418 4775 Syn
1472 4718 1530 4761 v.

458 4809 565 4867 pag
594 4792 682 4852 49.

523 4889 732 4942 Narses
753 4890 952 4941 contra
981 4884 1202 4941 Gothos
1228 4884 1286 4939 in
1318 4882 1535 4939 Italiam

453 4978 668 5033 missus
697 4974 946 5031 feliciter
974 4981 1189 5046 pugnat
1222 4987 1333 5030 non
1375 4972 1542 5044 longe

454 5066 718 5122 Ravenna
770 5064 966 5136 fugato
1002 5077 1263 5135 caesoque
1306 5062 1534 5118 Totila:

455 5157 551 5212 cui
588 5156 752 5226 Tejas
797 5168 1096 5211 successor
1138 5168 1168 5209 a
1216 5153 1423 5208 Gothis
1475 5164 1569 5207 se-

454 5247 722 5302 Ticinum
748 5244 1161 5315 recipientibns
1182 5244 1353 5300 datur
1374 5242 1528 5298 brevi

454 5340 805 5390 moriturus:
839 5333 899 5387 in
927 5346 1040 5404 quo
1065 5332 1241 5388 desiit
1270 5334 1549 5402 Ostrogo—

455 5424 683 5479 thorum
714 5425 968 5495 Regnum
1020 5423 1078 5476 in
1125 5422 1308 5477 Italia.
1344 5419 1546 5474 Urbem

463 5519 745 5584 receptam
786 5513 1076 5568 instaurat
1114 5512 1344 5567 Narses.
1402 5506 1542 5565 Vide

459 5607 623 5660 notas
651 5601 722 5659 ad
750 5601 1053 5674 Vigilium.

2215 4597 2402 4668 gebat,
2450 4594 2617 4649 Redit
2670 4592 2947 4663 Vigilius,
2995 4601 3051 4649 et
3080 4597 3302 4653 veniam

2222 4683 2577 4755 postulantes
2597 4681 2879 4751 Mennam,
2919 4681 3304 4756 Theodorum,

2216 4780 2273 4830 et
2327 4771 2607 4828 Andream
2649 4769 2839 4839 Ephes
2883 4769 3146 4842 aliosque
3174 4773 3304 4842 epi-

2220 4875 2424 4932 scopos
2457 4861 2515 4914 in
2564 4859 2807 4931 gratiam
2840 4863 2896 4913 et
2933 4862 3303 4917 communio-

2220 4968 2348 5008 nem
2442 4950 2669 5020 recipit.
2744 4948 3006 5004 Edictum
3082 4957 3309 5008 revocat

2218 5041 2604 5099 Justinianus.
2637 5037 2869 5090 Mennas
2899 5034 3042 5090 obit.
3068 5036 3312 5095 Succes-

2224 5146 2321 5189 sor
2362 5129 2449 5186 illi
2503 5126 2764 5184 daturin
2818 5124 2951 5180 sede
2974 5125 3312 5186 Constanti-

2228 5222 2562 5295 n0politana
2596 5214 2931 5287 Eutychius.
2961 5216 3098 5272 Vide
3119 5220 3308 5276 Noris.

2232 5315 2314 5370 ibi
2362 5328 2394 5369 a
2444 5326 2551 5383 pag
2586 5309 2655 5367 49
2682 5311 2752 5368 ad
2800 5301 2889 5376 54,
2938 5315 2994 5366 et
3037 5315 3200 5367 notas
3240 5310 3310 5366 ad

2229 5404 2535 5476 Vigilium.

2303 5492 2539 5564 Regales
2590 5491 2813 5549 exuviae
2868 5491 3067 5551 Totila:
3135 5490 3312 5548 occisi

2231 5583 2792 5656 ConstantinOpolim
2832 5581 3202 5640 transmissae.
