3962 6164
428 272 536 330 779
1229 269 1320 322 AD
1358 265 1786 322 ANASTASIUM
1826 261 2339 321 PROLEGOMENA
2382 262 2557 317 EDlT.
2601 261 3025 317 ROM.-VATIC.
3713 253 3800 316 780

456 396 614 450 Anni
684 396 1062 467 Imperatores,
1096 390 1994 467 Consules,Romanorum,_A§ni
2085 387 2144 445 A
2206 384 2364 467 Anni
2436 387 2886 467 Christianorum,
2938 385 3263 467 Judazorunl
3302 382 3527 467 etﬁni—
3590 378 3737 467 Alani

421 468 543 522 Per.
565 467 677 521 Jul.
768 466 771 467 ⁷
954 483 1038 523 res
1071 471 1233 537 gesta:
1272 471 1320 522 et
1351 466 1691 523 documenta.

461 544 512 594 et
547 538 674 594 1ηὰ.
1072 531 1092 537 ⁷
1853 536 1982 587 ante
2016 531 2067 584 et

1778 608 1902 680 post
1942 607 2065 664 Pal.

717 717 858 775 Vide
881 715 1114 789 Pagium
1149 714 1204 770 h.
1233 729 1285 772 a.

500 876 643 936 5273
784 880 905 949 Imp
928 878 1047 933 Cats
1084 876 1453 934 Justinianus
1474 876 1600 950 Aug
1623 882 1693 934 tr.
1722 891 1780 947 p.
1866 874 2004 933 1312

605 966 641 1022 9
709 963 909 1037 33,34.
941 979 1040 1022 cos
1072 980 1147 1021 ιν.
1867 963 2005 1023 4343

463 1066 535 1139 θ
565 1064 632 1122 40
775 1066 907 1122 Post
937 1078 1075 1122 cons
1105 1063 1305 1121 Basilii
1330 1066 1437 1121 Jun
1470 1079 1593 1120 χιχ.

496 1160 544 1212 D
576 1155 616 1211 C
778 1155 995 1211 Bellum
1043 1155 1438 1211 Britannicum
1491 1155 1550 1210 in
1581 1153 1792 1211 Armo-

483 1247 663 1303 Indict
715 1246 834 1302 rica
882 1250 1103 1318 gestum
1139 1246 1192 1300 ιι.
1245 1258 1295 1301 a.
1329 1243 1531 1315 probat
1560 1244 1791 1315 Pagius,

520 1350 622 1392 vm
720 1351 776 1392 ιι.
810 1335 844 1393 3
874 1337 1011 1393 anni
1037 1332 1161 1392 564.

481 1433 531 1481 et
562 1440 648 1482 ιχ.
774 1426 1097 1483 Concilium
1148 1426 1490 1483 Bracarense
1535 1426 1593 1481 in
1654 1426 1793 1496 Hisp

711 1516 1054 1573 celebratur.
1125 1517 1263 1573 Vide
1312 1517 1423 1589 Pag
1472 1517 1540 1572 ad
1571 1516 1633 1571 h.
1701 1530 1790 1586 a.,

714 1621 776 1662 ιι.
830 1603 881 1671 4,
915 1612 972 1662 et
1013 1606 1081 1662 ad
1113 1619 1226 1661 ann
1254 1603 1378 1678 563,
1416 1620 1469 1662 ιι.
1509 1602 1560 1676 4,
1603 1613 1659 1661 et
1685 1606 1789 1661 Ba—

712 1711 815 1753 ron
840 1697 910 1752 ad
931 1709 1044 1752 ann
1068 1697 1186 1752 sed.

497 1800 639 1861 5274
783 1806 1050 1883 Impﬁaes
1095 1805 1464 1861 Justinianus
1483 1803 1702 1876 Augtr.
1733 1818 1787 1874 p.

462 1898 535 1971 ζῇ
571 1892 635 1951 40
709 1890 911 1965 33,35,
937 1907 1053 1950 cos.
1090 1909 1164 1950 ιν.
1208 1922 1221 1939 ς

469 1992 541 2064 ἃ
568 1990 625 2047 44
779 1994 911 2049 Post
942 2007 1097 2049 cons.
1134 1992 1337 2049 Basilii
1369 1994 1477 2049 Jun
1507 2007 1603 2048 xx.

556 2084 601 2136 B
781 2083 992 2139 Octava
1039 2083 1502 2155 quinquennalia
1555 2081 1785 2151 imperii

482 2170 661 2226 Indict
710 2186 742 2228 a
777 2172 1108 2229 Justiniano
1158 2173 1382 2228 vivente
1423 2172 1652 2228 Justino
1681 2185 1789 2228 su—

544 2273 602 2313 ιχ
711 2262 889 2330 scepti
935 2262 1218 2317 celebrata
1251 2262 1446 2335 arguit
1483 2277 1538 2319 ιι.
1602 2260 1623 2317 4
1680 2263 1791 2317 Pa-

499 2352 549 2402 et
573 2362 625 2403 x.
706 2349 838 2421 gius
867 2364 935 2405 ex
982 2351 1355 2409 Circensibus
1388 2365 1421 2407 a
1447 2351 1790 2421 Theophane

713 2440 1061 2495 memoratis.

781 2528 1071 2585 Clotarius
1114 2529 1461 2587 Francorum
1499 2545 1598 2586 rex
1643 2530 1786 2585 obit.

710 2618 941 2689 Pagius,
994 2632 1049 2673 ιι.
1083 2633 1162 2686 x1,
1212 2625 1268 2674 et
1297 2619 1691 2675 Henschenius
1718 2618 1789 2674 de

710 2705 903 2761 tribus
929 2705 1292 2778 Dagobertis,
1328 2721 1437 2779 pag
1480 2705 1566 2763 13.

495 2898 637 2959 5275
665 2856 673 2869 ’

777 2905 898 2973 Imp
942 2904 1061 2961 Caes
1094 2904 1464 2961 Justinianus
1491 2903 1619 2978 Aug
1648 2911 1701 2962 tr
1723 2919 1774 2976 p.

464 2997 535 3069 ξς)
571 2991 630 3048 44
711 2990 799 3065 35,
827 2993 915 3065 36,
944 3010 1042 3051 cos
1066 3009 1141 3052 ιιι.

465 3090 537 3162 θ
573 3087 640 3145 42
784 3094 917 3149 Post
943 3108 1083 3151 cons
1108 3094 1310 3151 Basilii
1341 3095 1449 3149 Jun
1479 3107 1599 3169 χχι.

540 3180 590 3233 Α
774 3183 1117 3239 Francorum
1184 3196 1420 3255 regnum
1478 3182 1625 3253 quad
1636 3180 1784 3238 rifa—

1801 459 1940 516 U.C.

1866 1798 2005 1858 1313
2106 1744 2159 1804 Β
2246 1783 2402 1852 Οίψπ

1865 1887 2004 1946 1314

1858 2900 1998 2960 4344

1861 2992 1999 3052 4345

459 3271 641 3325 Indict
698 3270 843 3327 riam
863 3272 1142 3328 divisium
1172 3273 1324 3329 inter
1350 3273 1502 3329 ﬁlios
1518 3272 1781 3329 Clotarii.
1885 3338 1887 3344 Α

539 3375 576 3416 χ
698 3361 1030 3432 Sigebertus
1075 3363 1784 3433 Austrasiam,Gunthra—

490 3453 540 3503 et
569 3463 626 3504 χι
703 3463 812 3507 nus
840 3451 1231 3523 Burgundiam
1273 3451 1514 3508 obtinet.

773 3539 1156 3597 Cassiodorus
1185 3542 1338 3597 circa
1371 3540 1488 3597 haac
1526 3547 1780 3611 tempora

700 3628 1086 3686 Bibliothecas
1117 3630 1374 3701 insignes
1424 3630 1700 3687 instruxit
1728 3630 1788 3685 in

702 3719 1071 3774 Monasteriis
1100 3719 1445 3789 Scyllacensi
1477 3733 1509 3775 a
1542 3734 1602 3776 se
1640 3734 1788 3776 con—

703 3810 943 3866 structo.
1006 3811 1063 3862 et
1116 3808 1175 3861 in
1238 3807 1584 3863 Vivariensi.
1649 3807 1789 3864 Vide

704 3895 885 3949 Baron
917 3899 973 3949 et
1002 3897 1115 3965 Pag
1145 3895 1213 3949 ad
1249 3894 1306 3948 h.
1337 3910 1389 3949 a.

770 4001 890 4070 Imp
917 3999 1036 4055 Caes
1062 4000 1428 4059 Justinianus
1465 4000 1594 4074 Aug
1626 4007 1678 4058 tr
1728 4018 1781 4072 p.

702 4085 790 4159 36,
825 4085 917 4159 37,
943 4103 1039 4144 cos
1073 4104 1149 4145 ιν.

781 4188 913 4242 Post
938 4188 1088 4243 Cons
1108 4188 1309 4244 Basilii
1334 4193 1444 4247 Jun
1481 4205 1619 4246 χχιι.

483 3996 626 4055 5276

545 4272 591 4326 G
770 4275 942 4331 Vetus
971 4276 1280 4347 inscriptio
1326 4279 1386 4333 in
1414 4283 1598 4349 crypt.
1621 4279 1787 4335 Vatic

472 4359 653 4414 Indict
709 4376 877 4432 quam
912 4364 1085 4421 habes
1116 4364 1266 4421 infra
1294 4367 1352 4423 in
1383 4369 1536 4424 notis
1564 4383 1623 4438 p.
1661 4366 1785 4423 299.

527 4464 585 4504 xt
700 4452 880 4510 Locus
927 4455 1179 4511 Marcelli
1208 4455 1548 4514 subdiaconi
1593 4460 1788 4529 regio—

494 4543 635 4594 etxn
712 4542 804 4598 nis
851 4549 1023 4600 sextae
1070 4559 1302 4602 concess
1357 4560 1388 4602 a
1452 4548 1786 4605 Beatissimo

704 4633 849 4703 Papa
888 4634 1123 4706 Joanne,
1152 4640 1241 4691 etc
1265 4637 1375 4706 dep
1400 4637 1458 4691 P.
1492 4638 1547 4692 C.
1582 4639 1782 4694 Basilii

702 4723 763 4777 V.
797 4723 857 4776 C.
891 4738 1004 4778 ann
1050 4738 1197 4780 χχιι.
1241 4726 1432 4782 Indict
1459 4740 1538 4796 χι,
1576 4723 1785 4798 [legen-

705 4811 841 4867 dum
893 4810 999 4888 xu]
1045 4814 1348 4870 undecimo
1387 4815 1489 4871 Kal
1522 4817 1778 4887 Januari,

702 4901 909 4974 Torrig
949 4915 1059 4974 pag
1104 4901 1174 4958 93
1209 4910 1266 4960 et
1307 4904 1504 4975 Ciamp
1543 4906 1613 4962 de
1657 4920 1785 4962 sacr

704 4989 846 5046 πόῘί
881 4989 1092 5062 p.104.

487 5145 628 5204 5277

777 5233 898 5301 Imp
924 5232 1043 5288 Caes
1069 5235 1437 5293 Justinianus
1466 5236 1593 5309 Aug
1614 5244 1684 5293 tr.
1721 5254 1774 5309 p.

460 5222 531 5292 ὣ

461 5291 631 5420 ςὲά
701 5317 791 5383 37,
958 5335 1055 5377 cos
1106 5336 1179 5378 IV.

470 5411 655 5491 ῥιάξσε
764 5411 899 5491 Post
926 5411 1075 5466 Cons
1095 5412 1297 5467 Basilii
1328 5415 1436 5470 Jun
1469 5429 1635 5472 χχιιι.

523 5520 605 5562 χιι
758 5490 931 5547 Vetus
959 5491 1205 5560 inscript
1229 5493 1415 5550 Itomaa
1439 5497 1589 5565 apud
1622 5499 1776 5556 Pan—

456 5583 507 5633 et
542 5591 645 5633 xm
684 5578 780 5634 vin
836 5581 1035 5638 Fastos
1114 5578 1171 5635 h.
1225 5592 1275 5637 a.
1337 5588 1394 5638 et
1450 5583 1656 5641 lieines
1713 5603 1768 5658 p.

1863 4003 2004 4061 1315

1862 4090 2001 4150 1316

1854 5236 1993 5297 1316

1854 5328 1991 5387 1317

2198 454 2407 529 Olymp.

2290 866 2354 908 ΙΙΙ

2272 1871 2379 1929 334

2307 1967 2357 2016 et

2297 2064 2351 2106 ιν

2270 2137 2377 2197 335

2315 2244 2330 2285 Ι

2307 2888 2324 2930 Ι

2312 4000 2350 4040 ll

2288 4061 2350 4130 ιιὶ

2288 5252 2350 5294 Ill

2292 5344 2343 5386 ιν

2517 461 2769 513 timorum
2819 456 3166 528 populorum,
3209 456 3526 528 Pontiﬁces,
3586 453 3739 528 fErae

2527 533 2714 600 Reges,
2754 521 2839 585 res
2882 521 3043 597 pestas
3083 521 3522 582 et'documenta.
3570 521 3772 578 Christi.

2464 656 2532 712 ad
2584 669 2798 712 annum
2849 651 2974 710 564.
3032 667 3089 708 ιι.
3127 650 3184 709 2.
3237 666 3305 708 ex
3352 650 3547 707 Theo-

2468 744 2672 815 phane.

2538 852 2752 926 Pelagii
2785 851 2820 909 3
2845 852 2943 923 qui
2977 850 3100 908 obit
3130 849 3280 907 die2
3313 849 3507 906 Martii
3617 845 3714 904 560

2467 944 2706 998 JOANNES
2772 944 2844 997 III
2892 956 3190 999 successor
3238 941 3548 997 ordinatur

2466 1032 2567 1087 Kal
2626 1033 2891 1104 Augusti.
2939 1032 3078 1088 Vide
3129 1036 3293 1087 notas
3347 1046 3401 1101 p.
3441 1025 3548 1085 264

2465 1125 2523 1176 et
2551 1134 2707 1192 seqq.

2536 1212 2774 1268 Hunnos
2816 1225 2884 1267 ex
2926 1211 3122 1268 Moesia
3157 1211 3215 1266 in
3246 1209 3547 1266 Thraciam

2472 1299 2529 1355 h.
2580 1315 2631 1356 a.
2677 1301 2955 1357 transisse
2983 1300 3193 1356 scribit
3222 1299 3447 1356 Mediob
3476 1299 3545 1355 ad

2468 1389 2653 1445 Occon
2727 1396 2783 1446 et
2837 1390 3100 1461 repulsos
3157 1403 3190 1446 a
3245 1388 3544 1446 Belisario.

2467 1479 2607 1535 Vide
2622 1480 2907 1537 Malalam.

2534 1784 2769 1847 Joannis
2801 1782 2822 1839 4
2855 1790 2911 1841 et
2937 1783 2992 1841 2.
3629 1786 3719 1844 561

2534 1874 2911 1946 Bulgarorum
3009 1875 3391 1945 irruptionem
3489 1876 3545 1931 in

2463 1964 2783 2034 Thraciam,
2807 1971 2862 2020 et
2886 1978 3191 2021 excursum
3212 1979 3385 2036 prope
3409 1966 3551 2021 Con-

2459 2054 2919 2126 stantinopolim,
2965 2060 3022 2110 et
3048 2055 3313 2127 Sergium
3356 2055 3545 2109 Patri-

2462 2144 2618 2199 cium
2675 2144 2744 2200 ab
2807 2145 2882 2201 iis
2935 2153 3185 2217 captum,
3241 2146 3466 2201 eosdem
3516 2158 3547 2200 a

2471 2233 2746 2290 Belisario
2768 2235 3026 2306 repulsos
3045 2242 3204 2291 trans
3220 2235 3544 2292 Danubium

2473 2321 2530 2376 h.
2580 2338 2631 2379 a.
2668 2331 2797 2394 post
2840 2339 2978 2382 cons
3008 2325 3208 2382 Basilii
3240 2341 3317 2382 xx
3349 2324 3550 2381 retulit

2470 2412 2667 2468 Victor
2692 2414 2896 2470 Tunun
2934 2415 2990 2470 in
3017 2415 3205 2472 Chron

2538 2503 2651 2558 Pax
2692 2504 2762 2559 ad
2809 2518 2989 2561 annos
3033 2520 3062 2561 L
3108 2519 3236 2562 cum
3269 2505 3461 2561 Persis
3492 2505 3545 2560 h.

2465 2604 2517 2646 a.
2566 2593 2902 2649 constituta.
2936 2595 3240 2651 Menander
3270 2597 3559 2651 Protector

2402 2708 2409 2713 α
2469 2679 2528 2736 in
2586 2688 2818 2753 excerpt
2886 2684 2955 2741 de
3010 2686 3197 2758 Legat.
3254 2685 3395 2742 Vide
3444 2687 3551 2756 Pag

2466 2770 2522 2824 h.
2551 2784 2601 2826 a.
2633 2787 2690 2827 ιι.
2722 2771 2757 2827 9
2782 2778 2837 2829 et
2871 2770 2954 2829 40.

2531 2878 2769 2936 Joannis
2796 2877 2833 2935 2
2855 2888 2905 2937 et
2931 2879 2984 2937 3.
3625 2876 3719 2936 562

2532 2967 2752 3039 Corpus
2797 2970 2853 3026 S.
2885 2971 3121 3027 Antonii
3149 2973 3400 3029 eremitze
3446 2986 3540 3029 re—

2462 3064 2681 3127 pertum
2724 3074 2854 3116 cum
2891 3062 3140 3118 maximo
3168 3062 3386 3119 honore
3414 3078 3547 3133 per—

2458 3146 2700 3205 ducitur
2718 3148 3184 3219 Alexandrinam,
3208 3159 3265 3209 et
3293 3154 3352 3209 in
3375 3153 3538 3208 Basi-

2462 3234 2574 3292 lica
2605 3238 2661 3292 S.
2704 3240 2941 3296 Joannis
2982 3242 3250 3313 Baptistae
3301 3242 3542 3299 honori-

2466 3324 2566 3381 ﬁce
2596 3326 2931 3394 collocatur,
2970 3331 3113 3387 Vict.
3173 3333 3406 3387 Tunun.

2535 3417 2732 3487 Magna
2761 3418 3016 3474 Ecclesia
3058 3421 3113 3475 S.
3141 3421 3370 3491 SOphite
3414 3422 3546 3477 Con-

2465 3506 2841 3576 stantinopoli
2874 3508 3132 3565 dedicata
3168 3510 3221 3565 h.
3256 3524 3309 3566 a.
3343 3510 3438 3567 die
3480 3507 3545 3566 24

2423 3628 2433 3636 .
2466 3594 2819 3652 Decenbris.
2871 3599 3262 3671 Theophanes,
3302 3606 3361 3656 et
3397 3601 3546 3672 Aga-

2470 3683 2641 3755 thias,
2675 3699 2741 3741 ex
2780 3686 2998 3758 quibus
3045 3689 3272 3762 Pagius,
3324 3690 3540 3761 aliique

2469 3773 2767 3830 historici.

2558 3989 2795 4046 Joannis
2815 3989 2850 4047 3
2878 3996 2937 4048 et
2961 3990 3012 4048 4.
3622 3988 3710 4046 563

2535 4079 2867 4148 Conjuratio
2910 4090 3108 4139 contra
3151 4084 3540 4142 Justinianum

2466 4167 2964 4241 Constantinopoli
3017 4172 3275 4244 suborta,
3316 4176 3387 4231 de
3435 4190 3542 4247 qua

2465 4256 2855 4329 Theophanes,
2884 4262 2943 4316 in
2964 4262 3278 4320 discrimen
3312 4264 3544 4321 adducit

2463 4346 2788 4416 complures
2817 4350 2992 4408 etiam
3049 4354 3364 4410 innoxios:
3402 4369 3545 4426 quos

2468 4434 2618 4491 inter
2638 4437 2971 4495 Belisarius.
3009 4440 3215 4497 Verum
3246 4443 3422 4514 hujus
3451 4444 3545 4498 in—

2465 4528 2725 4581 nocentia
2771 4531 3130 4598 postmodum
3175 4534 3405 4603 cognita
3441 4534 3545 4588 lto-

2463 4615 2705 4672 noribus
2749 4618 3104 4690 restituitur,
3133 4635 3165 4676 a
3199 4621 3418 4692 quibus
3443 4637 3542 4677 ex-

2461 4704 2696 4763 ciderat.
2734 4709 2873 4764 Vide
2923 4710 3157 4781 Pagium
3209 4712 3278 4767 ad
3332 4726 3542 4769 annum

2460 4791 2587 4857 561,
2646 4811 2701 4852 ιι.
2746 4795 2796 4867 1,
2850 4797 2950 4853 ubi
2995 4813 3064 4855 ex
3113 4800 3545 4858 characteribus

2458 4883 2896 4957 Chronologicis
2939 4901 2972 4943 a
3029 4889 3221 4959 Theop
3272 4891 3545 4948 indicatis

2458 4972 2527 5028 ad
2575 4974 2630 5028 h.
2687 4988 2737 5029 a.
2784 4975 2985 5033 referri
3033 4978 3392 5039 demonstrat
3422 4994 3547 5039 con-

2452 5061 2801 5129 jurationem
2816 5104 2830 5119 .

2523 5242 2760 5299 Joannis
2780 5241 2809 5299 4
2833 5250 2888 5301 et
2911 5244 2963 5302 5.
3620 5243 3710 5303 564

2523 5332 2665 5388 Julii
2718 5337 2934 5391 mensis
2973 5336 3069 5393 die
3120 5335 3206 5393 19.
3252 5341 3537 5398 Patricius

2454 5421 2769 5479 Belisarius
2792 5425 3090 5494 prioribus
3105 5430 3338 5485 cunctis
3361 5431 3546 5503 digni-

2456 5516 2637 5568 tatum
2661 5513 2982 5572 honoribus
3005 5518 3316 5575 restitutus
3335 5520 3392 5575 in
3416 5534 3532 5593 gra-

2450 5601 2587 5658 tiam
2623 5617 2851 5675 quoque
2908 5606 3086 5663 rediit
3140 5607 3524 5679 imperatoris.
