3968 6164
1241 290 1336 346 ΑΙ)
1371 288 1802 346 ANASTASIUM
1841 289 2357 349 PROLEGOMENA
2401 295 2573 350 EDlT.
2616 296 3044 353 ROM.-VATIC.

3734 286 3816 347 784.

504 416 691 492 Αηζιὶ-
732 418 1110 487 Imperatores,
1130 417 1786 492 CunsulesﬁRomanorum,
1870 416 2032 492 Almi
2119 418 2177 475 A
2257 420 2430 492 _Anni
2501 423 2953 492 Christianorum,
2983 424 3294 478 Iudaeorum
3328 426 3377 475 et
3421 421 3564 489 ﬁni—
3626 418 3777 474 Anni

2559 498 2811 549 timorum
2846 496 3174 565 populorum
3244 493 3548 561 Pontiﬁces,
3607 492 3768 565 έΕγκ

2552 570 2740 638 Reges,
2766 562 3042 636 res—gsstw
3090 571 3140 621 et
3165 566 3503 620 documenta.
3589 562 3799 619 Chm'sti.

440 287 547 348 783

438 487 562 541 Per.
595 487 708 541 Jul.
906 504 993 544 res
1034 494 1217 558 gesta),
1266 496 1318 544 et
1360 491 1695 545 documenta.
1906 487 2050 543 U..C.

478 564 530 613 et
548 558 676 619 Ind.
1845 564 1972 614 ante
2022 562 2073 613 et

1798 635 1924 702 post
1967 630 2087 684 Pal.

726 789 906 857 baris,
934 788 1029 845 sed
1060 792 1118 844 et
1150 789 1379 846 Venetis
1409 790 1807 847 schismaticis

722 878 954 935 animus
977 877 1178 949 crevit,
1220 891 1288 934 ac
1316 878 1486 949 paulo
1536 883 1667 951 post
1692 893 1807 936 no-

725 965 1014 1024 bilissima
1043 967 1358 1038 provincia,
1378 973 1434 1024 et
1468 968 1805 1041 Langobar-

723 1057 928 1113 dorum
975 1055 1147 1126 bello,
1192 1062 1249 1113 et
1295 1057 1800 1114 schismaticorum

684 1144 959 1201 dissidiis
1000 1143 1216 1202 afﬂicta
1268 1146 1628 1215 pessumivit.
1683 1148 1807 1203 No-

687 1236 787 1291 ris.
833 1235 903 1291 de
930 1234 1062 1306 Syn.
1096 1251 1145 1289 v.
1177 1233 1350 1305 p.89.

505 1339 640 1401 5284
792 1344 936 1415 Imp,
960 1342 1227 1400 Justinus
1255 1344 1382 1417 Aug
1411 1357 1523 1401 ann
1565 1343 1600 1401 3
1641 1348 1698 1400 et
1744 1342 1797 1411 4,

494 1436 567 1509 ξεῖ)
599 1428 665 1488 47
720 1446 838 1489 cos.

486 1520 653 1596 948
783 1523 1013 1579 Nummi
1055 1528 1275 1581 veteres
1317 1524 1468 1594 apud
1519 1525 1798 1596 Cangium

503 1616 552 1670 A
602 1613 649 1668 G
720 1616 777 1669 et
804 1612 1029 1670 Mediob
1082 1613 1295 1686 signati
1322 1627 1471 1670 anno
1514 1628 1600 1683 ιιι,
1650 1627 1800 1670 anno

487 1702 670 1759 Indict
723 1716 797 1759 ιιι.

565 1805 582 1846 ι
781 1791 1000 1849 Chron.
1028 1793 1227 1849 Pasch.
1258 1794 1377 1851 Ind.
1413 1808 1453 1863 ι,
1492 1798 1618 1865 post
1637 1807 1795 1850 cons.

508 1884 561 1937 et
590 1894 631 1937 ιι
706 1881 922 1938 Justini
943 1882 1052 1938 Jun
1078 1881 1206 1955 Aug
1240 1896 1301 1946 ιι,
1330 1882 1536 1940 solius.

789 1971 1060 2045 Migratio
1085 1972 1588 2044 Langobardorum
1616 1988 1645 2028 e
1663 1974 1803 2030 Pan-

719 2061 896 2118 nonia
926 2060 1149 2118 Italiam
1173 2075 1377 2119 versus
1407 2062 1515 2118 sub
1547 2060 1796 2118 Alboino

715 2149 771 2206 h.
823 2165 875 2207 a.
932 2149 1182 2208 refertur
1235 2165 1268 2207 a
1320 2151 1500 2209 Paulo
1551 2152 1797 2208 diacono

714 2238 1033 2311 lib.-u,cap
1055 2236 1114 2313 7,
1167 2241 1266 2298 ubi
1324 2245 1519 2297 narrat
1566 2255 1803 2310 egressos

714 2327 781 2382 de
803 2329 1092 2385 Pannonia
1120 2347 1301 2387 mense
1320 2332 1512 2403 Aprili
1542 2348 1647 2402 per
1697 2332 1804 2385 Ιη-
1842 2349 1865 2369 υ

715 2417 826 2472 dict
858 2418 1103 2488 primum
1131 2422 1240 2476 alio
1279 2421 1368 2476 die
1400 2426 1527 2492 post
1553 2425 1803 2476 sanctum

712 2507 945 2573 Pascha,
987 2508 1158 2576 cujus
1217 2508 1502 2566 festivitas
1550 2524 1616 2567 eo
1650 2522 1802 2565 anno

706 2595 873 2666 juxta
902 2595 1114 2653 calculi
1148 2598 1428 2654 rationem
1472 2599 1620 2668 ipsis
1672 2597 1798 2652 Kal.

711 2684 936 2754 Aprilis
981 2683 1116 2749 fuit,
1149 2698 1277 2740 cum
1309 2686 1426 2754 jam
1456 2686 1527 2740 ab
1571 2688 1795 2741 Incarn.

712 2773 946 2830 Domini
976 2773 1116 2829 anni
1143 2771 1251 2830 568
1274 2779 1466 2830 essent
1494 2774 1730 2830 evoluti.

494 2877 640 2938 5282
788 2881 929 2951 Imp.
959 2881 1228 2938 Justinus
1251 2880 1380 2954 Aug
1407 2895 1559 2938 anno
1592 2878 1626 2937 4
1656 2887 1712 2938 et
1731 2879 1787 2953 5,

489 2973 561 3046 θ
597 2967 664 3025 48
701 2983 819 3027 cos.

483 3059 555 3131 θ
582 3055 648 3114 49
781 3060 862 3114 Ex
892 3061 1165 3125 nummis,
1197 3066 1263 3117 ut
1302 3075 1501 3134 supra,
1543 3062 1792 3132 signatis

533 3150 594 3203 F.
711 3155 957 3219 utroque
980 3164 1154 3207 anno.

471 3239 654 3294 Indict
780 3239 844 3293 Η.
879 3253 911 3295 a
955 3238 1240 3297 Alboinus
1262 3241 1552 3313 Liguriam
1618 3242 1795 3299 intrat

545 3343 584 3383 ιι
703 3329 1029 3388 Indictione
1090 3345 1152 3387 ιιι
1214 3331 1573 3403 ingrediente
1622 3334 1795 3389 tertio

494 3423 545 3474 et
568 3433 632 3475 ιιι
706 3420 898 3477 Nonas
914 3420 1265 3492 Septembris
1296 3420 1403 3478 sub
1435 3422 1793 3492 temporibus

709 3509 983 3566 Honorati
1006 3510 1352 3581 arehiepisc.
1381 3510 1613 3567 Mediol.
1638 3512 1792 3568 Pau-

708 3595 802 3655 lus
853 3600 986 3655 diac
1040 3598 1124 3655 lib
1175 3614 1215 3656 ιι
1249 3600 1389 3658 hist.
1424 3599 1785 3672 Langobard.

706 3700 831 3758 cap.
890 3686 964 3746 25
1011 3694 1069 3745 et
1142 3691 1316 3747 Noris
1385 3690 1457 3748 de
1507 3691 1642 3763 Syn.
1730 3705 1784 3762 v,

713 3790 766 3844 p.
794 3774 884 3845 90,

785 3865 1118 3936 Levigildus
1205 3868 1409 3937 adepto
1500 3870 1791 3940 Hispaniae

710 3952 1040 4023 principatu
1059 3954 1340 4024 ampliare
1369 3956 1519 4012 bello
1547 3971 1785 4030 regnum

709 4040 935 4097 statuit.
986 4041 1199 4098 Isidor.
1243 4044 1452 4102 Chron.

783 4151 922 4217 Imp.
953 4149 1219 4207 Justinus
1244 4152 1369 4226 Aug
1395 4167 1508 4210 ann
1548 4152 1584 4211 5
1625 4161 1681 4213 et
1727 4155 1782 4227 6,

713 4250 830 4293 00$.

780 4327 859 4381 Ex
890 4327 1161 4398 nummis,
1192 4334 1256 4384 ut
1280 4344 1477 4401 supra.

466 4442 477 4452 -
532 4416 597 4468 E.
782 4416 1026 4473 Novella).
1054 4418 1269 4474 Justini
1305 4421 1370 4475 de
1424 4421 1529 4490 ﬁlii
1580 4423 1792 4478 libera-

473 4503 657 4558 Indict
704 4519 846 4573 rum,
893 4506 1026 4563 data
1074 4508 1196 4564 Kal.
1244 4512 1408 4565 Mart.
1449 4512 1789 4569 Constanti—

534 4592 600 4647 iu
713 4593 904 4664 n0poli
963 4596 1098 4667 imp.
1148 4598 1214 4652 D.
1265 4599 1333 4653 N.
1386 4601 1615 4657 Justino
1685 4603 1785 4657 PP.

497 4686 549 4736 et
578 4694 635 4737 ιν
706 4683 853 4755 Aug.
899 4698 1049 4742 anno
1093 4701 1144 4755 v,
1188 4687 1248 4742 P.
1297 4689 1354 4744 C.
1412 4690 1669 4759 ejusdem
1718 4693 1783 4747 D.

712 4773 779 4826 N.
813 4787 852 4827 ιι
877 4774 947 4829 de
981 4789 1093 4845 qua
1140 4776 1409 4834 Baluzius
1443 4779 1500 4833 in
1530 4780 1685 4836 notis
1713 4782 1782 4837 ad

706 4860 1062 4931 Capitularia
1087 4878 1280 4937 regum
1310 4867 1401 4921 Fr.
1434 4882 1486 4937 p.
1514 4866 1672 4941 4255,
1706 4870 1785 4926 ci-

704 4954 792 5006 tra
819 4951 995 5008 ullam
1026 4956 1466 5028 correctionem,
1506 4971 1634 5015 nam
1665 4972 1780 5015 an-

705 5052 816 5095 nus
845 5034 1090 5112 quintus
1133 5045 1351 5102 Justini
1396 5059 1429 5102 a
1472 5048 1780 5106 consulatu

486 5140 637 5216 5284Δ
702 5148 828 5216 ejus
847 5151 1100 5208 secundo
1131 5151 1188 5207 h.
1229 5166 1283 5209 a.
1313 5153 1632 5213 labebatur.

475 5212 647 5315 ἓξὲξ
731 5212 837 5293 ⁷1η
886 5238 1048 5295 Prov.
1100 5241 1385 5297 Callaecia:
1437 5244 1585 5300 Miro
1651 5250 1780 5315 post

472 5292 566 5418 ab
602 5290 640 5349 2
693 5325 1136 5384 Theodomirum
1167 5328 1477 5386 Suevorum
1525 5344 1622 5387 rex
1652 5290 1779 5390 retii-

462 5415 644 5491 ιηξιεοτ
690 5415 848 5471 citur
875 5415 1083 5471 Biclar.
1117 5415 1258 5472 Vide
1308 5417 1545 5490 Pagium
1577 5434 1633 5477 ιι.
1662 5421 1717 5477 8.

1876 1340 2016 1401 4320

1876 1430 2006 1490 4324

1866 2879 1997 2939 4324

1866 2969 2008 3029 4322

1863 4155 2002 4214 4322

1864 4242 2003 4302 4323

516 5518 572 5561 ιν
760 5507 899 5576 lmp.
928 5502 1197 5560 Justinus
1224 5505 1367 5577 Aug.
1401 5519 1535 5563 ann.
1563 5507 1597 5564 6
1621 5514 1678 5565 et
1700 5511 1755 5575 7,
1850 5510 1989 5569 4323

486 5597 538 5649 et
557 5607 590 5649 ν
685 5607 802 5651 cos.

1855 5599 1994 5658 4324

2103 3077 2150 3137 C

2237 490 2447 561 Olymp.

2303 1356 2362 1397 Ill

2252 2882 2405 2951 Olym

2268 2968 2375 3028 336

2302 3075 2358 3116 ιν

2294 3153 2344 3204 et

2275 3235 2379 3296 337

2315 3342 2331 3382 ι

2274 5525 2315 5566 Il

2274 5616 2339 5658 Ill

2483 765 2689 822 stituta
2766 764 2996 822 solvunt
3064 766 3311 820 exeunte
3377 761 3560 817 altero

2481 854 2714 924 Imperii
2747 867 2914 910 anno.
2941 854 3055 922 Pag
3083 852 3146 907 h.
3192 864 3245 907 a.
3285 864 3341 906 ιι.
3381 848 3437 920 6,
3486 862 3557 904 ex

2479 942 2841 1014 Theophane.

2544 1340 2782 1397 Joannis
2809 1337 2846 1395 8
2873 1343 2930 1395 et
2958 1336 3010 1392 9.

2551 1434 2758 1488 Narses
2780 1428 3007 1500 Sephiaa
3032 1428 3302 1499 Augusta:
3338 1426 3551 1481 Justini

2478 1521 2680 1579 uxoris
2713 1520 2889 1576 minis
2916 1517 3280 1589 perterritus,
3304 1524 3359 1572 et
3390 1529 3554 1571 revo-

2477 1616 2638 1667 catus
2695 1609 2766 1666 ab
2827 1608 3007 1665 Italia:
3074 1605 3421 1675 Exarchatu,
3493 1604 3550 1659 in

2477 1714 2643 1771 quem
2680 1699 2974 1771 Longinus
3002 1700 3375 1764 successerat,
3404 1696 3552 1750 Lan-

2477 1788 2759 1860 gobardos
2808 1788 2869 1843 in
2921 1785 3145 1842 Italiam
3192 1789 3373 1841 vocat.
3414 1782 3552 1838 Vide

2474 1877 2769 1935 Norisium
2828 1876 2899 1932 de
2949 1877 3058 1946 Syn
3102 1889 3155 1941 v,
3210 1887 3317 1944 pag
3361 1870 3452 1942 89,
3497 1875 3554 1926 et

2478 1967 2714 2039 Pagium
2760 1966 2827 2022 ad
2880 1979 3091 2024 annum
3148 1962 3550 2033 praecedentem

2480 2072 2618 2115 num
2663 2055 2718 2128 5,
2748 2061 2805 2112 et
2849 2069 2988 2126 seqq
3030 2055 3128 2125 qui
3171 2058 3324 2109 recte
3351 2052 3553 2107 admo—

2483 2153 2617 2205 nent
2638 2148 2787 2204 duos
2805 2160 2930 2202 esse
2953 2142 3400 2215 distinguendos
3424 2142 3556 2195 Nar-

2479 2244 2647 2309 setes,
2680 2243 2737 2292 et
2763 2236 3039 2306 antiquos
3070 2232 3383 2288 historicos
3428 2230 3553 2299 ejus

2476 2327 2561 2383 rei
2582 2332 2756 2383 testes
2783 2325 3127 2395 producunt.
3174 2321 3386 2392 Pagius
3406 2332 3552 2375 anno

2479 2429 2594 2473 uno
2626 2414 2913 2471 maturius
2938 2425 3109 2484 quam
3140 2410 3411 2467 Norisius
3444 2413 3553 2464 sta-

2479 2508 2597 2562 tuit
2626 2505 2951 2577 ingressum
2974 2502 3032 2558 in
3070 2500 3314 2570 Italiam,
3345 2499 3556 2568 ιιι·ωοί-

2478 2608 2589 2666 pue
2616 2608 2685 2650 ex
2717 2594 2906 2650 edicto
2925 2591 3193 2647 Rotharis
3222 2590 3345 2645 sive
3374 2601 3554 2645 exor—

2474 2684 2573 2740 dio
2590 2683 2778 2755 legum
2799 2680 3378 2753 Langobardicarum,
3398 2675 3549 2748 quod

2475 2772 2649 2830 refert
2677 2787 2731 2829 ιι.
2756 2769 2811 2842 5,
2843 2771 2911 2827 ad
2947 2771 3003 2826 h.
3028 2784 3081 2826 a.

2534 2880 2773 2937 Joannis
2807 2877 2843 2934 9
2862 2882 2918 2936 et
2950 2876 3036 2935 40.

2534 2971 2802 3026 Justinus
2826 2971 2946 3038 Imp
2970 2982 3070 3038 per
3105 2964 3399 3022 Tiberium
3428 2966 3547 3020 Ex-

2465 3058 2791 3116 cubitorum
2853 3057 3128 3114 Comitem
3196 3056 3254 3111 in
3302 3053 3545 3109 Thracia

2466 3148 2680 3204 bellum
2734 3148 2888 3219 genti
2940 3145 3314 3201 barbarorum
3375 3143 3544 3214 (Ava-

2473 3237 2620 3308 rum)
2662 3238 2895 3309 ingerit,
2943 3240 2999 3291 et
3051 3236 3233 3291 victor
3277 3232 3546 3288 Tiberius

2463 3325 3022 3397 Constantinopolim
3103 3323 3253 3380 redit
3361 3320 3550 3377 Abbas

2473 3417 2848 3473 Biclariensis
2893 3416 2952 3471 in
3004 3414 3184 3470 chron
3242 3413 3550 3469 adnotante

2470 3508 2642 3580 Pagio
2671 3507 2740 3562 ad
2775 3506 2832 3561 h.
2861 3519 2915 3561 a.
2951 3518 3086 3560 num
3118 3500 3170 3558 4.

2538 3598 2783 3653 Joannes
2809 3598 2956 3665 Papa
2993 3601 3135 3652 teste
3162 3594 3312 3664 Greg
3347 3592 3547 3663 Magno

2469 3685 2552 3741 lib
2592 3700 2679 3755 III,
2719 3698 2809 3756 ep.
2839 3683 2896 3755 2,
2939 3684 3010 3740 ab
3040 3684 3116 3739 iis
3158 3683 3260 3755 qui
3313 3681 3545 3737 Urbium

2469 3775 2777 3830 Antistites
2834 3772 3321 3831 consecrabantur
3365 3770 3549 3842 exigit

2468 3868 2535 3919 ut
2583 3863 2640 3918 in
2685 3862 2971 3933 Synodum
3010 3876 3065 3931 v,
3087 3863 3284 3931 jurent
3312 3872 3446 3915 voce
3492 3861 3549 3913 et

2468 3953 2708 4023 scripto.
2769 3953 2911 4009 Vide
2963 3953 3136 4008 Noris
3201 3951 3273 4007 de
3321 3949 3430 4020 Syn
3491 3963 3543 4009 v.

2469 4055 2578 4115 pag
2603 4039 2694 4097 89.
2851 4026 2865 4040 ’

2527 4149 2806 4206 Joannnis
2845 4146 2912 4205 40
2955 4155 3013 4204 et
3067 4146 3151 4203 44.

2530 4238 2888 4309 Apollinaris
2941 4237 3195 4308 episcOpi
3260 4236 3401 4292 Alex
3436 4234 3549 4291 ob-

2473 4330 2614 4387 itum
2650 4329 2704 4385 h.
2729 4345 2781 4386 a.
2833 4329 3115 4385 Baronius
3158 4326 3397 4383 retulit:
3434 4327 3547 4381 Pa—

2467 4421 2599 4491 gius
2611 4420 2899 4490 superiori
2914 4433 3025 4476 una
3039 4432 3166 4475 cum
3180 4416 3545 4473 ordinatione

2464 4510 2701 4567 Joannis
2751 4509 3143 4567 successoris:
3198 4519 3342 4579 quos
3389 4505 3539 4561 vide.

2463 4601 2730 4656 Justinus
2753 4601 2875 4668 lmp
2905 4597 3237 4654 Armeniam
3262 4601 3319 4652 et
3346 4594 3542 4651 Iberos

2467 4688 2799 4746 Provincias
2850 4690 3132 4745 Romanas
3190 4686 3347 4757 facit,
3410 4696 3540 4740 cum

2464 4780 2764 4836 Persarum
2821 4783 3029 4835 essent.
3105 4777 3250 4832 Hinc
3324 4773 3538 4830 bellum

2464 4870 2753 4927 Persicum
2786 4873 3019 4925 motum.
3073 4866 3262 4923 Calvis
3305 4878 3376 4922 ex
3430 4864 3538 4919 Ge-

2465 4959 2609 5015 rund
2655 4957 2905 5014 Arabum
2939 4956 3206 5013 historici
3241 4954 3299 5009 h.
3327 4968 3380 5010 a.
3405 4955 3539 5009 Mu-

2461 5047 2719 5103 hamedis
2735 5046 2999 5103 Saraceni
3019 5045 3265 5101 natalem
3283 5040 3540 5099 referunt

2458 5136 2553 5191 die
2571 5134 2607 5192 5
2630 5136 2767 5192 Maii
2803 5137 2965 5193 Feria
2985 5134 3040 5191 2.
3073 5135 3187 5190 lbi.

2518 5508 2753 5567 Joannis
2776 5504 2836 5563 44
2871 5512 2929 5564 et
2949 5505 3036 5563 42.

2520 5598 2840 5657 Marcarius
2867 5598 2913 5655 II
2954 5596 3291 5655 Patriarcha
3321 5595 3534 5652 Hiero-

3658 1333 3748 1392 568

3651 4136 3750 4197 5Ἱο

3645 5497 3748 5558 574
