3962 6164
186 298 283 358 789
1094 305 1432 365 CHRONOL.
1475 310 1520 367 Α
1563 311 1620 369 S.
1664 312 1750 368 SY.

2009 313 2052 371 Ο
2097 315 2190 372 ΑΒ
2225 317 2280 372 S.
2322 318 2528 376 GREG.
2573 323 2645 376 Μ.
3467 330 3573 390 790

247 422 407 517 ,ἔτιξὶ
472 425 844 517 Imperatores,
879 429 1187 517 ‘(Zonsu-lcs,
1245 434 1517 517 Romano-
1570 436 1756 517 Ἀγιρί
1843 443 1901 501 Α
1968 437 2122 517 {Iuni
2184 440 2637 517 Christianorum.
2693 445 3006 499 Iudaeorum
3055 453 3102 500 et
3147 452 3280 517 ﬁni-
3340 452 3496 507 Anni

184 494 426 588 Pff.'{u’l.
527 512 648 550 rum
699 513 782 552 ros
830 507 1010 571 gestae,
1041 508 1090 555 ct
1151 504 1486 559 documenta.
1570 507 1630 560 U.
1667 506 1768 588 ΔΟ.-
1843 494 1901 501 η
1964 508 2172 580 Olymp.
2278 494 3270 588 timorum

215 570 259 620 et
283 564 393 619 1nd
832 564 848 567 ⁷
1001 564 1009 571 ’
1580 584 1706 655 ante
1701 583 1794 655 _et_
2029 564 2052 579 ν
2117 564 2132 580 ⁸
2279 564 3270 655 Βὲρθεξ-ἰεξ

1533 654 1665 719 post
1691 649 1814 705 Pal.

455 820 732 889 succedit,
765 821 1062 893 Augustus
1093 830 1404 882 coronatus
1439 826 1534 884 die
2210 819 2467 874 (Σθεδᾶνίι
2516 819 2893 891 Episcopatus
2943 836 3100 880 mens
3139 823 3194 895 3,
3225 827 3283 882 d-

450 906 521 965 26
566 910 920 980 Septembris
971 913 1041 968 ab
1094 915 1375 986 Eutycbio
1424 918 1536 972 Pa-
2213 906 2278 964 40
2320 909 2571 981 (εθῐίηοὲ
2616 912 2726 966 Luc
2757 924 2913 968 mens
2960 910 3012 983 3a
3046 914 3172 970 dies
3200 913 3290 987 25)

457 1000 710 1056 triarcha
762 1003 934 1070 jussu
990 1005 1243 1073 ejusdem
1293 1007 1526 1063 Justini,
2212 1000 2481 1054 PELAGIUS
2560 1001 2627 1059 II.
2702 1000 2918 1057 electus
2989 1017 3288 1061 successor

450 1089 591 1145 Vide
620 1090 895 1162 Cangium
923 1093 992 1148 de
1022 1091 1534 1166 familByzantinis
2209 1089 2513 1144 ordinatur
2563 1089 2657 1144 die
2710 1091 3009 1148 Dominica
3063 1089 3132 1148 27
3183 1094 3286 1149 N0-

451 1180 507 1234 in
535 1179 640 1234 Tib
671 1181 1067 1239 Constantino.
2210 1179 2422 1234 vembr.
2452 1180 2590 1234 Vide
2623 1187 2784 1235 notas
2818 1196 2924 1252 pag
2941 1180 3066 1238 305.

519 1269 749 1324 Dicitur
770 1271 940 1327 etiam
969 1285 1156 1329 annus
1184 1288 1234 1328 ιν
1261 1282 1316 1330 et
1341 1291 1390 1330 ν.
1425 1276 1530 1332 Tib
2279 1268 2596 1324 Mauricius
2629 1270 2747 1325 dux
2779 1265 2902 1342 [qui
2947 1277 3138 1340 postea
3163 1273 3283 1328 Im-

447 1361 809 1416 Constantini
867 1375 899 1417 a
945 1362 1196 1419 Caesarea
1245 1365 1528 1435 dignitate
2211 1363 2435 1428 Ρθτῖιίον
2488 1356 2737 1433 Momm
2805 1361 3000 1417 Persas
3070 1363 3284 1420 missus

443 1451 677 1520 adepta:
712 1465 823 1522 quo
845 1450 1069 1508 labente
1087 1459 1313 1510 centum
1342 1455 1526 1512 millia
2204 1462 2401 1504 eorum
2435 1449 2721 1520 regionem
2749 1450 3029 1508 (Ῑθνλδῐὲῐο
3071 1453 3281 1524 Pagius

443 1540 738 1596 Slavorum
763 1541 820 1596 in
840 1542 1140 1598 Thraciam
1167 1545 1523 1616 irrumpunt.
2206 1540 2261 1596 h.
2290 1553 2342 1594 a.
2379 1552 2432 1593 n.
2465 1538 2518 1610 6,
2545 1553 2614 1594 ex
2643 1539 2902 1610 Theoph.

440 1631 748 1686 Menander
786 1632 1076 1689 Protector
1109 1649 1159 1704 p.
1213 1631 1334 1689 494.
1386 1636 1522 1694 Vide

443 1721 678 1790 Pagium
715 1717 855 1790 n.7,
893 1722 948 1776 h.
982 1736 1033 1777 a.

226 1826 367 1885 5292
512 1831 630 1898 lmp
659 1829 763 1884 Tib
801 1830 1214 1888 Constantinus
1251 1831 1377 1905 Aug
1405 1847 1518 1889 ann
1595 1832 1724 1891 4334
1835 1800 1886 1860 Β
2041 1843 2081 1885 ιι
2264 1827 2479 1900 Pelagii
2514 1825 2536 1881 4
2569 1833 2624 1883 et
2648 1825 2699 1883 2.
3381 1831 3490 1890 579

235 1922 294 1994 ω
349 1915 419 1974 28
504 1932 536 1971 v
570 1925 624 1974 et
653 1933 729 1972 νι.
1595 1921 1732 1980 4332
2020 1933 2084 1974 ιιι
2266 1919 2412 1972 Dum
2457 1918 2654 1988 agitur
2691 1919 2760 1974 de
2810 1931 2943 1988 pace
2993 1920 3276 1978 Romanos

223 2016 286 2088 θ
333 2015 400 2072 ιο
501 2017 607 2072 Cos
665 2017 772 2072 Tib
829 2019 1034 2075 Junior
1100 2019 1514 2079 Constantinus
2199 2010 2349 2064 inter
2379 2021 2444 2062 ac
2489 2009 2684 2063 Persas
2728 2009 3057 2077 sancienda.
3092 2012 3278 2066 mori-

285 2107 336 2160 A
433 2108 560 2178 Aug
587 2109 685 2176 qui
717 2109 957 2177 amplum
994 2108 1292 2164 Consularc
1316 2127 1514 2167 munus

2194 2105 2290 2155 tur
2343 2098 2640 2168 Chosroes,
2690 2099 2788 2170 qui
2835 2113 2930 2170 per
2974 2114 3154 2157 annos
3205 2099 3273 2157 48

222 2195 399 2250 Indici
436 2199 494 2249 in
535 2198 801 2266 populum
845 2200 1070 2267 sparsit.
1117 2199 1509 2270 Theophanes.
2193 2195 2539 2262 regnaverat.
2608 2190 2941 2246 Hormisdas
2986 2191 3045 2247 in
3099 2205 3273 2262 regno

255 2298 330 2339 xu
499 2285 694 2341 Concil
727 2287 1015 2342 Gradense
1043 2301 1075 2342 a
1121 2289 1513 2346 schismaticis
2191 2293 2489 2336 successor
2533 2279 2778 2350 superbe
2830 2281 3063 2351 Legatos
3105 2282 3272 2336 exci—

187 2379 228 2428 et
262 2387 365 2430 xm
422 2375 1510 2445 Aquileiensibuscelebratumh.a.die
2191 2370 2354 2438 piens
2393 2382 2504 2424 ηοη
2544 2369 2660 2424 alia
2699 2369 3034 2424 corldiiione
3072 2383 3264 2440 pacem

426 2462 463 2520 3
492 2465 756 2520 Novemb.
796 2466 899 2521 bos
929 2467 1287 2523 characteres
1315 2469 1502 2525 Chro—
2189 2474 2220 2515 a
2252 2459 2526 2514 sedatum
2554 2459 2625 2514 iri
2661 2459 2983 2528 respondet,
3009 2473 3179 2529 quam
3211 2461 3262 2515 si

427 2555 719 2626 nologicos
766 2554 1026 2625 praefert:
1069 2559 1375 2626 Imperante
1408 2559 1506 2613 Ser
2186 2549 2586 2618 perlevantur
2665 2549 2923 2620 pecunia:
2981 2562 3174 2605 omnes
3229 2564 3261 2606 a

426 2647 490 2699 Ti
530 2646 884 2700 Constantino
926 2648 1179 2715 Augusto
1211 2665 1356 2703 anno
1385 2651 1502 2718 ejus
2179 2639 2509 2694 Iustiniano
2541 2638 2854 2710 quotannis
2893 2637 3255 2694 contributaa.

417 2738 644 2806 Imperii
689 2739 878 2806 quinto
919 2739 1101 2792 eodem
1141 2740 1357 2793 consule
1396 2741 1498 2794 sub

2178 2730 2258 2783 Ex
2327 2728 2766 2799 TheOphylacto,
2835 2734 2890 2783 et
2952 2728 3258 2784 Menandro

413 2827 503 2880 die
533 2828 689 2880 tertio
716 2829 900 2883 Nonas
935 2829 1069 2883 Nov.
1117 2829 1296 2882 Indici
1343 2830 1491 2884 XIII.
2179 2817 2390 2888 Pasias
2416 2817 2483 2872 ad
2516 2817 2569 2872 hc
2600 2831 2632 2872 ει
2663 2832 2718 2873 n-
2753 2814 2787 2873 3
2816 2822 2872 2873 et
2898 2830 3056 2888 seqq-

417 2917 556 2971 V'ide
603 2917 773 2972 Noris
802 2919 872 2972 de
917 2917 1028 2987 Syn
1075 2933 1128 2972 ν.
1181 2931 1288 2988 pag
1329 2915 1398 2973 97
1440 2924 1495 2974 et

420 3003 544 3077 400,
599 3005 696 3062 ubi
746 3007 867 3078 agit
915 3007 984 3063 de
1041 3006 1316 3064 translata
1354 3007 1494 3064 Sede

413 3096 770 3167 Aquileiensi
801 3095 1075 3152 Gradum.

209 3201 342 3260 5293
467 3144 606 3274 imp
634 3205 722 3259 Ti.
766 3205 1181 3260 Constantinus
1208 3205 1353 3276 Aug,
1395 3220 1492 3262 cos
1568 3204 1706 3263 4332
1809 3144 1857 3205 C
1996 3205 2059 3246 Ιιι
2244 3188 2666 3260 Ρθιέιεὶίὲθῑᾶ
3348 3189 3452 3246 580

218 3298 279 3367 (ᾗ)
328 3292 351 3348 4
418 3309 568 3351 anno
600 3309 651 3350 γι
682 3301 737 3351 et
763 3309 862 3363 vn,
893 3296 948 3350 in
984 3296 1238 3352 nummis
1264 3298 1490 3367 signato
1568 3295 1706 3354 4333

1684 3296 1706 3354 3
2004 3293 2057 3333 ιν
2239 3280 2448 3334 Contra
2511 3277 2819 3347 superbum
2889 3278 3248 3333 Ilormisdam

205 3381 268 3454 θ
294 3382 350 3440 44
488 3386 714 3441 Dicitur
743 3387 913 3441 etiam
951 3386 1043 3441 hic
1073 3400 1260 3442 annus
1293 3401 1332 3441 ιι
1363 3401 1492 3442 con-
2167 3369 2592 3439 expeditionem
2631 3367 2879 3436 SUSCiPit
2907 3368 2999 3421 Τί·
3041 3367 3248 3423 Mauri-

239 3473 278 3528 G
304 3475 344 3529 F
417 3475 644 3530 sulatus
669 3475 774 3530 Tib
798 3476 1122 3547 ConstAug
1147 3483 1202 3530 et
1227 3476 1398 3531 aliter
1426 3490 1484 3547 ιι,
2169 3459 2330 3515 tius:
2379 3464 2564 3514 castra
2613 3459 2680 3514 ad
2749 3458 2930 3527 ripam
2991 3457 3246 3529 Tigridis

192 3561 356 3618 Indict
417 3571 543 3634 post
567 3565 926 3621 consulatum
957 3565 1043 3630 Ti,
1070 3567 1262 3632 Const,
1286 3572 1394 3620 etc.

2167 3549 2350 3604 locat:
2387 3547 2697 3603 Martinum
2737 3560 2802 3601 ac
2828 3547 3243 3603 Theodoricum

221 3667 317 3709 xm
478 3655 642 3710 Circa
727 3655 843 3711 hac
908 3663 1162 3724 tempora
1233 3656 1486 3712 Ducams
2167 3637 2516 3693 immittitin
2545 3637 2826 3693 hosticum
2856 3637 3064 3707 solum,
3094 3636 3240 3695 illud

188 3746 229 3795 et
253 3755 346 3799 xxv
411 3749 544 3813 tres,
580 3745 1008 3801 Marchionatus
1036 3745 1202 3812 duos,
1241 3752 1296 3798 et
1322 3744 1486 3799 Civi—

1371 3744 1486 3799 ivi—
2161 3742 2272 3798 que
2297 3732 2498 3783 vastat.
2527 3727 2929 3798 Theophylact.

409 3840 589 3889 tatum
617 3835 793 3890 duces
816 3832 903 3902 36,
940 3835 1390 3906 aLangobardis
1421 3835 1482 3889 in
2234 3817 2514 3888 Eulogius
2594 3820 2726 3873 Patr
2815 3817 3241 3874 Alexandrinus

405 3925 571 3980 Italia
602 3925 931 3980 constituti.
973 3924 1114 3979 Vide
1146 3925 1357 3978 Panvin
1387 3938 1486 3980 an-

2161 3909 2421 3964 succedit
2459 3907 2684 3964 Joauui.
2725 3907 2936 3979 Pagius
2990 3907 3060 3962 ad
3106 3907 3164 3962 h.
3207 3921 3240 3964 a

405 4015 490 4084 tiq
523 4015 702 4070 Veron
753 4013 788 4068 l.
825 4029 876 4084 γ,
931 4029 981 4069 c.
1021 4012 1076 4085 5,
1120 4019 1175 4069 et
1216 4013 1483 4083 Campel-
2159 3996 2295 4054 11.3.

406 4102 524 4159 lum
559 4104 676 4159 hist
715 4104 926 4174 Spolet.
963 4103 1044 4160 lib
1086 4119 1166 4170 xx,
1219 4117 1326 4175 pag
1353 4101 1478 4175 324,

405 4193 501 4248 ubi
535 4208 604 4249 ex
638 4195 810 4250 I'aulo
837 4195 994 4249 Diac.
1026 4193 1110 4248 lib
1140 4209 1226 4265 ιιι,
1259 4209 1362 4263 cap
1391 4191 1477 4250 45.

405 4285 650 4354 primum
701 4285 1068 4355 Spoletanum
1120 4285 1322 4340 ducem
1370 4285 1481 4340 Fa-

407 4375 666 4431 roaldum
737 4382 1048 4431 memorat:
1128 4383 1182 4431 et
1261 4375 1482 4430 Camil—

404 4463 520 4565 lum
556 4466 776 4566 Peregr.
810 4465 893 4566 lib
926 4480 989 4536 ιι,
1023 4464 1122 4521 ubi
1155 4466 1224 4520 de
1249 4467 1480 4520 Zottone
1788 4505 1844 4566 D

402 4555 589 4623 primo
642 4555 788 4610 duce
841 4555 1362 4611 Beneventanorum
1409 4566 1479 4608 ex

401 4644 576 4700 Paulo
624 4645 782 4699 Diae.
825 4646 945 4715 agit
991 4651 1047 4699 et
1095 4644 1307 4698 Panvin
1351 4643 1480 4712 pri-

403 4746 555 4788 mum
579 4734 1029 4802 Forojuliensem
1061 4734 1260 4789 ducem
1289 4731 1481 4788 Gisul-

409 4821 527 4878 tum
569 4823 764 4879 tradit.

195 4922 333 4982 5294
472 4932 594 5000 Imp
616 4931 700 4985 Ti.
737 4930 912 4986 Const
941 4929 1066 5001 Aug
1093 4943 1191 4985 cos
1219 4943 1368 4985 anno
1399 4943 1475 4985 vu
1553 4927 1693 4986 4333
1946 4932 2101 5002 Olym
2231 4929 2442 5002 Pelagii
2470 4931 2504 4986 3
2533 4936 2588 4986 et
2611 4929 2644 4986 4
3326 4927 3424 4986 584

208 5023 274 5091 ζῇ
317 5017 350 5074 2
397 5026 450 5076 et
478 5035 601 5084 VIII,
630 5034 700 5076 ex
731 5021 1004 5076 nummis.
1550 5017 1688 5076 4334
1980 5019 2087 5077 339
2231 5021 2446 5076 Bellum
2480 5019 2770 5076 Persicum
2812 5019 3021 5076 iterum
3051 5033 3240 5077 recru«

195 5106 264 5178 θ
297 5106 361 5166 49
481 5113 641 5166 Hunc
691 5125 903 5166 annum
959 5113 1161 5168 Petrus
1207 5111 1481 5167 Notarius
1999 5125 2050 5166 ιν
2160 5112 2362 5179 descit,
2414 5111 2474 5165 in
2507 5123 2618 5180 quo
2660 5110 2897 5165 Romani
2947 5112 3233 5183 egregiam

251 5199 297 5250 E
400 5200 453 5255 S.
485 5200 751 5256 Ecclesiae
776 5199 1163 5270 Neapolitana:
1189 5202 1357 5270 jussu
1385 5202 1482 5256 Ite.
1997 5205 2044 5254 rt
2156 5200 2453 5256 victoriam
2481 5205 2865 5269 reportarunt,
2891 5200 3025 5256 dum
3049 5209 3235 5256 castra

164 5286 338 5341 Indict
393 5289 560 5345 ducis
623 5291 791 5360 Episc
848 5291 1158 5345 emendans
1218 5292 1481 5348 Codicem

1960 5287 2064 5346 340
2157 5289 2490 5356 Ηοιιιιιὶδᾱαξ,
2551 5296 2605 5344 et
2647 5288 3060 5358 supellectilem
3110 5291 3232 5360 ejus

214 5388 310 5429 xxv
399 5379 477 5433 ita
498 5380 1044 5449 indicatemendari,
1066 5381 1164 5432 sub
1179 5381 1267 5434 die
1282 5382 1483 5435 Iduum
2012 5395 2027 5434 ι
2156 5393 2284 5434 cum
2315 5379 2650 5448 Elephantis
2677 5380 2934 5450 capiunt,
2965 5395 3091 5451 qua:
3123 5382 3230 5435 Im-

194 5469 332 5518 etxv
403 5469 770 5523 Decembrium
821 5469 941 5538 Imp
1009 5471 1231 5524 Domino
1285 5471 1481 5524 Nostro
2161 5468 2405 5538 peratori
2453 5473 2670 5523 tantum
2717 5477 3001 5525 reservata
3056 5474 3226 5524 sunt:

407 5559 619 5611 Tiberio
689 5558 1160 5628 Constantinopoli
1238 5559 1481 5625 Augusti
2161 5566 2359 5612 eastern
2411 5555 2698 5612 Militibus
2763 5559 2992 5613 dantur.
3042 5558 3232 5613 Calvis

407 5641 668 5717 [fortasse
714 5645 1033 5716 legendum,
1069 5645 1299 5700 Tiberio
1327 5644 1482 5702 Con-
2158 5661 2225 5703 ex
2269 5648 2498 5702 Zonara.
2553 5648 2695 5707 Huic
2738 5647 2882 5703 adde
2922 5646 3226 5718 Theophy-
