3962 6164
390 272 513 363 ’794
1209 284 1304 340 AD
1339 286 1770 349 ANASTASIUM
1807 293 2319 355 PROLEGOMENA
2353 298 2530 358 EDIT.
2572 303 3009 361 ROM.—VAT[C.

448 470 568 598 ﬁeri
592 471 703 600 iiut.
785 470 929 544 rum,
978 491 1064 532 res
1113 484 1277 547 gestae
1318 486 1369 537 et
1426 470 1767 541 documenta.

566 558 602 597 η
648 583 661 597 .

566 558 661 597 ηα.

699 815 958 872 stantino
1016 816 1297 896 Augusto]
1351 838 1498 879 anno
1544 827 1787 896 septimo,

689 909 815 974 post
849 906 1193 963 consulatum
1226 910 1344 980 ejus
1381 912 1625 982 Augusti
1643 931 1789 970 anno

695 995 876 1058 tertio,
905 995 1211 1053 Indictione
1231 1001 1656 1071 quintadecima,
1686 1005 1790 1059 ob-

691 1082 999 1141 sidentibus
1034 1088 1415 1157 Langobardis
1460 1093 1791 1163 Neapolita-

687 1188 815 1227 nam
878 1176 1167 1231 civitatem.
1213 1178 1486 1236 Mabillon
1549 1182 1787 1239 Analect

688 1262 823 1317 Tom
852 1264 922 1335 Il,
968 1280 1022 1335 p.
1072 1262 1157 1334 44,
1191 1279 1259 1323 ex
1287 1267 1495 1326 Codice
1534 1285 1638 1328 ms.
1682 1273 1786 1328 Bi-

686 1349 874 1408 blioth
904 1352 1464 1415 San-Germanensis.

464 1761 609 1824 5295
750 1770 872 1841 Imp
917 1771 1006 1827 Ti.
1049 1772 1464 1833 Constantinus
1502 1777 1631 1851 Aug
1680 1793 1777 1836 cos

472 1859 545 1933 ω
587 1854 623 1913 3
687 1871 837 1916 anno
876 1873 999 1931 vm,
1057 1863 1156 1933 qui
1207 1863 1331 1920 obit
1387 1862 1454 1922 44
1505 1867 1775 1938 Augusti,

463 1946 538 2018 θ
576 1945 645 2005 43
695 1957 886 2008 evecto
921 1952 1084 2021 prius
1130 1955 1199 2009 ad
1230 1955 1544 2029 Augustam
1573 1959 1776 2031 digni-

458 2040 510 2093 D
689 2046 860 2098 tatem
877 2043 959 2099 Τι.
984 2043 1292 2116 ΜΑυιιιτιο,
1316 2048 1411 2103 cui
1439 2047 1615 2104 tiliam
1638 2048 1775 2105 Con-

439 2127 625 2184 Indict
674 2132 964 2189 santinam
1000 2149 1230 2193 uxorem
1265 2138 1460 2193 tradit.

531 2232 605 2272 xv
748 2222 916 2277 Sacra
947 2224 1304 2298 Pragmatica
1327 2227 1545 2283 Tiberii
1577 2228 1655 2285 ita
1683 2229 1776 2285 si-

476 2302 581 2361 eti
677 2316 929 2382 gnatur:
995 2314 1136 2370 Data
1185 2318 1340 2371 tertio
1387 2318 1469 2373 1d.
1530 2320 1775 2388 Augusti

673 2398 1166 2472 ConstantinOpoti,
1245 2409 1598 2476 Imperatoris
1656 2411 1773 2464 Do-

669 2491 809 2544 mini
875 2491 1078 2546 Tiberii
1138 2494 1482 2552 Constantini
1535 2501 1777 2567 Augusti

673 2594 820 2634 anno
901 2581 1058 2648 VIII,
1129 2588 1181 2638 et
1229 2591 1354 2654 post
1425 2603 1571 2642 cons.
1652 2589 1770 2655 ejus

667 2682 813 2722 anno
870 2673 1049 2740 tertio,
1110 2678 1160 2726 et
1204 2675 1531 2729 nobilissimi
1592 2678 1772 2730 Flavii

669 2758 925 2813 Mauritii
972 2761 1295 2816 Felicissimi
1339 2763 1570 2819 Caesaris
1622 2781 1770 2820 anno

672 2847 868 2915 primo.

453 2929 597 2991 5296
742 2937 860 3007 imp
905 2940 969 2993 Ti
1007 2940 1304 2997 Mauritius
1346 2957 1498 3001 anno
1548 2943 1571 2999 4
1616 2948 1673 3001 et
1708 2943 1761 3001 2.

466 3027 538 3099 θ
592 3024 624 3078 4
733 3026 890 3083 Licet
944 3031 1202 3087 caruerit
1265 3033 1615 3091 Consulibus
1671 3035 1766 3091 hic

458 3110 532 3184 θ
571 3110 638 3169 44
674 3128 884 3187 annus,
924 3119 1023 3189 qui
1058 3121 1364 3193 signantur
1402 3123 1460 3179 in
1492 3125 1763 3193 nummis,

493 3203 533 3258 C
676 3218 805 3261 eum
843 3215 1038 3264 narrat
1065 3210 1281 3267 Auctor
1298 3212 1486 3268 Chron
1519 3214 1772 3270 Alexan-

454 3291 641 3349 Indict
679 3294 812 3350 drin
847 3297 1190 3369 inscriptum
1228 3299 1442 3359 fuisse:
1477 3304 1603 3358 Post
1634 3304 1771 3360 Cons

514 3396 534 3434 ι
673 3383 878 3441 divinae
921 3403 1059 3441 mem
1106 3390 1186 3443 Ti.
1240 3389 1588 3447 Constantini
1624 3409 1770 3448 anno

458 3472 511 3524 et
549 3482 589 3526 ιι
667 3479 884 3542 quarto.
966 3476 1080 3548 Pag
1143 3478 1200 3535 h.
1262 3492 1318 3533 ιι.
1390 3477 1458 3549 4,
1525 3494 1770 3553 sequens

662 3568 849 3619 tamen
895 3577 1083 3622 annus
1129 3567 1187 3623 in
1222 3568 1416 3625 eodem
1460 3569 1650 3627 Chron
1683 3572 1772 3627 si-

675 3659 931 3722 gnatur:
1019 3646 1149 3711 Post
1243 3658 1597 3715 Consulatum
1686 3663 1769 3716 Ti.

674 3741 932 3797 Mauritii
968 3746 1216 3813 Augusti
1270 3749 1439 3802 solius
1487 3750 1535 3803 Ι.
1588 3749 1774 3819 Quare

674 3829 877 3884 consul
916 3832 1230 3889 Mauritius
1277 3833 1390 3890 fuit
1417 3836 1773 3894 Autumnum

675 3921 803 3985 post
840 3916 896 3970 h.
929 3932 982 3973 a.
1036 3920 1176 3976 Vide
1222 3923 1413 3978 Noris.
1465 3924 1536 3979 de
1577 3926 1687 3995 Syn
1717 3940 1767 3982 v.

674 4017 730 4072 p.
762 4000 853 4075 93,
880 4019 949 4061 ex
976 4007 1307 4064 Simocatta.

745 4093 1104 4165 Langobardi
1138 4104 1265 4166 post
1294 4100 1635 4158 necennium
1662 4101 1771 4159 sub

673 4180 926 4239 ducibus
954 4192 1217 4241 exactum
1242 4201 1426 4259 regem
1444 4196 1639 4247 creant
1658 4194 1773 4248 Au-

672 4268 876 4324 tharim
928 4273 1318 4331 Veronensium
1361 4277 1549 4333 ducem
1580 4295 1771 4338 mense

671 4358 880 4415 Martio
904 4378 917 4415 :
941 4361 1012 4417 de
1034 4375 1147 4433 quo
1169 4364 1482 4423 Panvinius
1497 4382 1566 4424 ex
1589 4370 1767 4428 Paulo

669 4446 810 4504 Diac
833 4451 957 4522 agit
981 4452 1259 4524 antiquit.
1284 4456 1463 4514 Veron
1493 4456 1531 4513 l.
1555 4474 1609 4520 ν.
1632 4474 1683 4516 c.
1703 4459 1759 4517 8.

741 4536 1089 4612 Smaragdus
1123 4543 1419 4602 Exarcbus
1449 4548 1513 4618 lt,
1550 4547 1607 4604 in
1642 4551 1762 4606 tta-

670 4626 809 4684 liam
882 4629 1157 4688 mittitur.
1225 4635 1439 4693 Panvin
1505 4639 1636 4696 Fast
1689 4653 1757 4698 ex

668 4716 844 4775 Paulo
872 4720 1031 4777 Diae.

451 4800 593 4861 5297
737 4809 857 4879 Imp
884 4809 1004 4865 Caes
1032 4811 1121 4867 Ti.
1169 4814 1481 4874 Mauritius
1525 4832 1676 4878 anno
1717 4819 1754 4878 2

462 4896 536 4972 ﬁ)
576 4893 612 4952 5
665 4901 723 4953 et
746 4895 800 4967 3,
832 4913 902 4953 ex
930 4902 1183 4958 nummis
1213 4903 1362 4961 idem
1382 4907 1613 4964 Consul.

449 4981 615 5055 θ45
721 4985 922 5044 Annus
966 5003 1216 5058 praesens
1269 4995 1328 5050 in
1375 4995 1562 5053 Chron
1620 5000 1759 5056 Alex

448 5074 491 5126 Β
529 5074 574 5128 A
662 5075 930 5146 signatur
961 5085 1086 5148 post
1125 5083 1427 5140 consulum
1468 5088 1752 5160 Mauritii,

432 5161 612 5217 Indict
670 5170 733 5219 ut
761 5166 894 5221 card
933 5168 1100 5224 Noris
1142 5170 1406 5228 observat
1432 5175 1502 5230 de
1541 5177 1652 5247 Syn
1700 5193 1755 5232 v.

484 5263 526 5306 ιι
677 5250 968 5323 p.93,ticet
988 5258 1243 5327 ejusdem
1257 5263 1563 5320 consulatu
1578 5265 1757 5324 fuerit

444 5344 495 5395 et
524 5352 588 5397 ιιι
666 5341 1005 5413 insignitus.
1039 5346 1122 5402 Ibi
1148 5360 1215 5404 ex
1241 5348 1571 5423 Simocatta,
1599 5358 1750 5426 quod

657 5430 868 5501 Pagius
893 5432 1193 5492 conﬁrmat
1211 5449 1281 5492 ex
1305 5438 1749 5513 Theophylacto.

723 5517 1090 5589 Chilpericus
1137 5524 1488 5584 Francorum
1538 5545 1629 5587 rex
1690 5535 1749 5592 h.

648 5618 702 5662 a.
731 5612 1040 5669 occiditur.
1072 5613 1154 5669 Ibi
1183 5629 1240 5670 ιι.
1269 5614 1357 5672 46.

1913 490 1975 543 U.
2011 490 2066 545 Ο.

1866 566 1994 615 ante

1842 636 1894 686 et
1911 636 2036 701 post

1857 703 2003 757 Patil

2215 492 2426 567 Otymp.

1854 1777 1992 1872 Ἰξιξέ
2094 1812 2146 1872 B

1854 1866 1994 1926 4355

1844 2944 1982 3003 4335

1844 3034 1981 3093 4336
2310 3049 2371 3090 ιιι

1834 4820 1972 4880 4336

1835 4910 1972 4969 4337

2262 4839 2327 4882 ιιι

2261 4928 2317 4971 1V

2558 575 2744 642 Reges,
2774 590 2860 629 res
2879 582 3041 644 gestae
3080 582 3131 631 et
3166 575 3512 634 documenta.

2469 786 2557 843 lac
2595 792 2651 844 et
2693 788 2999 862 Evagrium
3043 805 3077 848 a
3106 793 3282 865 Pagio
3313 794 3542 864 produ-

2466 881 2589 933 ctos
2615 879 2685 933 ad
2724 880 2779 933 h.
2807 893 2860 935 a.
2896 894 2951 936 n.
2986 878 3070 936 44.

2535 966 2813 1024 Sirmium
2844 971 3046 1026 Avaris
3071 984 3101 1026 a
3132 972 3406 1029 Romanis
3432 975 3541 1031 de—

2464 1054 2672 1111 ditum.
2736 1057 2820 1114 Ibi
2876 1075 2931 1115 ιι.
2990 1058 3077 1130 45,
3128 1074 3197 1117 ex
3229 1064 3539 1123 Menandro

2463 1144 2713 1203 Protect:
2731 1163 2837 1220 pag
2868 1146 2991 1206 475.

2532 1237 2753 1295 Marius
2782 1239 3090 1311 episcopus
3117 1239 3537 1311 Aventicensis,

2467 1340 2567 1382 seu
2610 1328 3010 1398 Lausanensis,
3045 1330 3146 1400 qui
3190 1331 3539 1402 subscripsit

2463 1418 2716 1474 concilio
2788 1420 3192 1476 Matisconensi
3273 1436 3311 1476 ιι
3387 1435 3536 1478 anno

2458 1503 2584 1576 585,
2635 1508 2689 1563 h.
2738 1523 2790 1565 a.
2831 1509 3180 1567 Chronicum
3222 1526 3389 1567 suum
3429 1511 3537 1567 ab-

2461 1596 2635 1653 solvit
2660 1600 3008 1656 continuans
3034 1601 3298 1673 Prosperi
3324 1602 3529 1658 Chron.

2459 1685 2589 1759 Pag.
2627 1687 2728 1757 ibi,
2764 1704 2797 1744 ιι
2829 1685 2914 1743 t7.

2529 1778 2743 1851 Pelagii
2774 1776 2807 1834 4
2835 1785 2891 1835 et
2910 1776 2962 1835 5.

2532 1869 2587 1922 S.
2623 1869 2940 1940 Eutychius
2966 1871 3098 1925 Patr
3123 1870 3535 1928 Constantino-

2460 1956 2758 2027 politanus
2797 1959 2920 2015 obit
2965 1958 3000 2015 6
3040 1960 3281 2030 Aprilis,
3326 1969 3382 2017 et
3415 1972 3537 2032 post

2455 2046 2582 2101 dies
2633 2062 2731 2104 sex
2785 2051 3028 2105 Joannes
3076 2051 3384 2116 Diaconus,
3437 2052 3534 2121 qui

2453 2136 2749 2206 Jejunator
2804 2139 2998 2195 dictus
3060 2147 3167 2204 est,
3240 2154 3533 2198 successor

2454 2233 2846 2284 consecratur.
2880 2229 3020 2286 Vide
3049 2231 3285 2303 Pagium
3326 2245 3382 2288 ιι.
3415 2230 3450 2287 6
3480 2238 3534 2286 et

2456 2329 2555 2387 seq
2576 2317 2634 2372 h.
2659 2331 2706 2373 a.
2772 2318 2777 2323 ’

2523 2406 2710 2463 Chron
2763 2408 2901 2465 Alex
2950 2410 3200 2467 Cassarea
3249 2411 3533 2482 dignitate

2451 2502 2685 2553 auctum
2733 2500 3070 2556 Mauritium
3122 2506 3321 2556 narrat
3360 2501 3457 2556 die
3499 2497 3534 2556 5

2449 2587 2720 2659 Augusti,
2746 2591 2845 2646 Ind
2870 2604 2962 2659 xv,
2988 2597 3045 2646 et
3068 2596 3404 2647 coronatum
3427 2590 3533 2645 Au-

2451 2682 2683 2749 gustum
2726 2680 2822 2735 die
2871 2677 2956 2751 43,
2989 2686 3045 2735 et
3085 2681 3181 2736 die
3231 2694 3334 2752 seq
3378 2693 3534 2735 mor-

2451 2773 2612 2823 tuum
2649 2769 2714 2824 Τι
2753 2769 3216 2825 Constantinum.
3252 2771 3393 2826 Vide
3421 2772 3530 2843 Pag

2450 2857 2505 2912 h.
2540 2871 2591 2911 a.
2619 2871 2755 2914 num
2783 2856 2837 2914 9.

2520 2948 2734 3019 Pelagii
2765 2947 2801 3005 5
2828 2954 2885 3005 et
2912 2949 2965 3006 6.

2518 3039 2899 3095 Terrtemotus
2930 3045 3094 3096 atrox
3136 3042 3531 3097 Constantino-

2452 3128 2567 3197 poli
2591 3128 2724 3184 diex
2752 3129 2885 3184 Maii
2908 3130 2963 3185 h.
2988 3144 3041 3185 a.
3065 3131 3249 3198 primo
3268 3132 3356 3186 Ti.
3377 3134 3523 3188 Mau-

2455 3217 2580 3271 ritii
2635 3225 2985 3275 memoratur
3031 3234 3062 3275 a
3109 3220 3525 3292 Theophylacto

2451 3304 2537 3361 lib
2587 3319 2646 3367 ιι,
2695 3322 2743 3363 c.
2791 3305 2876 3376 42,
2920 3314 2976 3364 et
3016 3310 3394 3380 'l‘heOphane:
3429 3310 3524 3381 qui

2449 3394 2669 3450 addunt
2718 3397 2953 3468 Legatos
2998 3399 3242 3454 Avarum
3288 3414 3322 3455 a
3364 3401 3526 3455 Mau-

2452 3482 2592 3539 ritio
2613 3485 2954 3553 postulasse,
2973 3496 3253 3544 utannuae
3272 3489 3522 3559 ipsorum

2450 3571 2858 3631 distributioni
2903 3574 2975 3634 80
3024 3592 3095 3632 m.
3148 3578 3266 3634 alia
3311 3576 3405 3646 20;
3451 3592 3521 3633 ιιι.

2449 3662 2826 3720 adderentur.
2888 3668 3138 3738 Negante
3181 3670 3523 3739 Imperatore
3577 3672 3591 3679 ‘

2452 3750 2559 3807 hoc
2587 3753 3041 3812 additamentum
3072 3758 3283 3814 Avares
3312 3756 3521 3814 bellum

2450 3839 2786 3911 decernunt,
2862 3846 3258 3916 Singidonem.
3323 3849 3526 3918 Augu-

2450 3935 2616 3996 stam,
2663 3940 2718 3988 et
2756 3933 3141 3993 Viminacium
3173 3943 3520 4007 expugnant.

2448 4020 2589 4077 Vide
2610 4021 2845 4093 Pagium
2880 4023 2935 4078 h.
2963 4037 3013 4079 a.
3049 4039 3104 4081 ιι.
3140 4022 3206 4081 44
3225 4032 3282 4083 et
3308 4024 3395 4083 45.

2520 4111 2846 4168 Persecutio
2897 4113 3168 4170 Ecclesiae
3216 4116 3524 4172 Catholicae

2447 4212 2479 4253 a
2528 4200 2857 4273 Leovigildo
2916 4217 3045 4277 rege
3095 4204 3416 4262 Gothorum
3464 4206 3522 4262 in

2446 4288 2741 4360 Hispania.
2773 4291 2856 4348 Ibi
2890 4306 3024 4350 num
3052 4292 3106 4350 9.

2508 4830 2722 4903 Pelagii
2754 4830 2788 4888 6
2808 4837 2862 4887 et
2885 4828 2940 4888 7.

2506 4919 2669 4975 Circa
2703 4921 2879 4991 hujus
2906 4923 3044 4979 anni
3078 4924 3269 4984 tinem.
3303 4924 3390 4980 vel
3422 4938 3517 4980 se-

2435 5011 2668 5079 quentis
2701 5011 2934 5067 initium
2970 5013 3025 5067 S.
3059 5014 3379 5085 Gregorius
3408 5016 3516 5070 Pe-

2436 5098 2573 5167 lagii
2599 5099 2758 5168 Papa:
2783 5102 3204 5170 apocrisiarius
3226 5103 3514 5160 Constan-

2433 5186 2676 5257 tinopoli
2714 5190 2940 5247 Romam
2989 5192 3158 5248 redit.
3204 5194 3414 5266 Pagius
3438 5195 3507 5250 ad

2434 5275 2490 5330 h.
2522 5288 2575 5330 a.
2606 5290 2662 5332 ιι.
2694 5277 2761 5334 43
2784 5281 2852 5335 ad
2886 5294 3051 5352 quem
3084 5289 3272 5339 exstat
3294 5283 3502 5353 Pelagii

2431 5366 2675 5436 epistola
2707 5382 2776 5423 ex
2820 5371 3062 5428 Baronio
3105 5385 3238 5429 num
3269 5371 3336 5429 45
3376 5373 3505 5429 data

2432 5469 2485 5511 ιν
2508 5456 2629 5512 Non
2656 5457 2761 5513 Oct
2789 5460 2887 5515 1nd
2920 5475 2985 5515 ιιι
3014 5463 3124 5533 Pag
3149 5475 3205 5517 ιι.
3244 5460 3328 5519 43.

2501 5545 2719 5604 Bellum
2769 5548 3057 5606 Persicum
3100 5552 3492 5608 continuatur.

2430 5634 2516 5690 Ibi
2545 5650 2604 5691 ιι.
2632 5633 2718 5692 45.

3723 308 3809 369 792

491 398 688 505 ﬁmi,
719 403 1099 505 Imgernatoffs,
1156 408 1462 505 “Consules;
1496 413 1772 505 Roman‘o-
1853 417 2048 505 Anni"
2096 423 2155 483 A
2222 423 2400 505 AAnni
2454 428 2914 505 Christianorum,
2962 433 3275 489 Judaeth
3317 441 3367 489 et
3411 437 3537 505 ﬁni—
3628 437 3766 493 Anni

2556 503 2813 557 timorum
2876 506 3222 574 pOpulo-rum,
3272 503 3576 579 Pontiﬁces,
3655 513 3776 565 ira:

2558 575 2744 639 Reges,
2774 590 2860 629 res
2879 582 3041 639 gestw
3080 582 3131 631 et
3166 578 3512 634 documenta.
3610 582 3784 639 Christi

3728 597 3797 638 ςιι.

3617 4830 3705 4889 584
