3962 6164
153 319 248 379 793
1073 321 1415 382 CHRONOL.
1454 325 1502 380 A
1538 325 1593 382 S.
1635 324 2025 383 SYLVESTRO
2061 325 2153 382 AD
2189 327 2244 383 S.
2286 325 2495 385 GREG.
2534 329 2608 383 M.
3440 330 3550 389 794

208 443 398 523 Ληγξὶ.
436 443 818 512 Imperatores,
896 444 1170 523 Consules,
1218 448 1493 501 Romano—
1566 447 1723 523 41m}
1822 454 1882 513 A
1953 450 2115 523 _Anni
2168 452 2621 514 Christianorum,
2672 453 2984 507 Judaeorum
3029 458 3078 507 et
3132 457 3253 523 ﬁni—
3358 456 3517 510 Anni

178 518 280 594 Per.
306 514 416 594 J_ul.
532 530 675 579 rum,
702 531 787 570 res
815 523 977 585 gesta:
1001 522 1051 573 et
1084 514 1418 573 doCumenta.
1590 521 1637 575 U
1664 520 1702 575 Ο
1934 521 2143 592 Olymp.
2266 527 2520 578 timorum
2558 527 2903 594 populorum,
2953 514 3256 593 Pontifices,
3364 530 3504 581 xErw

184 591 227 641 et
247 585 370 641 Ind.
1552 595 1680 645 ante
1709 601 1748 645 et

1514 666 1639 732 post
1664 664 1743 716 Pa

1998 585 2018 591 ⁷
2082 585 2105 592 ’
2258 597 2444 667 Reges,
2465 585 2755 665 res-gestae
2801 600 2853 650 et
2893 585 3249 652 documenta.»
3323 597 3546 653 l‘hristi.

214 779 348 840 5298
494 784 618 855 Imp
643 784 731 840 Ti.
762 784 1075 842 Mauritius
1116 786 1244 859 Aug
1272 800 1423 844 anno
1473 784 1508 843 3
1583 782 1722 842 4337

1941 774 2133 845 Olymp
2265 773 2477 846 Pelagii
2502 770 2539 829 7
2567 778 2623 829 et
2649 771 2710 829 8.
3370 770 3479 831 585

189 877 251 947 Θ
316 877 351 934 6
421 883 478 932 et
507 872 559 942 4,
586 875 644 929 Ρ.
681 887 779 930 cos
804 877 931 945 ejus
955 874 1010 931 2.
1584 873 1723 933 4338
1990 861 2094 920 340
2256 863 2613 919 Theodosius
2648 863 2804 920 ﬁlius
2836 864 3096 919 nascitur
3120 865 3271 920 Mau-

198 970 261 1042 θ
289 965 355 1024 46
493 965 770 1036 Signatur
799 965 894 1019 hic
918 978 1104 1022 annus
1126 980 1186 1022 ιιι
1214 966 1509 1037 epitaphio
2015 968 2066 1009 tv
2196 954 2335 1042 ritio
2373 954 2499 1042 Aug
2529 966 2595 1009 ex
2637 953 2867 1023 Theoph
2914 955 3025 1025 Pag
3052 954 3121 1009 ad
3155 966 3266 1008 ann

258 1058 299 1113 G
428 1053 698 1110 Candidas
748 1067 803 1108 ιν
852 1053 933 1108 Id.
991 1055 1125 1125 Sept
1168 1056 1290 1126 Imp
1340 1057 1404 1110 D.
1438 1057 1506 1110 N.
2012 1049 2063 1098 et
2186 1041 2295 1100 588
2329 1040 2465 1098 11.9.

200 1148 372 1203 Indict
424 1143 702 1201 Mauritio
730 1144 830 1197 PP.
862 1143 990 1214 Aug
1029 1157 1179 1201 anno
1224 1158 1300 1199 1v.
1332 1146 1390 1199 P.
1440 1144 1508 1199 Α.
1991 1130 2089 1189 344
2257 1134 2314 1189 S.
2358 1132 2776 1205 llermenegildi
2836 1132 3173 1203 martyrium
3208 1131 3263 1187 h.

246 1250 302 1291 ιιι
421 1233 587 1305 ejusd
620 1245 733 1286 ann
762 1245 823 1286 ιι.
856 1232 1046 1287 Indict
1081 1238 1302 1303 quarta.
1331 1234 1511 1288 Baron
1750 1250 1754 1259 -
2029 1238 2046 1275 ι
2183 1237 2232 1279 a.
2288 1222 2604 1293 contigisse
2645 1221 2845 1291 probat
2892 1222 3101 1293 Pagius
3146 1235 3201 1277 ιι.
3232 1218 3269 1276 2

206 1322 251 1372 et
300 1330 361 1372 1v
435 1314 492 1370 in
547 1314 762 1383 Martyr
814 1312 950 1367 Rom
997 1313 1065 1368 ad
1099 1313 1250 1368 diem
1299 1310 1333 1367 4
1360 1313 1511 1383 Sept.
2188 1317 2246 1369 et
2270 1326 2370 1384 seq
2398 1313 2469 1368 ad
2495 1325 2608 1367 ann
2635 1309 2762 1368 584.

428 1403 634 1459 Reines
663 1416 714 1471 p.
751 1398 874 1467 960,
903 1414 971 1456 ex
996 1400 1237 1471 Capacio
1262 1406 1317 1456 et
1337 1401 1511 1456 Sum-
2261 1402 2375 1458 Hoc
2403 1402 2640 1458 circiter
2677 1415 2827 1457 anno
2856 1402 2911 1458 S.
2960 1400 3272 1458 Columba—

431 1491 690 1549 montio:
740 1490 810 1546 de
841 1503 954 1561 quo
983 1490 1115 1547 vide
1159 1489 1397 1562 Pagium
1447 1502 1505 1544 n.
2189 1491 2986 1561 nusmonasttcaadisciplinze
3004 1504 3272 1561 propaga-

430 1580 480 1653 ’4,
514 1581 572 1636 Π·
604 1594 656 1636 3-
1675 1641 1681 1650 _
2190 1587 2281 1638 tor
2298 1582 2499 1638 relicta
2530 1583 2803 1638 Hibernia
2832 1580 3026 1637 Insula
3055 1581 3113 1635 in
3142 1577 3271 1634 Gal-

496 1670 779 1725 Ebaricus
824 1667 982 1725 illius
1053 1667 1296 1725 Mironis
1339 1668 1510 1739 Regis
1920 1720 1925 1725 .
2188 1671 2322 1727 liam
2378 1672 2557 1738 venit,
2593 1678 2654 1727 ut
2695 1684 2763 1726 ex
2813 1676 3040 1726 vetusto
3068 1669 3272 1724 Codice

423 1760 737 1857 Suevorum
771 1760 830 1813 in
856 1758 1236 1857 Gallaeciatet
1271 1771 1507 1857 succes—
1821 1797 1873 1857 Β
2186 1760 2381 1832 arguit
2410 1759 2801 1828 Mabillonius,
2830 1766 3034 1815 etcum
3064 1771 3129 1813 eo
3161 1758 3273 1812 Pa—

428 1862 526 1905 sor
581 1848 846 1919 privatur
897 1861 1067 1919 regno
1115 1846 1186 1902 ab
1266 1846 1507 1917 Audica,
1824 1846 1873 1857 "
2188 1850 2318 1922 gius
2350 1849 2406 1904 h.
2441 1863 2493 1905 a.
2529 1863 2589 1904 n.
2629 1847 2684 1905 5.

423 1937 526 2009 qui
559 1936 917 2008 tyrannidem
951 1943 1213 2006 usurpat,
1250 1936 1355 1991 Sed
1380 1935 1505 1991 Au-
2259 1938 2660 1994 Childebertus
2746 1939 3089 1994 Francorum
3174 1948 3271 1991 rex

419 2027 608 2084 dicam
660 2027 715 2081 h.
770 2040 822 2083 a.
869 2026 1099 2096 expedit
1145 2024 1510 2096 Leovigildus
2190 2028 2426 2084 ulturus
2480 2041 2669 2083 necem
2734 2028 2790 2083 S.
2849 2023 3269 2094 Hermenegildi

421 2115 739 2172 Gothorum
804 2128 921 2182 rex.
981 2115 1061 2170 ita
1107 2115 1404 2171 deﬁciente
1450 2113 1509 2169 in
2189 2120 2359 2189 cujus
2379 2132 2629 2174 sororem
2657 2118 2918 2187 duxerat,
2946 2115 3264 2171 exercitum

422 2204 1338 2274 HispaniaSuevorumdominatu
1357 2203 1508 2273 quod
2192 2208 2251 2263 in
2285 2209 2426 2278 Hisp
2459 2208 2675 2263 mittit;
2733 2206 2827 2263 sed
2886 2204 3189 2274 repellitur
3239 2214 3271 2255 a

426 2299 675 2365 cmperat
726 2306 876 2349 anno
925 2293 1144 2349 Christi
1195 2290 1317 2349 409.
1370 2291 1510 2347 Vide
2189 2297 2505 2353 Reccaredo
2532 2295 2847 2368 Leovigildi
2879 2295 3043 2350 duce.
3083 2291 3276 2348 Isido—

428 2384 660 2457 Pagiun
687 2397 755 2439 ex
773 2396 907 2439 num
934 2380 1019 2438 12.
1043 2383 1112 2438 ad
1141 2396 1355 2439 annum
1379 2378 1506 2437 582.
2194 2402 2312 2443 rus.

218 2491 355 2549 5299
500 2494 623 2563 Imp
650 2492 770 2548 Caes
794 2492 883 2547 Ti.
910 2491 1223 2548 Mauritius
1243 2490 1369 2560 Aug
1396 2501 1508 2545 an—
1583 2484 1722 2543 4338
2045 2509 2062 2549 ι
2280 2495 2494 2567 Pelagii
2522 2493 2558 2550 8
2594 2500 2652 2551 et
2675 2492 2711 2549 9
3354 2484 3462 2544 586

199 2589 259 2658 Θ
341 2589 378 2647 7
443 2605 548 2648 nos
570 2591 629 2647 in
650 2590 904 2648 nummis
931 2585 1182 2662 signa“
1207 2585 1380 2645 et5P.
1405 2586 1514 2645 Cos
1588 2582 1726 2641 4339
2037 2597 2078 2638 ιι
2262 2584 2529 2655 Pelagius
2569 2585 2638 2639 ad
2674 2583 2976 2653 episcopos
3004 2578 3190 2636 Istria:
3217 2578 3276 2633 in
3320 2608 3327 2615 -

195 2681 260 2753 θ
306 2677 376 2737 47
430 2683 558 2751 ejus
586 2678 640 2737 3.
2195 2669 3161 2743 schismateperseverantesTrium
3182 2666 3277 2732 Ca.

265 2773 307 2825 F
504 2770 784 2827 Autharis
827 2769 1327 2843 Langobardorum
1361 2766 1515 2839 regis
2194 2760 2514 2831 pltulorum
2556 2775 2730 2818 causa
2786 2762 2884 2816 dat
2929 2758 3174 2827 litteras,
3224 2760 3281 2811 et

212 2862 383 2916 Indict
439 2860 773 2916 electionem
802 2860 857 2915 h.
905 2873 958 2915 a.
994 2858 1256 2915 Mauritii
1305 2862 1513 2928 quarto
2193 2851 2556 2922 Legationem
2614 2850 2895 2921 instituit,
2944 2861 3156 2918 eosque
3201 2847 3270 2902 ad

262 2964 312 3005 ιν
435 2949 799 3005 statuendum
832 2962 899 3005 ex
916 2947 1040 3004 Abb
1060 2946 1400 3003 Biclariensi
1431 2945 1513 2999 in-
2194 2937 2471 2995 unitatem
2496 2940 2764 2995 Ecclesiae
2782 2938 2976 2994 reduci
2997 2942 3161 2992 curat
3180 2936 3281 2991 im-

228 3045 274 3094 et
319 3052 351 3092 v
444 3038 629 3094 tendit
658 3038 866 3111 Pagius
921 3051 976 3094 ιι.
1021 3035 1058 3093 2
1111 3034 1231 3093 et3
1281 3036 1351 3091 ad
1399 3047 1514 3089 ann
2194 3023 3279 3098 ploratoFl.Smaragdiexarchiauxi—

436 3124 562 3183 585.
1825 3121 1873 3182 C
2196 3116 2303 3172 lio:
2328 3130 2459 3171 cum
2489 3130 2602 3187 quo
2628 3114 2984 3185 Langobardi
3013 3112 3279 3168 inducias

509 3217 797 3288 Leovigild
810 3232 874 3273 us
901 3230 999 3272 rex
1025 3216 1295 3284 moritur,
1328 3225 1518 3270 succe—
2195 3211 2515 3261 statuerant
2535 3203 2910 3259 formidantes
2926 3199 3276 3255 Cbildeberti

434 3306 602 3362 dente
654 3306 991 3361 Reccaredo.
1024 3304 1125 3377 (Ex
1181 3303 1368 3359 Biclar
1400 3303 1513 3372 Pag
2198 3294 2543 3347 Francorum
2590 3290 2743 3363 regis
2794 3290 3099 3344 adventum
3148 3298 3276 3341 cum

441 3396 522 3451 ibi
560 3410 618 3451 ιι.
664 3393 750 3467 44)
799 3394 909 3464 Qui
957 3397 1194 3467 Legatos
1256 3395 1326 3451 de
1385 3403 1517 3461 pace
2197 3380 2411 3436 validis
2435 3379 2623 3450 copiis
2655 3380 2712 3434 in
2743 3377 3029 3433 auxilium
3061 3376 3276 3431 Roma-

442 3485 622 3543 mittit
647 3486 716 3542 ad
734 3465 1161 3542 Guntramnum
1193 3485 1282 3539 Fr.
1310 3483 1515 3551 Regem
2199 3483 2422 3526 norum.
2456 3470 2536 3523 Ex
2563 3473 2807 3538 utroque
2827 3465 3124 3535 Gregorio,
3151 3465 3279 3519 Ma-

437 3576 546 3648 Pag
573 3574 654 3631 ibi
690 3590 745 3631 n.
782 3589 860 3631 ιιι.
2200 3572 2309 3631 gno
2386 3557 2629 3623 scilicet,
2700 3569 2766 3611 ac
2820 3553 3162 3622 Turonensi,
3251 3564 3282 3607 e

509 3641 914 3721 Childebertus
963 3663 1063 3735 qui
1095 3676 1127 3717 a
1157 3661 1239 3718 Fl.
1284 3661 1519 3717 Smara—
2078 3708 2089 3717 κ
2200 3648 2373 3703 Paulo
2403 3646 2648 3702 diacono
2675 3643 2846 3701 Noris
2886 3648 2942 3699 et
2969 3643 3182 3713 Pagius
3205 3641 3276 3697 ad

440 3754 549 3826 gdo
587 3753 831 3810 exarcha
864 3751 1205 3809 muneribus
1240 3750 1520 3806 invitatus
2201 3736 2354 3793 hunc
2377 3748 2613 3801 annum-

441 3843 501 3899 in
523 3843 744 3899 Italiam
771 3842 1142 3899 descenderat
1166 3845 1366 3895 contra
1390 3840 1524 3894 Lan-

438 3933 719 4005 gobardos
735 3930 806 3987 ab
826 3931 1032 3987 iisdem
1061 3929 1185 4001 pari
1207 3928 1429 3984 ratione
1450 3925 1519 3982 ad

442 4036 630 4093 pacem
650 4035 841 4078 secum
873 4019 1213 4089 faciendam,
1237 4023 1293 4072 et
1321 4017 1390 4072 ad
1424 4030 1522 4071 re-

436 4125 693 4180 gressum
718 4112 778 4166 in
814 4110 1107 4165 Franciam
1140 4106 1518 4178 pertrahitur.

436 4202 518 4256 Ex
567 4201 762 4257 'l‘uron
801 4204 859 4255 et
908 4198 1083 4254 Paulo
1124 4197 1275 4253 diac.
1312 4194 1523 4267 Pagius

442 4305 497 4346 ιι.
530 4287 583 4345 4.

233 4377 372 4438 5300
509 4382 631 4451 Imp
658 4380 777 4436 Caes
801 4380 889 4435 Ti.
920 4376 1234 4433 Mauritius
1262 4375 1388 4447 Aug
1412 4387 1523 4430 an—
1598 4368 1737 4428 4339

2036 4393 2076 4435 ιι
2275 4377 2491 4450 Pelagii
2521 4374 2557 4431 9
2576 4379 2633 4431 et
2658 4371 2744 4430 40.
3372 4364 3480 4423 587

207 4475 275 4545 Θ
344 4477 380 4534 8
436 4493 541 4536 nos
579 4481 643 4535 in
674 4479 925 4535 nummis
955 4478 1147 4549 signat
1188 4473 1301 4531 ὅθι
1331 4472 1366 4530 6
1396 4477 1522 4544 post
1584 4466 1735 4527 ’4340

1718 4466 1735 4526 )
1833 4480 1890 4542 D
2027 4483 2090 4526 ιιι
2271 4466 2513 4524 Romani
2547 4479 2645 4535 per
2672 4464 2795 4519 loca
2822 4460 3079 4517 Persidis
3114 4472 3282 4530 gras-

204 4566 275 4640 θ
318 4565 382 4623 48
444 4568 808 4626 consulatum
844 4569 971 4637 ejus
1002 4546 1292 4638 (iuartum.
2075 4594 2086 4610 .
2202 4564 2430 4615 santur.
2479 4554 2690 4609 Avares
2767 4551 3069 4606 Thraciam
3131 4546 3287 4603 infe—

284 4660 332 4712 E
511 4660 754 4715 Severus
793 4637 1187 4728 Aquilejensis
1213 4653 1522 4725 episcopus
2204 4651 2376 4703 stant.
2410 4646 2491 4698 Ex
2541 4638 2971 4728 Theophylacto
3005 4637 3107 4728 lib.
3132 4650 3194 4701 ιι,
3227 4650 3279 4690 c.

217 4747 394 4803 Indict
442 4749 540 4819 qui
574 4748 748 4804 Heliae
774 4721 1148 4815 successerat,
1182 4721 1379 4799 etvnon
1410 4739 1529 4795 mi-
2208 4733 2293 4790 40.
2327 4731 2540 4803 Pagius
2568 4730 2635 4784 ad
2672 4728 2819 4819 hia.
2855 4721 2975 4819 n._3
2998 4730 3054 4819 et
3084 4721 3136 4778 4.

288 4850 323 4890 V
444 4813 556 4895 nus
608 4838 822 4894 acriter
854 4850 957 4907 pro
985 4813 1198 4891 Tribus
1238 4830 1527 4902 Capitulis
2276 4828 2355 4878 Ex
2385 4819 2682 4891 epitaphio
2728 4815 2988 4907 Caesarne
3037 4814 3096 4868 in
3126 4813 3288 4869 Dias—

236 4931 286 4981 et
317 4940 366 4983 ιιι
448 4927 814 5000 depugnabat
854 4903 983 4983 cum
1010 4925 1190 4981 sociis
1218 4923 1525 4993 episcopus
2204 4912 2321 4969 cesi
2352 4909 2607 4966 Avenion
2653 4908 2722 4962 ad
2758 4903 3062 4960 Baronium
3092 4908 3288 4958 trans—

439 4992 662 5089 captus,
696 5022 752 5073 et
799 5017 1124 5072 Ravennam
1152 4992 1526 5084 perductusa
2209 5003 2405 5066 misso,
2477 5000 2535 5053 in
2605 5011 2717 5067 quo
2795 4994 3040 5049 medium
3101 4992 3291 5047 noctis

440 5082 751 5179 smaragdo
819 5118 1010 5162 coram
1060 5082 1166 5159 ,Ιοξ
1202 5102 1526 5157 Ravennate
2202 5093 2300 5151 die
2324 5088 2624 5146 Dominica
2670 5085 3056 5140 inlucescente
3098 5095 3153 5137 vr
3204 5082 3284 5138 Id.

443 5171 813 5268 epischria
862 5192 1133 5263 Capitula
1180 5206 1307 5246 cum
1348 5188 1528 5245 sociis
2205 5177 2480 5238 Decembr
2536 5174 2891 5246 quadragies,
2936 5177 2993 5228 et
3017 5186 3070 5227 v1
3116 5172 3176 5227 P.
3227 5171 3288 5227 C.

445 5262 700 5353 damnat,
745 5290 802 5340 et
832 5262 979 5340 liber
1009 5279 1353 5337 dimittitur.
1389 5278 1529 5333 Vide
2096 5274 2097 5277 “
2206 5268 2410 5326 Basilii
2448 5269 2581 5324 Jun.
2614 5266 2671 5321 V.
2700 5265 2762 5320 C.
2886 5274 3037 5353 anno
3084 5275 3164 5317 xu
3195 5274 3290 5316 re.

443 5375 617 5432 Noris
640 5351 711 5431 de
733 5387 787 5428 v.
815 5375 926 5445 Syn
961 5387 1014 5443 p.
1048 5367 1169 5427 402.
2206 5361 2304 5434 gni
2349 5356 2577 5414 Domini
2605 5352 2957 5412 Childeberti
3007 5351 3160 5424 regis
3188 5353 3289 5445 In:

511 5463 824 5536 Smarang
855 5438 1102 5518 exarcho
1148 5458 1355 5514 tertius
1385 5470 1523 5512 suc-
2201 5448 2545 5517 dictquinta
2563 5447 2755 5516 plures
2773 5438 3285 5514 epochasstabiliri

450 5554 602 5609 cedit
650 5530 943 5609 Romanus
1008 5548 1224 5604 Panvin
1279 5547 1407 5601 Fast
1458 5556 1526 5600 ex
2208 5537 2419 5608 Pagius
2444 5536 2609 5591 docet
2637 5538 2692 5594 h.
2721 5555 2774 5596 ει.
2802 5547 2856 5589 ιι.
2891 5530 2976 5587 42.

454 5641 629 5699 Paulo
660 5641 811 5698 diac.
