3962 6164
421 291 526 350 795
1215 297 1308 353 ΑΒ
1344 298 1778 360 ANASTASIUM
1817 305 2329 370 PROLEGOMENA
2373 313 2548 368 EDIT.
2590 313 3019 373 ROM.-—VATIC.
3676 323 3762 385 796
3887 325 3895 385 Ι

486 424 676 522 Anni,
713 428 1091 497 Imperatores,
1178 430 1447 522 Consules,
1526 435 1803 490 Romano—
1872 438 2028 522 Anni
2109 440 2166 499 A
2245 441 2422 522 Λᾼηηί
2496 447 2946 522 Christianorum,
2987 449 3297 504 Judaeorum
3347 459 3396 507 et
3437 456 3556 522 ﬁni—
3623 459 3743 511 Anni

437 495 694 596 Panthi}.
791 495 950 572 rum,
984 495 1258 572 res’gcstae
1313 509 1365 559 et
1393 505 1724 562 documenta.
1882 511 1943 563 U.
1979 508 2032 564 ϐ.
2109 495 2166 499 ﬂ
2235 495 2442 585 Olymp.
2557 520 2806 573 timorum
2842 495 3188 592 populorum,
3231 495 3539 596 Pontiﬁces,
3641 530 3748 582 Erae

485 572 533 596 ΛΑ
587 585 620 596 Μ
1921 586 1931 596 ι
2029 587 2041 596 .

481 572 533 624 et
559 570 684 627 Ind.
939 570 944 572 ’
1104 570 1114 572 ’
1837 586 1966 662 ante
1991 587 2043 662 et
2299 570 2322 583 ν
2383 570 2404 585 ι
2546 570 2876 659 tegésﬁés‘
2893 570 3063 662 'é'eéié

1779 658 1901 724 post
1922 653 2044 709 Pal.

485 759 622 820 5304
773 767 895 836 Imp
923 766 1041 822 Caes
1065 767 1153 823 Ti.
1186 769 1501 826 Mauritius
1528 772 1655 844 Aug
1682 786 1792 830 an-
1868 772 2006 832 4340

2295 796 2356 839 ιιι
2542 785 2754 858 Pelagii
2783 784 2848 843 40
2877 793 2933 844 et
2965 786 3049 843 44.
3621 793 3702 852 588

490 856 557 929 ta
607 859 643 918 9
706 877 810 918 nos
837 863 894 918 in
939 865 1194 921 nummis
1220 866 1412 939 signat
1438 867 1473 924 6
1501 867 1614 925 et?
1643 875 1698 926 et
1732 873 1789 928 in
1866 871 1996 930 4344
2293 885 2347 928 IV
2526 875 2610 930 Jo.
2657 856 2987 934 Patriarcba
3011 878 3547 952 Constantinopoli-

475 951 546 1024 θ
579 948 646 1006 49
704 953 851 1008 octis
903 953 1156 1023 publicis
1203 956 1297 1011 hic
1326 971 1515 1014 annus
1565 960 1786 1018 dicitur

507 1043 554 1094 D
581 1040 621 1096 C
711 1047 837 1111 post
867 1044 1231 1102 consulatum
1260 1047 1386 1115 ejus
1419 1049 1681 1120 quintus.

467 1129 647 1185 Indict
773 1131 1088 1188 Panvinius
1116 1135 1373 1204 antiquit
1423 1139 1600 1194 Veron
1644 1138 1785 1196 libv

522 1230 578 1272 VI
701 1232 806 1288 cap
833 1218 869 1274 8
895 1219 1001 1276 hoc
1026 1233 1176 1278 anno
1203 1224 1431 1281 tradita
1460 1227 1785 1284 Childeber-

488 1311 537 1363 ει
556 1321 632 1364 vn
709 1313 766 1365 to
787 1311 1039 1366 Francite
1065 1325 1194 1382 rege
1213 1314 1451 1371 missum
1482 1316 1537 1371 in
1559 1317 1780 1374 Italiam

702 1400 1013 1456 exercitum
1077 1407 1277 1458 contra
1359 1406 1778 1479 Langobardos,

700 1487 794 1544 sed
830 1487 996 1559 fame,
1046 1503 1112 1546 ac
1167 1490 1364 1549 morbo
1405 1497 1623 1567 regredi
1679 1511 1782 1553 co-

696 1585 883 1634 actum
908 1585 1034 1649 post
1057 1595 1301 1639 mensem
1323 1586 1555 1642 tertium
1572 1588 1782 1645 Autha—

701 1667 809 1723 rim
878 1683 1106 1741 quoque
1163 1687 1349 1745 regem
1413 1676 1583 1746 paulo
1656 1683 1783 1748 post

695 1757 846 1814 diem
871 1759 1087 1816 obiisse
1114 1779 1126 1817 :
1148 1765 1244 1819 cui
1270 1773 1511 1835 quartus
1534 1769 1590 1823 in
1615 1769 1782 1826 Italia

699 1861 796 1903 rex
875 1851 1374 1922 Langobardorum
1456 1859 1782 1932 sublegitur

695 1937 1046 2009 Agilulphus
1067 1954 1136 1996 ex
1161 1943 1306 2000 duce
1325 1947 1666 2004 Taurinensi
1693 1964 1783 2020 pa-

706 2033 793 2083 ter
821 2029 1024 2084 Aoaldi
1076 2031 1176 2101 qui
1211 2047 1359 2090 anno
1394 2051 1503 2092 xxv
1554 2041 1777 2108 paterni

699 2119 859 2190 regni
905 2120 1089 2176 eidem
1135 2126 1433 2182 successit.
1493 2129 1596 2184 Sed
1651 2130 1780 2187 vide

697 2220 809 2263 ann
840 2206 966 2264 590.

479 2294 623 2353 5302
768 2297 886 2366 Imp
923 2298 1041 2354 Caes
1071 2301 1154 2356 Ti.
1190 2304 1504 2363 Mauritius
1534 2309 1663 2381 Aug
1688 2310 1778 2366 si-

473 2389 544 2461 ti}
581 2394 648 2451 40
697 2401 832 2464 gnat
863 2395 921 2448 in
974 2402 1227 2456 nummis
1271 2418 1384 2460 ann
1426 2403 1460 2460 7
1516 2413 1571 2463 et
1601 2422 1712 2464 ann
1744 2408 1780 2463 8

475 2482 547 2555 θ
615 2481 637 2539 4
699 2484 800 2553 qui
822 2482 879 2537 in
909 2489 1055 2543 actis
1075 2490 1247 2546 etiam
1268 2495 1489 2552 dicitur
1508 2503 1634 2566 post
1653 2512 1780 2553 con-

510 2576 566 2643 ,Β
689 2578 944 2636 sulatum
972 2580 1099 2648 ejus
1123 2585 1491 2654 sextus,aliis
1513 2588 1774 2658 quintus.

457 2665 638 2720 Indici
760 2669 1107 2726 Francorum
1127 2673 1414 2728 exercitus
1429 2688 1460 2728 a
1478 2676 1778 2732 Guntram-

512 2767 591 2809 vu
691 2770 765 2813 no
787 2772 916 2828 rege
943 2762 1339 2831 transmissus,
1369 2765 1585 2821 Bosone
1607 2767 1770 2837 duce,

468 2849 516 2898 et
542 2856 644 2901 VIII
689 2845 1004 2902 inGalliam
1034 2849 1592 2924 Narbonensem,per
1613 2855 1775 2910 Clau-

688 2935 849 2990 dium
879 2938 1213 2994 Lusitanum
1239 2942 1539 2998 Reccaredi
1569 2945 1771 3001 ducem

691 3025 953 3098 caeditur,
1001 3035 1056 3084 et
1109 3033 1314 3086 castris
1344 3033 1529 3102 captis
1561 3035 1618 3090 in
1673 3035 1773 3092 fu-

691 3128 816 3184 gam
868 3118 1136 3174 vertitur.
1203 3121 1392 3176 Biclar
1437 3123 1570 3179 Chr.
1633 3127 1772 3182 Vide

690 3202 801 3273 Pag
829 3204 884 3258 h.
916 3218 968 3259 a.
1003 3221 1136 3262 num
1167 3223 1243 3263 ιχ.

763 3294 965 3349 Eodem
997 3311 1147 3353 anno
1165 3301 1425 3356 Mauritii
1446 3305 1538 3359 VII
1559 3305 1658 3374 qui
1682 3312 1768 3361 est

688 3379 990 3440 Reccaredi
1063 3389 1215 3459 regis
1284 3394 1491 3447 tertius
1549 3393 1768 3450 Uldilas

684 3479 879 3528 contra
906 3476 1285 3534 Reccaredum
1316 3483 1644 3553 conjurans,
1675 3485 1768 3539 ei—

686 3574 794 3631 que
823 3563 1071 3621 insidias
1121 3574 1352 3625 struens
1393 3571 1451 3626 in
1494 3573 1766 3629 exsilium

688 3651 946 3721 pellitur.
995 3657 1181 3713 Biclar
1211 3660 1292 3714 ibi
1332 3675 1466 3716 num
1503 3660 1588 3718 42.

755 3742 1077 3800 Concilium
1130 3748 1463 3804 Toletanum
1520 3765 1584 3806 ιιι
1626 3753 1681 3808 h.
1715 3767 1763 3808 a.

683 3828 1025 3885 celebratur.
1073 3833 1154 3888 lbi
1189 3849 1245 3889 ιι.
1302 3835 1334 3890 4
1361 3844 1417 3892 et
1444 3837 1479 3892 6
1509 3854 1622 3909 quo
1650 3843 1770 3897 Go-

685 3915 771 3970 thi
800 3922 855 3970 et
880 3917 1044 3973 Suevi
1071 3922 1139 3975 ad
1189 3923 1541 3981 Catholicam
1573 3930 1767 3985 Fidem

684 4007 962 4062 conversi.
989 4008 1071 4064 Ibl
1107 4024 1163 4064 ιι.
1185 4008 1237 4065 8.

468 4088 610 4148 5303
753 4095 874 4165 Imp
903 4097 1020 4153 Caes
1058 4100 1144 4154 Ti.
1175 4104 1483 4160 Mauritius
1519 4107 1647 4179 Aug
1675 4109 1766 4164 si-

461 4192 532 4262 (ᾗ
573 4191 631 4248 44
677 4206 812 4269 gnat
844 4200 902 4254 in
936 4201 1187 4257 nummis
1214 4215 1323 4256 ann
1346 4201 1453 4258 8et
1480 4203 1533 4274 9,
1559 4207 1660 4276 qui
1691 4207 1762 4263 ab

459 4286 531 4357 θ
585 4285 621 4342 2
679 4288 796 4342 bist
828 4288 997 4343 etiam
1039 4291 1262 4346 dicitur
1292 4299 1420 4362 post
1461 4307 1600 4350 cons
1639 4298 1764 4366 ejus

504 4376 554 4431 Α
688 4379 990 4450 septimus,
1023 4380 1161 4436 aliis
1183 4381 1352 4438 etiam
1383 4390 1596 4441 sextus.

449 4472 629 4526 Indict
747 4470 1068 4526 Concilium
1118 4472 1452 4542 Hispalense
1513 4477 1759 4544 primum

480 4575 584 4618 vtu
679 4561 733 4616 h.
762 4574 820 4615 a.
859 4560 1203 4618 celebratum
1226 4563 1414 4634 signat
1437 4579 1638 4622 seram:
1672 4569 1760 4623 die

465 4657 595 4707 ettx
665 4653 844 4720 primo
895 4652 1179 4708 Nonarum
1207 4655 1584 4710 Novembrium
1613 4674 1756 4713 anno

678 4743 865 4810 quinto
912 4745 1068 4810 regni
1121 4742 1499 4810 gloriosissimi
1542 4748 1761 4802 Domini

676 4833 852 4885 nostri
876 4833 1166 4887 Reccaredi
1200 4837 1340 4902 regis
1362 4852 1454 4890 era
1479 4848 1748 4893 Dcxxvul.

675 4921 815 4976 Vide
847 4921 1080 4993 Pagium
1116 4921 1167 4976 h.
1195 4936 1249 4978 a.
1280 4937 1333 4978 ιι.
1377 4923 1427 4979 6.

747 5011 809 5064 Η.
839 5024 892 5064 a.
935 5011 1286 5068 Childeberti
1341 5015 1492 5086 regis
1544 5017 1633 5071 Fr.
1680 5032 1752 5073 xv

669 5101 834 5169 juxta
871 5102 1253 5157 Turonensem
1284 5103 1322 5157 l.
1370 5118 1426 5159 x.
1461 5120 1508 5161 c.
1543 5105 1595 5174 3,
1631 5109 1756 5176 ejus

674 5190 964 5244 exercitus
995 5205 1095 5260 per
1120 5197 1236 5246 tres
1269 5206 1486 5250 menses
1527 5197 1751 5268 Lango-

674 5278 883 5333 bardos
907 5279 962 5333 in
995 5282 1158 5336 Italia
1185 5281 1445 5337 vexabat.
1479 5285 1754 5343 Autharis

673 5369 740 5424 ad
760 5369 1178 5425 Gnntramnum
1198 5384 1383 5443 regem
1400 5372 1748 5433 Childeberti

673 5473 740 5514 ex
819 5457 994 5513 fratre
1081 5468 1338 5528 nepotem
1411 5464 1747 5535 legationem

675 5549 874 5618 mittit,
927 5557 989 5604 ut
1043 5563 1231 5618 pacem
1289 5565 1320 5606 a
1375 5561 1577 5623 patruo
1626 5559 1751 5627 ejus

675 5636 956 5704 impetret.
989 5639 1093 5694 Sed
1146 5640 1396 5696 nondum
1449 5647 1690 5701 reversis
1719 5661 1748 5703 e

1855 2309 1984 2367 4344

1854 2407 1992 2466 4342

1843 4109 1980 4168 4342

1840 4207 1977 4267 4343

2463 971 2634 1020 tanus
2677 966 2962 1037 Synodum
3039 968 3206 1024 habet
3247 971 3305 1025 in
3374 984 3544 1028 causa

2461 1051 2723 1124 Gregorii
2751 1057 2882 1111 Patr
2903 1058 3245 1114 Antiocheni
3285 1063 3540 1117 accusati

2459 1141 2529 1198 de
2560 1143 2796 1211 incesto,
2827 1145 2928 1216 qui
2971 1146 3245 1204 innocens
3278 1150 3541 1206 declara~

2459 1237 2576 1301 tur,
2607 1238 2662 1288 et
2717 1235 2788 1290 ad
2818 1249 2984 1291 suum
3026 1237 3417 1307 episcopatum
3445 1254 3542 1297 re-

2459 1322 2567 1392 dit,
2597 1338 2709 1394 quo
2743 1330 2996 1396 tempore
3027 1329 3317 1384 exercitus
3347 1330 3539 1387 Roma-

2461 1426 2569 1468 nus
2599 1420 2797 1470 contra
2857 1416 3054 1472 Persas
3100 1417 3388 1474 dimicans
3441 1426 3540 1476 tu-

2459 1502 2856 1560 multuabatur
2880 1512 3112 1576 propter
3155 1522 3394 1565 annonae
3420 1510 3536 1566 im-

2459 1591 2838 1649 minutionem
2869 1608 2900 1650 a
2941 1595 3268 1667 Philippico
3291 1597 3537 1656 fraudu-

2459 1679 2640 1736 lenter
2663 1689 2987 1754 suggestam
3010 1727 3025 1756 ,
3059 1687 3255 1743 sedato
3285 1689 3535 1747 tumultu

2456 1769 2695 1826 Romani
2738 1773 3038 1829 victoriam
3097 1776 3382 1849 insignem
3467 1780 3535 1836 de

2459 1859 2648 1915 Persis
2691 1870 3004 1935 reportant,
3037 1871 3094 1921 et
3133 1866 3317 1936 spolia
3347 1870 3536 1938 Opima

2457 1949 3014 2021 Constantinopolim
3100 1956 3520 2012 transmittunt.

2458 2039 2570 2110 Pag
2621 2038 2674 2094 b.
2727 2053 2780 2095 a.
2813 2053 2879 2096 ex
2918 2041 3228 2114 Theophyl.
3258 2051 3363 2100 etc.
3422 2043 3532 2103 n.3

2457 2135 2514 2184 et
2534 2142 2691 2200 seqq.

2209 2307 2419 2378 Olymp.
2533 2310 2745 2382 Pelagii
2779 2307 2837 2365 44
2873 2318 2928 2366 et
2959 2310 3043 2367 42.

2257 2393 2355 2452 344
2525 2398 2765 2454 Romani
2797 2414 2925 2456 cum
2960 2401 3166 2470 Persis,
3219 2401 3354 2458 licet
3383 2417 3529 2461 anno

2280 2499 2333 2542 ιν
2453 2488 2750 2554 superiore
2779 2492 2963 2559 caesis,
2994 2491 3142 2560 apud
3172 2493 3531 2564 Martyropo-

2275 2579 2326 2630 et
2452 2575 2551 2632 lim
2572 2579 2822 2647 praeliari
2852 2596 2963 2637 non
2982 2582 3286 2638 desistunt.
3318 2584 3528 2654 Philip-

2255 2661 2362 2722 342
2454 2667 2618 2736 picus
2639 2682 2785 2740 aegre
2803 2671 3138 2728 admittitur
3159 2673 3277 2728 dux
3297 2672 3368 2728 ab
3384 2688 3532 2730 exer-

2294 2753 2317 2809 4
2453 2759 2575 2814 citu
2597 2760 2867 2816 suasione
2881 2761 3146 2834 Gregorii
3164 2763 3315 2819 Arcb
3337 2765 3527 2820 Antio.

2449 2851 2616 2906 cheni
2653 2870 2665 2906 :
2699 2866 2894 2910 verum
2927 2853 3242 2910 infeliciter
3264 2868 3521 2926 pugnans

2451 2947 2768 3014 revocatur,
2798 2948 2852 2998 et
2886 2943 2973 2999 illi
3003 2943 3301 3000 sufﬁcitur
3323 2958 3353 2998 a
3379 2946 3527 3000 Mau-

2448 3029 2588 3085 ritio
2635 3030 3047 3088 Comentiolus.
3097 3035 3179 3088 Ex
3239 3034 3524 3106 Theopby-

2448 3117 2618 3185 Iacto,
2651 3126 2708 3176 et
2734 3122 2920 3192 Evagr
2949 3123 3158 3194 Pagius
3193 3124 3254 3178 h.
3292 3137 3343 3179 a.

2516 3209 2741 3266 Tiberis
2800 3211 3106 3268 inundatio
3165 3227 3356 3269 mense
3407 3214 3522 3270 Nov

2446 3297 2634 3354 Roma:
2683 3301 2963 3373 contigit:
3013 3316 3181 3373 quam
3216 3310 3521 3360 consecuta

2445 3395 2530 3442 est
2586 3391 2843 3457 proxime
2887 3391 3098 3460 clades,
3133 3407 3234 3449 seu
3266 3393 3394 3449 lues
3426 3395 3521 3449 in-

2446 3475 2734 3546 guinaria.
2786 3481 3080 3538 Turonens
3121 3483 3204 3538 lib
3233 3498 3268 3539 x
3313 3481 3491 3555 capi.

2287 4132 2302 4177 ι
2523 4121 2737 4192 Pelagii
2799 4120 2884 4193 42,
2959 4127 3059 4194 qui
3110 4126 3233 4183 obit
3279 4125 3313 4183 7
3370 4129 3529 4187 Febr.

2283 4221 2323 4265 ιι
2444 4211 2585 4266 Vide
2613 4221 2772 4268 notas
2807 4215 2876 4270 ad
2906 4216 3090 4289 Pelag.
3124 4224 3179 4274 et
3200 4220 3372 4276 Noris
3403 4222 3519 4276 dev

2438 4299 2549 4372 Syn
2583 4317 2636 4372 p.
2663 4299 2782 4360 405.

2364 4454 2379 4470 θ
2511 4393 2868 4451 Theodosius
2904 4397 3165 4454 Mauritii
3213 4399 3375 4458 ﬁlius
3403 4417 3519 4459 suae

2440 4485 2628 4540 aetatis
2656 4499 2869 4541 annum
2905 4501 3078 4559 agens
3110 4487 3159 4553 4,
3212 4498 3267 4546 et
3297 4505 3519 4550 menses

2437 4587 2534 4629 sex
2579 4583 2888 4633 coronatur
2929 4579 3074 4651 Aug.
3125 4581 3332 4638 Chron.
3379 4583 3518 4640 Alex

2434 4668 2489 4718 et
2535 4664 2863 4736 TheOphan.
2935 4669 3076 4725 Vide
3134 4672 3372 4744 Pagium
3448 4675 3515 4731 ad

2435 4767 2546 4810 ann
2569 4753 2694 4821 588,
2735 4771 2791 4811 ιι.
2823 4755 2878 4822 8,
2912 4764 2966 4815 et
2986 4759 3054 4815 ad
3087 4761 3141 4816 h.
3175 4776 3228 4817 a.
3262 4776 3319 4818 ιι.
3354 4761 3407 4819 3.

2503 4845 2991 4904 Postdiuturnam
3021 4853 3377 4909 vacationem
3403 4855 3517 4912 Ro—

2435 4949 2612 4990 manae
2636 4937 2801 4993 Sedis
2846 4940 3168 4997 Gascoaws
3191 4946 3290 5014 qui
3323 4951 3514 5015 postea

2431 5026 2668 5094 Magnus
2695 5026 2890 5084 dictus
2915 5035 3019 5094 est,
3047 5033 3356 5090 ordinatur
3386 5051 3512 5092 suc-

2431 5128 2620 5170 cessor
2649 5115 2744 5171 die
2768 5115 2802 5172 3
2828 5121 3121 5188 Septembr
3149 5123 3204 5177 b.
3238 5138 3290 5179 a.
3328 5127 3509 5182 Indict

2429 5201 2479 5258 9.
2506 5205 2645 5261 Vide
2673 5207 2844 5263 Noris
2864 5208 2980 5264 dev
3007 5211 3118 5280 Syn
3145 5227 3250 5285 pag
3277 5213 3369 5272 93.

2498 5294 2543 5349 A
2570 5303 2749 5351 morte
2787 5298 2840 5352 S.
2889 5298 3154 5357 Silvestri
3212 5320 3396 5375 usque
3440 5307 3504 5364 ad

2432 5384 2666 5440 initium
2695 5386 2958 5457 Gregorii
2993 5395 3181 5459 Magni
3218 5394 3387 5466 juxta
3415 5398 3507 5453 Co-

2429 5475 2590 5530 dices
2631 5479 3043 5537 Anastasianos
3093 5492 3244 5541 recte
3305 5500 3504 5544 nume-

2432 5571 2632 5621 rantur
2648 5567 2782 5622 anni
2813 5579 3026 5625 CCXLVI.
3052 5572 3210 5629 Obiit
3233 5579 3383 5632 enim
3403 5575 3503 5631 Sil-

2423 5661 2608 5712 vester
2631 5664 2874 5716 exeunte
2905 5675 3055 5716 anno
3099 5661 3224 5720 335.
3258 5664 3498 5722 Ordina—

3609 2315 3695 2374 589

3618 4123 3708 4184 590
