3968 6164
229 311 321 372 797
1258 316 1468 372 CENNI
1504 315 1862 374 PREFATIO

280 439 426 493 Anni
488 441 866 510 Imperatores,
947 442 1200 499 Consules
1278 424 1556 499 Romano—
1619 446 1776 500 Anni

253 513 362 566 Per.
387 512 485 565 Jul
590 528 732 582 rum,
764 527 851 567 res
878 519 1043 581 gesta
1073 520 1123 570 et
1169 517 1506 571 documenta.
1656 518 1717 571 U.
1748 516 1804 571 C.

274 586 320 638 et
337 582 445 637 Ind
1599 594 1724 643 ante
1752 593 1803 642 et

1544 665 1669 731 post
1696 659 1816 716 Pal.

485 851 675 909 Gallia
706 853 910 926 legatis
936 853 1214 910 Autharis
1240 856 1391 926 apud
1415 855 1581 913 Tici-

486 955 623 998 num
665 943 912 999 moritur
967 946 1091 1000 Non
1135 945 1269 1015 Sept
1312 959 1425 1001 non
1457 947 1585 1003 sine

484 1032 699 1088 Veneni
725 1032 1080 1102 suspicione,
1115 1048 1243 1090 cum
1271 1048 1369 1090 sex
1403 1048 1584 1092 annos

485 1126 781 1192 regnasset
823 1141 835 1177 :
880 1123 1220 1178 succedente
1248 1124 1581 1195 Agilulpho.

483 1209 563 1265 Ex
579 1209 914 1266 Paulodiac.
939 1211 1071 1282 Pagi
1084 1226 1150 1267 us
1165 1212 1233 1268 ad
1256 1214 1313 1276 h,
1330 1226 1384 1268 a.
1407 1227 1460 1267 n.
1490 1208 1577 1283 47,

487 1302 543 1354 et
561 1311 630 1354 ex
658 1299 1015 1369 GregoriiM.
1041 1301 1287 1371 epistola
1313 1298 1399 1372 t7,
1429 1302 1510 1357 lib
1532 1304 1577 1372 Ι,

487 1386 801 1443 Panvinius
835 1387 955 1443 haec
996 1388 1170 1444 refert
1198 1390 1268 1445 ad
1299 1402 1413 1445 ann
1452 1386 1577 1445 598.

481 1475 622 1532 Vide
641 1490 836 1547 supra.

1898 316 1990 373 AD
2029 315 2368 375 CHRONOL.
2408 317 2555 388 SEQ.
3516 328 3627 389 798

1887 446 1944 507 A
1982 447 2139 524 Alani
2232 447 2688 524 Christianorum,
2737 451 3053 506 Judworum
3100 458 3150 507 et
3181 459 3317 524 ﬁni—
3384 459 3540 516 Anni

2001 518 2210 590 Olymp.
2325 522 2577 596 timorum
2612 524 2969 592 populorum,
3030 518 3335 596 Pontiﬁces,
3398 533 3550 588 Era

2329 594 2517 661 Reges,
2544 609 2629 649 res
2671 599 2835 661 geste
2884 600 2935 650 et
2951 594 3288 654 documenta.
3323 600 3542 659 Christi.

2257 704 2344 755 tas
2407 698 2522 757 fuit
2567 701 2943 773 GregoriusB
2986 704 3343 776 Septembris

2255 786 2380 846 590.
2413 789 2555 847 Vide
2580 797 2745 848 notas
2774 793 2842 849 ad
2888 791 3227 867 Gregorium
3266 798 3341 854 Μ.

1062 1768 2030 1948 CAJETANI
2092 1830 2727 1963 ,CENNI

1448 2050 1872 2107 PRESBYTERI

1920 2050 2383 2109 PISTORIENSIS

495 2199 616 2284 AD
704 2199 1589 2288 CONTINUATIONEM
1707 2201 2438 2290 CHRONOLOGIXE
2538 2204 3326 2293 BLANCHINIANjE

1530 2405 2254 2519 PRZEFATIO

1437 2743 1769 2807 SUMMA
1844 2742 2377 2809 SECTIONUM.

226 2892 549 2942 Continuatur
616 2891 968 2954 Cbronologia
1000 2893 1371 2942 Blanchiniana
1417 2893 1478 2942 ab
1513 2907 1647 2942 anno
1682 2892 1871 2942 Christi
1902 2895 1953 2955 B

275 2959 381 3015 590,
408 2970 493 3004 seu
519 2970 549 3004 a
574 2956 627 3006 S.
667 2956 921 3017 Gregorio
954 2956 1047 3013 M.,
1084 2970 1176 3017 per
1200 2957 1297 3005 tria
1335 2957 1532 3016 integra
1566 2957 1773 3005 saecula.
1810 2983 1870 2991 —

276 3019 338 3070 Il.
376 3018 691 3081 (Economia
712 3018 868 3080 hujus
892 3020 1055 3081 quarti
1080 3018 1379 3070 voluminis.
1410 3047 1467 3053 —
1490 3018 1578 3067 III.
1611 3019 1767 3067 Italiae.
1787 3032 1869 3067 res

278 3082 527 3141 obscurae,
562 3080 692 3129 lucis
741 3081 959 3129 multum
996 3082 1253 3143 accipiunt
1286 3081 1349 3128 ah
1382 3082 1608 3130 editione
1643 3081 1862 3143 Mediol.

282 3144 533 3204 Scriptor.
579 3143 802 3192 ltalicor.
836 3171 895 3178 —
917 3143 1010 3192 IV.
1040 3142 1279 3192 Diasidiis
1309 3144 1658 3192 recentiorum
1685 3142 1870 3190 obscu-

282 3207 441 3253 riores
478 3206 639 3253 facta}.
677 3233 736 3240 —
771 3207 842 3257 V.
882 3206 1105 3255 Unicum
1142 3208 1315 3254 essent
1348 3206 1647 3268 praesidium
1682 3205 1867 3268 iisdem

281 3270 521 3316 vetustate
548 3268 744 3315 obrutis
775 3272 1109 3316 monumenta
1140 3267 1385 3316 veterum.
1414 3295 1474 3303 —
1496 3268 1590 3316 VI.
1619 3269 1687 3315 At
1707 3267 1858 3315 Coss.

282 3331 591 3392 privatorum
610 3330 832 3379 exoletis
856 3332 1069 3378 tutiores
1090 3329 1415 3379 characteres
1436 3335 1725 3392 temporum
1750 3331 1868 3377 sunt

282 3393 397 3440 anni
428 3391 507 3442 PC
540 3393 628 3455 qui
664 3407 830 3455 usque
862 3394 926 3441 ad
955 3393 1045 3440 668
1079 3393 1172 3440 rite
1199 3397 1500 3441 numeratur
1528 3391 1556 3450 ;’
1587 3393 1707 3455 inde
1742 3398 1866 3439 vero

280 3458 512 3516 tanquam
532 3454 810 3503 tribunitiae
864 3457 1125 3505 otestates.
1160 3455 1365 3505 —VII.
1417 3456 1618 3514 Regum
1666 3454 1866 3513 Lango-

280 3515 540 3565 bardorum
585 3520 632 3565 et
672 3470 1030 3565 exarchorum.
1066 3516 1317 3565 nuiCoss.
1358 3521 1741 3565 successerunt.
1770 3528 1865 3565 Da-

279 3515 540 3579 bardorum
585 3520 632 3565 et
672 3515 1030 3575 exarchorum,
1066 3518 1153 3580 qui
1174 3516 1317 3566 Coss.
1358 3521 1741 3580 successerunt,
1770 3528 1865 3576 pa-

281 3593 385 3627 rum
424 3578 580 3627 curati
610 3582 732 3628 anni
769 3581 904 3641 apud
923 3578 1141 3629 veteres.
1168 3606 1230 3617 —
1254 3579 1397 3628 VIII.
1433 3579 1512 3627 Illi
1543 3578 1750 3641 quidem
1772 3591 1864 3641 eos

283 3640 610 3704 numerabant
639 3644 693 3690 in
727 3640 873 3691 Actis
908 3642 1149 3704 publicis,
1186 3642 1240 3693 hi
1269 3645 1439 3691 autem
1471 3654 1734 3704 secus._7
1759 3640 1860 3704 IX.

281 3702 429 3767 Yaria
458 3706 519 3752 de
554 3705 783 3767 utrisque
814 3702 950 3767 apud
987 3707 1267 3767 scriptores
1320 3705 1518 3767 opinio.
1552 3729 1615 3739 —
1658 3702 1720 3751 X.
1757 3703 1862 3751 Res

282 3764 584 3814 Francorum
611 3764 888 3826 diligenter
918 3764 1119 3829 scriptaa
1155 3782 1167 3827 ;
1192 3771 1241 3815 at
1263 3764 1709 3829 Mcroviugiorum
1732 3767 1862 3829 tem-

280 3840 396 3891 pore
416 3843 591 3889 parum
616 3830 908 3891 conjunctae
921 3826 1040 3878 cum
1062 3826 1275 3877 nostris.
1294 3856 1353 3864 —-
1374 3829 1470 3878 XI.
1490 3826 1861 3891 Posthegiram

285 3889 606 3951 olympiades,
642 3895 695 3940 et
716 3889 840 3940 anni
878 3893 1030 3942 Urbis
1074 3892 1174 3941 rari
1208 3906 1334 3940 usus
1371 3906 1384 3950 ;
1444 3890 1658 3952 epochaa
1690 3892 1863 3937 tamen

286 3963 454 4000 omnes
476 3953 855 4002 Blancbinianze
868 3956 1250 4003 continuantur.
1267 3980 1326 3989 ——
1349 3953 1467 4001 XII.
1492 3952 1676 4014 Cyclus
1692 3952 1864 3999 Victo-

285 4013 337 4060 rii
368 4014 531 4063 adhuc
566 4018 619 4065 in
652 4032 751 4065 usu
776 4020 884 4065 erat
918 4018 1055 4076 apud
1091 4016 1246 4064 Italos
1288 4020 1337 4064 et
1376 4013 1553 4065 Gallos
1586 4028 1678 4076 per
1713 4013 1867 4075 septi-

288 4088 416 4125 mum
451 4082 497 4126 et
532 4086 771 4127 octavum
818 4078 1088 4130 saeculum.
1121 4106 1180 4113 —
1210 4078 1358 4126 XIII.
1425 4078 1551 4126 Era
1584 4078 1866 4125 descensus

292 4137 737 4199 Langobardorum
760 4142 809 4189 in
836 4142 1033 4189 Italiam
1060 4156 1090 4189 a
1108 4141 1396 4190 Blanchino
1432 4139 1681 4199 neglecta,
1720 4138 1867 4187 omit-

297 4201 425 4267 titur,
456 4217 748 4267 quanquam
780 4218 882 4251 non
907 4204 1067 4251 semel
1089 4205 1225 4267 apud
1262 4207 1459 4251 veteres
1481 4204 1781 4267 memorata.
1808 4226 1868 4267 —_-

289 4262 625 4327 XIViet'XVf
669 4266 841 4315 Status
875 4262 1136 4314 Ecclesia!
1184 4265 1541 4326 Hispaniensis
1591 4279 1753 4327 usque
1806 4265 1869 4312 ad

294 4323 348 4388 S.
376 4326 678 4388 Gregorium
711 4328 788 4375 M.
826 4329 946 4376 dum
974 4328 1127 4378 Gothi
1152 4323 1299 4385 reges
1314 4328 1489 4376 Ariani
1508 4323 1685 4375 rerum'
1712 4327 1871 4388 potie-

293 4387 478 4439 bantur.
513 4417 567 4425 —
590 4390 717 4439 XVI
747 4393 795 4438 et
815 4391 991 4440 XVII.
1024 4391 1199 4439 Status
1214 4390 1459 4438 Ecclesiae
1492 4389 1868 4436 Britanniarum

294 4463 442 4512 usque
463 4454 526 4500 ad
552 4453 795 4501 eumdem
827 4453 1144 4514 pontificem,
1177 4454 1299 4501 dum
1320 4454 1382 4500 ad
1403 4451 1743 4500 idololatriam
1774 4465 1869 4562 Fer

294 4512 708 4564 Annio-Saxones
742 4516 1092 4564 introductam
1126 4528 1344 4564 reversa:
1379 4518 1544 4563 erant.
1580 4541 1638 4549 —-
1668 4513 1766 4562 XV
1802 4513 1864 4562 II.

292 4527 708 4573 anglo-baxones
742 4527 1092 4565 IﬂIPOGUGIﬂm
1126 4528 1344 4564 reversae
1379 4527 1544 4563 erant.
1580 4541 1638 4549 -·
1669 4527 1864 4562 Ᾱνιιι.

304 4625 351 4682 4.
381 4631 504 4688 Eam
526 4645 663 4690 sane
696 4634 1049 4701 provinciam
1084 4633 1330 4688 sortitus
1357 4647 1506 4694 sum,
1543 4644 1653 4701 qua
1684 4644 1868 4700 operte

241 4699 465 4774 aleazque
493 4699 718 4774 plenior
742 4705 970 4760 decerni
1003 4705 1143 4759 mihi
1178 4718 1286 4759 non
1316 4704 1520 4772 potuit.
1547 4699 1869 4774 Chronolo-

240 4769 915 4846 giam'quippeCtesaream
940 4776 1290 4841 pontiﬁcium
1309 4769 1364 4829 in
1392 4774 1623 4829 Librum
1646 4772 1872 4846 Pontiﬁ-

240 4843 769 4918 calem'abomnium
804 4848 1251 4916 disciplinarum
1276 4860 1478 4918 genere
1495 4845 1869 4900 ornatissimo

241 4915 457 4981 przesule
472 4920 779 4975 Francisco
797 4915 1112 4974 Blanc’hino
1132 4915 1439 4974 Veronensi
1456 4923 1798 4985 susceptam,
1815 4923 1870 4970 et

242 4998 408 5061 usque
426 4991 489 5045 ad
511 5005 726 5047 annum
744 4991 932 5061 Magni
961 4991 1226 5060 Gregorii
1259 4990 1528 5061 primum,
1554 4987 1678 5061 'l‘il).
1704 4990 1867 5042 Mau-

239 5058 353 5111 ritii
374 5072 596 5129 nonum,
627 5063 726 5116 PC.
746 5064 793 5130 ej
806 5058 872 5117 us
889 5058 1222 5131 septimum,
1248 5059 1497 5114 feliciter
1519 5060 1867 5131 perductam,

238 5132 308 5195 at,
341 5143 457 5198 qua:
488 5128 866 5189 humanarum
915 5146 1103 5188 rerum
1150 5128 1409 5187 conditio
1452 5136 1557 5200 est,
1595 5131 1653 5185 in
1686 5128 1871 5184 medio

239 5210 402 5279 cursu
434 5202 713 5279 relictam,
757 5218 859 5277 ego
884 5204 1164 5261 coniicere
1187 5205 1389 5279 jussus
1428 5216 1589 5279 sum.»
1632 5200 1874 5279 Provin-

238 5272 397 5347 giam,
413 5279 469 5347 ut
482 5290 671 5332 verum
688 5272 886 5347 fatear,
912 5291 1079 5345 cujus
1094 5272 1263 5330 tertia
1277 5277 1369 5331 vix
1388 5281 1544 5347 parte
1563 5272 1870 5347 Annalium

238 5340 486 5423 Ecclesiae
507 5340 1057 5423 parensdefunctus:
1078 5367 1103 5397 «
1125 5348 1278 5423 lure,
1301 5340 1404 5423 ait,
1427 5345 1799 5423 quiescimus,
1819 5348 1876 5398 et

239 5415 455 5480 quidem
506 5415 713 5476 itinere
746 5419 1001 5489 fatigati,
1032 5433 1162 5474 cum
1198 5419 1482 5473 interdum
1521 5430 1626 5489 per
1646 5420 1870 5489 vastam

241 5496 419 5563 rerum
452 5498 733 5563 gestarum
769 5485 1093 5563 ignorantia
1120 5489 1492 5563 solitudinem
1513 5485 1764 5563 fueritin
1792 5487 1872 5539 in—

239 5557 330 5638 vio
356 5557 762 5638 via—laboriose
796 5557 1166 5638 quaerenda;
1203 5560 1515 5638 aliquando
1558 5557 1738 5638 voluti
1776 5570 1873 5638 Re,"

241 5627 411 5697 ardua
434 5634 709 5691 montium
741 5627 923 5692 instar
947 5627 1199 5691 Jonathaa
1228 5627 1401 5687 fuerit
1428 5627 1692 5685 manibus
1724 5628 1874 5697 pedi-

243 5695 465 5781 nngque
492 5707 849 5776 reptandum,
888 5710 952 5760 ut
978 5707 1269 5774 Oppositas
1296 5703 1636 5781 \immensas
1662 5695 1875 5781 ubique

242 5768 596 5847 difﬁcultates
645 5768 920 5847 superare
966 5768 1259 5844 possemus
1300 5768 1319 5830 ἐ

1369 5790 1496 5830 cum
1557 5774 1708 5828 inter
1763 5773 1879 5826 inec

2047 2897 2330 2961 Utrumque
2363 2911 2581 2959 regnum
2617 2912 2769 2960 pares
2826 2898 3203 2947 vicissitudines
3245 2911 3475 2960 passum,
3518 2899 3627 2961 pari

2044 2958 2285 3010 felicitate
2351 2961 2482 3009 redit
2544 2958 2635 3008 ad“
2660 2961 2812 3009 Iidem
2853 2960 3043 3008 saeculo
3078 2962 3221 3009 sexto
3246 2958 3497 3014 exeunte.
3519 2958 3537 2961 “
3566 2988 3627 2996 —

2041 3020 2188 3072 XIX.
2211 3023 2325 3080 Quo
2346 3026 2579 3084 tempore
2596 3036 2787 3070 novum
2814 3023 3075 3080 Hispanias
3089 3021 3626 3071 acciditinfortunium

2043 3085 2318 3134 Saracenis
2344 3098 2457 3134 eam
2487 3085 2865 3141 invadentibus,
2898 3084 3187 3133 Germania:
3219 3086 3360 3133 omni
3394 3086 3627 3143 Evange-

2037 3148 2161 3196 lium
2197 3148 2542 3195 annuntiatur.
2574 3174 2633 3181 ——
2669 3147 2790 3195 XX.
2835 3146 3120 3195 Occasione
3148 3147 3390 3195 laudandi
3420 3145 3623 3194 muniti-

1955 3246 1959 3249 .
2039 3210 2258 3257 centiam
2276 3210 2413 3267 regis
2437 3209 2666 3268 Pipiniet
2686 3209 3051 3268 imperatorum
3078 3207 3245 3256 Caroli
3271 3208 3343 3255 Μ.
3372 3222 3431 3255 ac
3456 3208 3627 3255 Ludo-

2037 3272 2135 3318 vici
2172 3270 2250 3317 Pil
2283 3283 2406 3329 erga
2436 3269 2497 3317 S.
2534 3269 2727 3317 sedem.
2757 3270 2910 3316 totius
2941 3269 3266 3316 Anastasiani
3291 3269 3464 3329 operis
3494 3281 3629 3317 asco-

2040 3332 2550 3392 nomiaproponitur.
2583 3330 2797 3379 —XXI.
2829 3330 2965 3379 Ditio
2989 3329 3337 3378 ecclesiastica
3352 3344 3624 3390 emergens

2040 3395 2101 3441 ab
2171 3395 2413 3441 Italorum
2446 3392 2751 3441 defectione.
2790 3406 2950 3441 unum
2984 3393 3130 3441 imnii
3161 3394 3337 3441 A1122.
3381 3393 3626 3441 persequi

2038 3406 2101 3442 ao
2173 3406 2413 3441 Italorum
2446 3406 2751 3451 delectione,
2790 3406 2950 3455 quum
2984 3406 3130 3502 mgu
3161 3406 3337 3452 Augg.
3381 3406 3624 3500 persequi

2039 3470 2206 3504 sacres
2237 3456 2494 3515 imagines
2524 3459 2807 3517 coeperunt,
2829 3470 2859 3503 a
2892 3467 3013 3515 rege
3073 3455 3238 3517 Aipino
3263 3467 3380 3515 amp
3405 3454 3624 3502 illcatur.

2037 3545 2096 3553 -—
2131 3517 2298 3567 XXII.
2340 3515 2683 3577 Distinguitur
2702 3517 2912 3565 ditionis
2936 3515 3137 3578 epoche
3171 3530 3200 3564 a
3229 3517 3505 3565 donatione
3541 3517 3627 3565 Pi-

2036 3581 2166 3643 pini.
2209 3580 2464 3643 —XXI_II.
2501 3581 2707 3629 Primus
2742 3580 2975 3643 omnium
3012 3578 3626 3643 ducatusrﬂomanusgab

2036 3641 2345 3704 imperatore
2383 3641 2607 3691 Orientis
2644 3655 2761 3690 cum
2796 3646 2901 3689 tota
2936 3641 3077 3690 Italia
3113 3641 3357 3704 deﬁciens
3385 3642 3439 3689 in
3472 3641 3625 3704 ditio-

2034 3702 2153 3770 nem
2172 3704 2416 3770 Ecclesige
2444 3705 2699 3753 concedit.
2725 3704 3002 3770 --ᾎΧΙΧΙΓ
3026 3704 3284 3770 Divinitus
3316 3702 3371 3751 fit
3386 3705 3441 3765 ut
3462 3703 3625 3770 impio

2033 3767 2209 3816 Leone
2243 3766 2523 3815 temerante
2565 3780 2760 3815 sacros.
2803 3766 3047 3815 Ecclesiae
3080 3766 3274 3815 reditus
3304 3780 3364 3814 ex
3392 3767 3635 3827 patrimo-

2034 3830 2151 3888 niis,
2175 3830 2475 3890 pinguiores
2494 3829 2651 3877 iidem
2665 3829 2945 3878 succedant
2965 3843 3025 3877 ex
3049 3829 3240 3877 ditione
3257 3827 3626 3890 ecclesiastica.

2034 3844 2151 3888 nus,
2210 3844 2475 3890 ng‘IllOI'eS
2494 3844 2651 3877 uoem
2665 3844 2945 3878 succedant
2965 3844 3025 3877 ex
3049 3844 3240 3877 ultione
3257 3844 3626 3877 ecclesiastica.

2032 3918 2093 3929 —
2128 3844 2287 3941 Χξίν.
2331 3892 2387 3940 1n
2405 3891 2557 3940 rebus
2581 3892 2643 3940 nd
2668 3894 2726 3941 5.
2758 3892 2932 3939 sedem
2951 3890 3324 3953 pertinentibus
3348 3889 3626 3953 praeferen-

2036 3955 2094 4002 da
2122 3954 2319 4002 caeteris
2343 3954 2519 4015 Opinio
2534 3955 2669 4002 card.
2692 3954 2919 4002 Baronii.
2950 3980 3009 3988 —
3030 3952 3203 4001 XXIV
3224 3955 3274 4001 et
3298 3965 3441 4014 seqq.
3457 3952 3628 4015 Theo-

2035 4016 2220 4079 phanis
2238 4013 2663 4079 Coronographia
2679 4017 2742 4065 de
2763 4016 2927 4064 tribus
2945 4016 3122 4076 Augg.
3152 4013 3630 4079 Anastasio,Theo-V

2036 4077 2204 4138 dosio,
2237 4083 2288 4127 et
2316 4079 2491 4127 Leone
2546 4077 2771 4127 Isaurico
2805 4078 3052 4126 asseritur
3111 4081 3289 4126 contra
3327 4077 3548 4137 Pagium
3583 4078 3635 4125 ct

2036 4142 2373 4191 recentiores.
2415 4168 2479 4177 —
2508 4141 2704 4190 XXXI.
2740 4139 3021 4202 Catalogus
3046 4154 3225 4200 regum
3260 4139 3632 4202 Longohardo—

2036 4219 2175 4252 rum.
2206 4232 2267 4240 —
2295 4204 2495 4253 XXXII
2524 4207 2572 4253 et
2602 4218 2753 4266 seqq.
2781 4200 3003 4252 Notaa‘et
3025 4202 3412 4266 observationes
3441 4203 3494 4266 in
3530 4200 3628 4251 Ca-

2040 4267 2269 4328 talogum
2300 4281 2479 4327 regum
2513 4264 3063 4327 Langobardorum—
3084 4265 3332 4314 XXXIX.
3355 4264 3633 4328 Catalogus

2041 4332 2379 4378 exarchorum
2410 4330 2687 4378 Ravennae.
2714 4356 2770 4363 —
2797 4328 2911 4379 XL.
2946 4330 3092 4377 Notae
3115 4332 3161 4376 et
3183 4327 3634 4377 observationesin

2042 4392 2342 4452 Catalogum
2372 4392 2707 4441 exarchorum
2737 4391 3014 4440 Ravennae.
3036 4417 3100 4427 -—
3118 4391 3235 4440 XLI
3264 4394 3314 4439 et
3339 4390 3505 4439 XLII.
3536 4390 3634 4438 Pa-

2037 4456 2302 4502 triciorum
2338 4455 2525 4515 duplex
2551 4468 2733 4513 genus,
2763 4454 3124 4515 imperialium,
3153 4456 3204 4502 et
3230 4452 3632 4514 pontiﬁciorum.

2040 4517 2248 4566 Patricii
2278 4515 2594 4579 imperiales.
2635 4542 2697 4551 —
2728 4515 2923 4564 XLIII.
2967 4516 3179 4565 Patricii
3202 4515 3473 4576 pontiﬁcii.

1896 4052 1943 4109 Ο

1980 4633 2300 4703 praepediti,
2335 4647 2364 4686 a
2398 4630 2830 4703 multiplicibus
2854 4631 3099 4703 scilicet
3122 4628 3484 4701 diversisque
3538 4632 3638 4703 in_—-

1979 4701 2321 4788 gruentibus
2358 4703 2615 4785 undique
2647 4702 2897 4827 negotiis
2951 4702 3232 4757 violenter
3272 4703 3518 4785 abrepti,
3566 4701 3635 4758 ab

1982 4782 2188 4827 itinere
2246 4780 2515 4827 instituto
2569 4773 2636 4827 ad
2686 4786 2717 4827 a
2749 4786 2876 4827 lena
2903 4774 3157 4827 curanda
3189 4779 3529 4827 onortuerit.
3563 4772 3634 4827 ad

1982 4772 2188 4830 itinere
2246 4773 2515 4829 instituto
2569 4773 2636 4828 ad
2686 4772 2876 4827 aliena
2903 4774 3157 4828 curanda
3189 4775 3529 4842 oportuerit,
3563 4772 3634 4827 ad

1983 4860 2187 4916 passus
2237 4844 2411 4899 ferme
2464 4844 2729 4916 singulos
2778 4844 3176 4916 divertisses»
3222 4845 3367 4916 (Bar.
3421 4843 3632 4916 Annal.

1981 4924 2115 4971 tom.
2146 4915 2283 4984 Vlll,
2318 4932 2449 4969 ann.
2492 4914 2631 4983 tu.)
2661 4914 2839 4983 Quam
2862 4923 3046 4970 tamen
3081 4914 3407 4971 obtinuisse
3438 4927 3526 4968 me
3547 4914 3640 4983 ju-

1980 4994 2092 5043 vat.
2126 4986 2234 5055 Qui
2265 4987 2415 5041 enim
2443 4986 2647 5041 melius
2682 4987 2995 5040 immortali
3022 4987 3148 5055 ejus
3178 4984 3399 5042 nomini
3424 4997 3635 5054 paren—

1983 5066 2181 5127 tarem,
2230 5059 2398 5126 cujus
2439 5058 2556 5127 jam
2608 5058 2958 5113 senescentis
3015 5057 3433 5114 consuetudine
3492 5070 3635 5113 usus

1983 5144 2131 5213 sunt,
2158 5133 2466 5213 “praecepta
2492 5129 2755 5213 "audivi;
2800 5130 3106 5213 immensas
3129 5129 3327 5213 aliqua
3347 5142 3414 5183 ex
3471 5133 3630 5197 parte

1902 5207 1953 5266 D
1984 5200 2411 5257 sollicitudines
2456 5200 2693 5255 allevavi
2727 5200 2755 5253 ‘2
2800 5199 2915 5255 Aut
2960 5202 3061 5272 qui
3116 5199 3323 5272 melius
3370 5212 3630 5269 ponerem

1986 5272 2347 5341 tirocinium,
2399 5286 2568 5341 quam
2617 5285 2737 5326 eam
2770 5271 3032 5329 obeundo
3074 5271 3449 5343 provinciam,
3510 5285 3637 5342 quas

1983 5353 2038 5399 et
2064 5344 2207 5398 tanti
2244 5345 2508 5413 praesulis
2532 5343 2859 5398 memoriam
2892 5350 2948 5398 et
2990 5342 3173 5400 meum
3206 5342 3455 5400 otiicium
3488 5344 3638 5400 seris

1986 5415 2229 5485 posteris
2249 5419 2557 5469 testaretur
2574 5415 2600 5466 ‘2
2618 5415 2758 5469 llinc
2774 5417 3027 5486 estquod
3052 5429 3233 5486 neque
3250 5413 3412 5470 labor
3431 5415 3639 5484 impro-

1981 5486 2110 5552 bus,
2158 5500 2340 5555 neque
2388 5485 2585 5540 suavia
2641 5486 2835 5541 eadem
2876 5484 2998 5543 esse
3054 5484 3302 5542 ofﬁcium
3377 5486 3520 5543 mihi
3579 5493 3639 5543 et

1982 5559 2301 5629 necessaria
2328 5570 2451 5612 esse
2485 5556 2765 5621 intellexi,
2798 5572 2882 5614 me
2911 5571 3175 5629 unquanr
3194 5559 3631 5614 deterruerunt:

1984 5628 2126 5699 quin
2178 5629 2372 5698 potius
2422 5629 2621 5684 suavia
2673 5627 3038 5699 eademesse
3094 5627 3341 5687 cilicium
3394 5629 3539 5685 mihi
3581 5632 3639 5699 et

1985 5697 2143 5754 amor
2168 5697 2609 5771 persuaserunt.
2659 5698 3030 5771 Quamobrem
3089 5715 3212 5771 quae
3269 5702 3379 5757 tria
3427 5697 3637 5771 saecula

1989 5768 2405 5827 Blancbiniana
2436 5770 2809 5842 chronologia
2837 5769 3086 5842 reliquit
3106 5768 3356 5842 Intacta,
3384 5784 3448 5825 ea
3472 5768 3636 5842 dili—

243 5840 433 5897 omnia
453 5860 616 5916 quam
636 5836 1275 5922 smpissimedensarum
1295 5847 1592 5917 spinarum
1617 5842 1883 5899 obicibus
1992 5848 2192 5913 genter
2243 5848 2583 5912 pervagatus
2629 5836 2916 5912 quidquid
2948 5836 3016 5899 ad
3048 5843 3282 5901 Librum
3321 5836 3635 5898 Pontiﬁca-
