3962 6164
329 349 435 410 799

1141 354 1233 411 AD
1270 350 1703 411 ANASTASIUM
1740 344 2253 406 PROLEGOMENA
2288 348 2463 404 EDIT.
2504 343 2931 402 RODL-VATIC.

3624 331 3728 393 800

329 483 437 539 lem
478 482 894 538 illustrandum
943 482 1262 539 conducere
1309 488 1468 537 ratus
1517 495 1664 547 sum,
1711 493 1809 549 pro
1853 487 1977 532 meo
2004 470 2063 531 A
2095 478 2300 549 menta,
2333 475 2603 531 saculum
2630 473 2940 549 septimum
2981 471 3203 528 cateris
3242 467 3729 549 obscuriusillu-

332 554 565 630 modulo
593 562 859 630 accurate
882 554 1120 626 digessi,
1142 566 1453 630 eorumque
1472 554 1588 630 duo
1615 551 1727 607 fere
1758 552 1977 630 integra

334 627 393 682 in
448 627 552 681 hoc
606 626 898 682 volumine
948 623 1251 696 spectanda
1312 623 1805 696 pr0posui,gquod
1834 623 1981 677 reli—

333 697 543 768 quiest
575 697 631 753 in
668 700 871 768 quinto
900 704 957 753 et
982 694 1191 753 ultimo
1211 695 1582 752 exhibiturus
1614 694 1704 766 (a).
1738 694 1809 749 At
1828 704 1981 768 quo—

332 763 511 831 niam,
560 773 625 840 ut
656 763 990 840 chronologi
1022 768 1229 840 solent,
1260 770 1405 840 dum~
1445 763 1762 840 temporum
1794 763 1980 840 r_atiof

333 852 460 895 nem
497 839 691 905 habui,
739 854 828 896 res
859 834 1046 911 ges'tas
1077 834 1296 909 ipso'in
1327 838 1495 911 Libro
1535 834 1879 911 Pontiﬁcal‘r,
1925 836 1981 887 et

334 911 492 967 notis
541 906 1208 980 historicis'enarratas,
1262 910 1621 965 membratim
1667 906 1980 980 indicarem

333 983 609 1058 Oportuit,
637 983 862 1058 ideirco
895 983 953 1037 in
981 976 1205 1058 easdem
1255 980 1475 1058 praefari
1509 979 1731 1058 aliquid
1782 976 1978 1058 debeo,

334 1059 399 1109 ut
428 1054 513 1109 vel
562 1054 827 1109 delibata
856 1060 912 1109 et
980 1055 1037 1108 in
1076 1054 1477 1123 compendium
1537 1054 1776 1106 redacta
1831 1054 1979 1103 viam

332 1132 591 1180 sternant
618 1125 687 1180 ad
730 1125 1168 1195 percurrendam
1221 1124 1409 1179 tutius
1439 1123 1842 1193 antiquitatem
1874 1131 1980 1175 un-

330 1196 632 1278 dequaque
667 1196 917 1278 tenebris
945 1195 1294 1278 obvolutam.

401 1262 455 1322 3.
490 1262 743 1322 Historia
795 1268 979 1338 igitur
1028 1267 1204 1337 hujus
1252 1265 1565 1322 voluminis
1604 1262 1983 1338 comprehen-

330 1339 418 1394 dit
474 1339 651 1395 unius
698 1345 753 1394 et
798 1333 1038 1409 triginta
1081 1333 1435 1393 summorum
1470 1333 1979 1409 pontiﬁcumLaS.

330 1411 609 1482 Gregorio
656 1411 858 1482 Magno
885 1406 981 1466 'ad
1047 1410 1396 1482 Stephanum
1456 1411 1557 1482 lli,
1575 1408 1729 1482 alias
1776 1406 1863 1482 IY,
1895 1418 1983 1482 res

332 1476 487 1553 gesta
506 1481 606 1553 (ὁ).
641 1476 850 1537 Horum
884 1496 1017 1553 pars
1041 1476 1364 1536 virtutibus
1387 1480 1640 1553 eximiis,
1663 1491 1792 1548 pars
1816 1476 1982 1553 laude

332 1549 681 1618 sanctitatis,
720 1549 1029 1608 immortali
1066 1552 1339 1607 memoria
1367 1552 1529 1622 digni
1563 1558 1699 1606 sunt
1729 1569 1743 1620 ;
1769 1549 1982 1619 quippe

333 1625 435 1694 qui
493 1623 811 1694 laboribus,
860 1624 987 1692 (ide,
1053 1624 1396 1692 constantia,
1462 1623 1683 1679 Italiam
1733 1633 1976 1688 omnem,

335 1695 533 1750 urbem
577 1696 809 1751 Romam
841 1702 897 1751 et
926 1695 1297 1765 apostolicam
1327 1694 1513 1750 sedem
1556 1699 1676 1750 tum
1706 1707 1738 1748 a
1783 1705 1978 1765 regum

335 1766 859 1837 Langobardorum,
942 1761 1279 1836 plerumque
1331 1768 1700 1833 Arianorum,
1759 1761 1882 1837 tum
1909 1761 1981 1816 ab

2092 539 2354 615 strantia,
2369 560 2547 618 eaque
2564 546 2645 602 vel
2668 539 2883 614 injuria
2904 549 3241 614 temporum,
3257 542 3339 597 vel
3360 539 3728 618 librariorum

2092 613 2352 691 socordia
2378 613 2679 688 depravata
2708 613 2764 672 et
2801 613 3070 691 corrupta
3103 633 3118 685 ;
3153 627 3249 691 per
3298 613 3493 669 eadem
3527 617 3729 691 tamen,

2089 689 2372 745 adhibitis
2406 686 2637 758 optima
2667 693 2811 744 nota
2854 686 3175 758 codicibus,
3205 686 3447 758 ipsoque
3472 686 3732 758 acumine

2092 761 2339 836 ingenii,
2365 754 3193 836 additisquepraclarissimis
3215 754 3595 836 observatis,
3624 766 3730 836 non

2092 823 2264 908 semel
2308 823 2471 887 docet
2520 823 2935 908 remotissimus
2983 829 3119 908 hinc
3162 832 3355 908 atates
3397 825 3539 908 pede
3583 823 3732 908 inof-

2092 902 2251 959 fenso
2298 915 2648 973 percurrere.
2680 903 2953 978 Praeterea
2984 900 3733 978 caterosinterscriptpres

2092 966 2325 1041 veteres,
2370 980 2658 1029 auctorem
2689 973 2955 1028 Miscella
3001 987 3065 1027 ac
3098 970 3335 1026 Paulum
3380 966 3731 1041 Warnei'ridi

2092 1040 2465 1116 cognomento
2515 1047 2826 1101 Diaconum
2870 1046 2937 1099 ad
2986 1044 3324 1116 primavum
3375 1040 3732 1116 splendorem

2094 1110 2412 1186 restitutos,
2445 1122 2500 1173 et
2531 1118 2762 1172 Librum
2809 1110 3194 1186 Pontiﬁcalem
3233 1113 3403 1186 vulgo
3453 1110 3731 1186 tributum

2092 1181 2554 1245 Anastasio'cum
2584 1194 2829 1259 quatuor
2858 1188 3020 1259 codd.
3054 1200 3122 1241 ex
3152 1181 3424 1259 biblioth.
3452 1181 3729 1259 _Ambros.

2093 1273 2208 1334 var.
2241 1260 2368 1334 lect.
2424 1262 2482 1334 in
2530 1254 2732 1334 lucem
2753 1260 2943 1334 edens,
2975 1256 3153 1313 facem
3183 1257 3343 1334 haud.
3365 1254 3547 1334 dubie
3594 1266 3736 1334 pra—

2093 1329 2202 1387 fert
2231 1333 2608 1402 antiquitates
2631 1331 2802 1386 Italas
2826 1324 3198 1399 perlustranti
3230 1326 3409 1383 multo
3428 1324 3737 1381 dilucidio-

2094 1416 2210 1458 rem
2239 1401 2407 1473 quam
2433 1416 2546 1473 qua
2578 1402 2668 1458 usi
2700 1408 2836 1457 sunt
2867 1409 3117 1458 nostram
3143 1407 3362 1455 atatem
3398 1401 3734 1473 pracuutes.

2092 1475 2234 1529 Hinc
2258 1468 2346 1530 est
2377 1468 2525 1546 quod
2576 1474 2903 1546 Vaticanam
2945 1473 3090 1546 hanc
3121 1480 3370 1527 nostram
3394 1468 3733 1546 editionem,

2090 1547 2328 1621 optimis
2349 1540 2441 1621 tot
2470 1543 3178 1621 codicibusadoctissimo
3206 1540 3446 1621 prasuie
3474 1540 3734 1621 ditatam,

2092 1617 2523 1692 locupletiorem
2558 1617 2786 1692 prodire
2818 1615 2972 1672 volui
2992 1615 3215 1692 additis
3245 1615 3739 1692 praestantissimis

2092 1683 2342 1761 quatuor
2385 1683 2781 1761 Ambrosianis
2826 1699 2909 1743 ex
2951 1688 3064 1761 viri
3122 1686 3372 1755 ejusdem
3419 1683 3736 1738 clarissimi

2091 1758 2345 1817 editione
2390 1762 2674 1829 decerptis
2711 1760 2779 1815 ad
2809 1758 3145 1827 pontificum
3194 1767 3499 1825 rerumque
3530 1760 3735 1829 gesta-1

337 1822 745 1907 imp‘ératorum
768 1822 1050 1904 Orientis,
1082 1822 1348 1907 perquam
1369 1851 1497 1892 raro
1520 1822 1773 1892 sanctam
1793 1836 1979 1907 sedem
2013 1825 2064 1885 B
2095 1848 2218 1907 rum
2270 1822 2789 1907 temporatirmius
2809 1822 3201 1907 stabilienda.
3245 1822 3420 1907 Queui
3467 1822 3647 1907 etiam
3675 1822 3737 1877 ad

332 1915 387 1965 et
412 1906 628 1965 Christi
661 1910 941 1965 vicarium
975 1906 1353 1965 reveren’tium
1384 1910 1623 1976 savitie,
1657 1906 1978 1979 tyrannide,

335 1980 825 2049 impeietatetuiti
867 1987 1004 2037 sunt
1034 2000 1050 2052 ς
1086 1994 1282 2052 eorum
1331 1993 1441 2036 non
1493 1976 1984 2052 paucifinmultis

332 2046 629 2121 arumnis,
652 2046 1342 2122 deportatione,exsiliio,
1359 2046 1555 2115 morte,
1569 2050 1909 2107 catholicam
1925 2046 1984 2102 ﬁ-

331 2122 459 2178 dem
484 2125 687 2192 etjura
713 2132 921 2180 sancta
947 2125 1100 2180 sedis
1117 2122 1508 2179 vindicarunt.
1528 2123 1690 2177 Italia
1717 2126 1984 2194 praterea

332 2194 542 2260 omnis,
575 2210 675 2251 nec
693 2195 1049 2252 semelRoma
1065 2196 1208 2265 ipsa.
1231 2196 1482 2266 provita,
1501 2208 1601 2264 pro
1618 2194 1854 2261 laribus,
1882 2204 1983 2261 pro

335 2267 607 2331 fortunis,
632 2282 731 2336 pro
752 2267 1305 2324 liberisdlmicantes
1324 2287 1339 2337 ;
1356 2281 1571 2324 necnon
1589 2267 1847 2323 homines
1867 2278 1984 2335 per-

332 2338 819 2410 ditissimidivina
834 2341 1024 2395 omnia
1038 2340 1985 2410 ethumanaviolantesatqueever—

335 2415 538 2472 tentes,
556 2409 643 2464 vel
669 2410 840 2465 visibi
852 2411 900 2465 le
916 2412 969 2465 in
990 2413 1254 2468 Ecclesia
1269 2419 1444 2481 caput
1460 2413 1678 2467 Christi
1702 2409 1983 2466 vicarium

335 2494 539 2537 manus
572 2481 780 2551 impias
804 2483 1199 2538 extendentes:
1224 2497 1366 2538 nova
1389 2482 1698 2539 Ecclesiam
1728 2483 1980 2549 haresis,

337 2566 492 2607 nova
521 2554 949 2625 persecutiones
978 2555 1357 2625 exagitantes,
1390 2555 1520 2610 novi
1551 2568 1672 2609 eam
1714 2560 1986 2625 martyres

333 2631 386 2680 et
401 2622 755 2680 confessores
770 2622 1158 2691 illustrantes;
1179 2622 1468 2680 nascentia
1480 2626 1705 2680 demum
1725 2622 1983 2694 imperia,

333 2703 389 2750 et
429 2708 730 2765 regnorum
768 2696 1014 2760 excidia,
1045 2698 1235 2765 quarti
1261 2695 1434 2764 hujus
1460 2695 1775 2750 voluminis
1809 2702 1988 2751 mate-

335 2766 418 2821 ria
445 2771 598 2821 sunt.
627 2765 805 2833 Quam
830 2767 1256 2821 mastissimam
1280 2765 1662 2836 lacrymisque
1693 2765 1987 2834 proferen-

332 2837 461 2891 dam
492 2837 817 2899 historiam,
849 2837 1050 2907 majori
1087 2851 1153 2892 ex
1183 2844 1339 2907 parte
1372 2837 1428 2891 in
1463 2836 1633 2892 Libro
1663 2837 1985 2892 Pontificali

332 2913 787 2980 enarratamego
820 2921 918 2977 per
969 2922 1150 2964 annos
1192 2908 1431 2980 digessi,
1479 2914 1544 2964 ut
1590 2907 1983 2964 calamitatum

333 2984 469 3033 atas
490 2985 642 3035 certa
670 2978 991 3035 haberetur.
1024 2978 1301 3035 Caterum
1333 2978 1809 3049 ne'principium,
1846 2993 1985 3049 pro-

333 3050 574 3120 secutio,
593 3052 804 3115 exitus,
827 3052 1042 3122 tragica
1059 3052 1251 3106 omnia
1269 3057 1482 3120 essent,
1499 3064 1565 3105 eo
1583 3064 1763 3120 usque
1776 3051 1980 3106 seriem

334 3134 523 3193 rerum
574 3122 833 3193 perduxi,
880 3124 1064 3193 quoad
1102 3122 1399 3178 invisibile
1430 3124 1620 3190 ipsum
1650 3129 1839 3193 caput,
1870 3124 1983 3177 Ec-

2097 1905 2262 1961 tlnem
2313 1896 2553 1959 adhibui
2606 1906 2728 1961 cod.
2777 1902 3211 1962 celeberrimum
3256 1896 3676 1953 Farnesianum
3714 1907 3741 1948 e

2093 1975 2323 2032 schedis
2380 1974 2815 2032 Blanchinianis
2881 1985 3235 2043 expressum,
3270 1975 3360 2043 et
3404 1966 3735 2043 Catalggum

2093 2049 2468 2120 Veronensem
2532 2048 2604 2102 ab
2675 2038 3077 2120 eruditissimo
3135 2043 3188 2096 Ρ.
3224 2038 3499 2120 ⁷..ῐοεευδο
3533 2038 3740 2120 _Blan-

2093 2120 2268 2175 chino
2281 2119 2512 2194 editum
2561 2120 2627 2194 in
2644 2193 2650 2194 ί
2665 2116 3122 2194 P‘rolegomen_i_s,_
3135 2113 3484 2194 _qui._varias
3504 2183 3517 2194 _
3531 2110 3740 2194 lectio-

2096 2206 2194 2248 nes
2241 2190 2486 2246 alterius
2528 2191 2737 2261 codici,
2785 2183 2982 2260 nEmpe
3027 2183 3408 2261 Valli‘cellani,
3449 2183 3740 2261 adiunxit.

2096 2266 2176 2321 ita
2208 2268 2270 2318 ut
2315 2269 2555 2333 quartus
2596 2264 2691 2319 hic
2727 2254 2937 2319 'tomus
2983 2260 3283 2333 additione
3327 2271 3425 2333 sex
3473 2254 3740 2310 codicum

2096 2330 2721 2407 prastan’tissimorum.
2752 2335 2935 2392 ditior
2979 2333 3229 2407 vulgatis
3271 2332 3334 2386 in
3371 2330 3561 2385 lucem
3612 2341 3741 2399 pro-

2092 2410 2241 2465 deat.

2166 2476 2216 2535 4.
2275 2478 2423 2547 Quid
2480 2493 2611 2537 vero
2654 2482 2683 2535 ?
2713 2480 2945 2552 gravius
2984 2478 3174 2552 multo
3217 2475 3652 2552 incommodum
3695 2478 3743 2528 et

2097 2553 2315 2608 nostris
2344 2557 2398 2606 et
2429 2550 2747 2623 peregrinis
2771 2552 2939 2607 rebus
2966 2551 3203 2619 eruditi,
3239 2550 3499 2623 inquam,
3546 2558 3743 2601 recen—

2096 2625 2272 2699 tiores
2304 2628 2387 2699 to_t
2414 2622 2640 2699 tamque
2666 2624 2844 2699 variis
2875 2622 3543 2699 sententiisattulerunt,
3580 2630 3735 2699 quam

2096 2696 2222 2767 ipsa
2251 2691 3094 2767 barbariestangobardorum.
3126 2691 3395 2767 Ut_enim_
3417 2692 3491 2744 de
3521 2691 3745 2767 cateris

2096 2760 2319 2825 sileam.
2351 2780 2381 2819 e
2405 2780 2533 2820 mox
2552 2760 2802 2821 laudatis
2818 2764 3079 2833 antiquis
3105 2760 3494 2831 scriptoribus
3509 2764 3742 2833 auctore

2099 2837 2253 2892 Libri
2270 2837 2641 2892 Pontificalis.
2658 2842 2713 2892 et
2726 2836 2897 2892 Paulo
2908 2830 3146 2891 Warnef
3152 2830 3239 2889 rid
3247 2835 3263 2888 i
3278 2833 3550 2903 quisnam
3586 2830 3743 2886 hodie

2095 2908 2326 2963 veritati
2362 2908 2557 2963 aditus
2588 2914 2775 2978 pateat
2801 2908 2830 2962 ‘2
2866 2909 3253 2978 Romanorum,
3292 2903 3526 2978 scilicet
3555 2908 3740 2978 aetates

2133 2978 2433 3034 ontiﬁcum
2463 2993 2492 3034 e
2513 2974 2683 3035 Libro
2714 2979 3033 3035 Pontiﬁcali
3089 2977 3401 3038 Panvinus,
3428 2974 3733 3041 Baronitm,

2135 3049 2535 3119 apebrochius,
2570 3050 2778 3122 Pagins
2798 3056 3109 3106 eruerunt:
3142 3055 3199 3104 at
3226 3061 3395 3122 quam
3413 3060 3570 3122 _raro
3600 3058 3741 3122 una-

2093 3117 2277 3176 nimes
2292 3127 2429 3176 sunt
2451 3123 2481 3177 ?
2506 3123 2585 3177 Ex
2612 3117 2786 3178 Paulo
2803 3129 2991 3177 autem
3018 3117 3380 3176 Warnet‘redi
3408 3117 3738 3190 Langobarv

332 3191 830 3265 cleriaChristus
868 3188 976 3265 pro
1005 3194 1198 3249 eadem
1232 3188 1492 3263 pugnans
1524 3194 1581 3265 in
1616 3188 1786 3248 manu
1818 3192 1976 3263 forti,
2009 3197 2056 3257 Ο
2090 3193 2293 3265 dorum
2347 3206 2539 3265 regum
2596 3194 2898 3249 historiam
2946 3206 3059 3263 pra
3083 3192 3221 3247 aliis
3247 3188 3743 3265 Peregrinus,_5i—

330 3263 645 3390 gotentiam
679 3264 1174 3334 Langobardorum
1208 3266 1413 3320 evertit
1436 3279 1501 3320 ac
1533 3264 1648 3320 fere
1664 3265 1977 3333 contrivit;

380 3334 645 3390 rientalis
679 3335 908 3390 imperii
935 3337 1107 3390 vires.
1134 3350 1259 3390 qua
1280 3336 1469 3390 adhuc
1502 3337 1559 3390 in
1588 3336 1752 3390 Italia
1771 3349 1977 3390 super-

380 3334 645 3391 rientalis
679 3335 908 3405 imperii
935 3337 1107 3406 vires,
1134 3350 1259 3406 qua
1280 3336 1469 3391 adhuc
1502 3337 1559 3391 in
1588 3336 1752 3390 Italia
1771 3349 1980 3404 super-

330 3412 513 3489 erant,
537 3405 1122 3489 _ejectis._exarchis,_
1150 3405 1407 3489 penitus“
1425 3408 1672 3489 delevit,
1698 3407 1980 3489 ditionem

330 3476 661 3543 apostolica
687 3478 860 3551 sedis,
893 3479 1159 3551 angustis
1188 3484 1354 3551 antea
1377 3478 1592 3533 ﬁnibus
1619 3476 1983 3551 circumscri-

332 3552 504 3619 ptam,
536 3550 826 3617 protendit
857 3567 872 3619 ;
900 3548 1165 3607 coronam
1197 3549 1545 3618 Augusteam
1584 3548 1728 3603 male
1756 3548 1983 3606 haren-

330 3625 442 3674 tem
472 3618 763 3676 frontibus
791 3618 1175 3678 orientalium
1205 3622 1262 3675 in
1283 3621 1642 3677 Occidentem
1664 3622 1979 3689 revocavit;

328 3702 508 3761 eaque
550 3705 649 3763 per
673 3706 843 3748 suum
875 3694 1154 3748 vicarium
1209 3693 1506 3763 piissimos
1536 3693 1786 3749 Francia
1827 3706 1984 3763 reges

330 3763 574 3817 ornavit.
626 3762 785 3832 Quod
833 3763 1128 3829 ultimum,
1174 3762 1373 3833 nempe
1402 3763 1733 3819 Occidentis
1760 3762 1984 3820 excita-

330 3839 451 3888 tum
487 3833 814 3902 imperium,
841 3835 1065 3888 tametsi
1103 3834 1209 3888 hoc
1226 3835 1487 3889 volumen
1513 3833 1661 3890 haud
1695 3834 1986 3903 amplecti-

330 3907 447 3971 tur,
482 3903 698 3973 quippe
727 3903 895 3958 tlnem
926 3903 1095 3958 habet
1120 3904 1309 3959 Caroli
1344 3904 1530 3975 Magni
1560 3906 1711 3975 regis
1735 3906 1983 3961 Francia

331 3985 483 4027 anno
519 3975 701 4041 primo
735 3988 903 4042 ;cum
953 3981 1137 4028 tamen
1169 3973 1499 4044 apostolica
1527 3974 1683 4028 sedis
1715 3975 1977 4044 gloriam,

330 4044 456 4109 ejus
484 4043 710 4099 ditione
738 4044 1117 4114 undequaque
1147 4043 1408 4113 dilatata,
1444 4045 1589 4099 idem
1622 4043 1877 4105 Carolus.
1918 4052 1982 4101 ut

332 4114 425 4168 sui
505 4115 968 4187 pradecessores,
1048 4121 1352 4187 antequam
1427 4116 1739 4185 imperator
1798 4116 1975 4187 ﬂeret,

331 4187 576 4239 summis
631 4186 856 4239 viribus
885 4186 1217 4251 asseruerit,
1250 4188 1417 4255 cujus
1442 4188 1522 4242 rei
1550 4187 1844 4256 pramium
1871 4188 1979 4242 im-

333 4256 479 4325 perii
528 4263 1027 4327 posteacoronam
1067 4257 1307 4325 accepit,
1355 4258 1489 4312 hinc
1530 4258 1977 4327 disjungendum

332 4338 445 4380 non
473 4339 597 4381 esse
623 4326 943 4382 arbitratus
970 4340 1121 4390 sum,
1156 4334 1218 4382 ut
1266 4327 1378 4383 lati
1420 4328 1559 4384 adeo
1586 4328 1718 4383 linis
1742 4326 1745 4327 ⁷
1770 4330 1979 4385 mentio

333 4397 835 4453 mastissimarum
862 4411 1049 4453 rerum
1082 4399 1410 4453 memoriam
1442 4399 1674 4454 deleret.

401 4465 454 4523 3.
486 4467 675 4523 Talem
721 4481 851 4524 vero
892 4483 959 4525 ac
1005 4476 1119 4524 tam
1148 4470 1365 4524 variam
1422 4470 1722 4526 historiam
1773 4471 1977 4528 merito

2092 3264 2319 3335 gonius,
2387 3260 2692 3333 P'anvinus,
2771 3260 3070 3331 Baron'ius,
3140 3260 3777 3335 Pagius.'Bacch_inus.

2091 3332 2310 3390 summa
2336 3349 2466 3390 cum
2497 3332 2804 3406 diligentia
2834 3340 3176 3392 texuerunt:
3211 3332 3268 3390 at
3296 3338 3577 3406 quantam
3602 3332 3741 3386 inter

2091 3419 2187 3483 eos
2209 3404 2843 3483 discrepantiamtquot
2876 3408 3122 3483 dissidia
3154 3419 3256 3461 nos
3286 3404 3743 3483 posteridepref

2093 3474 2465 3533 bendimus’?
2497 3474 2738 3533 Perinde
2774 3484 2861 3534 est
2895 3480 2966 3535 de
3013 3483 3245 3534 auctore
3298 3474 3601 3543 Miscella,
3647 3474 3739 3542 qui

2090 3562 2219 3604 cum
2272 3550 2329 3603 in
2380 3551 2649 3605 extremis
2680 3550 2851 3604 libris
2891 3549 3289 3617 Theophanem
3340 3544 3739 3617 exscripserit,

2093 3620 2298 3691 merito
2328 3634 2357 3674 a
2386 3620 2629 3676 Baronio
2645 3616 3088 3691 utTheophanes
3109 3620 3395 3687 laudatur,
3421 3616 3559 3691 cum
3587 3616 3742 3672 illius

2088 3689 2613 3760 Chronographiam
2646 3693 2779 3762 GL.,
2802 3689 2928 3762 post
2948 3705 3109 3749 suam
3131 3697 3364 3747 mortem
3395 3689 3742 3760 evulgatam,

2092 3774 2205 3816 non
2232 3762 2461 3817 viderit.
2495 3763 2671 3818 Multa
2700 3764 2850 3833 apud
2894 3769 3183 3820 auctorem
3217 3763 3394 3817 istum
3426 3764 3745 3833 occurrunt

2095 3846 2219 3902 qua
2264 3833 2412 3889 alios
2466 3834 2522 3889 in
2573 3828 2915 3890 sententiam
2967 3835 3139 3890 aliam
3183 3834 3266 3889 ire
3296 3838 3643 3905 coegerunt.
3687 3828 3737 3905 Id

2091 3899 2222 3986 vero
2260 3906 2573 3986 prasertim
2610 3911 2808 3962 notatu
2850 3907 3092 3986 dignum
3107 3911 3208 3986 est
3241 3899 3452 3979 visum,
3489 3902 3647 3986 quod

2093 3974 2296 4047 ultimo
2328 3990 2475 4033 anno
2499 3977 2695 4033 Phoca
2717 3991 2806 4033 res
2838 3974 3126 4047 privertit
3152 3990 3343 4032 annuo
3374 3974 3595 4044 Spatio,
3632 3984 3741 4028 rem

2094 4044 2509 4103 inobservatam
2529 4049 2791 4105 Baronio.
2813 4044 2989 4104 Primi
3016 4050 3166 4103 hunc
3190 4047 3741 4102 metachronismum

2088 4116 2586 4184 deprehenderunt
2616 4121 2730 4175 viri
2758 4120 3082 4175 doctissimi
3117 4118 3525 4174 Henschenius
3557 4124 3617 4172 et
3642 4129 3741 4185 pa-

2091 4186 2478 4262 pebrochi_us,,
2504 4190 2603 4245 ille
2631 4192 2689 4246 in
2720 4192 2955 4262 Exegesi
2990 4191 3061 4246 de
3088 4191 3143 4246 S.
3165 4188 3537 4262 Theophanis
3561 4188 3746 4262 Chro-

2089 4259 2426 4329 nographia,
2450 4261 2543 4316 hic
2560 4262 2616 4316 in
2652 4258 2867 4317 Conatu
2886 4258 3569 4331 HistoricooChronOIOg.
3584 4258 3738 4331 (tom.

2089 4331 2375 4405 ΙΙΙΜᾳνιξ.Σ
2394 4337 2450 4387 et
2474 4330 2508 4387 6
2533 4334 2712 4399 Maii),
2754 4340 2810 4389 et
2842 4340 3081 4405 uterque
3120 4330 3558 4405 a(l__extrem_um
3591 4330 3745 4405 Con-

2088 4401 2680 4474 scrutiniCOpronymi
2700 4418 2912 4460 annum
2928 4400 3145 4461 Christi
3165 4400 3290 4466 775,
3325 4403 3739 4474 perduxerunt.

2087 4470 2292 4543 Contra
2340 4470 2626 4531 Antonius
2682 4477 2888 4543 Pagius
2946 4489 3062 4531 rem
3122 4476 3191 4530 ab
3252 4470 3335 4530 iis
3381 4472 3740 4543 observatam

330 4538 1542 4634 doletmljaron‘inus“tenebris.obvolutam‘3
1590 4549 1778 4634 tanlaJ
1796 4543 1969 4634 enim,
2001 4573 2054 4634 D
2087 4541 2432 4634 laudans‘ac
2463 4548 2720 4628 severius
2760 4538 3111 4634 expendens,
3142 4546 3407 4630 observat
3435 4542 3745 4634 Th32pha-

328 4611 573 4684 septimo
614 4612 927 4681 prasertim
973 4611 1201 4684 saculo,
1250 4611 1575 4684 ignorantia
1612 4611 1970 4669 Occidentem

329 4678 444 4737 fere
470 4678 653 4738 totum
688 4688 1027 4753 pervaserat,
1064 4690 1128 4739 ut
1172 4678 1379 4739 littera
1418 4684 1647 4753 penitus
1680 4685 1973 4741 interiisse

2086 4620 2397 4700 nem‘r‘ecte
2436 4618 2775 4700 consignare
2822 4612 2968 4700 solis
3007 4612 3269 4700 eclipsim
3326 4612 3743 4700 anngﬁﬁleac

2086 4685 2322 4752 proinde
2356 4686 2409 4741 in
2436 4687 2583 4742 viam
2606 4683 2781 4745 illum
2808 4683 3159 4759 redire'post
3179 4700 3433 4759 errorem
3456 4683 3531 4742 84
3555 4696 3745 4740 anno-

330 4753 685 4829 viderentur.
712 4757 774 4809 In
827 4756 1047 4829 Italiam
1083 4757 1369 4829 pracipue
1414 4755 1711 4829 id_malum
1745 4758 1974 4812 advexit
2079 4769 2209 4829 rum
2225 4759 2759 4817 contendit.deinde
2778 4753 3298 4817 adConstantinum
3316 4758 3744 4829 C0pronymum

325 4823 635 4898 descensus
666 4823 1187 4898 Langobardorum,
1216 4823 1317 4897 qui
1348 4825 1601 4895 amplius
1624 4826 1715 4881 bis
1745 4833 1970 4883 centum

326 4897 497 4951 annis
524 4910 645 4951 eam
677 4898 735 4952 vi
768 4897 823 4953 et
852 4898 1038 4968 armis
1063 4899 1458 4968 possederunt.
1514 4899 1749 4953 Nostras
1789 4907 1973 4953 tamen

328 4980 419 5023 res
464 4968 740 5024 dolendas
792 4972 974 5041 magis
1018 4967 1243 5025 faciunt
1269 4969 1650 5025 recentiorum
1707 4970 1976 5039 dissidia,

332 5052 498 5108 quam
548 5047 802 5095 veterum
845 5043 1194 5111 scriptorum
1246 5041 1459 5111 inopia.
1504 5042 1573 5095 Et
1602 5053 1737 5096 sane
1777 5042 1978 5111 ingens

332 5116 830 5185 monumentorum
901 5114 1086 5184 copia,
1139 5117 1224 5169 tot
1275 5112 1572 5182 opuscula,
1651 5112 1974 5185 privilegia,

329 5179 561 5256 charta,
606 5179 1084 5256 donationes,'et'
1117 5184 1174 5239 id
1232 5179 1411 5256 genus
1460 5179 1975 5256 documentaqua

327 5249 393 5322 Υ.
425 5251 507 5306 Cl.
543 5254 863 5309 Ludovicus
918 5249 1204 5310 Antonius
1235 5249 1547 5322 'Muratori,
1609 5249 1975 5310 bibliotheca

330 5321 564 5397 [Estensi
610 5323 957 5397 praefectus,
989 5327 1045 5379 in
1098 5325 1279 5381 lucem
1312 5326 1498 5380 edidit
1539 5321 1742 5397 nostra
1788 5334 1971 5397 atate,

332 5389 494 5475 ﬁdem
539 5389 780 5475 faéiunt_
814 5389 963 5466 quOd
1024 5402 1317 5475 utcunque
1392 5389 1972 5475 inopesnlitterarum'

332 5467 574 5539 majores
605 5468 783 5523 nostri
828 5475 1014 5539 tamen
1060 5480 1185 5539 qua
1227 5469 1354 5523 suis
1385 5467 1740 5539 temporibus
1767 5481 1975 5524 evene-

331 5538 487 5604 runt,
519 5547 713 5591 eorum
757 5537 1087 5594 memoriam
1114 5536 1182 5591 ad
1217 5552 1321 5594 nos
1360 5536 1753 5595 transmittere
1783 5540 1972 5595 conati

330 5612 486 5661 sunt.
536 5607 755 5678 Negare
787 5623 896 5664 non
928 5609 1139 5677 ausim,
1195 5611 1345 5678 quod
1393 5612 1677 5665 maximus
1727 5610 1821 5667 hic
1875 5626 1974 5667 as-

331 5680 517 5731 sertor
533 5676 742 5732 Italica
765 5679 961 5748 gloria
976 5676 1284 5737 admodum
1308 5693 1434 5735 rara
1457 5680 1762 5749 protulerit
1781 5695 1976 5738 monu-

400 5780 702 5859 (_a)‘Lucem
741 5794 854 5859 non
882 5783 1031 5840 vidit
1051 5786 1177 5859 hoc,
1216 5787 1287 5843 de
1317 5800 1430 5858 quo
1468 5784 1728 5859 loquitur
1772 5787 1971 5859 Cenni,

333 5850 604 5929 quintum
648 5856 705 5912 et
748 5850 1020 5915 ultimum
1043 5850 1496 5920 volumen.'Emr
1534 5850 1769 5919 PATBOL.

2086 4827 2342 4898 veniens,
2370 4843 2438 4884 ne
2467 4831 2534 4885 ad
2580 4831 3121 4888 metachronismum
3160 4827 3414 4887 rediisse
3432 4829 3746 4898 Theopha—

2089 4911 2215 4952 nem
2246 4913 2375 4955 cum
2398 4901 2541 4956 viris
2560 4902 2917 4958 doctissimis
2941 4902 3205 4967 fateatur,
3223 4903 3605 4967 depravatum
3624 4908 3747 4954 esse

2087 4970 2173 5023 ait
2194 4969 2702 5045 Chronographum
2730 4979 2854 5045 toto
2878 4975 3245 5045 imperatoris
3272 4969 3445 5028 illius
3465 4980 3741 5045 tempore.

2087 5044 2159 5095 At
2183 5041 2252 5096 de
2276 5042 2368 5097 his
2401 5041 2549 5097 infra
2602 5043 2815 5099 redibit
2859 5041 3066 5102 sermo.
3130 5047 3254 5102 Hac
3296 5058 3428 5100 cum
3466 5044 3546 5098 ita
3603 5042 3745 5106 sint,

2089 5125 2253 5187 nemo
2280 5126 2391 5169 non
2411 5114 2565 5187 videt
2587 5116 2933 5187 recentiores
2960 5116 3137 5187 ipsos,
3173 5130 3273 5187 pro
3301 5130 3368 5171 eo
3398 5120 3465 5172 ut
3485 5111 3750 5187 tenebris

2085 5182 2412 5239 obvolutam
2447 5184 2748 5241 historiam
2780 5182 3419 5251 illustrarint','conatos
3438 5198 3566 5242 esse
3592 5191 3660 5238 ut
3689 5186 3750 5237 in

2088 5254 2305 5310 incerto
2331 5269 2451 5311 eam
2477 5256 2658 5327 magis
2690 5260 2986 5329 magisque
3017 5260 3260 5328 positam
3291 5259 3748 5329 conﬁrmarent;

2086 5340 2211 5395 qua
2238 5340 2327 5382 res
2360 5324 2635 5396 quantum
2661 5324 2983 5402 inegotii'ac
3016 5324 3259 5400 periculi
3292 5328 3578 5386 scribenti
3602 5324 3747 5381 atie-

2087 5402 2192 5468 rat,
2229 5411 2337 5453 non
2364 5406 2451 5453 est
2474 5401 2797 5468 petendum.

2154 5466 2208 5522 5.
2238 5470 2313 5523 Ea
2347 5466 2577 5540 propter
2617 5472 2715 5541 qui
2772 5477 2964 5528 nostra
3009 5479 3173 5529 atate
3217 5486 3309 5529 res
3351 5475 3541 5527 certas
3591 5468 3755 5524 scri—

2085 5538 2215 5614 bere
2246 5556 2343 5608 pro
2374 5538 2533 5614 virili
2566 5538 2937 5606 contendunt,
2966 5546 3200 5614 rejectis
3223 5544 3485 5614 aliorum
3518 5541 3740 5614 obser-

2087 5610 2254 5677 vatis,
2292 5613 2563 5680 prasidio
2590 5610 3089 5672 monumentorum
3119 5623 3372 5672 veterum
3406 5613 3490 5669 uti
3525 5612 3748 5667 solent.

2086 5682 2298 5738 Horum
2334 5697 2439 5752 ope
2466 5683 2845 5742 doctissimus
2874 5688 3083 5757 prasul
3122 5686 3492 5753 Blanchinus,
3534 5683 3756 5739 novis—

2153 5787 2225 5860 (b)
2285 5788 2449 5860 Apud
2506 5803 2631 5863 nos,
2705 5792 2957 5852 medium
3024 5795 3166 5851 tomi
3233 5789 3491 5852 secundi.
3581 5791 3748 5849 EDIT.

2081 5860 2315 5921 ΡΑτιιοι..
