3968 6164
389 298 496 361 807

1206 295 1298 349 AD
1335 292 1769 349 ANASTASIUM
1807 285 2318 346 PROLEGOMENA
2354 289 2528 345 EDIT.
2575 290 3002 348 ROM.—VATIC.

3695 289 3800 353 808

396 426 521 553 los),
556 421 723 479 venio
768 433 922 476 nunc
951 420 1020 475 ad
1064 418 1352 476 Hisnania
1382 431 1447 471 ac
1490 419 1701 487 Magna
1741 414 2050 470 Britannia
2077 415 2129 472 A
2160 414 2381 470 niensis
2405 416 2656 471 Ecclesia
2693 415 3001 471 universim
3031 414 3237 470 misera
3269 428 3453 485 usque
3489 415 3559 470 ad
3598 416 3801 473 Becca-

396 500 462 553 de
488 496 742 553 ectiones
766 506 799 546 a
829 490 1111 546 catholica
1144 489 1253 545 fide
1285 489 1531 543 breviter
1555 487 1960 553 enarrandum,
1986 490 2051 540 ut
2159 485 2355 541 redum
2389 500 2571 553 regem
2613 486 2840 542 duobus
2870 486 2983 541 fere
3011 486 3242 541 saculis
3273 487 3387 541 fuit
3416 505 3429 553 ;
3477 499 3660 553 neque
3690 503 3801 544 un-

392 487 742 556 defectiones
766 506 799 546 a
829 490 1111 546 catholica
1144 489 1253 545 fide
1285 489 1531 543 breviter
1555 487 1960 553 enarrandum,
1986 490 2051 540 ut

396 583 520 641 qua
544 565 801 641 sparsim
840 563 1110 641 leguntur
1138 562 1197 641 in
1235 559 1706 641 chronol‘Ogiande
1744 558 2052 641 utriusque

392 627 461 697 a‘d
493 627 653 694 illam
684 635 874 690 reditu
897 627 1137 688 facilius
1165 627 1569 701 intelligantur
1612 630 1692 685 Ac
1714 629 1961 701 primum
1981 627 2052 682 de

392 709 691 781 Hispania.
722 707 850 781 Hac
878 704 950 759 ab
971 703 1122 781 ipsis
1152 699 1540 781 apostolorum
1574 699 2051 781 temporibu_sEc-

393 771 627 838 clesiam
680 776 902 843 habuit,
952 771 1158 830 deinde
1200 774 1497 842 epiSt‘OpOS
1541 780 1596 827 et
1636 771 2047 843 metmpolitas.

393 853 603 909 Tribus
636 841 1094 914 persecutionum
1125 841 1354 900 saculis
1383 848 1695 914 martyrum
1727 855 1963 914 numero
1986 841 2054 897 il-

396 923 603 981 lustris
622 913 753 977 fuit.
781 920 919 973 Pace
938 930 1036 986 per
1050 916 1486 972 Constantinum
1517 913 1783 970 Ecclesia
1806 913 2045 986 reddita,

394 992 807 1052 sacrisadibus
822 984 1152 1057 sanctisque
1166 987 1502 1043 constitutis
1520 986 1856 1057 catholicam
1876 984 2047 1057 fidem

393 1072 449 1123 et
484 1065 751 1122 Ecclesia
784 1055 1154 1128 disciplinam
1192 1059 1355 1129 longe
1382 1057 1606 1129 lateque
1634 1056 1885 1129 diffundi
1920 1055 2051 1129 glo—

395 1139 542 1194 riata
589 1142 692 1191 est.
739 1132 821 1187 Ab
876 1131 1127 1186 Adriano
1178 1127 1450 1199 primum,
1490 1127 1699 1184 deinde
1738 1127 1808 1182 ab
1852 1127 2047 1199 eodem

391 1207 735 1265 Contantino
754 1204 814 1258 in
850 1202 1106 1273 quinque
1130 1198 1454 1273 provincias
1471 1200 1659 1255 divisa
1681 1198 2048 1273 (Mauritania

393 1280 547 1337 enim
566 1271 882 1337 Tingitana
899 1280 954 1327 et
978 1271 1232 1327 Baleares
1257 1271 1460 1326 insula
1480 1278 1638 1325 extra
1661 1271 2045 1326 continentem

393 1353 520 1408 sita
546 1342 721 1417 sunt},
749 1345 1029 1417 Baticam,
1067 1344 1441 1417 Lusitaniam,
1463 1342 1814 1417 Gallaciam,
1836 1342 2049 1395 Tarra—

393 1413 718 1479 conensem.
752 1415 1248 1487 Cathaginensem,
1277 1413 1539 1487 totidem
1581 1413 1785 1468 habuit
1829 1417 2049 1467 metro—

393 1494 625 1564 politas,
655 1501 899 1564 quorum
927 1483 1181 1554 singulis
1200 1484 1453 1564 episcopi
1490 1483 1682 1564 plures
1714 1487 2046 1553 paruerunt.

394 1556 554 1621 Brevi
599 1556 903 1623 eaiomnia
955 1562 1342 1626 pessumeunt.
1386 1556 1636 1610 Honorio
1679 1564 2051 1626 octavummac

392 1621 714 1691 Theodosio
747 1621 978 1686 tertium
1012 1642 1185 1695 coss.,
1218 1640 1367 1682 anno
1397 1640 1522 1681 ara
1550 1626 1894 1680 Christiana
1921 1621 2047 1688 709,

395 1706 586 1770 Alani,
608 1701 905 1770 Wandali,
931 1700 1096 1755 Suevi
1131 1699 1443 1770 pervadunt
1473 1698 1803 1767 Hispaniam
1836 1701 1893 1770 et
1922 1710 2052 1770 om-;

2159 485 2355 541 redum
2389 500 2571 558 regem
2613 486 2840 542 duobus
2870 486 2983 541 fere
3011 486 3242 541 saculis
3273 487 3387 558 fuit
3416 505 3429 556 ;
3477 499 3660 558 neque
3690 503 3809 544 un-

2160 569 2353 631 quam;
2384 556 2685 631 emersisse
2737 571 2858 613 eam
2911 557 3177 631 legimus,
3208 556 3802 631 _Iii‘si_anno:Pelagii

2162 628 2452 696 pontificis
2475 635 2747 699 extremo,
2772 643 2924 692 cum,
2942 628 3386 701 concilioToleti
3418 642 3480 683 tu
3503 628 3801 701 celebrato,

2161 704 2281 771 tum
2315 713 2432 769 rex,
2476 709 2595 756 tum
2630 697 2746 756 tota
2789 700 2914 769 ejus
2940 712 3076 771 gens
3110 697 3805 771 Arianismum,Lcandro

2160 770 2485 840 Hispalensi
2512 777 2567 827 et
2596 771 2870 828 monacho
2907 770 3181 839 Eutropio
3204 770 3672 839 pradicantibus.
3704 774 3803 829 de-

2161 842 2354 897 testati
2399 848 2556 899 sunt.
2600 844 2810 898 Catera
2853 849 2909 897 et
2932 855 3000 897 ex
3038 841 3409 912 chronologia
3453 848 3509 896 et
3558 856 3625 898 ex
3656 845 3808 901 notis

2163 913 2312 968 intra
2346 915 2602 983 petenda.
2646 914 2862 969 Etenim
2900 926 2933 968 a
2957 914 3012 967 S.
3040 913 3303 984 Gregorii
3339 914 3524 982 Magni
3557 915 3809 984 primor-

2158 984 2277 1039 diis
2301 985 2368 1058 ad
2396 986 2451 1041 S.
2479 986 2909 1058 Gregorium“,
2953 997 3150 1058 nempe
3170 983 3242 1058 ali
3275 991 3518 1058 exeunte
3555 983 3719 1043 Sexto
3742 988 3806 1044 ad

2157 1057 2341 1111 octavi
2365 1057 2561 1112 saculi
2593 1054 2967 1126 principium,
2991 1055 3149 1111 nulla
3165 1054 3555 1111 Occidentalis
3573 1059 3810 1126 patriar-

2156 1127 2362 1183 chatus
2391 1126 2618 1183 felicior
2636 1127 3044 1197 ﬂorentior-que
3072 1127 3307 1197 diacesi
3341 1127 3628 1196 Hispana;
3684 1129 3811 1185 inde

2157 1212 2288 1254 vero
2332 1214 2537 1270 rursus
2578 1200 2839 1254 miseram
2874 1197 3169 1270 multoque
3219 1196 3602 1254 infeliciorem
3634 1214 3809 1270 quam

2156 1275 2320 1325 antea
2354 1268 2489 1325 fecit
2516 1272 2928 1326 Saracenorum
2960 1269 3206 1324 invasio.

2230 1338 2317 1396 46.
2358 1341 2442 1395 Ab
2469 1342 2740 1409 Hispania
2784 1354 2937 1412 nunc
2969 1353 3138 1410 pergo
3181 1340 3240 1412 in
3279 1342 3537 1412 Magnam
3576 1342 3813 1398 Britan-

2158 1412 2334 1467 niam.
2368 1414 2493 1467 Hac
2530 1413 2710 1468 altero
2742 1411 3006 1467 Ecclesia
3035 1410 3266 1483 saculo,
3301 1410 3453 1483 regis
3488 1414 3653 1468 Lucii
3693 1414 3813 1483 pie—

2158 1488 2272 1539 tate
2304 1498 2337 1538 a
2367 1484 2422 1539 S.
2456 1484 2787 1539 Eleutherio
2820 1496 2960 1552 papa
2986 1482 3243 1537 obtinuit
3263 1482 3589 1553 evangelica
3614 1482 3815 1553 pradi-

2159 1555 2381 1610 caiione
2420 1554 2730 1617 illustrari,
2762 1561 2820 1609 at
2852 1560 3063 1623 postea,
3109 1567 3235 1623 qua
3264 1556 3421 1625 regni
3473 1555 3640 1611 illius
3668 1557 3813 1611 vices

2160 1631 2316 1688 sunt,
2365 1640 2394 1680 a
2428 1627 2536 1681 fide
2578 1626 2865 1681 discessit.
2902 1627 3115 1695 Magna
3146 1626 3322 1692 hujus
3374 1626 3578 1681 insula
3609 1628 3812 1682 notitia

2163 1703 2283 1751 tum
2327 1697 2716 1752 ecclesiastica
2745 1703 2865 1752 tum
2910 1696 3104 1751 civilis
3136 1697 3316 1765 repeti
3348 1698 3623 1752 memoria
3652 1699 3813 1754 debet

399 1779 495 1834 nia
528 1766 767 1832 miscent
801 1793 811 1828 :
845 1766 1217 1841 ii‘postmodo
1240 1766 1607 1824 debellantur
1630 1783 1661 1823 a
1688 1769 1914 1835 Gothis,
1946 1766 2048 1841 qui
2081 1781 2129 1840 Β
2161 1782 2228 1824 ex
2267 1769 2666 1841 eruditissima
2704 1768 3092 1841 descriptione
3123 1767 3386 1841 prasulis
3412 1768 3717 1824 Blanchini
3761 1770 3811 1824 in

398 1863 586 1906 rerum
612 1839 956 1916 potiuntur:
982 1841 1210 1916 barbari
1231 1854 1779 1916 omnes,omi_ies_que
1796 1854 1827 1894 a
1849 1839 2053 1916 cat-ho-

396 1921 509 1977 lica
542 1910 650 1975 fide
680 1917 1074 1972 abhorrentes.
1108 1914 1181 1968 At
1212 1915 1524 1981 prasertim
1557 1911 1752 1977 Gothi,
1788 1911 1888 1981 qui
1916 1910 2053 1965 duo-

398 1993 507 2048 bus
538 1990 655 2046 fere
681 1988 913 2044 saculis
941 1990 1073 2040 ante
1104 1984 1483 2039 Reccaredum
1516 1996 1722 2051 regem,
1746 1983 1846 2052 qui
1868 1982 2053 2036 hare-

396 2064 508 2117 sim
535 2064 850 2117 detestatus
888 2064 995 2124 est,
1023 2055 1343 2110 catholicos
1372 2060 1739 2114 vexaverunt.
1783 2052 2054 2108 Arianis-

399 2146 554 2188 mum
599 2130 1029 2201 proﬁtebantur.
1080 2128 1202 2181 Hac
1236 2125 1553 2201 Gothorum
1589 2125 1835 2201 religio;
1886 2124 2054 2201 cujus

398 2194 682 2274 originem
712 2202 917 2274 audire
953 2203 1233 2274 apportet.
1265 2197 1403 2274 Cum
1437 2210 1574 2268 gens
1611 2194 2055 2274 GothorumLab

399 2264 624 2328 Huﬁnis
662 2272 849 2340 pulsa,
882 2272 940 2325 in
972 2264 1216 2340 Thracia
1248 2264 1497 2340 primum
1526 2268 1847 2340 consistere
1870 2279 1901 2320 a
1940 2264 2054 2320 Va—

400 2345 551 2400 lente
595 2338 943 2410 impetravit,
992 2354 1119 2396 mox
1164 2339 1436 2394 deﬁciens
1485 2352 1595 2410 non
1644 2340 1770 2393 sine
1805 2338 2056 2410 Romano

399 2408 693 2486 sanguine
715 2411 1173 2486 profligata_fuit,
1208 2425 1273 2486 ac
1300 2409 1833 2486 demumGratiano
1866 2408 2059 2486 impe-

400 2478 583 2543 rante.
621 2478 807 2539 fadus
845 2478 973 2537 cum
996 2482 1269 2535 Romanis
1300 2482 1601 2551 percussit,
1632 2479 1919 2551 Ulphilam
1951 2478 2058 2532 ha—

398 2556 895 2627 buitepisc0pum.
923 2555 1080 2606 Hunc
1098 2552 1412 2627 principem
1426 2550 1904 2627 iegationisfecit,
1927 2561 2056 2603 cum

400 2621 861 2697 terra-indigens
932 2636 1061 2678 uam
1090 2621 1321 2678 coleret.
1355 2636 1386 2676 a
1426 2621 1696 2678 Romanis
1729 2621 1899 2691 petiit
1928 2632 2057 2674 mo—

401 2701 518 2749 rari
544 2639 1023 2749 quocunqueqoci
1049 2693 1275 2747 vellent.
1297 2690 1481 2749 Quare
1515 2694 1819 2749 episconus
1834 2691 2056 2746 Gothus

401 2701 518 2756 rari
544 2690 890 2768 quocunque
911 2690 1034 2768 loci
1046 2693 1275 2768 vellent.
1297 2690 1481 2768 Quare
1515 2690 1819 2768 episcopus
1834 2691 2056 2768 Gothus

397 2762 977 2841 Cpoli'degens'anno
1006 2762 1103 2841 38d
1146 2762 1954 2841 interfuitconciiiogeneraii
1991 2774 2054 2828 ll,

401 2833 813 2908 tuentibusque
837 2836 1178 2908 sententiam
1203 2834 1562 2908 Nicanorum
1598 2836 1825 2908 Patrum
1858 2833 2057 2908 adha-

401 2914 497 2968 sit.
524 2904 968 2978 Postea’Apolim
999 2906 1246 2974 rediens,
1279 2907 1559 2978 incertum
1590 2920 1725 2978 num
1751 2904 2058 2978 legationis

401 2983 654 3040 fautores
684 2975 965 3051 quarens,
993 2992 1061 3032 an
1090 2991 1189 3046 pro
1211 2976 1747 3051 acceptobenelicio
1775 2975 2056 3051 gratifica-

401 3063 591 3121 turus,
624 3048 752 3109 cuin
783 3051 1019 3106 Arianis
1048 3048 1534 3121 communicavit.‘
1559 3051 1669 3121 Nec
1716 3048 1894 3121 multo
1916 3051 2053 3121 post

398 3118 812 3189 Gothi'omnes,
843 3121 1087 3181 Ulphila
1118 3120 1419 3189 praceptis
1442 3118 1672 3188 imbuti,
1705 3119 1775 3173 ab
1802 3118 2052 3174 Ecclesia

398 3196 680 3253 catholica
712 3202 983 3263 tanquam
1016 3191 1215 3263 Ariani
1246 3190 1432 3245 avulsi
1465 3196 1621 3263 sunt.
1656 3190 1853 3263 Iidem,
1897 3189 2055 3263 vario

400 3273 621 3323 tantum
650 3260 880 3320 nomine
906 3262 1339 3333 Visigothorum
1379 3267 1435 3316 et
1463 3260 1962 3332 Ostrogothorum,
1996 3260 2054 3314 hi

402 3341 461 3395 in
489 3338 734 3403 Italiam,
764 3335 853 3390 illi
886 3334 944 3388 in
975 3332 1221 3389 Galliam
1255 3338 1309 3388 et
1338 3332 1671 3402 Hispaniam
1702 3333 1981 3403 irrupere.

472 3409 559 3466 45.
604 3402 729 3479 Qui
759 3411 1067 3479 tenuerunt
1096 3404 1447 3475 Hispaniam,
1475 3417 1717 3479 _n_empe_
1742 3402 2054 3479 Visigothi,

400 3474 662 3538 haresim
710 3478 791 3533 ibi
823 3477 1004 3533 altius
1038 3474 1213 3547 ﬁgere
1239 3488 1405 3546 quam
1436 3474 1541 3529 alii
1572 3474 1720 3547 apud
1744 3475 2058 3547 Italos_po-7

399 3557 653 3619 tuerunt,
685 3549 984 3605 Gothicam
1009 3544 1202 3602 statim
1236 3544 1532 3617 liturgiam
1562 3546 1774 3616 ubique
1790 3544 2055 3619 adhiberi

399 3625 457 3679 vi
488 3629 544 3681 et
571 3616 749 3678 armis
766 3620 954 3676 conati
970 3626 1136 3685 sunt;
1164 3633 1324 3674 sacra
1341 3616 1548 3674 deinde
1567 3618 1759 3673 omnia
1779 3616 2053 3687 paulatim

400 3696 705 3751 invertere.
730 3692 1126 3763 Nequidquam
1150 3689 1689 3763 catholiciepiscOpi
1705 3688 2059 3763 ecclesiasti-

399 3780 521 3823 cam
561 3758 933 3832 disciplinam
963 3758 1136 3829 tueri,
1167 3767 1269 3815 aut
1298 3758 1645 3817 catholicam
1681 3759 1881 3832 saltem
1913 3758 2058 3832 reli—

401 3839 625 3908 gionem
649 3830 1065 3908 periclitantem
1079 3845 1303 3908 servare
1318 3832 1664 3908 nitebantur.
1687 3830 1886 3885 Ariani
1903 3831 2053 3908 enim

402 3901 562 3978 reges
596 3901 843 3978 errorem
875 3903 1340 3978 constantissime
1369 3901 1766 3978 defendebant,
1802 3915 1903 3956 nec
1930 3901 2054 3971 pie-

403 3971 516 4032 tate
547 3972 918 4042 sanguinisve
938 3971 1346 4039 conjunctione
1368 3971 1437 4025 ab
1468 3972 1720 4039 ejusdem
1753 3985 2050 4042 oppugnav

403 4047 630 4103 toribus
649 4042 1065 4112 deportatione,
1088 4042 1320 4107 exsilio,
1343 4042 1530 4111 capite
1555 4043 1868 4110 plectendis
1887 4049 2058 4096 retar-

401 4118 520 4173 dati
559 4128 806 4186 unquam
839 4122 996 4186 sunt.
1026 4115 1216 4168 Testes
1243 4120 1379 4169 sunt
1409 4122 1520 4168 tam
1551 4112 1717 4167 multi
1749 4112 2057 4186 episcopise

403 4189 529 4245 suis
558 4183 795 4243 sedibus
824 4185 990 4253 ejecti
1020 4202 1033 4253 ;
1064 4189 1236 4239 testes
1252 4191 1388 4240 sunt
1410 4190 1491 4238 tot
1518 4191 1794 4253 martyres
1826 4199 1927 4252 pro
1948 4183 2058 4238 fide

403 4257 870 4315 constantissime
900 4255 1337 4314 occumbentes;
1371 4255 1537 4309 testis
1556 4255 1806 4322 denique
1826 4259 1913 4309 est
1936 4254 2057 4323 ipse

407 4326 891 4398 llermenegildus.
923 4325 1075 4395 regis
1101 4325 1632 4398 Leovigildislilius,
1655 4327 1756 4398 qui
1780 4339 1909 4380 cum
1931 4324 2057 4398 suis

405 4401 633 4458 fortiter
662 4396 921 4468 pugnans
963 4410 1061 4465 pro
1089 4396 1216 4468 fide,
1250 4396 1320 4450 ab
1349 4396 1801 4468 Arianis_victus
1829 4396 2056 4468 occidi-

407 4480 521 4529 tur.
548 4466 823 4526 Nonnulli
854 4468 1081 4539 quidem
1115 4467 1394 4537 episcopi,
1427 4466 1723 4539 catholica
1754 4467 2054 4537 religionis

2165 1840 2319 1895 notis
2348 1839 2646 1894 historicis
2672 1840 2739 1894 ad
2764 1841 2818 1891 S.
2860 1838 3249 1894 Eleutherium
3276 1856 3291 1907 ς
3325 1843 3636 1909 utrumque
3660 1842 3811 1895 enim

2163 1912 2289 1980 ejus
2320 1917 2530 1965 statum
2569 1918 2681 1964 tam
2731 1910 2847 1965 alte
2879 1909 3159 1978 insculpit
3187 1909 3400 1979 animo,
3449 1916 3515 1965 ut
3555 1911 3812 1979 priorum

2164 1983 2342 2036 trium
2374 1982 2636 2054 Ecclesia
2667 1981 3005 2054 saeuiorum
3041 1980 3263 2054 nullius
3282 1981 3591 2054 provincia
3614 1983 3814 2054 imagi-

2166 2067 2290 2109 nem
2330 2059 2441 2108 tam
2473 2052 2684 2107 aiiabre
2721 2051 3068 2107 elaboratam
3099 2050 3280 2106 fatear
3318 2066 3402 2107 me
3435 2053 3654 2108 vidisse
3711 2050 3817 2109 un-

2165 2138 2352 2195 quam.
2402 2124 2617 2179 Deinde
2648 2130 2712 2179 ut
2744 2137 2857 2179 uno
2882 2122 3245 2195 velutducﬁtu
3284 2124 3351 2177 ad
3395 2125 3658 2179 monachi
3697 2125 3817 2180 Au-

2166 2195 2386 2266 gustini
2422 2195 2883 2264 pradicationem
2917 2194 3129 2266 gradus
3162 2194 3278 2262 fiat,
3311 2197 3690 2266 summaihac
3725 2196 3815 2251 fu-

2167 2265 3192 2341 siorishisturia‘capilameminisse
3240 2272 3481 2330 oportet.
3528 2265 3813 2322 Constan-

2168 2338 2290 2394 tino
2330 2336 2568 2393 formam
2621 2335 2850 2405 imperii
2880 2336 2953 2391 ab
2989 2335 3244 2391 Adriano
3284 2340 3661 2407 excogitatam
3697 2343 3815 2407 post

2167 2410 2458 2464 Nicanum
2490 2408 2800 2464 concilium
2824 2410 3201 2477 instaurante,
3225 2421 3290 2462 ac
3320 2408 3510 2463 diviso
3539 2409 3676 2464 orbe
3710 2411 3816 2464 Ro-

2170 2494 2334 2535 mano
2363 2480 2514 2535 inter
2543 2485 2791 2550 quatuor
2811 2479 3065 2548 pratorii
3100 2478 3392 2548 prafectos
3415 2498 3428 2543 ;
3453 2480 3630 2535 trium
3665 2482 3816 2536 dia—

2165 2552 2383 2607 cesium
2417 2558 2635 2606 tractus
2662 2550 3004 2612 Galliarum,
3037 2551 3466 2619 Hispaniarum,
3498 2551 3815 2607 Britannia-

2167 2637 2313 2681 rum.
2349 2621 2608 2691 prafecto
2643 2622 2896 2692 pratorii
2933 2620 3250 2677 Galliarum
3286 2621 3539 2676 obvenit.
3572 2623 3816 2678 Provin-

2166 2694 2270 2748 cia
2300 2693 2727 2748 Britanniarum
2756 2707 2787 2747 a
2811 2693 3186 2747 Constantino
3214 2700 3461 2763 quatuor
3491 2694 3811 2761 instituta;

2169 2766 2270 2820 has
2321 2765 2619 2833 postmodo
2672 2764 3111 2819 Valentinianus
3154 2763 3292 2819 fecit
3334 2764 3595 2834 quinque
3638 2786 3654 2831 ς
3709 2772 3816 2821 tres

2168 2837 2543 2906 prasidiales,
2582 2835 2932 2890 Britanniam
2963 2837 2981 2888 Ι
3010 2843 3066 2890 et
3093 2837 3156 2901 II,
3190 2842 3247 2890 et
3271 2835 3352 2890 Fl.
3375 2836 3812 2905 Casariensem;

2167 2907 2498 2963 consulares
2529 2908 2694 2976 duas,
2738 2907 3041 2961 Maximam
3071 2907 3471 2961 Casariensem
3502 2914 3558 2961 et
3608 2908 3817 2963 Valen-

2164 2980 2326 3033 tiam.
2367 2979 2460 3032 Sic
2493 2978 2679 3032 divisa
2722 2978 2989 3032 diacesis
3033 2978 3332 3047 Spectabili
3374 2979 3593 3033 vicario
3626 2980 3816 3048 paruit

2167 3062 2348 3120 usque
2368 3050 2437 3104 ad
2467 3062 2610 3121 coss.
2647 3051 2853 3121 Honor.
2891 3048 3036 3120 Aug.
3068 3052 3156 3104 Vll
3187 3056 3243 3104 et
3262 3050 3537 3105 Theodos.
3568 3049 3714 3121 Aug.
3748 3051 3811 3117 ll,

2113 3163 2133 3186 η
2165 3118 2285 3176 sive
2317 3134 2494 3190 usque
2524 3120 2590 3175 ad
2621 3133 2713 3175 an.
2734 3118 2856 3175 407.
2885 3118 3023 3174 Tum
3059 3134 3188 3176 vero
3209 3121 3564 3188 tyrannidem
3599 3118 3813 3188 induit,

2166 3192 2480 3261 levatisque
2504 3205 2570 3246 ac
2596 3191 2752 3246 brevi
2780 3193 2945 3247 casis
2975 3194 3162 3246 Marco
3188 3198 3241 3246 et
3262 3190 3558 3261 Gratiano,
3592 3191 3818 3247 felicior

2166 3263 2832 3332 succeditConstantius,
2861 3263 2962 3332 qui
2995 3264 3290 3332 trajiciens
3315 3264 3372 3317 in
3395 3263 3666 3326 Galliam,
3697 3264 3818 3318 uni-

2164 3348 2390 3390 versum
2412 3334 2639 3390 Gallum
2670 3334 3138 3404 Aquitanumque
3164 3334 3401 3388 militem
3428 3334 3496 3388 ad
3521 3347 3661 3389 suas
3682 3350 3818 3404 par—

2166 3412 2250 3461 tes
2280 3405 2478 3461 trahit.
2516 3406 2678 3460 Nacti
2715 3406 3072 3460 occasionem
3102 3405 3331 3460 barbari
3356 3405 3640 3461 invadunt
3676 3405 3817 3462 Gal-

2166 3476 2298 3546 lias,
2332 3476 2690 3545 Respublica
2721 3475 2937 3546 ubique
2978 3482 3276 3547 emergunt
3307 3476 3628 3547 :MBritanni
3684 3477 3814 3547 ipsi,

2164 3544 2301 3603 dum
2332 3544 2598 3603 Alaricus
2628 3544 2860 3619 Romam
2892 3544 3180 3619 expugnat
3209 3560 3280 3602 an
3300 3544 3436 3619 709,
3473 3561 3597 3603 sese
3644 3544 3818 3603 in‘li-é

2166 3618 2437 3690 bertatem
2482 3624 2769 3675 asserunt.
2800 3617 2894 3674 Sic
2924 3617 3122 3690 magna
3161 3618 3360 3690 insula
3393 3618 3685 3690 pracipiti
3716 3619 3819 3674 de-

2167 3689 2412 3745 fectione
2439 3690 2510 3745 ab
2537 3691 2778 3760 imperio
2809 3689 3034 3759 avulsa,
3072 3691 3318 3759 primum
3351 3689 3579 3759 infelix,
3613 3690 3818 3746 deinde

2169 3763 2393 3817 misera.
2428 3762 2678 3817 Romano
2709 3761 3013 3831 spoliatam
3048 3762 3252 3831 milite,
3279 3762 3595 3832 praedaque
3626 3768 3813 3817 trans-

2168 3833 2519 3887 marinarum
2552 3833 2807 3904 gcntium
2862 3840 3166 3958 patentem,
3199 3847 3342 3905 agre
3372 3839 3613 3888 tuentur
3662 3832 3820 3889 indi-

2168 3917 2345 3958 gena.
2384 3904 2570 3958 Ouare
2597 3918 2746 3958 anno
2786 3902 2855 3958 42
2922 3904 3125 3958 legatis
3154 3906 3221 3958 ad
3252 3904 3565 3958 Honorium
3599 3905 3816 3958 missis.

2167 3917 2345 3974 gena.
2384 3902 2575 3973 Quare
2597 3918 2746 3961 anno
2786 3902 2882 3958 421
2922 3904 3125 3975 legatis
3154 3902 3221 3960 ad
3252 3902 3565 3959 Honorium
3599 3905 3816 3964 missis.

2167 3975 2577 4043 subjectionem
2630 3977 2994 4045 promittunt,
3046 3978 3211 4032 modo
3256 3989 3287 4030 a
3331 3975 3508 4030 Pictis
3547 3982 3606 4030 et
3641 3976 3823 4031 Scotis

2169 4046 2535 4118 invasoribus
2558 4046 2896 4102 liberentur.
2922 4049 3096 4102 Roma
3126 4047 3379 4102 mittitur
3397 4045 3573 4118 legio;
3591 4047 3667 4102 ab
3690 4045 3821 4101 infe-

2165 4117 2518 4173 stationibus
2548 4117 2888 4187 liberantur,
2920 4118 2991 4173 de
3019 4119 3169 4173 muri
3204 4117 3475 4188 repagulo’
3520 4119 3825 4173 admonen-

2165 4193 2280 4244 tur.
2321 4190 2469 4243 Nova
2515 4193 2700 4244 tamen
2731 4190 2954 4245 auxilia
2979 4203 3009 4244 a
3041 4189 3308 4245 Romanis
3355 4188 3532 4258 petita
3557 4189 3820 4259 sequenti

2165 4272 2358 4327 anno;
2394 4259 2666 4331 hiantem
2711 4259 2937 4331 fatigati
2964 4259 3453 4330 expeditionibus,
3480 4259 3608 4314 vale
3635 4261 3715 4315 iis
3741 4259 3827 4314 di-

2165 4337 2322 4401 cunt.
2345 4330 2496 4385 Facti
2548 4331 2730 4401 igitur
2759 4330 3025 4387 sa’viores
3052 4333 3447 4401 transmarini,
3477 4332 3695 4400 pradis
3731 4346 3829 4386 ca-

2164 4400 2452 4474 dibusque
2472 4400 2783 4458 Britannia
2806 4403 3132 4459 infestiores
3152 4409 3290 4458 sunt
3311 4400 3493 4474 usque
3512 4403 3583 4458 ad
3608 4415 3825 4458 annum

2168 4468 2290 4538 446,
2339 4468 2466 4528 cum
2508 4474 2931 4545 Wortigernus,
2988 4468 3829 4544 Britannorumrex,_tentato

405 4545 523 4599 zelo
566 4537 924 4615 inflammati,
950 4540 1104 4615 _dum
1137 4539 1485 4615 dissidentes
1518 4537 1746 4592 barbari
1774 4539 2054 4615 HiSpanas
2088 4549 2143 4609 D
2173 4545 2377 4599 iterum
2430 4537 2813 4615 nequidquam
2863 4537 3243 4601 Romanorum
3287 4544 3511 4600 auxilio
3548 4537 3627 4599 'ah
3658 4546 3828 4600 Aetio

408 4614 732 4685 provincias
764 4610 1108 4685 lacerabant,
1139 4611 1567 4685 catholicosqu‘e
1593 4609 2048 4685 tam‘vehemen-

403 4679 491 4743 ter
522 4684 990 4756 insequebantur,
1016 4696 1211 4756 sacros
1239 4696 1485 4756 canones
1512 4679 1837 4736 defendisse
1859 4693 2057 4756 memo-

405 4766 624 4815 rantur.
661 4753 802 4810 ilinc
831 4759 918 4810 est
955 4754 1104 4823 quod
1134 4754 1304 4809 rebus
1344 4753 1411 4808 ad
1444 4760 1759 4809 extremum
1806 4753 2052 4819 miseris,

404 4829 641 4886 Romani
690 4826 1122 4896 pontificestne
1162 4824 1446 4894 quidquid
1476 4825 1912 4893 jurisdictionis
1935 4832 2056 4880 erat

405 4904 556 4958 inter
582 4894 883 4971 episcopos
899 4894 1365 4971 confunderetur,
1394 4896 1705 4971 identidem
1722 4910 1916 4951 eorum
1943 4896 2053 4951 ali-

403 4988 591 5044 quem,
619 4968 739 5026 aelo
769 4970 991 5026 cateris
1022 4969 1501 5044 prastantiorem1
1530 4968 1813 5044 vicariatu
1834 4973 2056 5044 aposto-

405 5038 518 5100 lico
548 5038 848 5112 o'rnarunt,
882 5046 945 5095 ut
975 5039 1157 5095 nullis
1187 5040 1442 5112 studium
1473 5038 1601 5094 fidei
1635 5052 1700 5112 ac
1726 5038 2052 5112 disciplina

406 5115 697 5171 limitibus
717 5110 1128 5175 contineretur,
1150 5117 1207 5166 at
1231 5111 1560 5181 ubicunque
1579 5110 1827 5165 Ecclesia
1849 5111 2055 5166 catho—

405 5187 647 5243 licorum
675 5190 842 5252 esset,
865 5184 945 5237 ibi
975 5183 1283 5238 incolumis
1305 5184 1496 5237 eadem
1526 5188 1866 5237 servaretur.
1897 5184 2054 5236 Hunc

404 5259 675 5313 honorem
692 5255 949 5310 omnium
971 5253 2054 5322 primoAsturicensiepiscopoTuribio

404 5342 528 5384 esse
555 5329 751 5382 datum
781 5324 1073 5395 legimusa
1096 5326 1272 5379 Leone
1287 5324 1487 5395 Magno
1512 5326 1793 5379 :eumdem
1822 5325 1922 5379 uni
1953 5329 2056 5379 aut

404 5399 570 5453 alteri
618 5394 947 5466 Hispale’nsi
970 5394 1310 5463 Simplicius
1336 5394 1395 5450 et
1422 5396 1719 5451 ilormisda
1764 5402 1897 5451 sunt
1940 5396 2055 5450 im-

407 5471 624 5537 pertiti,
669 5465 886 5523 necnon
926 5465 1129 5537 Joanni
1159 5467 1566 5521 Tarraconensi
1607 5467 1875 5536 episcopo
1906 5468 2053 5522 Hor-

406 5535 587 5594 inisda
612 5540 759 5595 idem
796 5535 1097 5607 concessit.
1137 5537 1409 5592 Praterea
1448 5539 1584 5593 recti
1624 5535 1871 5607 fideique
1898 5551 2054 5593 sem-

405 5623 504 5679 per
535 5610 985 5665 retinentissima
1015 5606 1289 5679 Hispania
1333 5606 1855 5665 turbulentissimis
1896 5610 2052 5666 hisce

403 5677 573 5737 etiam
618 5682 971 5750 temporibus
1015 5677 1293 5750 nonnulla
1341 5679 1755 5735 catholicorum
1802 5680 2052 5736 concilia

403 5748 749 5815 celebravit;
775 5753 1001 5822 aliaque
1037 5748 1596 5823 gessitnonpauca,
1628 5764 1747 5806 eam
1789 5752 2052 5809 incolen—

405 5826 548 5882 tium
573 5823 769 5896 gloria
804 5820 1071 5891 perpetuo
1092 5820 1447 5879 ascribenda.
1476 5822 1624 5891 Quid
1648 5837 1776 5881 vero
1797 5824 1825 5880 7
1841 5825 2053 5896 Hispa-

2170 4614 2442 4685 magistro
2471 4614 2721 4671 militum
2758 4617 3143 4672 Valentiniani
3174 4619 3263 4681 lli,
3303 4618 3373 4673 de
3419 4617 3710 4672 Saxonum
3742 4628 3823 4686 pe-

2169 4687 2335 4757 tenda
2366 4701 2470 4757 ope
2499 4695 2693 4743 coacto
2722 4688 2970 4744 consilio
2996 4689 3295 4744 deliberat.

2241 4754 2324 4812 l7.
2371 4754 2742 4827 Quamobrem
2792 4761 3052 4830 sequenti
3103 4773 3252 4815 anno
3297 4761 3460 4829 juxta
3504 4758 3826 4814 consilium

2169 4827 2502 4899 imprudens
2534 4845 2849 4900 procerum,
2875 4827 3056 4887 inissa
3101 4827 3382 4893 legatione
3415 4831 3626 4886 invitat
3653 4831 3831 4886 Saxo-

2166 4913 2285 4973 nes,
2360 4901 2458 4971 qni
2521 4903 2635 4971 jam
2690 4903 2793 4957 diu
2872 4916 3042 4973 regno
3112 4904 3238 4971 ejus
3298 4902 3619 4957 inhiabant.
3690 4903 3832 4956 Post

2164 4970 2461 5026 biennium
2526 4970 2881 5030 robustiores
2938 4970 3260 5029 Germania
3323 4973 3520 5043 populi
3576 4973 3777 5043 Angli,
3812 5013 3828 5031 ι.

2162 5043 2439 5116 Saxones,
2481 5045 2669 5112 Jutta,
2724 5046 3026 5116 llengistro
3080 5046 3245 5113 duce,
3304 5042 3835 5116 praesidiumfaffes

2165 5120 2315 5185 runt
2352 5115 2667 5180 Britannis,
2721 5115 2858 5172 mox
2912 5117 3231 5185 periculum
3282 5116 3536 5171 allaturi.
3595 5115 3709 5170 Vix
3769 5116 3831 5169 in

2168 5184 2415 5258 insulam
2494 5187 2760 5258 ingressi,
2843 5184 3087 5258 sedeque
3164 5189 3221 5243 in
3302 5186 3569 5243 orientali
3654 5185 3832 5256 plaga

2164 5256 2498 5319 constituta,
2570 5256 2716 5314 cum
2787 5256 3010 5314 Pictis'
3067 5266 3123 5314 et
3221 5260 3409 5315 Scotis
3498 5259 3833 5320 decertant,

2162 5340 2373 5400 eosque
2422 5327 2479 5382 in
2529 5327 2718 5400 fugam
2773 5335 3020 5386 vertunt.
3076 5332 3427 5387 Conventum
3482 5334 3679 5399 postea
3742 5335 3840 5383 est

2166 5398 2315 5472 inter
2357 5398 2661 5472 Britannus
2698 5406 2757 5455 et
2786 5402 3255 5472 Anglii-Saxones
3296 5403 3399 5471 (ita
3444 5408 3559 5456 tres
3601 5413 3685 5454 ea
3738 5412 3837 5455 na-

2162 5471 2348 5552 tiones
2373 5471 2635 5552 conﬂato
2667 5471 2897 5552 nomine
2933 5473 3347 5552 appellat_a)_ut
3396 5472 3456 5526 hi
3493 5478 3836 5552 pugnarent

2163 5541 2223 5596 in
2266 5547 2551 5613 posterum
2603 5557 2702 5613 pro
2735 5541 3133 5601 Britannorum
3181 5541 3421 5599 laribus.
3465 5541 3701 5598 militia:
3729 5544 3839 5613 sti-

2165 5612 2369 5687 pendia
2424 5612 2735 5687 accepturi.
2791 5617 3006 5687 Pugnat
3040 5616 3447 5687 Wortigernus
3503 5628 3657 5669 anno
3722 5612 3837 5687 450

2161 5696 2289 5759 cum
2337 5684 2619 5755 hostibus,
2660 5687 2842 5758 deque
2873 5684 2949 5743 iis
2977 5684 3261 5759 insignem
3305 5687 3609 5759 victoriam
3645 5685 3837 5759 refert

2162 5752 2565 5831 fadei'atorum
2598 5752 2894 5831 ‘Vauxiliis,
2947 5752 3126 5831 quare
3185 5759 3481 5831 pramium
3518 5758 3838 5831 Allengisto

2159 5825 2422 5889 Cantium
2465 5828 2732 5902 largitur.
2781 5825 2999 5887 Interea
3045 5825 3379 5903 llengistus,
3434 5825 3844 5888 defectionem
