3962 6164
108 275 223 334 809

1183 271 1391 327 CENNI
1430 268 1786 326 PREFATIO
1820 268 1914 325 AD
1950 268 2290 326 CHRONOL.
2332 270 2480 340 SEQ.

3424 270 3531 339 840

113 400 441 476 lygdinus,
496 396 730 476 fratrem
782 397 1015 454 ilorsam
1079 412 1411 476 novumque
1461 397 1703 476 militem
1748 391 2565 476 eAplectente..Sic_qu_ator
2615 400 2994 476 et__sexaginta
3018 414 3297 476 annorum
3341 408 3530 476 spatio

110 470 437 527 Germania
479 470 745 533 accersit,
787 482 1036 538 cumque
1078 471 1151 525 iis
1175 468 1350 525 ﬁliam
1378 468 1774 525 Rowen.ilor-

111 556 237 599 sam
282 539 476 595 Cantii
544 552 730 608 regem
774 539 1023 609 salutat;
1072 542 1206 596 ﬁlim
1253 550 1441 596 autem
1480 542 1775 609 venustate

106 616 413 669 dementat
463 610 929 680 Wortigernum,
1012 608 1086 666 'ui
1132 612 1434 681 repudiata
1466 623 1645 666 uxore
1671 608 1772 664 isti

116 684 413 737 iungitur.
440 681 575 735 Erat
590 681 961 737 Wortigerno
985 627 1145 737 alius
1173 697 1387 737 magna:
1411 681 1648 737 indolis.
1674 679 1772 734 cui

110 681 961 755 jungitureeiiratWortiger-no
985 681 1145 739 ﬁlius
1173 697 1387 754 magna:
1411 681 1648 755 indolis,
1674 681 1772 734 cui

117 752 333 811 nomen
392 752 918 827 Wort_imer9._llic
960 754 1217 827 Hengisti
1258 752 1514 827 fraudem
1563 753 1773 827 depre-

112 826 357 882 hensam
418 822 589 894 patri
625 827 687 894 et
712 821 1010 879 Britannis
1042 821 1293 881 nuntiat.
1335 825 1599 894 Hospites
1647 825 1772 877 loco

116 898 381 953 hostium
408 892 636 962 habiti;
661 892 725 947 ﬁt
757 907 980 962 pugna:
1006 892 1573 952 Wortimerivirtute
1601 895 1773 949 inter-

116 969 321 1025 ﬁcitur
348 961 823 1037 Horsa,_fugatur
844 961 1173 1037 Hengistus,
1213 968 1314 1036 qui
1347 966 1513 1022 fratri
1566 977 1772 1037 succe—

110 1039 292 1095 debat
318 1038 378 1092 in
396 1035 587 1108 Cantii
622 1048 813 1108 regno.
846 1035 1164 1108 Transfuga
1214 1035 1271 1093 in
1318 1039 1495 1094 Tanet
1520 1036 1770 1093 insulam

113 1124 174 1166 se
224 1108 537 1177 recipiens,
575 1105 707 1177 inde
740 1105 799 1177 in
838 1105 1199 1163 Germaniam
1224 1108 1404 1163 redit:
1460 1108 1771 1175 multisque

119 1175 391 1236 collectis
444 1176 632 1245 copiis
688 1175 849 1231 adest
908 1180 1172 1247 sequenti
1228 1192 1398 1244 anno,
1454 1185 1772 1246 nactusque

115 1251 563 1321 Wortigernum
622 1253 965 1321 prtemortuo
1004 1249 1140 1321 ﬁlio
1189 1257 1517 1321 regnantem
1557 1249 1766 1321 solum,

113 1322 225 1378 sub
251 1317 413 1377 dolis
441 1318 576 1389 ﬁliae
600 1317 827 1372 artibus
854 1318 1074 1374 invadit
1117 1317 1371 1389 regnum.
1404 1321 1584 1376 Semel
1615 1319 1768 1374 enim

114 1401 170 1449 et
197 1395 413 1447 iterum
430 1388 628 1463 factus
650 1391 913 1463 captivus
937 1388 1363 1463 Wortigernus,
1385 1392 1571 1461 primo
1604 1390 1772 1463 liber-

116 1470 305 1520 tatem
348 1460 538 1533 tribues
602 1460 937 1529 provinciis,
996 1460 1202 1517 deinde
1270 1460 1467 1533 vitam,
1537 1460 1770 1533 traditis

120 1534 378 1591 munitis
406 1530 570 1597 locis,
604 1539 834 1585 coactus
864 1539 951 1587 est
989 1534 1285 1589 redimere.
1331 1530 1489 1589 Tunc
1537 1532 1768 1587 barbari

120 1609 179 1661 in
210 1619 379 1661 sacra
408 1603 601 1674 omnia
622 1606 679 1655 et
698 1604 1029 1674 sacerdotes
1068 1604 1513 1674 debacchantur,
1542 1606 1768 1660 ﬂamma

117 1686 173 1733 et
188 1676 452 1746 caadibus
464 1671 1077 1746 quidquidreligionis
1092 1682 1178 1729 est
1200 1671 1588 1739 prosternunt.
1607 1674 1773 1729 Wor-

1888 473 2044 557 vasta
2087 480 2150 521 ea
2184 465 2390 550 insula
2412 469 2703 537 Evangelii
2733 465 2891 557 leges
2919 472 3340 557 amplexauest;
3363 465 3531 557 cujus

1883 544 2048 621 antea
2080 551 2211 621 pars
2232 539 2492 621 minima,
2519 539 3138 621 nempeCa‘mbria,‘seu
3164 539 3525 621 Wallia,_ubi

1884 609 2095 683 reclusi
2127 609 2831 683 _eranteBritanni,‘ﬁdem
2857 613 3088 683 quidem
3137 609 3527 681 conservabat,

1883 680 1979 753 sed
2006 680 2062 734 in
2092 679 2300 753 ritugde
2313 681 2583 753 Paschate
2600 688 2656 738 et
2674 679 3023 753 quibuSdam
3036 684 3256 741 aliisab
3274 679 3528 744 Ecclesia

1881 750 2130 805 Romana
2159 751 2497 807 dissidebat.

1956 819 2038 875 48.
2063 821 2240 897 Quam
2259 823 2735 897 recteeutriusque
2758 827 2915 897 regni
2938 824 3377 885 vicissitudines
3397 844 3527 887 con-

1876 892 2467 968 junxerim,_vel_in‘de
2521 892 2672 968 patet
2700 892 2849 967 quod
2910 903 3218 968 utrumque
3257 901 3525 958 Ecclesiae

1879 962 2273 1042 Occidentaiis
2291 962 2491 1042 faciem
2522 962 2734 1042 minus
2759 968 3051 1042 horridam
3096 962 3341 1039 septimo
3374 987 3526 1042 prte—

1880 1035 2076 1110 sertim
2101 1034 2325 1110 saeculo
2364 1034 2529 1110 nobis
2558 1037 2823 1105 exhibet;
2851 1054 2988 1110 cum
3017 1034 3520 1110 Langobarddrum

1879 1107 2112 1183 vesania
2137 1113 2194 1161 et
2216 1106 2457 1183 audecia
2471 1107 2753 1164 Casarum
2771 1109 3040 1183 difﬁcilia
3069 1106 3249 1168 Italiae
3269 1117 3524 1183 tempora

1880 1176 2280 1232 reddebantur.
2312 1180 2602 1252 APrteterea
2640 1185 2797 1235 tanta
2843 1182 3147 1252 utriusque
3195 1176 3524 1241 similitudo

1878 1253 1986 1325 est,
2015 1248 2646 1325 tanta_conjuncti_o,gu_t
2690 1265 2817 1325 qua:
2850 1266 2965 1325 unc
2994 1248 3169 1325 ferme
3207 1255 3519 1325 eodemque

1880 1324 2132 1391 tempore
2152 1319 2427 1391 Hispania
2446 1319 2518 1374 ab
2540 1319 2794 1391 Arian’is,
2836 1323 2907 1377 ab
2939 1321 3264 1380 idololatris
3288 1319 3525 1381 Britan-

1880 1390 1977 1444 nia
2004 1389 2342 1467 catholicam
2396 1391 2732 1463 religionem
2759 1389 2814 1449 et
2843 1408 3036 1467 sacras
3078 1395 3345 1451 Ecclesia:
3372 1396 3523 1467 leges

1879 1461 2225 1537 conculcari
2261 1473 2456 1537 passae
2483 1461 2654 1537 sunt;
2711 1477 2827 1519 uno
2860 1466 2993 1520 item
3044 1467 3354 1537 eodemque
3409 1461 3521 1523 lére

1881 1539 2132 1601 tempore
2162 1531 2263 1586 illa
2288 1545 2320 1587 a
2346 1534 2401 1586 S.
2435 1531 2690 1591 Leandro
2727 1537 3075 1604 Hispalensi.
3106 1537 3223 1592 haec
3248 1531 3282 1592 εἰ
3309 1538 3366 1594 S.
3396 1540 3524 1594 Au—

1880 1605 2115 1681 gustino
2135 1603 3064 1681 monacho‘uberr‘imo_Evangelii_tl
3078 1610 3268 1663 umine
3287 1608 3522 1681 irrigari

1877 1676 2175 1744 cmperint,
2199 1680 2371 1746 atque
2414 1674 2532 1730 haec
2592 1674 2961 1746 impietatem,
2997 1679 3100 1733 illa
3138 1692 3385 1734 errorem
3402 1674 3524 1736 'de—

121 1751 390 1819 tigernus
405 1743 935 1819 ipseinCambriam
959 1745 1767 1819 seuAWalliamfugaelapsus,
1797 1751 1848 1812 Β
1882 1743 2171 1819 ponentes,
2212 1745 2481 1819 decorem
2518 1743 2748 1819 Sponsa:
2785 1743 3000 1803 Chrsi'ti
3036 1748 3397 1816 postliminio
3429 1765 3528 1806 re-

120 1813 393 1888 Génorio,
416 1813 730 1888 ingoppido
755 1828 878 1888 sese
913 1816 1117 1872 munit.
1152 1819 1273 1872 Huc
1294 1819 1395 1888 qui
1426 1813 1557 1873 eum
1585 1813 1764 1872 secuti

121 1894 259 1946 sunt
291 1884 733 1956 reliquiasﬁdei
779 1887 1123 1943 Britannica:
1147 1884 1537 1946 advexerunt:
1569 1894 1771 1942 caetera

121 1959 322 2016 omnia
366 1954 440 2012 ad
480 1954 863 2019 idololatriam
895 1957 1099 2015 misere
1148 1959 1464 2015 redierunt.
1524 1959 1771 2019 Heptar—

124 2031 323 2086 chiam
344 2028 553 2084 deinde
574 2025 826 2103 barbari,
863 2042 964 2103 seu
995 2038 1209 2099 septem
1250 2044 1423 2103 regna
1462 2025 1771 2103 aliudealio

125 2110 385 2170 tempore
405 2097 861 2174 constituerunt.
884 2097 1178 2174 guttarum
1208 2097 1443 2174 regnum
1476 2101 1592 2157 fuit
1618 2101 1772 2174 Can—

124 2169 299 2234 tium,
322 2171 495 2238 cujus
528 2169 857 2238 metropolis
881 2169 1407 2230 Dorovernum'seu
1440 2171 1766 2229 Cantuaria.

121 2246 385 2313 Saxones
400 2240 735 2313 habuerunt
756 2242 896 2313 tria,
950 2256 1074 2313 qua:
1114 2244 1457 2302 dicebantur
1484 2245 1773 2313 Saxonum

123 2311 540 2382 orientalium,
562 2310 1037 2382 Meridianorum,
1060 2318 1116 2369 et
1131 2315 1625 2381 Occidentalium;
1662 2312 1775 2368 tria

125 2387 267 2441 item
290 2381 487 2454 Angli,
513 2394 713 2456 nempe
742 2381 1058 2456 Anglorum
1083 2384 1488 2456 Orientalium,
1518 2385 1776 2441 Mediter-

128 2467 460 2528 raneorum,
491 2465 594 2528 seu
646 2454 1012 2528 Merciorum,
1053 2462 1109 2510 et
1151 2454 1775 2528 Nordanhymbrorum,

124 2524 1093 2601 HancBritannieeconstjtutionem
1105 2534 1193 2584 est
1205 2524 1781 2601 nactusAugustinus

130 2596 457 2671 monachus
483 2595 584 2671 qui
610 2609 643 2650 a
672 2596 728 2671 8Γ
762 2594 1039 2667 Gregorio
1065 2611 1267 2671 magno
1296 2600 1365 2655 ad
1393 2594 1535 2655 eam'
1559 2603 1778 2671 gentem

125 2677 217 2725 est
245 2668 481 2722 missus.
524 2665 763 2733 Quando
800 2665 993 2723 autem
1041 2665 1319 2726 nonnullo
1370 2665 1673 2725 intervallo
1717 2678 1782 2721 ea

126 2752 307 2811 regna
337 2737 407 2812 a_d
437 2736 604 2812 ﬁdem
641 2750 864 2812 reversa
890 2739 1028 2808 sint,
1077 2755 1415 2812 quanquam,
1453 2740 1670 2812 digessi
1721 2738 1781 2812 in

125 2806 543 2878 Cifronologia,
579 2806 739 2863 lubet
788 2809 884 2864 hic
917 2806 1028 2865 uno
1060 2806 1548 2868 d'uctu'delibare
1589 2809 1783 2865 Cantii

127 2893 398 2951 regnum.
432 2879 603 2951 cujus
632 2878 768 2934 urbs
805 2880 1082 2948 primaria
1113 2884 1503 2939 Dorovernum
1530 2895 1630 2937 seu
1650 2882 1788 2937 Can-

128 2950 353 3013 tuaria,
384 2951 536 3004 unde
565 2950 909 3006 Cantuarios
932 2959 989 3006 et
1018 2954 1352 3010 Vectuarios
1377 2954 1523 3009 Beda
1569 2952 1787 3008 incolas

130 3028 307 3095 vocat
331 3021 402 3095 de
435 3020 722 3095 Juttarum
748 3023 993 3095 origine,
1023 3026 1282 3080 omnium
1334 3027 1584 3095 primum
1609 3035 1788 3079 evan—

133 3094 322 3165 gelica
342 3091 468 3166 luce
482 3090 811 3166 illustratur
825 3090 1233 3166 abAUgustino
1250 3090 1525 3151 monacho
1544 3095 1792 3165 primus-

134 3162 252 3236 que
305 3162 568 3236 omnium
622 3163 970 3236 heptarchiae
1005 3162 1223 3236 'regum
1261 3162 1635 3233 Edilbertus,
1687 3178 1789 3219 seu

132 3233 549 3307 Ethelbertus,
588 3233 1005 3307 Aidololatriam
1058 3233 1393 3307 detestatus,
1447 3236 1791 3293 catholicam

138 3308 312 3377 ﬁdem
332 3303 705 3377 amplectitur
721 3317 791 3377 an
815 3302 942 3377 597.
973 3307 1105 3362 Post
1129 3316 1343 3377 septem
1370 3302 1572 3377 annos,
1594 3318 1791 3374 nempe

136 3374 266 3460 eos,
327 3373 979 3460 osaxonianorientalis,
1038 3373 1210 3460 quam
1284 3379 1455 3460 hodie
1503 3373 1793 3460 regionem

138 3445 442 3519 Essexiam
483 3451 541 3499 et
569 3446 832 3519 Mediam
878 3445 1097 3517 vocant,
1167 3449 1453 3519 baptismo
1496 3445 1593 3505 sui
1645 3447 1796 3517 regis

138 3517 449 3600 Bigeberti,
483 3517 673 3600 quiet
713 3517 1032 3600 Seberetus,
1082 3517 1431 3600 illustratur.
1478 3519 1799 3600 Northem-

144 3588 297 3661 bria,
325 3600 454 3656 quae
497 3588 555 3640 in
603 3589 751 3661 duas
780 3588 919 3643 olim
971 3592 1298 3661 provincias
1336 3605 1438 3646 seu
1464 3603 1633 3661 regna
1657 3590 1799 3643 Ber-

145 3660 442 3715 niciorum
499 3663 557 3711 et
607 3660 899 3732 Deiorum,
974 3660 1119 3716 Beda
1191 3668 1354 3732 teste,
1407 3660 1795 3732 dividebatur,

146 3732 456 3803 Eduinum
478 3742 663 3799 regem
697 3727 980 3800 baptizari
1014 3732 1261 3803 gloriata
1285 3727 1372 3789 est
1401 3746 1554 3788 anno
1582 3727 1706 3799 627,
1735 3728 1801 3785 42

146 3801 390 3870 Aprilis,
423 3799 519 3872 die
547 3806 745 3855 sancto
780 3799 1106 3872 'Paschatis,
1135 3805 1397 3863 Eboraci.
1430 3803 1502 3857 ab
1531 3803 1800 3872 episcopo

148 3872 391 3927 Paulino
414 3870 509 3942 cui
541 3872 837 3939 praemium
867 3886 963 3927 rex
984 3870 1135 3929 dono
1165 3875 1327 3930 dedit
1357 3870 1798 3942 urbem'ipsam,

153 3950 211 4015 ut
252 3944 421 4015 sedes
460 3940 617 4015 ﬁeret
676 3943 1059 4012 episcopalis;
1105 3959 1318 4015 sexque
1343 3940 1806 4014 annorum'praz-

150 4013 441 4086 dicatione
470 4012 649 4086 multa
683 4026 788 4086 per
802 4022 1070 4086 sanctum
1089 4012 1419 4086 episcOpum
1451 4015 1636 4070 millia
1654 4012 1806 4086 sunt

160 4085 480 4158 baptizata:
534 4083 923 4158 Orientalium
964 4083 1303 4157 Anglorum'
1358 4100 1615 4158 regnum,
1637 4084 1800 4158 quod

151 4152 640 4225 complectebatur
673 4154 997 4225 provincias
1023 4152 1392 4224 Norfolciam,
1424 4152 1804 4213 Sutthlciam

157 4233 213 4279 et
232 4225 661 4299 Cantabrigiam
681 4240 813 4299 cum
844 4226 1197 4299 insuliaABlii,
1232 4237 1295 4299 ut
1335 4229 1420 4284 ait
1454 4229 1663 4299 Pagius
1694 4240 1808 4281 au-

158 4297 426 4369 ctoritate
477 4295 807 4369 Speimanni
833 4298 946 4367 (an.
983 4296 1109 4369 627,
1140 4295 1198 4354 n.
1229 4298 1338 4369 25),
1374 4295 1555 4355 suum'
1572 4299 1804 4369 quidem

158 4381 339 4439 regem
365 4367 905 4440 Carpualdum,‘seu
931 4367 1391 4440 Erpenwaldum,
1409 4367 1804 4426 Christianum

155 4436 302 4494 vidit
356 4437 483 4493 ﬁeri
537 4451 687 4493 anno
736 4436 871 4495 6'28:
909 4448 969 4496 at
1012 4436 1210 4498 eodem
1240 4436 1392 4497 anno
1428 4455 1558 4497 eum
1606 4440 1806 4496 dolens

157 4511 435 4574 occisum,
483 4509 716 4583 nonnisi
747 4508 872 4579 629,
910 4519 1013 4567 aut
1059 4514 1286 4570 tardius
1313 4511 1437 4583 630,
1470 4514 1806 4583 succedente

151 4584 437 4652 Sigberto,
487 4580 797 4654 episcopus
828 4582 986 4638 Felix
1037 4585 1164 4653 ejus
1215 4580 1807 4654 gentis'instruendm

160 4665 375 4706 munus
419 4652 695 4720 suscepit.
729 4654 1127 4709 Occidentales
1153 4652 1423 4721 Saxones,
1470 4656 1570 4723 qui
1604 4657 1659 4707 et
1686 4652 1803 4706 Ge-

154 4724 329 4777 vissae
384 4730 818 4795 nuncupantur,
848 4737 999 4779 anno
1050 4724 1157 4781 635
1203 4726 1490 4795 baptizato
1512 4723 1804 4795 Cynigilso

157 4806 360 4847 eorum
388 4806 536 4863 rege,
564 4794 882 4850 Christiani
908 4795 1074 4865 ﬁunt,
1104 4792 1450 4867 praedicante
1470 4792 1808 4867 Birino'epi-

155 4877 352 4933 scopo,
410 4876 578 4933 quem
615 4878 757 4933 papa
787 4864 1072 4923 llonorius
1102 4864 1168 4924 eo
1197 4869 1430 4922 miserat
1455 4866 1603 4922 nulli
1631 4864 1808 4919 addi-

156 4942 311 5010 ctum
333 4935 483 4989 sedi.
504 4936 735 5005 Rexque
758 4936 905 5010 idem
923 4938 1275 5010 Cynigilsus,
1299 4945 1470 5010 atque
1493 4935 1805 5010 Osualdus,

155 5006 319 5075 quie
370 5018 535 5079 sacro
573 5019 726 5079 eum
785 5005 1269 5079 fonte'sus'cepit,
1300 5005 1596 5078 ﬁliamque
1644 5006 1810 5079 illius

158 5089 396 5131 uxorem
445 5075 637 5146 duxit,
689 5079 980 5135 donarunt
1026 5075 1224 5135 Birino
1250 5075 1541 5135 civitatem
1586 5077 1807 5137 Dorcic.

157 5160 332 5220 quam
368 5146 421 5220 is
446 5148 635 5220 sedem
657 5150 1038 5219 episcOpalem
1060 5150 1388 5220 constituit,
1414 5150 1585 5207 hodie
1614 5150 1815 5220 Dorce-

156 5218 365 5272 striam
406 5218 468 5272 in
499 5217 771 5288 Cobun'is,
803 5217 1202 5278 et’Oxoniensi
1242 5217 1521 5277 comitatu
1549 5219 1813 5289 appella-7

156 5295 277 5363 tam
300 5289 642 5363 Merciorum
675 5287 934 5363 regnum,
967 5293 1118 5363 quod
1154 5305 1337 5363 usque
1365 5293 1434 5348 ad
1467 5287 1684 5347 annum
1710 5287 1815 5345 626

154 5359 226 5414 ab
243 5360 524 5431 instituta
538 5359 872 5431 heptaréhia
889 5359 1582 5428 dueesadministrarunt,
1602 5368 1660 5416 at
1680 5365 1818 5415 tunc

158 5430 349 5516 ﬂenda
395 5431 550 5516 regis
571 5430 777 5516 nomen
807 5433 923 5516 sibi
955 5435 1250 5516 ascripsit,
1282 5447 1375 5516 an.
1551 5437 1823 5516 regnante

157 5500 364 5574 Peada,
414 5500 582 5574 ﬁdem
611 5512 697 5558 est
726 5505 1050 5574 amplexum
1074 5500 1274 5573 Oswii,
1306 5500 1824 5574 Northumbrorum

169 5571 331 5643 regis
357 5585 424 5626 ac
456 5571 568 5627 ﬁlii
605 5575 732 5643 ejus
760 5571 1006 5630 Al'cfridi
1050 5589 1240 5647 Opera.
1264 5571 1572 5629 ’Australes
1595 5574 1826 5628 demum

158 5641 439 5702 Saxones.
492 5656 595 5698 seu
650 5645 1045 5702 Westsaxones
1093 5646 1404 5702 novissime
1433 5643 1689 5699 omnium
1742 5644 1831 5698 he-

423 5683 439 5710 τ

161 5713 453 5785 pta_rchi2e
503 5727 809 5785 regnorum
859 5717 1091 5772 Christo
1120 5718 1403 5773 dederunt
1447 5726 1651 5785 nomen
1681 5727 1831 5769 anno

160 5782 299 5850 664,
332 5796 533 5840 eorum
566 5782 697 5858 rege
722 5786 1102 5845 Edilwalcbio
1144 5787 1310 5844 ﬁdem
1336 5784 1678 5844 catholicam
1703 5797 1833 5841 am-

354 5888 369 5897 '
433 5881 671 5937 PATROL.
726 5882 994 5941 CXXVII.

1820 3128 1870 3191 C

1877 1816 2221 1890 vocaverint.
2247 1815 2691 1890 Quamvisenim
2710 1832 2983 1890 magnum,
3011 1815 3067 1873 id
3095 1820 3406 1876 discrimen
3426 1834 3521 1877 eas

1881 1889 2215 1943 intervertat
2268 1887 2417 1955 quod
2500 1887 2825 1943 Britannia'
2859 1889 3135 1958 paulatim
3205 1891 3516 1958 illustrata,

1879 1959 2238 2031 splendorem
2268 1957 2614 2031 diuturnius
2641 1957 3062 2029 praesetulerit;
3096 1961 3371 2031 Hispania
3393 1977 3524 2019 vero

1881 2027 2067 2085 instar
2087 2027 2340 2099 fulguris
2366 2027 2681 2085 catholicas
2707 2044 2869 2086 voces
2899 2027 3225 2100 penetrasse
3255 2034 3313 2088 in
3332 2047 3529 2088 omnes

1881 2102 2023 2174 ﬁnes
2072 2099 2466 2174 gloriata,_si_t
2496 2099 2921 2174 breviexperta
2970 2103 3204 2174 gravius
3232 2104 3530 2174 magisque

1881 2168 2294 2241 deplorandum
2319 2168 2390 2225 ob
2416 2168 2807 2228 Saracenicam
2827 2168 3181 2228 invasionem
3212 2168 3535 2230 incémmo-

1882 2245 2043 2299 dum.
2073 2243 2215 2313 Nam
2242 2241 2595 2313 Wortigerni
2618 2257 2748 2300 cum
2780 2244 2981 2313 paucis
2996 2244 3277 2300 elabentis
3297 2246 3355 2299 in
3376 2245 3539 2302 Wal-

1885 2314 2025 2386 liam
2056 2312 2741 2386 calamitates,:Pelagius
2786 2312 2844 2369 et
2890 2316 2983 2370 sui
3038 2313 3438 2386 confugientes
3469 2317 3530 2372 in

1884 2384 2180 2440 Asturiam
2205 2383 2458 2453 perpessi
2488 2383 2654 2440 sunt:
2693 2391 2902 2454 tamen,
2936 2398 3067 2439 cum
3102 2383 3244 2439 nova
3286 2385 3404 2441 haec
3429 2400 3536 2441 ca—

1889 2455 2139 2517 lamitas,
2170 2468 2297 2524 quae
2328 2456 2507 2510 trium
2559 2456 2901 2511 saaculorum
2947 2455 3249 2511 silentium
3271 2457 3539 2513 Ecclesia:

1888 2525 2359 2598 Hispaniensium
2382 2526 2617 2591 indixit,
2633 2532 2829 2581 octavo
2842 2526 3053 2598 saeculo
3065 2528 3362 2598 acciderit,
3389 2528 3540 2584 nihil

1892 2596 2136 2666 impedit
2163 2598 2305 2665 quin
2359 2601 2480 2668 toto
2520 2598 2766 2665 septimo
2805 2596 3064 2653 elabente
3095 2596 3405 2668 utrumque
3446 2612 3544 2654 re-

1892 2682 2067 2742 gnum
2095 2667 2446 2742 cenjunctim
2472 2673 2793 2737 spectemus
2834 2668 3209 2742 amplissimae
3240 2667 3546 2742 religionis

1894 2736 2105 2809 Segetis
2122 2736 2567 2810 feracissimum,
2590 2745 2891 2810 postquam
2914 2740 3170 2795 vidimus
3189 2736 3542 2810 conju'nctim

1896 2807 2203 2881 utriusque
2230 2808 2519 2881 horrorem
2538 2809 2767 2881 duobus
2782 2807 2901 2881 fere
2921 2811 3153 2865 saeculis
3175 2807 3311 2881 quae
3318 2813 3549 2881 przeive-

1896 2886 2053 2936 runt.
2081 2880 2266 2948 Atque
2307 2879 2529 2934 utinam
2560 2880 2743 2934 simili
2777 2880 3072 2936 Brtiannia
3105 2879 3429 2939 infortunio
3451 2885 3556 2938 ite-

1899 2949 2269 3025 rumfuisset
2310 2949 2579 3018 obnoxia,
2618 2956 2680 3005 ut
2725 2950 2947 3005 similis
2973 2965 3196 3021 semper
3239 2955 3551 3025 utriusque

1897 3022 2156 3077 conditio
2201 3021 2268 3075 ad
2324 3026 2574 3076 nostram
2622 3033 2805 3090 usque
2834 3027 3055 3077 aetatem
3100 3021 3547 3080 memoraretiirl

1898 3096 2036 3148 Nam
2068 3091 2567 3168 Hispani,_qui__ad
2593 3091 2864 3168 _Asturia3
2898 3099 3117 3148 montes
3140 3092 3548 3168 confugerant,

1898 3175 2206 3234 secumque
2232 3161 2362 3216 ﬁdei
2399 3161 2676 3229 reliquias
2719 3163 3084 3234 advexerant,
3138 3162 3283 3216 hanc
3334 3161 3557 3234 semper

1904 3232 2672 3304 incolumemservaverunt;
2704 3235 2761 3304 et
2787 3231 2882 3304 ubi
2911 3236 3189 3302 angustos
3218 3236 3377 3304 regni
3409 3231 3551 3290 ﬁnes

1905 3303 2181 3375 paulatim
2210 3302 2468 3375 dilatare
2487 3300 2690 3375 iisdem
2725 3301 2931 3375 licuit,
2950 3300 3019 3357 ad
3053 3307 3264 3357 sartam
3284 3300 3457 3375 atque
3479 3312 3554 3361 te-

1904 3371 2049 3431 ctam
2104 3372 2368 3428 Ecclesia:
2411 3371 2786 3496 disciBlinam
2839 3372 3054 3443 ubique
3082 3371 3549 3445 conservandam,

1906 3446 2101 3496 nlnres
2150 3446 2453 3496 enisconos
2494 3442 2562 3496 ha
2612 3447 2838 3496 uerunt.
2893 3449 2957 3496 ut
3006 3450 3251 3496 testatur
3298 3448 3549 3496 svnndus

1906 3446 2101 3516 plures
2150 3442 2838 3516 episcoposnhabuerunt.
2893 3442 2975 3498 ut’
3006 3450 3251 3516 testatur
3298 3442 3554 3515 synodus

1904 3512 2202 3572 Ovetensis
2243 3527 2394 3569 anno
2440 3512 2548 3585 882
2590 3512 2893 3585 celebrata,
2931 3515 3027 3569 cui
3072 3512 3473 3585 episcopi'duo
3498 3526 3557 3574 et

1908 3587 2115 3658 viginti
2142 3585 2404 3641 Ovetensi
2420 3584 2664 3653 subjecti
2684 3582 3307 3658 interfuerunt._'Quare
3337 3596 3551 3658 postea,

1908 3655 2037 3731 cum
2070 3658 2258 3731 yirtus
2276 3655 2943 3731 extremorumGothicte
2959 3655 3148 3731 gentis
3178 3655 3371 3728 regum
3404 3655 3566 3731 igna-

1908 3730 2001 3801 via
2020 3725 2381 3801 labefactata,
2403 3726 2612 3801 sensim
2636 3726 2909 3795 Hispanis
2931 3725 3563 3801 rediit,_emperuntque

1915 3797 2419 3873 barbaros‘prtelio
2450 3798 2696 3873 vincere,
2727 3805 2900 3867 atque
2923 3811 2990 3873 ex
3024 3797 3266 3873 urbibus
3298 3797 3567 3873 integris-

1916 3883 2027 3939 que
2056 3868 2374 3942 provinciis
2415 3867 2770 3942 propulsare,
2814 3868 3319 3942 pari_religionem
3361 3867 3563 3942 gressu

1914 3938 2029 4011 quo
2056 3952 2236 4011 arma
2260 3938 2319 3994 in
2362 3952 2459 3993 eas
2498 3938 2763 3993 victricia
2818 3938 3255 4007 intulere.'Nec,
3291 3938 3558 4011 quamvis

1917 4009 2117 4082 magna
2144 4009 2383 4065 vulnera
2436 4014 2772 4082 acceperant
2796 4011 2947 4082 sacri
2975 4023 3241 4080 canones,
3269 4009 3400 4067 novi
3430 4012 3564 4071 fue-

1917 4080 2057 4157 runt
2089 4095 2235 4157 opus
2274 4094 2561 4157 praeeones
2593 4080 2744 4157 ﬁdei,
2794 4080 2897 4150 qui
2929 4082 3324 4157 Evangelium,
3366 4095 3399 4138 a
3450 4100 3567 4157 quo

1914 4150 2155 4219 Hispani
2180 4164 2292 4207 non
2319 4150 2663 4219 defecerant,
2709 4151 2919 4207 iterum
2949 4150 3381 4209 anmintiarent.

1990 4221 2076 4278 49.
2103 4225 2379 4278 Ca-terum
2413 4222 2559 4296 hanc
2605 4235 2804 4278 novam
2832 4221 3236 4296 calamitatem
3278 4225 3571 4296 Hispania
3611 4279 3614 4282 .

1916 4307 2119 4365 magna
2143 4307 2211 4365 ex
2238 4299 2396 4364 parte
2420 4294 2632 4365 allevat
2658 4307 2796 4365 gens
2830 4293 3044 4364 inclyta
3086 4293 3503 4354 Germanorum
3532 4313 3568 4355 a

1912 4367 1967 4441 S_.
2004 4363 2319 4441 Bonifaeio,
2350 4365 2446 4441 cui
2470 4363 2908 4441 factumpostea
2928 4363 3128 4441 nomen
3155 4366 3410 4441 ejusdem
3438 4383 3568 4441 gen-

1917 4437 1995 4492 tis
2020 4435 2300 4505 apostolo,
2329 4448 2399 4490 ex
2428 4435 2772 4491 idololatriae
2799 4435 3052 4490 tenebris
3083 4437 3397 4493 universim
3420 4435 3575 4496 edu-

1917 4514 2005 4562 cta
2035 4522 2133 4576 per
2165 4508 2312 4561 idem
2353 4511 2595 4573 tempus.
2627 4507 2773 4560 Huic
2793 4511 2983 4576 autem
3014 4506 3295 4561 universae
3324 4508 3571 4566 Germa-

1918 4575 2124 4633 norum
2174 4576 2538 4632 conversioni
2598 4583 2730 4630 ante
2784 4575 3003 4629 exitum
3056 4577 3290 4644 septimi
3366 4581 3566 4636 saculi

1919 4648 2242 4719 proluserat
2281 4648 2346 4719 8.Δ
2372 4644 2736 4719 Willibrordi
2779 4645 3148 4719 praedicatio,
3173 4646 3275 4715 qui
3301 4650 3563 4706 omnium

1918 4714 2141 4789 primus
2169 4720 2226 4773 in
2260 4716 2444 4771 Frisia
2470 4721 2528 4789 et
2556 4717 2758 4789 aliqua
2777 4714 3175 4789 inAGermaniaa
3209 4724 3366 4785 parte
3393 4720 3571 4776 Evan-

1917 4786 2131 4862 gelium
2172 4788 2561 4862 annuntiavit,
2622 4786 2888 4862 fundavit
2936 4786 3271 4862 Ecclesiam,
3324 4802 3567 4862 eamque

1921 4856 2231 4923 martyrum
2253 4859 2653 4929 indigenarum
2672 4857 2955 4929 sanguine
2966 4856 3410 4929 conglutinavit.
3428 4856 3566 4929 Quae

1919 4931 2306 5002 tamlonge‘et
2349 4926 2458 5002 ta'm
2482 4930 2595 4983 late
2636 4942 2733 5002 per
2753 4926 3345 5002 Occidentemdiﬁ‘usa
3377 4926 3567 4986 Evan-

1919 5001 2056 5073 gelii
2098 4997 3068 5073 praedicatioAportendebantdum
3123 4998 3373 5073 imperii,
3444 5008 3567 5058 tum

1918 5067 2187 5129 Ecclesia:
2210 5067 2544 5138 Orientalis,
2567 5083 2790 5138 semper
2823 5067 2966 5123 levis
2984 5081 3321 5140 semperque
3360 5067 3573 5128 incon-

1921 5143 2152 5213 stantis,
2181 5142 2364 5212 primo
2392 5141 2878 5202 imminutionem,
2900 5140 3108 5195 deinde
3125 5141 3302 5213 etiam
3334 5145 3575 5213 excidi-

1924 5211 2750 5272 um.Ubienimaudacissimis
2777 5211 3305 5280 semperstudentes
3331 5212 3578 5271 haeresi-

1925 5285 2055 5356 bus,
2077 5286 2301 5356 demum
2318 5297 2509 5339 sacras
2525 5284 2803 5355 imagines
2817 5283 3099 5356 persecuti
3113 5285 3380 5356 Augusti,
3397 5286 3464 5342 ad
3484 5300 3575 5343 ex-

1928 5353 2171 5413 tremum
2192 5355 2577 5426 audacesesse
2602 5353 2917 5426 cmperunt,
2936 5360 2992 5409 et
3013 5353 3323 5409 Ecclesiam
3356 5353 3584 5426 pessum

1934 5429 2195 5497 quotidie
2229 5426 2331 5494 ire,
2355 5432 2411 5481 et
2443 5424 2747 5493 imperium
2764 5425 3043 5497 vacillans
3068 5426 3337 5497 primum,
3358 5424 3584 5485 deinde
3690 5438 3703 5449 '

1938 5496 2169 5567 penitus
2193 5497 2456 5551 dirutum
2481 5502 2847 5567 aspexerant.
2879 5496 3039 5566 Quod
3076 5496 3151 5565 si,
3186 5501 3248 5550 ut
3276 5497 3466 5556 aiebat
3488 5502 3587 5556 Ba-

1940 5566 2163 5638 ronius,
2192 5589 2215 5619 ‹‹
2241 5567 2489 5639 consilio
2515 5568 2616 5623 Dei
2644 5566 2857 5623 iactum
2881 5573 2945 5622 ut
2963 5579 3092 5621 cum
3135 5567 3501 5639 insurgerent
3526 5573 3587 5627 in

1938 5637 2221 5696 Romanos
2266 5637 2567 5707 pontiﬁces
2615 5640 3004 5708 imperatores,
3046 5638 3226 5693 italiae
3270 5637 3488 5698 milites
3527 5644 3589 5697 in

1940 5678 2883 5780 ὲῒέἓὲΐὲἷιᾶἓέὶὶὶζ’“ιῖι“ἑὶ]εὲιίἓὲ”’ρτο
2915 5678 3103 5764 salute
3132 5678 3493 5779 ’ἱιῖηιῖὁὲῖηῖ
3526 5678 3587 5767 iii

1904 5805 1912 5813 ’
1941 5782 2258 5840 discrimen
2286 5781 2520 5853 adduci,
2548 5792 2717 5851 quam
2751 5780 3083 5837 Graecorum
3117 5781 3388 5839 manibus
3429 5785 3588 5854 ipsos

3237 5875 3310 5934 96
