3962 6164
84 378 203 437 843

1158 378 1365 435 CENNI
1402 377 1758 435 PREFATIO
1794 377 1888 435 AD
1922 378 2261 435 CHRONOL.
2303 379 2449 448 SEQ.
2514 430 2519 435 .

3395 383 3507 444 844

87 505 620 579 prmterNarniam,
647 505 1060 579 adRomanum
1093 507 1362 564 ducatum
1390 500 1829 579 pertinebat;A
1851 521 2160 579 pauperum
2222 507 2442 579 Qhristi,
2490 524 2603 579 seu
2684 509 3040 565 Iuminarium
3102 516 3503 571 ooncinnatione

85 580 263 648 cujus
285 578 566 632 distincta
588 578 736 646 apud
767 593 891 632 eum
924 579 1136 634 mentio
1158 578 1441 637 occurrit:
1472 585 1745 637 «Necnon

84 658 143 705 et
191 649 490 724 civitat_em
542 649 911 704 Narniensem
954 664 1079 724 quae
1114 664 1145 705 a
1191 651 1406 707 ducatu
1455 652 1749 724 Spoletino

83 735 115 793 a
172 728 336 793 parte
381 720 765 793 Romanorum
819 735 913 789 per
960 722 1187 793 evoluta
1234 720 1514 780 annorum
1560 723 1747 793 spatia

84 788 283 865 fuerat
315 791 533 865 invasa.
570 809 596 839 »
631 788 986 865 Quapropter
1036 792 1192 865 nulla
1223 808 1287 849 ex
1339 788 1749 865 quatuor'lau—

84 863 246 918 datis
277 862 620 917 civitatibus
650 872 813 917 antea
847 864 1134 919 restitutis
1167 862 1423 932 pontiﬁci
1459 868 1513 922 8.
1547 866 1749 921 Zacha-

86 934 194 989 riae
238 947 374 989 cum
405 934 533 988 suis
567 932 1012 1005 habitatoribus,
1049 935 1105 989 in
1138 936 1405 1005 Pippinia
1436 938 1747 993 donatione

88 1005 463 1073 includitur;
492 1010 552 1058 at
588 1004 982 1077 Ravenatium,
1033 1006 1278 1062 xEmilia:
1313 1010 1747 1077 Pentapolisque

86 1090 297 1132 omnes
341 1083 481 1131 sunt
509 1094 521 1137 ;
553 1088 697 1149 quas
730 1074 980 1149 profecto
999 1078 1275 1149 regiones
1300 1094 1331 1133 a
1366 1074 1608 1149 Pippino
1637 1074 1749 1134 do-

87 1155 259 1202 natas
305 1161 427 1202 esse
457 1147 701 1201 summis
734 1146 1106 1215 pontiﬁcibus
1152 1146 1540 1206 controversia
1588 1149 1747 1206 nulla

85 1226 192 1274 est.
228 1218 430 1274 Solum
465 1217 521 1272 id
554 1218 743 1272 vocari
791 1218 850 1273 in
877 1221 1323 1275 controversiam
1366 1227 1574 1290 posset,
1610 1234 1747 1276 num

86 1291 303 1347 eaedem
352 1290 637 1358 regiones,
689 1302 931 1358 quarum
978 1290 1242 1346 civitates
1292 1299 1571 1347 vocantur
1609 1294 1749 1345 Jura

85 1366 226 1423 reip.
269 1363 640 1416 Romanorum
680 1365 730 1413 et
759 1365 959 1413 sancta:
987 1361 1154 1423 sedis,
1197 1361 1350 1417 ultro
1380 1377 1440 1417 se
1469 1369 1600 1418 ante
1641 1363 1749 1417 de-

85 1379 142 1416 re
213 1403 226 1415 .
269 1379 640 1416 humanorum
680 1379 729 1413 ιιι
759 1379 959 1413 εαηειευ
987 1379 1154 1423 seats,
1197 1379 1350 1417 [IIU‘O
1380 1379 1440 1417 SB
1469 1379 1600 1418 ante
1641 1379 1749 1417 08·-

83 1379 352 1489 diiiperint
376 1430 750 1501 pontiﬁcibus
775 1445 903 1486 cum
932 1430 1003 1486 ab
1026 1431 1470 1501 imperatoribus
1495 1434 1752 1489 Orientis

86 1503 448 1569 defecerunt,
477 1516 541 1574 ac
569 1508 759 1574 postea
788 1502 997 1557 invasa:
1018 1516 1050 1557 a
1074 1504 1461 1574 Langobardis
1486 1503 1746 1574 fuerint;

87 1589 157 1630 an
187 1576 327 1645 jure
356 1573 494 1629 belli
527 1587 558 1627 a
590 1573 824 1628 Francis
863 1573 1214 1645 captte,isint
1242 1576 1463 1630 donata:
1507 1573 1750 1645 pontiﬁé

89 1644 309 1702 cibus:
344 1653 405 1701 at
450 1646 721 1714 quoniam
774 1645 917 1699 hanc
969 1644 1231 1700 evolvens
1277 1644 1745 1709 controversiam,

95 1716 459 1788 praefationis
486 1717 714 1771 modum
742 1717 1088 1787 excederem,
1119 1717 1389 1773 intactam
1424 1719 1750 1789 relinquere

94 1790 281 1845 satius
311 1789 483 1843 duco.

1857 576 2028 655 (Pag.,
2081 595 2173 631 an.
2220 576 2344 645 760,
2379 576 3045 655 _n.4),_aiLangobardis
3091 584 3499 655 desolabatur;

1861 652 1910 704 is
1941 656 2111 715 certe,
2138 664 2266 705 cum
2300 650 2453 721 vulgi
2493 650 2821 720 opinionem
2857 655 3132 721 posuerit,
3175 657 3405 712 discens
3433 650 3505 712 ab

1857 722 2246 775 ecclesiastica
2296 721 2539 776 historia
2589 724 2739 792 quod
2790 732 2999 781 sanctae
3046 727 3201 782 sedis
3246 729 3509 783 admini-

1857 793 2063 871 stratio
2110 792 2458 871 civilis_non
2503 794 2834 871 coepitaevo
2878 796 3241 871 Constantin.
3292 801 3502 871 Magni,

1856 864 2141 936 tantulum
2168 864 2496 931 opinionem
2516 867 2586 919 de
2611 867 2780 934 hujus
2800 868 3164 936 imperatoris
3183 864 3509 925 donationié

1857 932 1974 1010 bus
2010 935 2621 1010 Patrimoniorum,_ac
2651 932 2720 991 de
2751 932 3123 1010 Patrimoniis
3154 940 3300 1010 ipsis
3324 940 3506 996 imbi-

1857 1003 2027 1087 berit,
2062 1013 2125 1060 ut
2153 1020 2255 1075 pro
2284 1019 2478 1087 eorum
2527 1007 2901 1087 indemnitate
2938 1003 3381 1087 aiiquid‘loqui,
3404 1026 3506 1087 seu

1861 1081 2055 1145 potius
2088 1082 2359 1131 memoria
2398 1084 2669 1148 repetere,
2712 1081 3097 1136 necessarium
3132 1081 3509 1139 esse’existi-

1859 1161 2024 1202 mem.
2055 1149 2404 1220 Memoriam,
2441 1149 2695 1219 inquam,
2740 1159 3029 1220 repetere;
3066 1165 3193 1208 nam
3222 1154 3507 1211 doctissi-

1859 1219 2228 1296 muspraesul
2272 1220 2626 1296 _B_lanchinus
2666 1224 2724 1296 in
2771 1219 2925 1278 notis
2952 1224 3115 1296 ads.
3156 1225 3504 1296 Sylvestrum

1857 1290 2224 1366 cumNicolao
2253 1291 2566 1366 Alama‘uno
2586 1292 2665 1366 de
2690 1294 3172 1366 ALateranensibus
3194 1290 3510 1366 parietinis

1856 1360 2048 1415 eadem
2082 1361 2192 1416 late
2218 1363 2507 1431 expendit,
2551 1364 2894 1434 singillatim
2929 1360 3243 1433 enumerat,
3272 1381 3509 1425 eorum—

1859 1446 1969 1501 que
1987 1446 2053 1487 ex
2074 1434 2360 1488 reditibus
2382 1435 2439 1488 in
2468 1448 2748 1489 summam
2770 1436 3017 1492 collatis.
3038 1434 3109 1493 35
3126 1438 3351 1496 milleos
3375 1441 3510 1497 soli-

1857 1503 1962 1580 dos
1984 1504 2188 1559 conﬁci
2214 1506 2484 1580 ostendit,
2511 1520 2657 1580 quos
2679 1508 3036 1575 Nicephorus
3058 1513 3115 1563 et
3138 1510 3510 1580 Theophanes

1858 1573 2140 1650 afﬁrmant
2169 1576 2336 1644 pendi
2369 1573 2682 1650 quotannis
2712 1573 3075 1634 consuevisse
3103 1592 3135 1635 a
3164 1573 3510 1650 praesidibus

1860 1647 2287 1715 provinciarum
2310 1655 2440 1701 ante
2472 1648 2704 1702 Leonem
2738 1650 3076 1705 Isauricum.
3102 1650 3143 1705 li
3165 1647 3304 1708 vero
3332 1655 3507 1711 solidi

1860 1731 2157 1772 nummum
2174 1731 2480 1790 aureorum
2500 1722 2669 1789 vulgo
2686 1720 2879 1789 doppic
2894 1722 3298 1790 septemdecim
3325 1725 3510 1782 millia

1859 1794 2021 1871 erant
2076 1802 2143 1871 ex
2192 1789 2445 1871 ejusdem
2496 1798 2766 1871 computo
2810 1805 2938 1871 ;.ac
2969 1789 3228 1871 proinde
3275 1796 3509 1871 totidem

164 1858 489 1940 23._Unum_
510 1859 565 1940 id
615 1859 904 1940 prgeterire
932 1872 1041 1914 non
1073 1859 1272 1940 debeo,
1306 1863 1468 1940 quod
1488 1862 1750 1940 ostendet
1778 1881 1826 1940 Β
1859 1860 2172 1940 quotannis
2197 1858 2589 1940 inferebantur
2611 1860 2669 1915 in
2691 1862 2956 1917 aerarium
2979 1858 3306 1940 apostolicae
3331 1868 3506 1940 sedis,

93 1939 244 1987 recte
268 1932 330 1985 in
362 1930 589 1986 laudata
615 1930 923 1999 epigraphe
948 1930 1225 1999 appellari
1257 1933 1746 2000 ampliﬁcatorem,

92 2016 391 2073 perperam
419 2015 550 2056 vero
574 2015 605 2055 a
636 2002 800 2070 Pagio
828 2008 883 2056 et
907 2001 1045 2057 aliis
1072 2003 1458 2059 institutorem
1488 2005 1753 2060 ecclesia-

89 2075 225 2129 stici
274 2072 641 2142 principatus
679 2073 1006 2141 Pippinum.
1049 2074 1167 2127 Praa
1205 2074 1360 2130 aliis.
1405 2090 1546 2144 quas
1586 2074 1749 2130 Italia

92 2144 304 2209 sensit,
342 2143 763 2199 mutationibus
799 2157 897 2212 per
918 2144 1197 2199 exarchos
1238 2143 1513 2205 induc-tis.
1546 2158 1749 2205 magna

89 2231 147 2272 ea
179 2216 427 2285 quidem
460 2214 590 2273 fuit.
624 2227 752 2269 cum
789 2216 1078 2285 Longinus
1102 2228 1222 2269 eam
1257 2217 1314 2271 in
1348 2217 1593 2273 ducatus
1624 2216 1751 2271 for-

91 2301 241 2342 mam
288 2287 529 2357 redegit.
572 2286 935 2340 Perstiterint
980 2300 1152 2341 necne
1201 2295 1470 2356 praetores
1515 2289 1743 2353 urbani,

90 2372 345 2429 quorum
376 2358 569 2429 plures
594 2357 649 2411 iu
673 2359 727 2410 8.
755 2357 1018 2429 Gregorii
1046 2358 1310 2426 epistolis
1338 2365 1746 2424 memorantur,

91 2428 301 2499 parum
332 2428 505 2483 refert
533 2447 546 2497 -,
578 2433 727 2499 certe
759 2428 896 2483 urbs
937 2429 1109 2483 Roma
1139 2437 1194 2482 et
1222 2431 1346 2498 ejus
1372 2431 1620 2486 ducatus
1653 2444 1750 2498 per

87 2498 301 2556 ducem
328 2516 359 2555 a
402 2499 556 2567 regia
604 2498 742 2554 urbe
780 2499 1020 2555 missum
1062 2499 1422 2570 regebantur.
1460 2504 1553 2556 Sic
1590 2503 1751 2555 stetit

89 2574 413 2641 utriusque
459 2570 888 2625 administratio
933 2584 1115 2639 usque
1158 2572 1225 2626 ad
1268 2586 1481 2626 annum
1517 2573 1753 2627 circiter

86 2640 218 2711 726,
258 2640 396 2715 cum
431 2641 784 2715 impiushLeo
814 2648 876 2715 ut
919 2642 1126 2715 melius
1155 2656 1221 2697 ac
1266 2644 1453 2715 tutius
1484 2644 1749 2715 persequi

89 2714 386 2785 imagines
408 2720 614 2785 posset,
636 2712 691 2767 8.
715 2712 1056 2781 Gregorium
1073 2714 1145 2785 _II,
1162 2714 1356 2785 modis
1377 2728 1464 2769 om
1476 2712 1646 2770 nibus
1666 2712 1755 2769 eo-

92 2782 269 2841 natus
300 2789 391 2839 est
419 2784 756 2839 interﬁcere.
788 2785 1030 2855 Tantum
1064 2782 1297 2855 facinus
1338 2785 1754 2855 perpetraturis

94 2878 120 2905 α
162 2868 493 2923 assensum,
526 2855 611 2909 ait
640 2854 980 2927 Anastasius
1006 2853 1171 2925 (num.
1206 2852 1326 2927 483)
1341 2852 1610 2911 Marinus
1636 2857 1754 2911 im—

91 2928 349 2997 perialis
372 2927 720 2996 spatharius,
749 2926 850 2995 qui
880 2927 1192 2981 Romanum
1213 2926 1483 2982 duoatum
1508 2927 1749 2995 tenebat,

89 3013 120 3053 a
148 2998 318 3070 regia
350 3000 557 3070 missus
590 2997 748 3070 urbe,
781 2997 1132 3070 imperatore
1149 3000 1452 3053 mandante
1478 2998 1584 3053 hoc
1618 3012 1756 3067 pro-

93 3067 273 3125 bavit.
308 3088 338 3118 υ
364 3069 506 3124 Hinc
529 3067 774 3124 defectio
795 3068 985 3123 omnis
1010 3068 1189 3123 Italia:
1213 3077 1378 3124 antea
1408 3076 1753 3138 memorata;

96 3141 481 3197 hinccreatis
496 3139 713 3209 ubique
738 3138 989 3195 ducibus
1011 3154 1316 3196 excussum
1337 3141 1541 3210 jugum
1569 3142 1758 3209 impe-

1862 1931 2092 2005 nomine
2120 1931 2597 2005 Patrimoniorum
2621 1950 2645 2005 _;
2680 1946 2922 2002 quorum
2961 1931 3183 1990 reditus
3217 1944 3373 2005 parte
3400 1931 3512 1994 (ιθ-ἰ

1858 2002 2007 2056 cima
2040 2002 2376 2071 pinguiores
2399 2008 2583 2070 erant,
2617 2003 2676 2057 in
2709 2004 3009 2060 ministros
3032 2002 3394 2065 exactionum
3430 2010 3513 2066 in-

1860 2073 2009 2127 sumi
2042 2072 2680 2152 solita..Ha3c_p_rofecto
2712 2075 2763 2152 si
2801 2075 3349 2152 animadvertantur,
3388 2086 3510 2136 tum

1859 2157 2081 2217 omnem
2120 2143 2286 2217 nobis
2323 2145 2574 2217 eripient
2614 2145 3053 2217 admirationem
3093 2149 3166 2203 ob
3204 2143 3511 2207 immensas

1860 2214 2197 2283 pontiﬁcum
2244 2215 2602 2285 largitiones,
2650 2214 3020 2273 basilicarum
3061 2219 3511 2277 instaurationes

1857 2286 2118 2358 aliosque
2170 2287 2427 2356 ingentes
2480 2294 2764 2356 sumptus,
2829 2291 2929 2358 qui
2982 2295 3233 2345 nostram
3289 2298 3513 2348 aetatem

1858 2355 2149 2429 referunt;
2176 2355 2391 2429 necnon
2418 2358 2490 2412 ob
2517 2355 2828 2414 identidem
2847 2355 3214 2429 'perpetratas
3240 2375 3272 2417 a
3299 2362 3514 2419 barba-

1861 2427 1942 2505 ris
1965 2428 2311 2505 _pat_riarchii
2347 2431 2742 2505 Lateranensis
2770 2427 3175 2505 expilationes,
3203 2434 3514 2505 jussasque

1860 2498 1930 2552 ab
1964 2499 2168 2553 iisdem
2203 2513 2457 2555 summas
2491 2500 2797 2555 immensas
2826 2498 2895 2555 ad
2931 2498 3507 2561 redimendaablaia:

1861 2570 2066 2643 tumin
2093 2570 2398 2643 maximam
2425 2571 2737 2643 conjicient
2763 2571 2835 2643 ob
2855 2572 3065 2627 divinae
3081 2576 3514 2643 omnipotentiae

1861 2640 2196 2695 consilium.
2226 2642 2470 2696 Vixdum
2496 2642 2647 2696 enim
2675 2642 2892 2711 impius
2920 2645 3211 2701 Isauricus
3232 2640 3517 2703 Patrimo-

1861 2712 1956 2765 nia
2005 2711 2101 2784 SS.
2144 2714 2457 2781 principum
2503 2713 2887 2782 apostolorum,
2933 2730 3054 2784 quae
3089 2717 3219 2771 olim
3259 2719 3517 2775 Ecclesiis

1861 2784 1993 2855 auri
2041 2783 2352 2845 dimidium,
2398 2787 2449 2837 et
2484 2786 2593 2837 tria
2634 2783 2986 2851 conferebant
3026 2790 3242 2855 argenti
3284 2791 3515 2855 talenta,

1856 2854 2094 2922 publicae
2134 2856 2338 2927 rationi
2374 2856 2580 2927 emsolvi
2598 2859 2861 2925 praecepit
2888 2854 3155 2927 (Theoph.
3202 2861 3261 2913 in
3296 2854 3515 2927 Leone),

1865 2927 2014 2997 quod
2050 2924 2249 2997 nullus
2282 2924 2970 2994 praadecessorum’aus'us
2999 2924 3139 2997 erat,
3174 2929 3324 2986 vidit
3351 2924 3517 2989 exai—F

1863 2995 1984 3070 ειη-ἰ-
2016 2996 2347 3070 Ecclesiam,
2390 3010 2453 3070 se
2478 3002 2667 3070 autem
2697 2998 2756 3070 in
2799 2998 2925 3070 dies
2965 2995 3148 3070 magis
3188 3001 3515 3060 humiliari.

1863 3066 2104 3121 Perinde
2150 3065 2362 3140 factum
2398 3068 2659 3140 diximus
2686 3069 2755 3124 de
2794 3065 3184 3140 Langobardis
3232 3073 3291 3127 in
3321 3080 3520 3131 sancta

1868 3150 2070 3215 manus
2095 3139 2364 3193 scelestas
2401 3138 2702 3215 extendere
2733 3152 2841 3194 non
2874 3138 3225 3215 verentibus.
3257 3143 3336 3199 Ac
3368 3160 3522 3215 prae-

93 3213 186 3303 mii;
215 3212 640 3303 bincidenique.
661 3211 1001 3303 origo.ceria
1029 3211 1275 3293 ditionis
1308 3208 1573 3267 Ecclesia:
1604 3208 1755 3303 mam
1790 3240 1839 3303 Ο
1868 3215 2018 3303 terea
2051 3208 2839 3303 innumeranaﬁ‘nerrihpossent
2871 3211 3128 3303 exempla
3159 3208 3517 3298 huiusmodi,

92 3284 452 3339 Ravennates
481 3282 593 3351 ipsi
629 3282 685 3336 in
720 3287 907 3350 partes
936 3282 1137 3353 divisi,
1175 3296 1303 3352 pars
1329 3297 1525 3338 eorum
1557 3283 1759 3351 ponti—

93 3355 207 3425 ﬁci,
242 3368 383 3423 pars
411 3353 741 3425 imperatori
766 3353 1155 3408 adhaeserunt:
1174 3354 1296 3423 ipse
1316 3354 1598 3425 exarchus
1621 3355 1759 3408 Pau-

94 3423 203 3481 lus'
233 3439 446 3492 caesus,
493 3424 728 3494 duxque
775 3425 1158 3479 Romanorum
1212 3426 1411 3481 Petrus
1454 3423 1752 3480 afﬂictus:

92 3504 281 3552 castra
307 3496 493 3551 multa
518 3502 575 3551 et
604 3494 815 3565 oppida
850 3496 908 3550 in
941 3495 1172 3551 rEmilia
1198 3502 1255 3551 et
1283 3496 1577 3566 Pentapoli
1608 3497 1757 3550 Lan-

97 3568 376 3637 gobardis
405 3580 466 3622 se
498 3567 716 3622 dedunt
748 3584 760 3619 :
794 3567 1114 3636 Eutychius
1155 3568 1532 3622 exarchorum
1564 3573 1759 3621 extre-

115 3653 238 3695 mus
271 3639 494 3694 missus
518 3637 676 3706 Cpoli
730 3637 787 3692 in
831 3638 963 3693 czesi
994 3637 1154 3693 Pauli
1183 3638 1391 3704 locum,
1423 3642 1488 3692 ut
1514 3637 1759 3706 impium

104 3711 462 3765 instauraret
510 3707 737 3763 facinus
787 3708 847 3763 in
902 3715 1217 3764 Romanum
1275 3708 1621 3779 pontiﬁcem,
1672 3721 1761 3763 res

102 3781 277 3835 Italia:
306 3781 535 3836 accisas
566 3780 882 3849 inveniens,
916 3781 1154 3835 Romani
1185 3781 1438 3849 ejusdem
1472 3779 1763 3848 pontiﬁcis

100 3852 342 3922 supplex
374 3851 662 3907 auxilium
714 3850 1001 3922 implorat,
1034 3864 1067 3905 a
1098 3864 1210 3921 quo
1254 3849 1604 3906 defenditur.
1637 3852 1764 3905 Dux

101 3930 288 3979 autem
317 3923 713 3977 Romanorum
743 3921 1087 3991 Stephanus,
1121 3922 1272 3977 Petri
1303 3936 1617 3988 successor,
1649 3934 1761 3977 non

104 3995 359 4063 amplius
389 3993 461 4048 ab
494 3993 738 4063 imperio
764 3993 987 4062 pendet,
1015 3994 1109 4048 sed
1135 4005 1167 4047 a
1192 3994 1444 4048 Romano
1473 3992 1759 4062 pontiﬁce.

100 4065 371 4129 Gregorii
402 4065 477 4120 III
509 4070 655 4120 nutu
684 4062 970 4119 obsessam
994 4077 1024 4119 a
1054 4063 1409 4129 Liutprando
1437 4064 1642 4119 Urbem
1672 4065 1764 4118 de-

101 4133 283 4193 fendit
325 4155 341 4206 ς
391 4136 448 4191 8.
477 4134 781 4206 Zachariae
833 4135 1117 4206 mandatis
1161 4135 1579 4205 obtemperans,
1624 4136 1762 4191 dum

106 4207 252 4263 idem
289 4205 551 4277 pontifex
584 4207 904 4261 Ravennam
939 4205 1327 4275 proﬁciscitur
1358 4208 1617 4262 tuiturus
1646 4207 1765 4261 Ex-

102 4278 372 4335 arcbum.
407 4292 527 4333 eam
563 4279 859 4349 gubernat.
897 4277 1209 4349 Historiam
1243 4277 1388 4335 hanc
1417 4283 1592 4333 totam
1624 4290 1765 4332 nar-

105 4348 593 4420 ratiAnastasius,
628 4362 797 4419 quam
830 4362 931 4420 ego
963 4348 1238 4418 explicui,
1276 4362 1386 4403 non
1410 4348 1755 4420 exCOgitavi.

96 4419 363 4491 Mullam,
401 4427 464 4476 ut
493 4418 768 4488 vidimus,
801 4418 1005 4475 novam
1051 4420 1355 4491 regiminis
1388 4418 1635 4491 formam
1666 4420 1759 4474 SS.

98 4491 408 4558 pontiﬁces
459 4492 772 4560 Gregorius
822 4492 891 4547 IlI
937 4496 992 4547 et
1032 4490 1334 4546 Zacharias
1383 4490 1759 4560 induxerunt,

94 4561 271 4617 iidem
309 4569 498 4617 tamen
532 4575 746 4632 magnae
779 4576 967 4617 rerum
1002 4562 1183 4633 partis
1225 4560 1629 4633 potiebantur;
1659 4574 1761 4616 ea-

1869 3279 2019 3333 unde
2062 3279 2296 3354 evidens
2338 3279 2831 3354 ﬁeret_Ch_ristum
2880 3293 3162 3354 pugnasse
3203 3279 3427 3354 semper
3456 3279 3517 3341 iu

1868 3362 2040 3423 manu
2086 3348 2227 3423 forti
2266 3364 2366 3423 pro
2399 3348 2846 3423 Ecclesiahcum
2876 3348 3130 3423 ejusdem
3167 3348 3520 3412 vicariorum

1866 3420 2060 3490 gladio
2104 3420 2349 3490 ancipiti
2397 3420 2767 3476 irreverentes
2809 3421 3099 3491 principes
3139 3423 3518 3483 insultarunt.

1866 3491 2083 3545 Summi
2115 3492 2267 3546 enim
2302 3491 2601 3561 pontiﬁces
2643 3497 2705 3547 ut
2736 3491 2883 3547 bona
2926 3493 3187 3550 Ecclesia:
3226 3496 3525 3553 vindicent

1871 3561 1975 3617 illo
1999 3576 2220 3640 semper
2240 3569 2378 3618 sunt
2396 3563 2515 3640 _usi_,
2539 3576 2872 3640 semperque
2899 3568 3396 3640 utentur,_q_uippe
3418 3569 3520 3640 qui

1873 3645 1983 3687 non
2019 3634 2298 3689 inhaerent
2327 3634 2449 3689 solo
2475 3634 2607 3703 jure
2640 3634 3003 3703 Patrimonii,
3033 3642 3094 3690 ut
3125 3634 3522 3695 aiebat'Bla'u-

1871 3704 2102 3771 cbinus,
2127 3706 2222 3779 sed
2254 3705 2372 3759 alio
2404 3705 2615 3774 potiori
2648 3704 2869 3761 divinis
2896 3719 2927 3760 e
2954 3706 3178 3777 legibus
3202 3717 3519 3779 emanante,

1874 3788 1987 3843 quo
2039 3789 2129 3829 res
2173 3777 2285 3831 Deo
2328 3789 2503 3831 sacrae
2549 3789 2647 3845 per
2693 3790 2979 3831 summum
3027 3779 3125 3833 Dei
3172 3777 3523 3838 sacerdotem

1876 3847 2267 3921 procurandae,
2320 3848 2697 3921 possidendas,
2726 3848 3059 3921 retinendae
3102 3854 3158 3905 et
3209 3854 3526 3921 repetenda:

1872 3922 2012 3994 sunt
2031 3930 2063 3972 a
2085 3918 2389 3994 sacrilegis
2413 3918 2873 3994 usurpaioribus,
2901 3920 3129 3994 quoties
3146 3918 3519 3994 occupentur.

1878 3987 2012 4058 Viue
2051 3994 2207 4043 notas
2245 3990 2538 4043 Blanchini
2565 3989 2641 4043 ad
2673 3987 3028 4058 Sylvestritm,
3060 3993 3236 4057 infra.

1942 4055 2030 4113 25.
2067 4060 2249 4137 Pauca
2272 4060 2523 4137 hiecnon
2556 4055 3183 4137 potuiquin_aﬁ‘errem,
3214 4069 3278 4137 ut
3296 4064 3525 4137 liquido

1872 4136 2160 4205 constaret
2192 4130 2422 4205 legenti,
2456 4132 2525 4187 ad
2556 4137 2767 4205 sanctae
2796 4132 2951 4188 sedis
2975 4146 3065 4188 res
3106 4130 3255 4205 quod
3297 4130 3524 4195 attinet.

1872 4199 2472 4280 Baronii_seiitentiai_n
2506 4202 2671 4280 sequi
2704 4210 2986 4280 o_por_tere,
3021 4199 3368 4280 noniPagii‘;
3397 4210 3524 4280 qui,

1873 4276 1938 4325 ut
1963 4272 2161 4327 multis
2182 4274 2345 4329 novis
2367 4273 2538 4329 rebus
2558 4273 2806 4329 Annales
2824 4272 3529 4338 Ecclesiasticosillusiral

1871 4342 1987 4396 veri
1994 4344 2301 4417 tpraasidio
2316 4351 2756 4417 monumentoru
2767 4362 2812 4399 m
2827 4360 2953 4417 qua:
2968 4353 3094 4417 post
3107 4355 3339 4406 mortem
3359 4351 3526 4409 illius

1871 4414 2212 4481 prodierunt
2235 4415 2292 4470 in
2316 4415 2521 4485 lucem,
2548 4414 2869 4487 meliusque
2892 4414 3091 4473 inierit
3114 4421 3364 4477 rationes
3391 4428 3528 4479 tem-

1872 4497 2096 4563 porum,
2118 4500 2229 4563 non
2244 4501 2605 4563 _pauca,_qu:e
2624 4487 2963 4563 doctissimi)
2984 4490 3264 4563 cardinali
3288 4492 3519 4563 objecit,

1869 4554 2407 4633 siluissetutilius.
2454 4554 2624 4626 quue
2672 4570 2781 4633 non
2834 4556 3069 4633 difﬁcile
3114 4554 3519 4633 deptgbe'ndet,

94 4640 476 4711 que_propter
506 4625 657 4711 quod
687 4625 1021 4711 suum-erat:
1034 4633 1105 4711 ab
1134 4625 1500 4688 invasoribus
1532 4625 1758 4711 Lango-
1783 4633 1839 4693 D
1870 4640 2036 4711 quem
2057 4629 2152 4707 sed
2165 4625 2989 4711 ulo‘utrumqueconferre‘uon
3010 4625 3519 4711 pi‘geat'._Equ_idei_n

90 4702 291 4759 bardis
342 4706 687 4775 repetebant,
732 4711 787 4759 et
820 4704 879 4758 hi
911 4705 1169 4760 vicissim
1211 4710 1478 4773 tanquam
1525 4705 1756 4775 pr0pria

91 4776 399 4843 pontiﬁcis
423 4780 479 4831 et
512 4774 681 4831 urbes
709 4782 764 4829 et
792 4776 1003 4844 oppida
1030 4776 1428 4830 restituerunt.
1458 4776 1539 4829 Ita
1568 4774 1755 4843 regale

89 4847 515 4914 sacerdotium,
554 4860 669 4916 quo
698 4845 923 4902 nullum
956 4846 1235 4913 sanctius,
1278 4846 1503 4901 nullum
1533 4850 1620 4900 est
1649 4845 1755 4900 ﬁr—

90 4918 242 4974 mius
265 4919 337 4973 in
360 4917 498 4974 orbe
524 4923 828 4985 terrarum,
855 4918 1137 4988 originem
1162 4917 1366 4973 habuit
1387 4931 1556 4988 quam
1580 4930 1753 4987 regna

86 4997 292 5046 caetera
349 4989 789 5057 praeclariorem.
838 4989 1106 5044 Studium
1146 4987 1422 5044 nimirum
1470 4994 1526 5043 et
1572 4987 1752 5057 pietas

42 5062 47 5069 '
92 5061 455 5131 papulorum
485 5060 669 5129 primo
693 5059 838 5114 illud
870 5060 1153 5127 instituit,
1175 5059 1383 5115 deinde
1407 5059 1750 5131 Francorum

88 5130 286 5203 regum
318 5131 720 5203 muniﬁcentia
749 5132 1070 5203 accedente,
1098 5145 1224 5203 quae
1254 5132 1468 5186 virtute
1492 5137 1548 5185 et
1566 5130 1754 5203 armis

82 5199 473 5259 barbarorum
501 5201 768 5258 manibus
787 5199 1330 5273 scelestissimisque
1357 5202 1610 5257 Orientis
1638 5202 1755 5273 im—

48 5270 61 5343 L
82 5272 465 5341 peratoribus
503 5273 786 5343 eripuere,
828 5287 892 5329 ea
934 5270 1255 5343 diplomate
1283 5273 1616 5329 donationis
1647 5272 1756 5343 ﬁre

86 5353 236 5402 mata
296 5342 972 5416 perpetuo’possidenda
1006 5342 1138 5400 ’sedi
1172 5344 1506 5416 apostolicae
1555 5342 1750 5416 largiti

76 5425 235 5473 sunt.
270 5414 643 5472 Donationis
656 5416 935 5472 Carolina:
963 5415 1285 5484 exemplum
1310 5428 1377 5470 ex
1402 5416 1597 5471 codice
1629 5414 1753 5484 Far-

70 5490 350 5557 nesiano,
385 5487 574 5543 Caroli
594 5501 713 5543 aevo
734 5488 1044 5557 descripto,
1065 5481 1280 5542 videsis
1302 5485 1471 5557 infra,
1494 5485 1603 5542 col.
1622 5481 1747 5555 225,

103 5559 468 5630 ἀφίησι-ειη
498 5558 788 5615 dictorum
836 5558 1183 5614 ﬁrmitatem.

136 5628 231 5684 24.
268 5627 465 5700 ’ρυοιι
512 5630 563 5685 si
611 5631 766 5700 quis,
811 5630 982 5701 Pagio
1020 5629 1337 5701 adhaerens,
1372 5627 1595 5701 litteras
1623 5639 1753 5701 cum

136 5701 272 5756 dem
316 5697 761 5769 interpretatus
795 5697 915 5757 erit
948 5700 1214 5770 Gregorii
1264 5699 1337 5754 III
1376 5698 1446 5753 ad
1488 5697 1754 5770 Carolum

123 5772 445 5840 artellum,
476 5768 747 5840 majorem
783 5773 989 5828 domus
1013 5768 1287 5832 Francize,
1317 5770 1376 5824 in
1413 5768 1627 5838 quibus
1645 5769 1755 5824 do-

124 5851 147 5896 t
188 5847 246 5897 s.
299 5839 598 5914 pontifex,
655 5843 807 5912 quod
863 5840 1173 5914 quidquid
1210 5840 1496 5914 reliquum
1536 5846 1657 5914 erat
1696 5840 1756 5895 in

172 5909 355 5971 tibiis
436 5909 860 5970 Ravennatium
879 5909 1047 5986 'pro‘
1084 5909 1353 5967 subsidio
1386 5914 1437 5964 et
1504 5910 1759 5966 alimento

58 5738 123 5806 Ei

58 5806 160 6137 F

1866 4698 2149 4776 audacius
2173 4697 2615 4776 fortassequam
2644 4711 2743 4765 par
2766 4703 2907 4776 erat,
2939 4697 3326 4776 eruditissimi
3352 4704 3514 4776 Pagii

1862 4768 2166 4842 Opiniones
2195 4770 2263 4842 ad
2295 4768 2574 4842 trutinam
2607 4770 2886 4842 revocavi,
2915 4782 3084 4839 quam
3110 4784 3241 4842 rem
3276 4768 3516 4842 ipseuiet

1861 4852 2008 4911 aagre
2034 4838 2187 4904 fero;
2219 4840 2290 4895 de
2319 4840 2600 4911 scriptore
2623 4839 2776 4895 enim
2798 4840 2992 4911 agitur
3022 4841 3122 4911 qui
3152 4838 3363 4899 tantam
3395 4845 3514 4901 sibi

1859 4910 2009 5000 apud
2038 4923 2232 4991 omnes
2257 4909 2693 5000 iesiimationem
2713 4909 2856 5000 et‘ad
2862 4909 3228 5000 mirationem
3254 4915 3509 5000 collegit,

1862 4984 1925 5064 ut
1948 4982 2160 5064 passim
2181 4982 2466 5064 annalista
2481 4980 2745 5064 omnium
2768 4979 2937 5035 facile
2958 4982 3225 5064 princeps
3247 4979 3514 5064 praedice;

1861 5056 1973 5106 tur.
1988 5053 2107 5107 Huc
2118 5052 2498 5122 acceditquod
2515 5052 2775 5123 quamvis
2788 5052 3032 5121 propria:
3043 5052 3340 5123 opinionis
3352 5064 3512 5115 tuen-

1859 5124 1945 5179 dae
1964 5137 2156 5191 causa,
2190 5124 2487 5178 confutare
2515 5122 2761 5178 alienam
2788 5136 3009 5193 semper
3029 5122 3218 5193 licuit,
3245 5142 3507 5186 nonnun-

1862 5209 2031 5265 quam
2053 5201 2237 5267 tamen
2261 5207 2440 5265 genus
2456 5194 2606 5267 vita),
2630 5194 2907 5267 conditio,
2926 5200 3063 5251 mtas
3080 5198 3387 5267 prohibent
3403 5201 3505 5257 hu-

1854 5267 2107 5338 jusmodi
2129 5265 2365 5339 licentia
2382 5266 2467 5339 uti
2490 5284 2505 5339 5
2526 5278 2635 5321 non
2652 5266 2805 5321 enim
2824 5265 3055 5339 ingenia
3075 5265 3267 5326 omnia
3282 5272 3351 5327 ad
3369 5272 3507 5328 alie-

1863 5353 1934 5394 na
1949 5339 2162 5407 scripta
2178 5338 2543 5393 discutienda
2554 5350 2867 5408 eorumque
2882 5338 3281 5398 auctoritatem
3301 5341 3509 5401 infrin-

1861 5410 2099 5535 gendam
2122 5414 2327 5464 natura
2348 5408 2534 5463 ﬁnxit.
2563 5409 2833 5464 Praeterea
2856 5409 2913 5465 id
2936 5411 3186 5481 graviori
3211 5427 3296 5469 me
3318 5428 3503 5485 repre-

1902 5481 2137 5535 ensione
2155 5480 2396 5535 dignum
2419 5479 2607 5535 faciet.
2631 5480 2780 5535 quod
2805 5493 2972 5535 quem
2988 5489 3277 5535 auctorem
3297 5485 3367 5535 ad
3391 5488 3503 5535 sin.

1902 5481 2137 5551 ensione
2155 5480 2396 5551 dignum
2419 5479 2607 5549 faciet,
2631 5480 2780 5551 quod
2805 5479 2972 5551 quem
2988 5489 3277 5539 auctorem
3297 5485 3367 5541 ad
3382 5479 3507 5544 'sin-

1903 5552 2029 5608 ulos
2065 5550 2191 5626 fere
2215 5550 2426 5626 passus
2454 5550 2743 5619 consului,
2786 5550 2886 5607 ubi
2921 5553 3256 5626 _spinosiora
3292 5563 3507 5626 puncta

1891 5627 2099 5699 uerunt
2141 5622 2328 5699 obvia,
2378 5621 2448 5699 ab
2490 5635 2555 5679 eo
2590 5636 2717 5699 _uon
2764 5624 2939 5699 semel
2966 5621 3310 5699 'defecerim,
3350 5630 3503 5699 quod

1866 5694 2079 5769 ingrati
2119 5693 2300 5748 animi
2341 5693 2551 5749 vitium
2583 5693 2824 5751 fortasse
2863 5694 3081 5769 aliquis
3123 5693 3504 5769 nuncupabit.

1863 5764 1973 5833 Qui
2004 5770 2194 5820 autem
2232 5778 2398 5821 secus
2430 5779 2515 5820 me
2544 5779 2813 5835 gererem,
2841 5765 3188 5836 quandoque
3224 5764 3510 5829 doctissi-

1869 5850 2042 5908 mumi
2068 5836 2417 5908 cardinalem
2460 5834 2786 5908 Baronium,
2836 5834 3062 5908 injuria
3094 5834 3505 5908 reprehensum

1865 5906 2156 5976 aspiciens
2181 5906 2522 5978 quandoque
2549 5906 2721 5963 etiam
2748 5905 3012 5977 praesulis
3038 5905 3341 5968 Blanchini
3371 5910 3509 5980 Opi-
