3962 6164
228 246 332 307 824

1298 251 1505 309 CENNI
1542 251 1903 311 PREFATIO
1938 252 2033 310 AD
2071 252 2417 312 CHRONOL.
2455 253 2601 324 SEQ.

3528 249 3640 313 822

222 377 346 452 hat,
376 381 433 434 et
458 391 557 452 rex
588 377 903 449 legitimus,
927 379 1038 452 qui
1057 378 1171 452 fuit
1193 382 1454 437 venenati
1484 380 1732 452 liquoris
1759 392 1876 436 sce-
1900 379 1961 441 A
1988 381 2293 438 emortuali
2336 380 2403 438 43
2428 383 2560 436 Jun.
2593 380 2814 452 illigari
2868 384 3095 450 oportet
3122 381 3209 438 vel
3245 396 3456 452 paucos
3499 386 3633 440 ante

222 449 372 523 lesta
394 449 667 523 unctione
684 462 787 523 seu
821 449 1051 519 potione
1074 450 1131 506 in
1168 453 1448 508 insaniam
1481 449 1678 508 versus
1706 453 1875 523 inva—
1987 452 2111 509 dies
2135 455 2381 523 desumi,
2400 468 2528 511 cum
2552 449 2735 508 eidem
2757 449 3421 523 :egrotantitertio'regni
3443 468 3631 511 mense

220 521 380 595 seris
399 520 654 595 ejusdem
672 521 863 595 jussu,
891 523 1225 595 numerabat
1248 524 1405 595 regni
1430 525 1757 595 suianuum
1785 521 1871 579 40.

222 593 440 666 Pagius
470 591 857 666 Adaloaldum'
883 594 1124 666 rediisse
1167 594 1224 649 in
1257 591 1489 666 regnum
1520 594 1662 650 falso
1690 601 1871 665 putat,

214 665 252 718 d
264 663 454 735 uobus
480 664 868 719 monumentis
881 664 1152 735 deceptus
1164 665 1246 734 (in
1261 663 1471 720 Bulla-2n
1504 663 1712 720 Cassia)
1734 672 1872 722 tom.

211 734 284 803 Il)
317 749 448 804 quae
493 734 753 789 vitiatam
797 749 909 804 prie
939 750 999 790 se
1028 734 1235 792 ferunt
1264 738 1472 793 datam.
1524 738 1873 793 lndictiones

215 805 435 860 habent
484 805 760 860 nimirum
808 820 880 861 xv
926 814 982 862 et
1030 821 1067 868 ι.
1102 808 1270 863 annis
1300 807 1575 866 Adaloadi
1610 806 1676 864 46
1721 815 1775 864 et
1806 805 1872 863 47

210 878 283 949 ad
285 877 525 949 junctas
549 889 739 931 mense
753 876 1042 949 Augusto;
1060 894 1187 934 cum
1203 879 1510 936 doceamur
1528 880 1870 935 documento

207 947 612 1022 alioiejusdem
646 947 865 1002 mensis
907 947 1113 1022 indict.
1156 965 1215 1004 ιι
1257 951 1521 1022 (Ughell.,
1548 952 1676 1005 Ital.
1719 950 1865 1021 Sac.,

208 1024 251 1073 t.
308 1018 397 1092 IV)
442 1018 499 1092 in
550 1032 728 1092 cursu
785 1033 908 1092 esse
957 1019 1121 1092 illius
1162 1018 1376 1092 annum
1432 1022 1486 1089 3,
1512 1018 1585 1078 ac
1631 1018 1868 1092 proinde

208 1088 515 1159 praedictis
546 1088 748 1145 indict.
786 1091 1032 1146 indicari
1062 1105 1244 1147 annos
1274 1090 1342 1149 42
1369 1098 1427 1148 et
1457 1091 1542 1149 43.

208 1175 309 1217 ror
341 1175 453 1216 cur
474 1160 649 1230 Pagio
680 1165 1034 1230 perspectum
1066 1176 1178 1218 non
1206 1161 1384 1219 fuerit
1410 1183 1427 1227 ε
1460 1160 1610 1220 ηειιιί
1636 1164 1867 1219 laudata

208 1238 585 1304 monumenta
601 1232 856 1301 ejusdem
872 1232 1111 1288 Bullarii
1134 1235 1546 1303 praeitdonatio
1562 1234 1861 1304 Agilulphi

282 1250 344 1289 )n
355 1250 585 1288 umenta
601 1250 651 1301 ὃ]
664 1250 856 1288 41508411
872 1250 1111 1288 uuuaru
1134 1250 1546 1303 praeituonatio
1562 1250 1605 1290 Α
1650 1250 1861 1304 ιιιιιριιι

282 1304 438 1358 riter
452 1303 678 1388 vitiata,
699 1303 912 1388 quippe
930 1318 1054 1388 qua
1067 1317 1280 1361 annum
1300 1250 1686 1388 AgilulphiﬁS
1697 1320 1867 1375 copu-

1565 1093 1724 1163 Quod
1751 1093 1868 1147 mi-

225 1380 291 1459 at
310 1388 446 1429 cum
471 1375 673 1459 indict.
691 1389 744 1427 v.
762 1375 1023 1459 Augusto
1037 1388 1249 1459 mense,
1268 1375 1369 1459 qui
1382 1383 1504 1432 erat
1518 1380 1866 1459 coniungen-

200 1445 469 1518 dus_cum
499 1446 746 1518 ind.xu.
775 1450 839 1501 ut
855 1460 921 1501 ex
939 1445 1115 1502 dictis
1129 1447 1188 1502 in
1207 1445 1465 1518 catalogo
1490 1445 1639 1504 satis
1654 1445 1855 1518 liquet.

398 1517 717 1590 Operosius
739 1517 1042 1590 aliquanto
1067 1523 1154 1573 est
1169 1516 1859 1590 Diaconi’chronologiam

199 1587 467 1643 evolvere
488 1587 560 1643 ab
588 1588 762 1643 initio
789 1588 1060 1644 Rotharis
1083 1590 1151 1645 ad
1184 1590 1537 1646 invasionem
1566 1587 1862 1647 Grimoal-

199 1660 259 1714 di
292 1678 312 1723 ;
348 1658 648 1715 Rotharim
679 1660 894 1729 quippe
922 1660 1175 1730 incipere
1208 1674 1359 1717 anno
1387 1660 1492 1717 636
1527 1663 1644 1730 jam
1701 1662 1863 1717 vidi-

1990 528 2052 581 ut
2099 524 2563 595 gratiﬁcarentur
2615 522 2993 596 Langobardi,
3042 522 3226 579 ﬁlium
3269 522 3403 596 ejus
3441 526 3631 583 adhuc

1985 596 2321 664 superstitis
2365 598 2691 652 levaverunt
2723 595 2749 648 :’
2773 595 3022 664 tametsi,
3072 608 3140 650 ne
3171 596 3230 649 in
3264 595 3480 651 incerto
3513 610 3628 652 rem

1986 667 2230 739 positam
2262 682 2492 739 sequar,
2518 667 2669 723 diem
2694 665 3266 739 ipsamemortualem
3302 665 3626 739 Ansprandi

1983 734 2232 809 43ilunii
2265 734 2613 809 principium
2636 734 2794 809 regni
2823 737 3162 809 Liutprandi
3182 738 3521 793 constituto.

2052 807 2144 865 34.
2176 807 2489 881 EaprOpter
2515 807 2823 879 utriusque
2844 808 3015 881 regis,
3034 807 3356 881 Grimoaldi
3382 816 3436 864 et
3460 809 3626 881 Liut:

1982 882 2210 950 prandi,
2230 876 2517 952 principia
2536 876 2778 936 invicem
2800 876 2943 952 mihi
2971 880 3540 952 disjungunturannj
3559 876 3628 952 49

1978 948 2036 1023 et
2058 948 2292 1023 menses
2323 948 2567 1023 aliquot.
2602 965 2731 1007 nam
2764 948 3345 1023 totidemejcurrunt
3366 948 3536 1023 a_683
3555 951 3626 1007 ad

1975 1020 2100 1079 742.
2134 1025 2309 1081 Paulo
2332 1019 2520 1081 autem
2542 1024 2793 1079 Diacono
2813 1029 2950 1078 sunt
2972 1019 3079 1079 552
3102 1028 3158 1077 et
3186 1021 3453 1078 nonnulli
3483 1035 3632 1079 meu-

1978 1108 2102 1150 ses:
2136 1095 2240 1165 dat
2268 1096 2558 1165 siquidem
2607 1093 2939 1165 Grimoaldo
2963 1105 3145 1165 annos
3170 1090 3627 1165 97;_Bertharido,

1979 1163 2163 1236 post3
2193 1162 2414 1223 menses
2438 1173 2649 1235 creato,
2699 1162 2804 1236 48;
2838 1164 3152 1220 Cuniberto
3196 1162 3283 1234 42,
3328 1162 3627 1236 Liutberto

1978 1234 2156 1292 mens.
2186 1236 2223 1292 8
2246 1255 2261 1307 ;
2283 1240 2550 1309 Ariperto
2580 1234 2673 1292 an.
2710 1234 2805 1309 42,
2843 1236 3242 1309 incompletos,
3276 1234 3623 1309 quibuscum

1977 1307 2521 1383 numeratpincertos
2570 1307 2941 1380 Ragumberti
2985 1318 3245 1383 menses,
3299 1319 3366 1362 ac
3395 1307 3624 1383 demum

1973 1380 2311 1448 Ansprando
2335 1381 2434 1436 dat
2464 1377 2687 1435 menses
2712 1387 2828 1436 tres
2859 1396 2872 1432 :
2899 1379 3001 1448 qui
3032 1379 3093 1434 in
3119 1391 3400 1435 summam
3425 1377 3623 1434 collati

1973 1447 2228 1506 efﬁciunt
2256 1464 2437 1507 annos
2465 1449 2537 1507 52
2567 1458 2624 1506 et
2653 1451 2799 1507 duos
2843 1447 2961 1506 fere
3009 1463 3250 1507 menses.
3286 1448 3492 1505 Omnia
3531 1453 3628 1504 tao

1974 1523 2456 1595 menprocedent,
2482 1523 2531 1579 si
2564 1523 2741 1595 trium
2768 1522 3026 1595 priorum
3053 1535 3248 1595 regum
3280 1531 3464 1595 annos
3492 1533 3619 1575 cum

1971 1593 2266 1662 Sigeberto
2295 1600 2351 1648 et
2384 1593 2807 1649 recentioribus
2839 1591 3216 1662 incompletos
3244 1591 3618 1662 accipiamus,

1973 1669 2037 1737 ut
2064 1665 2121 1737 in
2156 1665 2414 1737 catalogo
2448 1665 2721 1737 iudicavi,
2754 1664 2912 1737 quod
2935 1661 3057 1733 ipse
3081 1664 3378 1737 p_i_aconus
3414 1661 3623 1718 fatetur

201 1744 336 1787 mus
369 1732 702 1806 ;_invasum_
726 1735 915 1786 autem
966 1729 1147 1806 fuisse
1200 1747 1435 1806 regnum
1469 1748 1500 1788 a
1525 1729 1859 1806 Grimoaldo
1890 1741 1938 1800 Β
1969 1735 2039 1790 de
2070 1729 2375 1791 Bertarido
2394 1736 2508 1806 (lib.
2549 1751 2601 1806 v,
2652 1729 2807 1806 atpp.
2847 1732 2919 1790 35
2960 1729 3018 1788 ἐι
3076 1731 3184 1806 37),
3234 1748 3335 1789 nec
3385 1739 3623 1789 mortem

198 1815 360 1857 anno
382 1800 490 1857 663
522 1801 818 1876 manifeste
847 1803 1102 1858 ostendit
1151 1800 1421 1874 prologus
1461 1806 1587 1874 ejus
1618 1805 1804 1876 legum
1841 1823 1852 1858 :

195 1879 368 1928 Anno
391 1876 500 1927 Deo
524 1875 766 1943 propitio
790 1876 1061 1940 regnimei
1078 1880 1249 1944 sexto,
1269 1890 1447 1930 mense
1473 1877 1637 1937 Julia,
1662 1876 1855 1929 indict.

194 1958 275 2008 χι,
317 1958 450 2013 quae
474 1957 688 1999 annum
716 1945 935 2000 indicat
963 1944 1086 2000 668.
1120 1946 1307 2015 Quare
1352 1947 1502 2002 inter
1526 1945 1633 2003 636
1671 1952 1727 2001 et
1755 1944 1860 2001 663

193 2020 334 2071 ante
357 2029 608 2071 mensem
633 2016 849 2072 Julium
872 2026 1084 2085 septem
1110 2025 1166 2072 et
1182 2017 1389 2085 viginti
1408 2019 1542 2073 anni
1563 2018 1739 2074 solidi
1760 2031 1861 2072 nuv

197 2092 520 2158 merantu_r,
553 2102 682 2143 cum
714 2094 1020 2158 occurrant
1048 2089 1196 2158 apud
1242 2086 1557 2144 Diaconum
1588 2089 1725 2144 anni
1765 2086 1853 2158 34,

195 2171 428 2213 menses
457 2155 511 2226 7,
546 2159 672 2214 dies
717 2155 788 2229 7;
816 2172 970 2229 nam_
990 2155 1227 2214 Rothari
1259 2160 1357 2214 dat
1401 2173 1494 2215 an.
1540 2158 1624 2215 46.
1682 2174 1751 2214 m.
1800 2155 1854 2226 4,

192 2229 496 2285 Rodoaldo
546 2243 640 2285 an.
713 2226 784 2295 5,
831 2231 889 2285 d.
934 2226 990 2292 7,
1044 2230 1311 2301 Ariperto
1372 2244 1464 2286 an.
1513 2229 1547 2286 9
1601 2231 1857 2301 ﬁliisque

190 2301 324 2370 ejus
357 2301 655 2356 Bertarido
685 2307 740 2356 et
769 2301 1089 2357 Godeberto
1119 2315 1189 2356 an
1221 2300 1270 2369 4,
1306 2316 1379 2357 m.
1411 2301 1468 2357 3.
1498 2300 1856 2372 Quapropter

189 2372 473 2427 Baccbini
518 2373 849 2441 opinionem
898 2386 1024 2428 sum
1068 2372 1383 2441 amplexus,
1425 2375 1525 2443 qui
1577 2373 1852 2429 Rodoaldi

190 2448 426 2498 aetatem
457 2444 693 2499 metitur
717 2457 847 2499 cum
870 2457 1042 2515 regno
1060 2444 1261 2513 patris,
1284 2444 1361 2499 ita
1384 2451 1449 2499 ut
1467 2458 1620 2500 mors
1642 2445 1855 2501 utrius-

188 2528 331 2584 que,
353 2527 665 2583 paucorum
686 2515 911 2570 dierum
951 2515 1309 2577 discrimine,
1337 2529 1451 2571 uno
1476 2517 1851 2586 eumdemque

186 2598 350 2640 anno
373 2588 647 2641 evenerit.
680 2588 873 2656 Neque
900 2585 957 2641 id
992 2600 1199 2642 novum
1229 2587 1380 2656 apud
1425 2585 1845 2658 Langobardos,

187 2670 445 2729 quorum
475 2663 599 2729 erat
626 2657 684 2712 in
717 2662 897 2712 morte
938 2658 1210 2727 positum,
1244 2659 1632 2729 Augustorum
1663 2672 1843 2729 exem,

191 2726 312 2797 plo,
347 2726 501 2801 ﬁlios
529 2728 647 2801 sibi
692 2730 984 2801 asciscere
1016 2729 1099 2801 in,
1123 2726 1478 2801 consortium
1506 2729 1712 2801 regni.
1762 2726 1845 2801 Ita

186 2796 327 2855 ante
353 2799 654 2871 Rotharim
684 2796 821 2855 fecit
847 2799 1220 2871 Agilulphus,
1248 2800 1418 2869 cujus
1434 2800 1539 2855 ﬁlii
1569 2796 1845 2856 A'daloal-

184 2870 247 2926 di
314 2883 496 2925 annos
599 2867 685 2939 40,
762 2867 924 2925 cum'
966 2867 1144 2926 matre
1203 2867 1596 2927 Theudelinda
1650 2877 1844 2941 aperte

186 2948 460 3014 numerat
496 2943 785 2998 Diaconus
813 2947 940 3014 post
969 2946 1205 3014 mortem
1230 2943 1431 3014 (patris
1459 2942 1576 3014 (lib.
1604 2956 1682 3005 1v,
1718 2959 1836 3013 cap.

185 3009 318 3087 43);
354 3011 465 3087 ﬁlii
490 3020 677 3087 autem
708 3009 980 3087 itotharis
1008 3026 1099 3068 an.
1123 3009 1268 3087 id.
1295 3010 1350 3087 7,
1383 3009 1843 3087 nonidistingu—it

1968 1806 2266 1862 Cuniberti
2299 1802 2629 1862 eis'annum
2652 1802 2765 1861 700⁷
2789 1802 3170 1876 perducamus
3211 1824 3225 1859 ε
3260 1818 3457 1877 regum
3490 1818 3621 1877 vero

1971 1882 2218 1947 quatuor
2249 1879 2347 1947 qui
2399 1885 2800 1933 successerunt
2829 1877 3291 1948 chronologiam,
3327 1876 3615 1948 proposita

1972 1946 2163 2003 rerum
2209 1946 2380 2011 serie,
2436 1962 2565 2017 mox
2606 1948 2867 2017 expedio.
2955 1946 3204 2003 Moriens
3268 1946 3618 2004 Cunibertus

1968 2026 2210 2090 exeunte
2250 2033 2400 2076 anno
2432 2015 2538 2076 700
2563 2015 2878 2075 committit
2906 2031 3144 2090 regnum
3167 2018 3463 2075 Liutberto
3494 2017 3618 2090 ﬁlio

1968 2089 2076 2145 sub
2109 2097 2295 2146 tutore
2319 2090 2674 2160 Ansprando.
2700 2092 2827 2147 Dux
2840 2088 3242 2145 Taurinatium
3276 2088 3621 2160 Ragumber-

1968 2167 2082 2229 tus,
2112 2162 2213 2230 qui
2242 2170 2374 2217 ante
2403 2158 2584 2218 annos
2612 2160 2683 2217 38
2724 2161 3044 2218 Godeberto
3094 2167 3253 2231 patre
3292 2158 3613 2228 interfecto,

1965 2246 2030 2287 ac
2058 2233 2320 2288 invasore
2347 2233 2679 2289 Grimoaldo
2708 2233 3046 2288 connivente
3074 2238 3351 2301 evaserat,
3373 2231 3431 2285 in
3459 2243 3617 2301 spem

1968 2304 2189 2372 paterni
2224 2304 2383 2368 regni
2406 2311 2632 2360 erectus
2656 2303 2868 2359 bellum
2889 2308 3076 2358 movet
3100 2302 3455 2372 Ansprando.
3477 2302 3618 2358 Octo

1964 2374 2273 2431 elabuntur
2310 2388 2548 2439 menses,
2576 2375 2714 2431 dum
2743 2388 2901 2430 arma
2932 2374 3209 2443 utrinque
3242 2375 3520 2441 parantur
3546 2385 3614 2428 ac

1968 2458 2158 2500 mense
2199 2446 2435 2502 circiter
2460 2447 2609 2502 Maio
2639 2460 2757 2516 seq.
2792 2445 2931 2501 anni
2960 2440 3059 2516 704
3092 2440 3434 2516 confligitur
3460 2443 3612 2513 apud

1962 2517 2236 2587 Novaram
2264 2536 2276 2571 :
2311 2518 2684 2587 Ansprandus
2699 2515 2756 2572 et
2786 2515 3053 2572 Rotharit
3073 2515 3193 2572 dux
3216 2517 3611 2586 Bergomatum

1960 2585 2221 2658 foederati
2255 2585 2622 2657 superantur,
2646 2587 3067 2658 Ragumbertus
3087 2587 3146 2643 in
3174 2585 3385 2643 solium
3402 2599 3614 2641 ascen-

1955 2658 2065 2740 dit,
2094 2657 2257 2740 brevi
2272 2660 2545 2740 moritur,
2564 2666 2603 2740 tt
2614 2657 2868 2740 ripertus
2883 2657 2966 2740 ﬁli
2977 2673 3042 2740 ue
3055 2665 3246 2740 regnat
3260 2699 3273 2712 .
3295 2658 3612 2740 iteparatur

1957 2728 2191 2798 bellum,
2226 2730 2291 2785 ﬁt
2338 2743 2526 2802 pugna
2550 2729 2823 2802 atrocior,
2885 2728 3143 2802 fcederati
3202 2729 3606 2802 profligantur,

1954 2805 2121 2885 eapto
2145 2805 2202 2884 et
2225 2799 2639 2885 occisogpuero
2668 2800 2985 2885 Liutberto,
3019 2799 3605 2885 fugato‘Ansprapdo,

1954 2868 2193 2952 Rothari
2208 2868 2581 2952 _in_exsilium
2606 2872 2792 2952 pulse.
2814 2868 3191 2952 Ansprandus
3210 2868 3440 2952 deinde,
3470 2868 3606 2952 fuga

1953 2942 2184 3011 elapsus
2205 2943 2264 2997 in
2286 2944 2714 3001 Commacenam
2738 2943 3010 3012 insulam,
3039 2942 3226 3011 copiis
3256 2943 3477 3012 petitur
3493 2958 3528 3012 :_
3541 2942 3603 3012 is

1953 3008 2142 3084 autem
2175 3027 2245 3069 ac
2267 3019 2557 3084 comperta
2577 3015 2646 3069 ad
2676 3014 2971 3083 Bajoarios
2999 3008 3062 3069 se
3083 3008 3293 3083 r'ecipi't
3315 3025 3467 3069 anno
3492 3008 3602 3084 702

182 3081 265 3178 ab
287 3081 464 3178 aenis
493 3084 674 3167 patris
695 3084 816 3153 (lib.
848 3097 1090 3178 ιγὶιςαρ..
1285 3084 1395 3178 ab.
1417 3086 1613 3140 eodem
1653 3081 1838 3178 tamen
1870 3116 1918 3178 Ο
1954 3083 2015 3138 in
2048 3084 2214 3178 ﬁnem
2242 3081 2529 3178 ver'gepte,
2556 3089 2619 3141 ut
2646 3081 3154 3178 eruditenPagius,
3202 3081 3394 3178 iitotus
3437 3081 3597 3178 Pauli

183 3155 505 3227 Baccbinio
548 3156 724 3212 unius
748 3156 884 3211 anni
915 3153 1255 3211 discrimine
1283 3155 1586 3227 disjungor
1614 3156 1687 3211 ob
1716 3161 1841 3212 tar-
1870 3153 1918 3178 υ
1950 3156 2295 3227 auctoritate
2336 3153 2449 3225 (lib.
2484 3170 2560 3227 vi,
2614 3172 2771 3225 capp.
2796 3153 2925 3227 22),
2980 3153 3047 3227 ac
3085 3155 3259 3227 simul
3314 3153 3603 3227 concilia-

181 3226 326 3282 dius
346 3226 420 3281 ab
448 3240 514 3282 eo
543 3228 859 3283 constituta
889 3226 1139 3282 Brioaldi
1176 3226 1646 3296 primordiacum
1669 3227 1837 3297 Sigo-

190 3297 309 3366 nio,
343 3311 470 3366 quae
502 3311 591 3353 res
642 3299 951 3368 producere
995 3298 1201 3354 indict.
1250 3311 1289 3352 ιι
1340 3299 1513 3353 edicti
1571 3298 1836 3353 Rotharis

182 3382 319 3423 eum
355 3369 636 3438 compulit
691 3382 875 3440 usque
901 3369 969 3424 ad
1005 3368 1126 3424 Kal.
1165 3370 1396 3424 Januar.
1428 3369 1578 3439 quod
1637 3369 1835 3425 multis

183 3440 499 3496 damnatur
526 3439 808 3508 exemplis
838 3442 895 3495 in
932 3440 1360 3511 historiaregni
1396 3439 1828 3511 Langobardici,

183 3512 358 3580 cujus
389 3512 579 3580 ipsum
631 3512 983 3582 principium
1020 3525 1113 3567 an.
1163 3508 1288 3578 869,
1322 3511 1419 3565 die
1477 3508 1646 3566 tertia
1691 3508 1834 3582 Sep;

187 3583 453 3654 tembris,
507 3581 775 3654 signatur
824 3581 921 3652 per
952 3583 1154 3639 indict.
1190 3597 1275 3639 ιιι.
1321 3586 1538 3654 certum
1582 3581 1832 3654 profecto

190 3652 478 3710 indicium
534 3652 684 3724 quod
745 3654 1096 3725 Langobardi
1145 3654 1409 3709 Caesarea:
1491 3652 1831 3710 indictionis

190 3738 359 3779 usum
381 3725 684 3793 habebant,
716 3740 748 3781 a
778 3726 901 3781 Kal.
927 3725 1205 3796 Septemb.
1236 3725 1592 3796 incipientis.
1619 3730 1833 3782 itaatera

189 3796 527 3864 procedunt.
554 3796 659 3852 Sed
685 3810 751 3852 ea

816 3810 902 3852 uae
922 3795 1249 3866 sequuntur
1263 3795 1335 3850 ab
1365 3796 1687 3853 invasionis
1707 3797 1833 3853 Gri-

189 3812 527 3864 proceuunt.
554 3812 659 3852 beo
685 3812 751 3852 ea

188 3867 402 3922 moaldi
435 3881 584 3923 anno
612 3865 718 3923 663
740 3812 810 3923 ag

853 3868 1203 3937 principium
1236 3867 1575 3936 Liutprandi
1608 3881 1835 3925 necesse

187 3943 273 3993 est
303 3943 368 3993 ut
398 3938 840 3995 considerentur
862 3945 1113 4009 spectato
1136 3939 1299 4009 prius
1320 3939 1658 4008 Liutprandi
1690 3940 1836 4009 ejus~

187 4009 315 4064 dem
348 4009 545 4065 initio.
570 4011 684 4065 Hoc
728 4023 861 4067 vero
885 4009 1201 4066 desiderari
1254 4010 1568 4080 quidquam
1617 4011 1835 4067 certius

191 4093 301 4135 non
332 4094 500 4150 posse
520 4081 751 4137 videtur
777 4099 791 4151 ;
815 4082 1031 4152 quippe
1052 4082 1201 4152 quod
1246 4081 1571 4138 desumitur
1589 4094 1622 4136 a
1654 4090 1835 4137 morte

194 4154 399 4223 patris,
431 4153 600 4221 cujus
630 4154 901 4208 memoria
942 4158 1129 4209 exstat
1150 4152 1340 4209 Ticini
1375 4152 1476 4208 hac
1507 4153 1565 4207 in
1602 4154 1837 4223 epigra-

196 4222 300 4288 phe
327 4223 440 4278 sub
460 4225 588 4293 ejus
619 4224 842 4280 tumulo
873 4242 886 4279 :
914 4227 1116 4279 Datum
1134 4225 1317 4293 Papiae
1345 4224 1432 4277 die
1462 4224 1664 4278 Iduum
1680 4222 1838 4278 Junii

192 4294 384 4348 indict.
409 4309 466 4363 x,
491 4309 691 4365 nempe
721 4309 870 4351 anno
896 4293 1021 4357 742.
1057 4308 1226 4365 quam
1257 4293 1420 4349 aﬁert
1457 4296 1646 4350 Horat.
1675 4296 1836 4352 Blan-

190 4365 338 4420 chus
363 4366 427 4422 ν.
453 4366 513 4421 C.
543 4366 603 4424 in
634 4368 760 4427 suis
787 4368 940 4423 notis
969 4368 1038 4425 ad
1094 4366 1249 4422 Paul.
1291 4366 1625 4427 Diaconum.
1658 4371 1840 4423 Cum-

192 4449 304 4505 que
348 4449 415 4492 ea
461 4438 769 4509 epigraphe
818 4438 1367 4509 concinitprologus
1388 4438 1838 4505 Liutprandile-

1952 3226 2028 3279 tis
2066 3226 2237 3280 annis
2267 3226 2591 3280 tetrarchia
2621 3226 3015 3292 Theodeberti,
3064 3225 3345 3280 observat.
3388 3225 3596 3277 Novem

1951 3295 2240 3364 ibiannos
2265 3296 2490 3351 exsulat
2529 3314 2544 3364 ς
2577 3296 2799 3350 decimo
2844 3308 2976 3351 vero
3037 3296 3290 3363 ineunte,
3329 3293 3430 3363 qui
3474 3299 3599 3349 erat
3646 3308 3649 3309 '

1945 3363 2071 3434 742,
2100 3380 2230 3421 cum
2264 3363 2549 3423 tetrarcha
2578 3366 2965 3422 Theodeberto
2997 3372 3055 3422 et
3083 3365 3364 3435 Bajoraiis
3392 3367 3596 3433 praesto

1944 3443 2050 3505 est,
2086 3451 2200 3493 rem
2233 3438 2380 3510 gerit
2408 3438 2590 3493 dubio
2620 3446 2799 3510 marte
2819 3437 2968 3510 baud
2996 3436 3431 3510 procul‘Ticino.
3455 3435 3597 3490 Ari-

1946 3515 2143 3578 pertus
2169 3506 2469 3565 se'victum
2501 3516 2728 3578 putans,
2762 3506 2897 3634 fuga
2926 3506 3310 3563 in’Franciam
3341 3512 3589 3576 arrepta,

1946 3580 2143 3634 Ticino
2176 3581 2455 3634 mergitur
2482 3581 2636 3634 circa
2652 3580 2801 3634 diem
2864 3577 2901 3634 3
2920 3579 3135 3634 Martii.
3167 3583 3232 3633 ut
3260 3577 3465 3633 suadet
3490 3577 3589 3632 tri-

1941 3577 2143 3635 Τίυίηο
2176 3581 2455 3649 mergitur
2482 3577 2636 3635 circa
2652 3580 2801 3635 diem
2835 3577 2901 3635 43
2920 3579 3135 3645 Martii,
3167 3583 3232 3633 ut
3260 3577 3465 3649 suadet
3490 3577 3594 3649 tri-

1943 3657 2149 3707 mestre
2179 3645 2501 3720 Ansprandi
2534 3663 2793 3721 regnum,
2825 3651 2924 3720 qui
2950 3651 3311 3721 utdiximus.
3344 3645 3588 3704 43Junii

1941 3723 2192 3791 ejusdem
2206 3723 2343 3777 anni
2367 3720 2640 3777 occubuit
2654 3728 2908 3789 mortem,
2926 3722 3126 3777 relicto
3148 3720 3270 3775 ﬁlio
3293 3722 3597 3789 Liutpran-

1942 3795 2015 3849 do
2047 3813 2062 3861 ;
2094 3807 2259 3864 quem
2284 3793 2636 3863 Langobardi
2664 3797 2795 3847 ante
2818 3793 3001 3864 patris
3019 3792 3248 3864 obitum
3268 3791 3591 3846 levaverant

1944 3863 2150 3935 regem.
2186 3865 2368 3934 Hujus
2398 3864 2659 3919 stabilito
2678 3863 3001 3935 principio,
3020 3876 3157 3935 cum
3176 3863 3475 3935 gDiaconus
3501 3873 3588 3916 re-

1944 3933 2116 4008 gnum
2135 3936 2185 3991 ei
2207 3933 2425 4008 tribuat
2447 3948 2648 3992 annor.
2671 3933 2865 4008 34,1113
2883 3933 2938 4007 7,
2970 3933 3591 4008 illigavitnusmortem

1943 4003 2074 4062 cum
2102 4008 2199 4063 die
2240 4005 2306 4062 43
2339 4008 2571 4062 Januar.
2617 4020 2710 4062 an.
2752 4003 2880 4075 744,
2926 4003 3137 4064 contra
3192 4003 3587 4075 Baccbinium,

1945 4080 2046 4149 qui
2082 4092 2231 4134 anno
2260 4078 2549 4147 superiori
2579 4084 2636 4133 et
2662 4074 2896 4149 mortem
2927 4077 3269 4149 Liutprandi
3295 4079 3352 4130 et
3381 4074 3593 4149 liacbis

1947 4145 2298 4221 principium
2323 4145 2653 4221 constituit,
2700 4148 2999 4206 historiam
3029 4145 3188 4205 Libri
3236 4145 3592 4204 Pontiﬁcalis

1946 4220 2059 4278 non
2102 4226 2270 4290 recte,
2302 4225 2366 4277 ut
2398 4220 2541 4275 mihi
2569 4220 2816 4291 videtur,
2841 4221 3273 4292 interpretatus,
3298 4232 3465 4289 quem
3493 4232 3592 4274 se-

1947 4293 2046 4364 qui
2102 4292 2384 4364 deinceps
2406 4304 2631 4351 necesse
2659 4293 2772 4349 erit
2799 4311 2815 4359 ;
2848 4306 2977 4349 cum
3002 4291 3189 4355 morte
3234 4291 3388 4364 enim
3420 4292 3593 4364 Linte-

1947 4362 2150 4433 prandi
2182 4363 2423 4433 explicit
2442 4364 2692 4426 Historia
2715 4364 2874 4421 Pauli
2896 4364 2965 4419 de
2992 4364 3163 4427 rebus
3188 4362 3592 4435 Langobardo-

1947 4448 2094 4490 rum.
2128 4435 2388 4503 Spectata
2422 4436 2607 4505 igitur
2631 4449 2760 4493 cum
2790 4436 2984 4496 eodem
3010 4436 3185 4493 Paulo
3211 4444 3408 4505 regum
3430 4441 3603 4498 OpiO-~

190 4521 339 4588 gum
364 4526 377 4562 :
405 4505 585 4588 ᾼηῃοί
599 4505 703 4564 Deo
722 4512 964 4579 propitio
988 4505 1145 4576 regni
1170 4505 1472 4588 ιῃςξρζὶῖηο
1492 4509 1676 4577 pridie
1709 4510 1834 4564 Kal.
1862 4525 1918 4586 D
1946 4506 2132 4566 decim
2161 4506 2553 4588 ch‘ronolo‘gia,
2583 4505 2888 4588 videndum
2917 4510 3095 4588 restat
3116 4505 3355 4588 quidge
3367 4517 3602 4588 succes-

189 4579 360 4633 Πανί.
409 4577 951 4652 ἰηάῑστ.χι.⁷ηθίιιρθ
998 4593 1148 4652 anno
1175 4577 1301 4652 743.
1342 4580 1578 4652 liecnon
1627 4592 1840 4652 manu-.—

192 4655 450 4706 mentum
479 4651 856 4708 Parthenonis
885 4649 1224 4709 monialium
1253 4651 1309 4707 S.
1338 4649 1532 4709 Mariae
1556 4653 1612 4705 et
1627 4651 1682 4705 S.
1715 4650 1842 4706 Au-

189 4721 400 4777 reliani
436 4722 609 4779 titulo
636 4735 669 4778 a
692 4723 961 4779 Senatore
1005 4722 1226 4781 conditi
1270 4740 1282 4776 :
1320 4721 1493 4777 Filius
1538 4721 1843 4783 honorandi

186 4793 412 4855 Albini,
461 4798 511 4849 et
538 4794 920 4851 Theodolz‘ndar
944 4798 1204 4862 regnante
1231 4792 1574 4863 Liutprando
1623 4807 1772 4863 anno
1796 4790 1842 4863 _3

187 4866 350 4931 regni
374 4864 493 4931 ejus
525 4880 557 4920 v
579 4867 703 4921 Kal.
746 4859 1212 4931 Decembfindict.
1252 4859 1373 4920 xuf
1390 4864 1448 4920 id
1478 4869 1565 4919 est
1591 4876 1685 4919 an.
1711 4859 1841 4933 744,

190 4935 347 5005 quod
380 4935 557 4991 refert
603 4937 897 4993 Mabillon.
931 4937 1139 5005 (ltiner.
1174 4937 1328 5005 Ital.)
1351 4934 1561 5005 Obiter
1589 4934 1685 4989 hic
1711 4947 1842 4992 mo—

192 5004 302 5061 neo
332 5011 396 5061 ut
435 5006 772 5064 Mabillonio
801 5004 986 5065 eidem
1020 5020 1131 5063 non
1174 5004 1449 5067 audiatur
1478 5004 1745 5063 referenti
1771 5018 1839 5061 ex

190 5082 550 5150 monasterio
574 5078 1133 5150 Augustinianorum
1164 5078 1457 5135 Ticinensi
1482 5078 1535 5133 S.
1582 5076 1730 5135 Petri
1779 5077 1839 5130 in

187 5147 347 5203 leo
373 5162 552 5203 aureo
582 5147 692 5205 hoc
736 5150 1139 5206 documentum
1191 5168 1205 5204 :
1243 5152 1367 5207 Haec
1391 5150 1570 5204 omnia
1599 5162 1719 5216 quae
1746 5162 1843 5201 ευ·-

184 5235 296 5291 pra
329 5219 595 5281 diximus,
623 5220 1013 5288 adjudicamus
1035 5236 1157 5274 ven.
1179 5223 1504 5277 monasterio
1535 5221 1593 5276 S.
1615 5221 1762 5291 Petri
1782 5221 1843 5273 in

191 5291 337 5346 Cwlo
367 5305 556 5353 aureo,
586 5294 645 5345 in
671 5306 777 5360 quo
798 5291 853 5346 S.
889 5308 952 5345 ac
988 5294 1181 5349 Vener.
1202 5292 1574 5358 Augustinum
1598 5290 1841 5347 adduxi-

186 5376 335 5415 mus.
364 5363 568 5415 Datum
598 5376 654 5417 Iv
680 5377 853 5417 nonas
883 5363 1066 5431 April,
1105 5365 1260 5429 regni
1286 5362 1621 5432 Liutprandi
1645 5363 1841 5430 prima,

187 5433 313 5485 ind.
346 5445 405 5485 x.
438 5434 599 5501 Nam,
635 5440 1009 5503 praeterquam
1043 5433 1191 5503 qubd
1229 5434 1445 5489 redolet
1471 5434 1841 5502 posteriorem

189 5508 577 5572 structuram,
612 5518 715 5559 nec
737 5502 1129 5572 Liutprandus
1146 5505 1214 5559 ad
1245 5517 1479 5568 regnum
1514 5502 1846 5560 ascenderat

192 5586 392 5628 mense
426 5571 615 5646 Aprili
648 5588 741 5630 an.
787 5571 913 5639 742,
957 5589 1140 5646 neque
1188 5574 1557 5646 ecclesias,
1587 5574 1735 5633 Petri
1786 5574 1845 5630 in

187 5646 352 5699 leo
380 5658 557 5705 aureo
591 5645 828 5714 fundata
867 5652 1007 5711 erat,
1042 5660 1144 5702 nec
1184 5647 1411 5702 demum
1435 5645 1490 5701 S.
1532 5645 1844 5715 Augustini

188 5729 414 5785 θοι-βας
430 5718 731 5773 advectum
752 5732 782 5772 e
799 5718 1071 5774 Sardinia
1097 5716 1241 5773 illuc
1270 5716 1472 5774 fuerat.
1505 5716 1845 5785 Liutprandi

191 5786 389 5857 igitur
408 5788 767 5859 principium
782 5790 870 5846 vel
891 5802 1025 5846 cum
1042 5788 1142 5844 die
1165 5787 1291 5857 ipsa
1312 5786 1636 5857 Ausprandi
1666 5788 1849 5858 patris

1949 4591 2138 4639 eorum
2171 4582 2337 4633 aetate
2360 4574 2542 4631 valeat
2562 4574 2815 4635 stabiliri
2840 4574 3194 4637 Pontiﬁcalis
3224 4574 3383 4633 Libri
3413 4579 3470 4639 et
3493 4575 3592 4641 dg-

1947 4651 2344 4709 cumentorum
2370 4644 2659 4715 praesidio.

2020 4717 2109 4790 35.
2148 4718 2471 4790 _l‘ostremi_
2521 4715 3019 4790 Langobardorum
3085 4730 3271 4790 reges,
3300 4721 3566 4790 quamn}:

1948 4788 2422 4857 Heildebrandus,
2455 4787 2682 4851 Bachis,
2712 4794 2743 4850 Α
2760 4787 3054 4857 istulphus
3074 4793 3131 4844 et
3147 4787 3501 4852 Desider‘ius,

1949 4861 2184 4919 omnino
2213 4872 2394 4914 annos
2440 4865 2566 4929 post
2599 4859 3014 4929 Liutprandum
3061 4858 3320 4928 implent.
3366 4860 3439 4917 At
3456 4872 3590 4929 cum

1949 4945 2145 4991 eorum
2166 4929 2411 4995 historia
2442 4928 2793 4992 destituatur
2808 4929 3078 4998 praesidio
3089 4928 3251 4991 Pauli
3278 4928 3594 4993 Warnefri-

1949 5004 2034 5070 di,
2057 5001 2179 5071 qui,
2203 5014 2269 5056 ne
2284 5000 2897 5071 suaegentisexcidium
2914 5000 3232 5071 historicus
3250 5014 3448 5071 parum
3462 5015 3598 5070 pru-

1950 5070 2091 5136 dens
2120 5070 2435 5140 enarraret,
2474 5084 2602 5139 cum
2662 5071 3013 5140 Liutprando
3052 5070 3251 5136 desiit.
3305 5072 3596 5136 videretur

1953 5144 2354 5211 Herkemperto
2401 5142 2827 5215 adhaerendum,
2893 5156 2962 5201 ne
3010 5147 3097 5215 tot
3141 5148 3371 5215 tamque
3414 5140 3596 5215 variis

1953 5215 2337 5275 recentiorum
2369 5213 2746 5283 opinionibus
2782 5211 3058 5280 lacessiti,
3086 5211 3367 5275 certamen
3402 5214 3597 5284 petitis

1955 5300 2122 5358 quam
2151 5298 2344 5355 regum
2374 5285 2872 5357 Langobardorum
2902 5285 3334 5358 chronologiam
3359 5286 3593 5346 inetau-
3699 5306 3703 5310 '

1954 5356 2079 5419 rare
2106 5358 2474 5434 diceremur_:_
2502 5356 2749 5434 attamen
2780 5356 3358 5434 quiachronologum
3393 5370 3594 5434 parum

1951 5434 2210 5509 attactum
2237 5428 2415 5509 fuisse
2432 5428 2889 5509 Herkempertu‘m
2904 5429 3052 5509 (locu
3061 5432 3243 5508 menta
3263 5429 3593 5509 esttradunt.

1953 5502 2069 5565 alio
2094 5513 2177 5555 me
2198 5497 2408 5554 vertam
2438 5512 2662 5560 necesse
2676 5500 2809 5555 erit.
2826 5500 3184 5562 constituam
3205 5497 3387 5568 igitur
3409 5499 3597 5568 primo

1954 5578 2173 5633 aetatem
2206 5569 2610 5643 Heildeprandi
2630 5571 3192 5643 conregnantis_eum
3216 5570 3592 5643 Liutprandi).

1953 5643 2159 5705 deinde
2186 5654 2375 5703 rerum
2405 5642 2553 5698 serie
2597 5639 2905 5711 promittite,
2954 5639 3375 5711 Heildeprando
3420 5641 3600 5708 eiecto

1955 5712 2178 5777 satietati
2214 5712 2424 5775 linchis
2470 5710 2840 5782 principium,
2887 5712 3134 5781 ejusque
3175 5710 3595 5773 abdicationem

1955 5797 2085 5847 cum
2114 5784 2312 5844 fratris
2331 5783 2627 5857 Aistulphi
2653 5783 2990 5852 primordiis
3007 5783 3394 5853 coniunctam,
3420 5782 3596 5850 huius
