  <div class='ocr_page' id='page_1' title='image "/cluster/home/n/w/nwhite01/storage/ocr_20150623/127/hvd.32044054759881/417.png"; bbox 0 0 3968 6164; ppageno 0'>
   <div class='ocr_carea' id='block_1_1' title="bbox 222 545 1514 599">
    <p class='ocr_par' dir='ltr' id='par_1_1' title="bbox 222 545 1514 599">
     <span class='ocr_line' id='line_1_1' title="bbox 222 545 1514 599; baseline 0 -2"><span class='ocrx_word' id='word_1_1' title='bbox 222 580 229 585; x_wconf 69' lang='grc' dir='ltr'><em>ι</em></span> <span class='ocrx_word' id='word_1_2' title='bbox 318 545 393 599; x_wconf 89' lang='lat' dir='ltr'><strong>do</strong></span> <span class='ocrx_word' id='word_1_3' title='bbox 423 551 641 598; x_wconf 85' lang='lat' dir='ltr'><strong>certum</strong></span> <span class='ocrx_word' id='word_1_4' title='bbox 668 550 785 599; x_wconf 67' lang='lat' dir='ltr'><strong>est:</strong></span> <span class='ocrx_word' id='word_1_5' title='bbox 800 545 861 599; x_wconf 91' lang='lat' dir='ltr'><strong>Id</strong></span> <span class='ocrx_word' id='word_1_6' title='bbox 892 545 1057 599; x_wconf 93' lang='lat' dir='ltr'><strong>docet</strong></span> <span class='ocrx_word' id='word_1_7' title='bbox 1088 550 1514 598; x_wconf 82' lang='lat' dir='ltr'><strong>monumentum</strong></span> 
     </span>
    </p>
   </div>
   <div class='ocr_carea' id='block_1_2' title="bbox 310 276 418 334">
    <p class='ocr_par' dir='ltr' id='par_1_2' title="bbox 310 276 418 334">
     <span class='ocr_line' id='line_1_2' title="bbox 310 276 418 334; baseline 0 -3"><span class='ocrx_word' id='word_1_8' title='bbox 310 276 418 334; x_wconf 77' lang='lat'><strong>8‘23</strong></span> 
     </span>
    </p>
   </div>
   <div class='ocr_carea' id='block_1_3' title="bbox 1106 275 2909 338">
    <p class='ocr_par' dir='ltr' id='par_1_3' title="bbox 1106 275 2909 338">
     <span class='ocr_line' id='line_1_3' title="bbox 1106 275 2909 338; baseline 0.001 -6"><span class='ocrx_word' id='word_1_9' title='bbox 1106 275 1199 332; x_wconf 87' lang='lat' dir='ltr'><strong>AD</strong></span> <span class='ocrx_word' id='word_1_10' title='bbox 1235 275 1667 335; x_wconf 82' lang='lat' dir='ltr'><strong>ANASTASIUM</strong></span> <span class='ocrx_word' id='word_1_11' title='bbox 1707 278 2220 337; x_wconf 76' lang='lat' dir='ltr'><strong>PROLEGOMENA</strong></span> <span class='ocrx_word' id='word_1_12' title='bbox 2258 280 2434 335; x_wconf 91' lang='lat' dir='ltr'><strong>EDIT.</strong></span> <span class='ocrx_word' id='word_1_13' title='bbox 2479 280 2909 338; x_wconf 82' lang='lat' dir='ltr'><strong>ROM.—VATIC.</strong></span> 
     </span>
    </p>
   </div>
   <div class='ocr_carea' id='block_1_4' title="bbox 3609 274 3739 333">
    <p class='ocr_par' dir='ltr' id='par_1_4' title="bbox 3609 274 3739 333">
     <span class='ocr_line' id='line_1_4' title="bbox 3609 274 3739 333; baseline 0 -2"><span class='ocrx_word' id='word_1_14' title='bbox 3609 274 3739 333; x_wconf 68' lang='grc'><strong>824</strong></span> 
     </span>
    </p>
   </div>
   <div class='ocr_carea' id='block_1_5' title="bbox 315 382 3743 474">
    <p class='ocr_par' dir='ltr' id='par_1_5' title="bbox 315 382 3743 474">
     <span class='ocr_line' id='line_1_5' title="bbox 315 382 3743 474; baseline -0.001 -17"><span class='ocrx_word' id='word_1_15' title='bbox 315 402 558 470; x_wconf 82' lang='lat' dir='ltr'><strong>exitum,</strong></span> <span class='ocrx_word' id='word_1_16' title='bbox 592 413 658 474; x_wconf 83' lang='lat' dir='ltr'><strong>ac</strong></span> <span class='ocrx_word' id='word_1_17' title='bbox 686 401 971 457; x_wconf 90' lang='lat' dir='ltr'><strong>Desiderii</strong></span> <span class='ocrx_word' id='word_1_18' title='bbox 1002 401 1347 474; x_wconf 82' lang='lat' dir='ltr'><strong>creationem</strong></span> <span class='ocrx_word' id='word_1_19' title='bbox 1369 406 1435 474; x_wconf 85' lang='lat' dir='ltr'><strong>et</strong></span> <span class='ocrx_word' id='word_1_20' title='bbox 1463 401 1847 474; x_wconf 74' lang='lat' dir='ltr'><strong>captivitatem</strong></span> <span class='ocrx_word' id='word_1_21' title='bbox 1875 415 1966 456; x_wconf 86' lang='lat' dir='ltr'><strong>ex-</strong></span> <span class='ocrx_word' id='word_1_22' title='bbox 1993 405 2046 463; x_wconf 88' lang='grc' dir='ltr'><strong>Α</strong></span> <span class='ocrx_word' id='word_1_23' title='bbox 2074 405 2212 458; x_wconf 90' lang='lat' dir='ltr'><strong>tunc</strong></span> <span class='ocrx_word' id='word_1_24' title='bbox 2242 416 2371 474; x_wconf 89' lang='lat' dir='ltr'><strong>rege</strong></span> <span class='ocrx_word' id='word_1_25' title='bbox 2400 403 2742 459; x_wconf 83' lang='lat' dir='ltr'><strong>Francorum</strong></span> <span class='ocrx_word' id='word_1_26' title='bbox 2770 400 3108 474; x_wconf 67' lang='lat' dir='ltr'><strong>debellatus,</strong></span> <span class='ocrx_word' id='word_1_27' title='bbox 3136 414 3264 457; x_wconf 89' lang='lat' dir='ltr'><strong>cum</strong></span> <span class='ocrx_word' id='word_1_28' title='bbox 3298 382 3477 474; x_wconf 77' lang='lat' dir='ltr'><strong>uxore</strong></span> <span class='ocrx_word' id='word_1_29' title='bbox 3496 411 3743 474; x_wconf 89' lang='lat' dir='ltr'><strong>_aspor-—</strong></span> 
     </span>
    </p>
   </div>
   <div class='ocr_carea' id='block_1_6' title="bbox 318 472 1967 543">
    <p class='ocr_par' dir='ltr' id='par_1_6' title="bbox 318 472 1967 543">
     <span class='ocr_line' id='line_1_6' title="bbox 318 472 1967 543; baseline -0.002 -14"><span class='ocrx_word' id='word_1_30' title='bbox 318 474 561 543; x_wconf 87' lang='lat' dir='ltr'><strong>pediam.</strong></span> <span class='ocrx_word' id='word_1_31' title='bbox 594 472 983 543; x_wconf 81' lang='lat' dir='ltr'><strong>Conregnasse</strong></span> <span class='ocrx_word' id='word_1_32' title='bbox 1009 472 1485 541; x_wconf 83' lang='lat' dir='ltr'><strong>Heildeprandum</strong></span> <span class='ocrx_word' id='word_1_33' title='bbox 1512 486 1639 527; x_wconf 93' lang='lat' dir='ltr'><strong>cum</strong></span> <span class='ocrx_word' id='word_1_34' title='bbox 1668 473 1967 541; x_wconf 91' lang='lat' dir='ltr'><strong>Liutpran-</strong></span> 
     </span>
    </p>
   </div>
   <div class='ocr_carea' id='block_1_7' title="bbox 1584 544 1968 598">
    <p class='ocr_par' dir='ltr' id='par_1_7' title="bbox 1584 544 1968 598">
     <span class='ocr_line' id='line_1_7' title="bbox 1584 544 1968 598; baseline -0.003 0"><span class='ocrx_word' id='word_1_35' title='bbox 1584 544 1797 598; x_wconf 74' lang='lat' dir='ltr'><strong>vitiata:</strong></span> <span class='ocrx_word' id='word_1_36' title='bbox 1837 544 1968 598; x_wconf 91' lang='lat' dir='ltr'><strong>licet</strong></span> 
     </span>
    </p>
   </div>
   <div class='ocr_carea' id='block_1_8' title="bbox 324 542 1968 685">
    <p class='ocr_par' dir='ltr' id='par_1_8' title="bbox 324 542 1968 685">
     <span class='ocr_line' id='line_1_8' title="bbox 324 542 1968 614; baseline 0 -17"><span class='ocrx_word' id='word_1_37' title='bbox 324 542 393 599; x_wconf 74' lang='lat' dir='ltr'><strong>ilo</strong></span> <span class='ocrx_word' id='word_1_38' title='bbox 423 551 641 598; x_wconf 85' lang='lat' dir='ltr'><strong>certum</strong></span> <span class='ocrx_word' id='word_1_39' title='bbox 668 542 861 599; x_wconf 57' lang='lat' dir='ltr'><strong>est/Id</strong></span> <span class='ocrx_word' id='word_1_40' title='bbox 892 545 1057 599; x_wconf 87' lang='lat' dir='ltr'><strong>docet</strong></span> <span class='ocrx_word' id='word_1_41' title='bbox 1088 550 1514 598; x_wconf 87' lang='lat' dir='ltr'><strong>monumentum</strong></span> <span class='ocrx_word' id='word_1_42' title='bbox 1564 542 1797 614; x_wconf 71' lang='lat' dir='ltr'><strong>(vitiata:</strong></span> <span class='ocrx_word' id='word_1_43' title='bbox 1837 544 1968 598; x_wconf 91' lang='lat' dir='ltr'><strong>licet</strong></span> 
     </span>
     <span class='ocr_line' id='line_1_9' title="bbox 324 614 1968 685; baseline -0.001 -15"><span class='ocrx_word' id='word_1_44' title='bbox 324 621 472 670; x_wconf 75' lang='lat' dir='ltr'><strong>notae</strong></span> <span class='ocrx_word' id='word_1_45' title='bbox 486 614 861 685; x_wconf 67' lang='lat' dir='ltr'><strong>temporariae)</strong></span> <span class='ocrx_word' id='word_1_46' title='bbox 887 616 1036 684; x_wconf 91' lang='lat' dir='ltr'><strong>quod</strong></span> <span class='ocrx_word' id='word_1_47' title='bbox 1059 616 1301 669; x_wconf 88' lang='lat' dir='ltr'><strong>Joannes</strong></span> <span class='ocrx_word' id='word_1_48' title='bbox 1324 615 1578 669; x_wconf 85' lang='lat' dir='ltr'><strong>Pusterla</strong></span> <span class='ocrx_word' id='word_1_49' title='bbox 1606 614 1968 669; x_wconf 71' lang='lat' dir='ltr'><strong>bibliotheca:</strong></span> 
     </span>
    </p>
   </div>
   <div class='ocr_carea' id='block_1_9' title="bbox 323 684 1961 752">
    <p class='ocr_par' dir='ltr' id='par_1_9' title="bbox 323 684 1961 752">
     <span class='ocr_line' id='line_1_10' title="bbox 323 684 1961 752; baseline -0.001 -11"><span class='ocrx_word' id='word_1_50' title='bbox 323 686 587 741; x_wconf 79' lang='lat' dir='ltr'><strong>Ambros.</strong></span> <span class='ocrx_word' id='word_1_51' title='bbox 608 684 929 752; x_wconf 64' lang='lat' dir='ltr'><strong>praefectus,</strong></span> <span class='ocrx_word' id='word_1_52' title='bbox 962 685 1413 740; x_wconf 82' lang='lat' dir='ltr'><strong>communicavit</strong></span> <span class='ocrx_word' id='word_1_53' title='bbox 1436 699 1563 741; x_wconf 92' lang='lat' dir='ltr'><strong>cum</strong></span> <span class='ocrx_word' id='word_1_54' title='bbox 1593 685 1961 740; x_wconf 79' lang='lat' dir='ltr'><strong>Mabillonio:</strong></span> 
     </span>
    </p>
   </div>
   <div class='ocr_carea' id='block_1_10' title="bbox 323 757 1970 822">
    <p class='ocr_par' dir='ltr' id='par_1_10' title="bbox 323 757 1970 822">
     <span class='ocr_line' id='line_1_11' title="bbox 323 757 1970 822; baseline -0.002 -11"><span class='ocrx_word' id='word_1_55' title='bbox 323 757 653 822; x_wconf 83' lang='lat' dir='ltr'><strong>Manigulda</strong></span> <span class='ocrx_word' id='word_1_56' title='bbox 683 758 776 810; x_wconf 85' lang='lat' dir='ltr'><strong>Dei</strong></span> <span class='ocrx_word' id='word_1_57' title='bbox 800 758 1023 817; x_wconf 83' lang='lat' dir='ltr'><strong>ancilla,</strong></span> <span class='ocrx_word' id='word_1_58' title='bbox 1048 762 1097 810; x_wconf 85' lang='lat' dir='ltr'><strong>et</strong></span> <span class='ocrx_word' id='word_1_59' title='bbox 1119 761 1263 810; x_wconf 79' lang='lat' dir='ltr'><strong>veste</strong></span> <span class='ocrx_word' id='word_1_60' title='bbox 1286 758 1603 810; x_wconf 82' lang='lat' dir='ltr'><strong>monialium</strong></span> <span class='ocrx_word' id='word_1_61' title='bbox 1650 758 1847 810; x_wconf 87' lang='lat' dir='ltr'><strong>induta</strong></span> <span class='ocrx_word' id='word_1_62' title='bbox 1876 758 1970 809; x_wconf 81' lang='grc' dir='ltr'><strong>υἱ·-</strong></span> 
     </span>
    </p>
   </div>
   <div class='ocr_carea' id='block_1_11' title="bbox 324 826 1971 896">
    <p class='ocr_par' dir='ltr' id='par_1_11' title="bbox 324 826 1971 896">
     <span class='ocr_line' id='line_1_12' title="bbox 324 826 1971 896; baseline -0.001 -16"><span class='ocrx_word' id='word_1_63' title='bbox 324 843 456 882; x_wconf 83' lang='lat' dir='ltr'><strong>vens</strong></span> <span class='ocrx_word' id='word_1_64' title='bbox 488 829 598 895; x_wconf 85' lang='lat' dir='ltr'><strong>lege</strong></span> <span class='ocrx_word' id='word_1_65' title='bbox 617 826 1121 894; x_wconf 77' lang='lat' dir='ltr'><strong>Langobardorum,</strong></span> <span class='ocrx_word' id='word_1_66' title='bbox 1143 828 1500 894; x_wconf 75' lang='lat' dir='ltr'><strong>regnantibus</strong></span> <span class='ocrx_word' id='word_1_67' title='bbox 1529 827 1869 896; x_wconf 84' lang='lat' dir='ltr'><strong>Liutprando</strong></span> <span class='ocrx_word' id='word_1_68' title='bbox 1920 830 1971 880; x_wconf 86' lang='lat' dir='ltr'><strong>et</strong></span> 
     </span>
    </p>
   </div>
   <div class='ocr_carea' id='block_1_12' title="bbox 325 896 1968 967">
    <p class='ocr_par' dir='ltr' id='par_1_12' title="bbox 325 896 1968 967">
     <span class='ocr_line' id='line_1_13' title="bbox 325 896 1968 967; baseline -0.002 -15"><span class='ocrx_word' id='word_1_69' title='bbox 325 898 755 967; x_wconf 77' lang='lat' dir='ltr'><strong>Heildeprando,</strong></span> <span class='ocrx_word' id='word_1_70' title='bbox 804 913 949 951; x_wconf 88' lang='lat' dir='ltr'><strong>anno</strong></span> <span class='ocrx_word' id='word_1_71' title='bbox 978 913 1160 951; x_wconf 83' lang='lat' dir='ltr'><strong>eorum</strong></span> <span class='ocrx_word' id='word_1_72' title='bbox 1215 896 1304 959; x_wconf 73' lang='lat'><strong>‘25,</strong></span> <span class='ocrx_word' id='word_1_73' title='bbox 1364 899 1485 952; x_wconf 86' lang='lat' dir='ltr'><strong>ind.</strong></span> <span class='ocrx_word' id='word_1_74' title='bbox 1514 914 1547 953; x_wconf 79' lang='grc' dir='ltr'><strong>γ</strong></span> <span class='ocrx_word' id='word_1_75' title='bbox 1584 900 1736 967; x_wconf 88' lang='lat' dir='ltr'><strong>(Itin.</strong></span> <span class='ocrx_word' id='word_1_76' title='bbox 1800 897 1968 966; x_wconf 87' lang='lat' dir='ltr'><strong>Ital.),</strong></span> 
     </span>
    </p>
   </div>
   <div class='ocr_carea' id='block_1_13' title="bbox 327 968 1975 1025">
    <p class='ocr_par' dir='ltr' id='par_1_13' title="bbox 327 968 1975 1025">
     <span class='ocr_line' id='line_1_14' title="bbox 327 968 1975 1025; baseline 0 -2"><span class='ocrx_word' id='word_1_77' title='bbox 327 968 556 1024; x_wconf 89' lang='lat' dir='ltr'><strong>Clarius</strong></span> <span class='ocrx_word' id='word_1_78' title='bbox 585 969 984 1025; x_wconf 91' lang='lat' dir='ltr'><strong>documentum</strong></span> <span class='ocrx_word' id='word_1_79' title='bbox 1018 982 1084 1023; x_wconf 86' lang='lat' dir='ltr'><strong>ex</strong></span> <span class='ocrx_word' id='word_1_80' title='bbox 1107 968 1339 1024; x_wconf 89' lang='lat' dir='ltr'><strong>archivo</strong></span> <span class='ocrx_word' id='word_1_81' title='bbox 1370 971 1609 1025; x_wconf 91' lang='lat' dir='ltr'><strong>Lucensi</strong></span> <span class='ocrx_word' id='word_1_82' title='bbox 1640 969 1824 1025; x_wconf 88' lang='lat' dir='ltr'><strong>edidit</strong></span> <span class='ocrx_word' id='word_1_83' title='bbox 1854 968 1975 1023; x_wconf 89' lang='lat' dir='ltr'><strong>Fio-</strong></span> 
     </span>
    </p>
   </div>
   <div class='ocr_carea' id='block_1_14' title="bbox 329 1039 1974 1109">
    <p class='ocr_par' dir='ltr' id='par_1_14' title="bbox 329 1039 1974 1109">
     <span class='ocr_line' id='line_1_15' title="bbox 329 1039 1974 1109; baseline -0.002 -14"><span class='ocrx_word' id='word_1_84' title='bbox 329 1040 622 1095; x_wconf 87' lang='lat' dir='ltr'><strong>rentinius</strong></span> <span class='ocrx_word' id='word_1_85' title='bbox 650 1040 800 1109; x_wconf 89' lang='lat' dir='ltr'><strong>apud</strong></span> <span class='ocrx_word' id='word_1_86' title='bbox 842 1039 1104 1095; x_wconf 90' lang='lat' dir='ltr'><strong>eruditos</strong></span> <span class='ocrx_word' id='word_1_87' title='bbox 1129 1039 1388 1095; x_wconf 79' lang='lat' dir='ltr'><strong>celebre:</strong></span> <span class='ocrx_word' id='word_1_88' title='bbox 1434 1042 1713 1107; x_wconf 85' lang='lat' dir='ltr'><strong>Regnante</strong></span> <span class='ocrx_word' id='word_1_89' title='bbox 1760 1041 1974 1095; x_wconf 88' lang='lat' dir='ltr'><strong>domino</strong></span> 
     </span>
    </p>
   </div>
   <div class='ocr_carea' id='block_1_15' title="bbox 328 1109 1977 1180">
    <p class='ocr_par' dir='ltr' id='par_1_15' title="bbox 328 1109 1977 1180">
     <span class='ocr_line' id='line_1_16' title="bbox 328 1109 1977 1180; baseline -0.001 -16"><span class='ocrx_word' id='word_1_90' title='bbox 328 1111 673 1180; x_wconf 84' lang='lat' dir='ltr'><strong>Liutprando</strong></span> <span class='ocrx_word' id='word_1_91' title='bbox 722 1111 1163 1165; x_wconf 65' lang='lat' dir='ltr'><strong>excellentissimo</strong></span> <span class='ocrx_word' id='word_1_92' title='bbox 1184 1127 1305 1179; x_wconf 85' lang='lat' dir='ltr'><strong>rege</strong></span> <span class='ocrx_word' id='word_1_93' title='bbox 1343 1115 1497 1178; x_wconf 82' lang='lat' dir='ltr'><strong>regni</strong></span> <span class='ocrx_word' id='word_1_94' title='bbox 1520 1112 1637 1180; x_wconf 84' lang='lat' dir='ltr'><strong>ejus</strong></span> <span class='ocrx_word' id='word_1_95' title='bbox 1660 1109 1750 1173; x_wconf 73' lang='grc'><strong>24,</strong></span> <span class='ocrx_word' id='word_1_96' title='bbox 1783 1117 1833 1166; x_wconf 89' lang='lat' dir='ltr'><strong>et</strong></span> <span class='ocrx_word' id='word_1_97' title='bbox 1873 1126 1977 1164; x_wconf 74' lang='lat' dir='ltr'><strong>ea:-</strong></span> 
     </span>
    </p>
   </div>
   <div class='ocr_carea' id='block_1_16' title="bbox 330 1182 1975 1250">
    <p class='ocr_par' dir='ltr' id='par_1_16' title="bbox 330 1182 1975 1250">
     <span class='ocr_line' id='line_1_17' title="bbox 330 1182 1975 1250; baseline -0.001 -16"><span class='ocrx_word' id='word_1_98' title='bbox 330 1182 705 1236; x_wconf 85' lang='lat' dir='ltr'><strong>cellentissimo</strong></span> <span class='ocrx_word' id='word_1_99' title='bbox 729 1186 914 1250; x_wconf 78' lang='lat' dir='ltr'><strong>nepote</strong></span> <span class='ocrx_word' id='word_1_100' title='bbox 937 1182 1053 1249; x_wconf 84' lang='lat' dir='ltr'><strong>ejus</strong></span> <span class='ocrx_word' id='word_1_101' title='bbox 1082 1183 1303 1237; x_wconf 88' lang='lat' dir='ltr'><strong>Domino</strong></span> <span class='ocrx_word' id='word_1_102' title='bbox 1335 1183 1608 1250; x_wconf 85' lang='lat' dir='ltr'><strong>Hilprand</strong></span> <span class='ocrx_word' id='word_1_103' title='bbox 1658 1198 1784 1248; x_wconf 85' lang='lat' dir='ltr'><strong>rege</strong></span> <span class='ocrx_word' id='word_1_104' title='bbox 1829 1195 1975 1235; x_wconf 88' lang='lat' dir='ltr'><strong>anno</strong></span> 
     </span>
    </p>
   </div>
   <div class='ocr_carea' id='block_1_17' title="bbox 334 1249 1977 1323">
    <p class='ocr_par' dir='ltr' id='par_1_17' title="bbox 334 1249 1977 1323">
     <span class='ocr_line' id='line_1_18' title="bbox 334 1249 1977 1323; baseline 0.001 -18"><span class='ocrx_word' id='word_1_105' title='bbox 334 1249 386 1316; x_wconf 76' lang='grc'><strong>4,</strong></span> <span class='ocrx_word' id='word_1_106' title='bbox 416 1249 833 1323; x_wconf 63' lang='lat' dir='ltr'><strong>menngar-tis,</strong></span> <span class='ocrx_word' id='word_1_107' title='bbox 863 1254 1057 1306; x_wconf 76' lang='lat' dir='ltr'><strong>indici.</strong></span> <span class='ocrx_word' id='word_1_108' title='bbox 1088 1267 1162 1306; x_wconf 81' lang='lat' dir='ltr'><strong>iv.</strong></span> <span class='ocrx_word' id='word_1_109' title='bbox 1188 1253 1347 1308; x_wconf 91' lang='lat' dir='ltr'><strong>Unde</strong></span> <span class='ocrx_word' id='word_1_110' title='bbox 1374 1249 1555 1323; x_wconf 82' lang='lat' dir='ltr'><strong>liquet</strong></span> <span class='ocrx_word' id='word_1_111' title='bbox 1579 1267 1768 1308; x_wconf 89' lang='lat' dir='ltr'><strong>mense</strong></span> <span class='ocrx_word' id='word_1_112' title='bbox 1823 1254 1977 1306; x_wconf 84' lang='lat' dir='ltr'><strong>Mar-</strong></span> 
     </span>
    </p>
   </div>
   <div class='ocr_carea' id='block_1_18' title="bbox 332 1320 1973 1393">
    <p class='ocr_par' dir='ltr' id='par_1_18' title="bbox 332 1320 1973 1393">
     <span class='ocr_line' id='line_1_19' title="bbox 332 1320 1973 1393; baseline -0.001 -16"><span class='ocrx_word' id='word_1_113' title='bbox 332 1324 417 1378; x_wconf 93' lang='lat' dir='ltr'><strong>tio</strong></span> <span class='ocrx_word' id='word_1_114' title='bbox 447 1337 538 1378; x_wconf 89' lang='lat' dir='ltr'><strong>an.</strong></span> <span class='ocrx_word' id='word_1_115' title='bbox 562 1320 670 1379; x_wconf 89' lang='lat'><strong>736</strong></span> <span class='ocrx_word' id='word_1_116' title='bbox 703 1324 1117 1392; x_wconf 88' lang='lat' dir='ltr'><strong>Liutprandum</strong></span> <span class='ocrx_word' id='word_1_117' title='bbox 1150 1324 1263 1378; x_wconf 88' lang='lat' dir='ltr'><strong>sibi</strong></span> <span class='ocrx_word' id='word_1_118' title='bbox 1292 1325 1406 1393; x_wconf 88' lang='lat' dir='ltr'><strong>jam</strong></span> <span class='ocrx_word' id='word_1_119' title='bbox 1438 1320 1717 1379; x_wconf 79' lang='lat' dir='ltr'><strong>ascivisse</strong></span> <span class='ocrx_word' id='word_1_120' title='bbox 1752 1323 1973 1380; x_wconf 89' lang='lat' dir='ltr'><strong>socium</strong></span> 
     </span>
    </p>
   </div>
   <div class='ocr_carea' id='block_1_19' title="bbox 333 1393 1978 1467">
    <p class='ocr_par' dir='ltr' id='par_1_19' title="bbox 333 1393 1978 1467">
     <span class='ocr_line' id='line_1_20' title="bbox 333 1393 1978 1467; baseline -0.001 -19"><span class='ocrx_word' id='word_1_121' title='bbox 333 1395 491 1464; x_wconf 83' lang='lat' dir='ltr'><strong>regni</strong></span> <span class='ocrx_word' id='word_1_122' title='bbox 519 1400 777 1467; x_wconf 78' lang='lat' dir='ltr'><strong>nepotem</strong></span> <span class='ocrx_word' id='word_1_123' title='bbox 800 1409 999 1467; x_wconf 82' lang='lat' dir='ltr'><strong>suum,</strong></span> <span class='ocrx_word' id='word_1_124' title='bbox 1017 1408 1181 1463; x_wconf 89' lang='lat' dir='ltr'><strong>quem</strong></span> <span class='ocrx_word' id='word_1_125' title='bbox 1210 1395 1588 1467; x_wconf 80' lang='lat' dir='ltr'><strong>Langobardi,</strong></span> <span class='ocrx_word' id='word_1_126' title='bbox 1620 1397 1756 1451; x_wconf 90' lang='lat' dir='ltr'><strong>dum</strong></span> <span class='ocrx_word' id='word_1_127' title='bbox 1784 1393 1978 1467; x_wconf 91' lang='lat' dir='ltr'><strong>morbo</strong></span> 
     </span>
    </p>
   </div>
   <div class='ocr_carea' id='block_1_20' title="bbox 332 1465 1979 1536">
    <p class='ocr_par' dir='ltr' id='par_1_20' title="bbox 332 1465 1979 1536">
     <span class='ocr_line' id='line_1_21' title="bbox 332 1465 1979 1536; baseline -0.001 -17"><span class='ocrx_word' id='word_1_128' title='bbox 332 1472 633 1534; x_wconf 88' lang='lat' dir='ltr'><strong>correptus</strong></span> <span class='ocrx_word' id='word_1_129' title='bbox 666 1465 763 1520; x_wconf 91' lang='lat' dir='ltr'><strong>ille</strong></span> <span class='ocrx_word' id='word_1_130' title='bbox 800 1473 942 1533; x_wconf 91' lang='lat' dir='ltr'><strong>erat,</strong></span> <span class='ocrx_word' id='word_1_131' title='bbox 989 1465 1640 1536; x_wconf 39' lang='lat' dir='ltr'><strong>ievaverant,‘idemque</strong></span> <span class='ocrx_word' id='word_1_132' title='bbox 1683 1465 1979 1536; x_wconf 89' lang='lat' dir='ltr'><strong>postmodo</strong></span> 
     </span>
    </p>
   </div>
   <div class='ocr_carea' id='block_1_21' title="bbox 335 1535 1979 1593">
    <p class='ocr_par' dir='ltr' id='par_1_21' title="bbox 335 1535 1979 1593">
     <span class='ocr_line' id='line_1_22' title="bbox 335 1535 1979 1593; baseline 0 -3"><span class='ocrx_word' id='word_1_133' title='bbox 335 1535 737 1591; x_wconf 90' lang='lat' dir='ltr'><strong>convalescens</strong></span> <span class='ocrx_word' id='word_1_134' title='bbox 762 1538 1140 1592; x_wconf 83' lang='lat' dir='ltr'><strong>sustinuerat.</strong></span> <span class='ocrx_word' id='word_1_135' title='bbox 1187 1538 1317 1592; x_wconf 82' lang='lat' dir='ltr'><strong>Alio</strong></span> <span class='ocrx_word' id='word_1_136' title='bbox 1364 1535 1591 1592; x_wconf 90' lang='lat' dir='ltr'><strong>demum</strong></span> <span class='ocrx_word' id='word_1_137' title='bbox 1635 1539 1979 1593; x_wconf 89' lang='lat' dir='ltr'><strong>documento</strong></span> 
     </span>
    </p>
   </div>
   <div class='ocr_carea' id='block_1_22' title="bbox 335 1606 1977 1679">
    <p class='ocr_par' dir='ltr' id='par_1_22' title="bbox 335 1606 1977 1679">
     <span class='ocr_line' id='line_1_23' title="bbox 335 1606 1977 1679; baseline 0 -19"><span class='ocrx_word' id='word_1_138' title='bbox 335 1606 832 1679; x_wconf 80' lang='lat' dir='ltr'><strong>apud_laudatum</strong></span> <span class='ocrx_word' id='word_1_139' title='bbox 881 1607 1279 1663; x_wconf 88' lang='lat' dir='ltr'><strong>Mabillonium</strong></span> <span class='ocrx_word' id='word_1_140' title='bbox 1329 1607 1478 1679; x_wconf 88' lang='lat' dir='ltr'><strong>(Itin.</strong></span> <span class='ocrx_word' id='word_1_141' title='bbox 1511 1610 1615 1662; x_wconf 87' lang='lat' dir='ltr'><strong>Ital</strong></span> <span class='ocrx_word' id='word_1_142' title='bbox 1664 1615 1719 1664; x_wconf 92' lang='lat' dir='ltr'><strong>et</strong></span> <span class='ocrx_word' id='word_1_143' title='bbox 1769 1623 1889 1662; x_wconf 70' lang='lat' dir='ltr'><strong>saec.</strong></span> <span class='ocrx_word' id='word_1_144' title='bbox 1938 1620 1977 1661; x_wconf 82' lang='grc' dir='ltr'>ιι</span> 
     </span>
    </p>
   </div>
   <div class='ocr_carea' id='block_1_23' title="bbox 334 1676 1981 1748">
    <p class='ocr_par' dir='ltr' id='par_1_23' title="bbox 334 1676 1981 1748">
     <span class='ocr_line' id='line_1_24' title="bbox 334 1676 1981 1748; baseline 0.001 -16"><span class='ocrx_word' id='word_1_145' title='bbox 334 1676 559 1748; x_wconf 89' lang='lat' dir='ltr'><strong>Bened.)</strong></span> <span class='ocrx_word' id='word_1_146' title='bbox 587 1678 976 1748; x_wconf 75' lang='lat' dir='ltr'><strong>conﬁrmatur,</strong></span> <span class='ocrx_word' id='word_1_147' title='bbox 1009 1680 1156 1748; x_wconf 88' lang='lat' dir='ltr'><strong>quod</strong></span> <span class='ocrx_word' id='word_1_148' title='bbox 1191 1680 1317 1748; x_wconf 92' lang='lat' dir='ltr'><strong>ipso</strong></span> <span class='ocrx_word' id='word_1_149' title='bbox 1338 1676 1546 1734; x_wconf 88' lang='lat' dir='ltr'><strong>mense</strong></span> <span class='ocrx_word' id='word_1_150' title='bbox 1593 1680 1798 1735; x_wconf 86' lang='lat' dir='ltr'><strong>Martio</strong></span> <span class='ocrx_word' id='word_1_151' title='bbox 1833 1692 1981 1747; x_wconf 67' lang='lat' dir='ltr'><strong>prae-</strong></span> 
     </span>
    </p>
   </div>
   <div class='ocr_carea' id='block_1_24' title="bbox 335 1745 1981 1821">
    <p class='ocr_par' dir='ltr' id='par_1_24' title="bbox 335 1745 1981 1821">
     <span class='ocr_line' id='line_1_25' title="bbox 335 1745 1981 1821; baseline 0.002 -20"><span class='ocrx_word' id='word_1_152' title='bbox 335 1748 481 1803; x_wconf 90' lang='lat' dir='ltr'><strong>dicti</strong></span> <span class='ocrx_word' id='word_1_153' title='bbox 503 1745 640 1821; x_wconf 75' lang='lat' dir='ltr'><strong>anni</strong></span> <span class='ocrx_word' id='word_1_154' title='bbox 668 1745 776 1805; x_wconf 88' lang='grc'><strong>736</strong></span> <span class='ocrx_word' id='word_1_155' title='bbox 791 1745 1138 1805; x_wconf 61' lang='lat' dir='ltr'><strong>coni&#39;emare</strong></span> <span class='ocrx_word' id='word_1_156' title='bbox 1157 1745 1330 1821; x_wconf 61' lang='lat' dir='ltr'><strong>coepit</strong></span> <span class='ocrx_word' id='word_1_157' title='bbox 1344 1751 1720 1820; x_wconf 90' lang='lat' dir='ltr'><strong>Heildeprand</strong></span> <span class='ocrx_word' id='word_1_158' title='bbox 1730 1766 1816 1818; x_wconf 89' lang='lat' dir='ltr'><strong>us,</strong></span> <span class='ocrx_word' id='word_1_159' title='bbox 1833 1745 1981 1805; x_wconf 86' lang='lat' dir='ltr'><strong>erat-</strong></span> 
     </span>
    </p>
   </div>
   <div class='ocr_carea' id='block_1_25' title="bbox 338 1819 1978 1892">
    <p class='ocr_par' dir='ltr' id='par_1_25' title="bbox 338 1819 1978 1892">
     <span class='ocr_line' id='line_1_26' title="bbox 338 1819 1978 1892; baseline 0 -18"><span class='ocrx_word' id='word_1_160' title='bbox 338 1832 449 1888; x_wconf 92' lang='lat' dir='ltr'><strong>que</strong></span> <span class='ocrx_word' id='word_1_161' title='bbox 491 1819 678 1875; x_wconf 88' lang='lat' dir='ltr'><strong>adhuc</strong></span> <span class='ocrx_word' id='word_1_162' title='bbox 709 1828 997 1890; x_wconf 86' lang='lat' dir='ltr'><strong>superstes</strong></span> <span class='ocrx_word' id='word_1_163' title='bbox 1044 1821 1229 1892; x_wconf 69' lang='lat' dir='ltr'><strong>pridie</strong></span> <span class='ocrx_word' id='word_1_164' title='bbox 1251 1819 1556 1877; x_wconf 56' lang='lat' dir='ltr'><strong>&#39;Kalendas</strong></span> <span class='ocrx_word' id='word_1_165' title='bbox 1579 1823 1806 1892; x_wconf 85' lang='lat' dir='ltr'><strong>Apriles</strong></span> <span class='ocrx_word' id='word_1_166' title='bbox 1843 1821 1978 1875; x_wconf 89' lang='lat' dir='ltr'><strong>anni</strong></span> 
     </span>
    </p>
   </div>
   <div class='ocr_carea' id='block_1_26' title="bbox 336 1889 1983 1961">
    <p class='ocr_par' dir='ltr' id='par_1_26' title="bbox 336 1889 1983 1961">
     <span class='ocr_line' id='line_1_27' title="bbox 336 1889 1983 1961; baseline 0.001 -16"><span class='ocrx_word' id='word_1_167' title='bbox 336 1892 675 1961; x_wconf 85' lang='lat' dir='ltr'><strong>emortualis</strong></span> <span class='ocrx_word' id='word_1_168' title='bbox 700 1889 1040 1961; x_wconf 87' lang='lat' dir='ltr'><strong>Liutprandi</strong></span> <span class='ocrx_word' id='word_1_169' title='bbox 1066 1889 1189 1947; x_wconf 82' lang='grc'>744.</span> <span class='ocrx_word' id='word_1_170' title='bbox 1224 1889 1644 1949; x_wconf 78' lang='lat' dir='ltr'><strong>Documentum</strong></span> <span class='ocrx_word' id='word_1_171' title='bbox 1669 1901 1857 1949; x_wconf 90' lang='lat' dir='ltr'><strong>autem</strong></span> <span class='ocrx_word' id='word_1_172' title='bbox 1902 1894 1983 1948; x_wconf 86' lang='lat' dir='ltr'><strong>ita</strong></span> 
     </span>
    </p>
   </div>
   <div class='ocr_carea' id='block_1_27' title="bbox 340 1959 1982 2034">
    <p class='ocr_par' dir='ltr' id='par_1_27' title="bbox 340 1959 1982 2034">
     <span class='ocr_line' id='line_1_28' title="bbox 340 1959 1982 2034; baseline 0.001 -19"><span class='ocrx_word' id='word_1_173' title='bbox 340 1959 543 2017; x_wconf 86' lang='lat' dir='ltr'><strong>habet:</strong></span> <span class='ocrx_word' id='word_1_174' title='bbox 573 1968 773 2018; x_wconf 82' lang='lat' dir='ltr'><strong>Actum</strong></span> <span class='ocrx_word' id='word_1_175' title='bbox 797 1959 973 2018; x_wconf 82' lang='lat' dir='ltr'><strong>Ticini</strong></span> <span class='ocrx_word' id='word_1_176' title='bbox 997 1964 1097 2018; x_wconf 87' lang='lat' dir='ltr'><strong>sub</strong></span> <span class='ocrx_word' id='word_1_177' title='bbox 1136 1964 1225 2018; x_wconf 85' lang='lat' dir='ltr'><strong>die</strong></span> <span class='ocrx_word' id='word_1_178' title='bbox 1247 1979 1285 2019; x_wconf 86' lang='lat' dir='ltr'><strong>Il</strong></span> <span class='ocrx_word' id='word_1_179' title='bbox 1312 1966 1441 2019; x_wconf 85' lang='lat' dir='ltr'><strong>Kal.</strong></span> <span class='ocrx_word' id='word_1_180' title='bbox 1473 1967 1608 2034; x_wconf 81' lang='lat' dir='ltr'><strong>Apr.</strong></span> <span class='ocrx_word' id='word_1_181' title='bbox 1644 1980 1788 2018; x_wconf 88' lang='lat' dir='ltr'><strong>anno</strong></span> <span class='ocrx_word' id='word_1_182' title='bbox 1806 1965 1982 2031; x_wconf 70' lang='lat' dir='ltr'><strong>felicis</strong></span> 
     </span>
    </p>
   </div>
   <div class='ocr_carea' id='block_1_28' title="bbox 339 2034 1986 2105">
    <p class='ocr_par' dir='ltr' id='par_1_28' title="bbox 339 2034 1986 2105">
     <span class='ocr_line' id='line_1_29' title="bbox 339 2034 1986 2105; baseline 0.004 -22"><span class='ocrx_word' id='word_1_183' title='bbox 339 2036 500 2105; x_wconf 69' lang='lat' dir='ltr'><strong>regni</strong></span> <span class='ocrx_word' id='word_1_184' title='bbox 515 2037 691 2088; x_wconf 81' lang='lat' dir='ltr'><strong>nostri</strong></span> <span class='ocrx_word' id='word_1_185' title='bbox 714 2051 855 2089; x_wconf 90' lang='lat' dir='ltr'><strong>nono</strong></span> <span class='ocrx_word' id='word_1_186' title='bbox 880 2037 978 2089; x_wconf 85' lang='lat' dir='ltr'><strong>Per</strong></span> <span class='ocrx_word' id='word_1_187' title='bbox 1007 2036 1203 2090; x_wconf 85' lang='lat' dir='ltr'><strong>indict.</strong></span> <span class='ocrx_word' id='word_1_188' title='bbox 1250 2050 1350 2090; x_wconf 84' lang='lat' dir='ltr'><strong>xu.</strong></span> <span class='ocrx_word' id='word_1_189' title='bbox 1412 2036 1788 2105; x_wconf 80' lang='lat' dir='ltr'><strong>Quamobrem</strong></span> <span class='ocrx_word' id='word_1_190' title='bbox 1820 2034 1986 2090; x_wconf 86' lang='lat' dir='ltr'><strong>Heil-</strong></span> 
     </span>
    </p>
   </div>
   <div class='ocr_carea' id='block_1_29' title="bbox 339 2102 1990 2177">
    <p class='ocr_par' dir='ltr' id='par_1_29' title="bbox 339 2102 1990 2177">
     <span class='ocr_line' id='line_1_30' title="bbox 339 2102 1990 2177; baseline 0.003 -21"><span class='ocrx_word' id='word_1_191' title='bbox 339 2102 686 2177; x_wconf 81' lang='lat' dir='ltr'><strong>deprandus,</strong></span> <span class='ocrx_word' id='word_1_192' title='bbox 715 2113 917 2174; x_wconf 66' lang='lat' dir='ltr'><strong>praeter</strong></span> <span class='ocrx_word' id='word_1_193' title='bbox 935 2120 1117 2163; x_wconf 88' lang='lat' dir='ltr'><strong>annos</strong></span> <span class='ocrx_word' id='word_1_194' title='bbox 1143 2112 1270 2163; x_wconf 93' lang='lat' dir='ltr'><strong>octo</strong></span> <span class='ocrx_word' id='word_1_195' title='bbox 1292 2102 1529 2175; x_wconf 84' lang='lat' dir='ltr'><strong>solidos,</strong></span> <span class='ocrx_word' id='word_1_196' title='bbox 1554 2108 1817 2177; x_wconf 77' lang='lat' dir='ltr'><strong>regnavit</strong></span> <span class='ocrx_word' id='word_1_197' title='bbox 1840 2120 1990 2161; x_wconf 90' lang='lat' dir='ltr'><strong>men-</strong></span> 
     </span>
    </p>
   </div>
   <div class='ocr_carea' id='block_1_30' title="bbox 341 2175 1988 2248">
    <p class='ocr_par' dir='ltr' id='par_1_30' title="bbox 341 2175 1988 2248">
     <span class='ocr_line' id='line_1_31' title="bbox 341 2175 1988 2248; baseline 0.003 -21"><span class='ocrx_word' id='word_1_198' title='bbox 341 2175 700 2248; x_wconf 79' lang='lat' dir='ltr'><strong>sesaiiquot,</strong></span> <span class='ocrx_word' id='word_1_199' title='bbox 734 2192 974 2248; x_wconf 90' lang='lat' dir='ltr'><strong>quorum</strong></span> <span class='ocrx_word' id='word_1_200' title='bbox 1005 2192 1307 2234; x_wconf 88' lang='lat' dir='ltr'><strong>numerum</strong></span> <span class='ocrx_word' id='word_1_201' title='bbox 1347 2192 1438 2233; x_wconf 91' lang='lat' dir='ltr'><strong>res</strong></span> <span class='ocrx_word' id='word_1_202' title='bbox 1462 2175 1740 2233; x_wconf 88' lang='lat' dir='ltr'><strong>vetustate</strong></span> <span class='ocrx_word' id='word_1_203' title='bbox 1769 2178 1988 2232; x_wconf 73' lang='lat' dir='ltr'><strong>obrutae</strong></span> 
     </span>
    </p>
   </div>
   <div class='ocr_carea' id='block_1_31' title="bbox 343 2244 1991 2327">
    <p class='ocr_par' dir='ltr' id='par_1_31' title="bbox 343 2244 1991 2327">
     <span class='ocr_line' id='line_1_32' title="bbox 343 2244 1991 2327; baseline 0.004 -30"><span class='ocrx_word' id='word_1_204' title='bbox 343 2244 615 2327; x_wconf 61' lang='lat' dir='ltr'><strong>indagare</strong></span> <span class='ocrx_word' id='word_1_205' title='bbox 637 2244 993 2327; x_wconf 69' lang='lat' dir='ltr'><strong>nen&#39;sinunt.</strong></span> <span class='ocrx_word' id='word_1_206' title='bbox 1022 2250 1108 2327; x_wconf 41' lang='lat' dir='ltr'><strong>‘Ac</strong></span> <span class='ocrx_word' id='word_1_207' title='bbox 1122 2251 1362 2319; x_wconf 87' lang='lat' dir='ltr'><strong>proinde</strong></span> <span class='ocrx_word' id='word_1_208' title='bbox 1382 2262 1590 2327; x_wconf 66' lang='lat' dir='ltr'><strong>novam</strong></span> <span class='ocrx_word' id='word_1_209' title='bbox 1612 2250 1991 2327; x_wconf 45' lang='lat' dir='ltr'><strong>abbatispacf</strong></span> 
     </span>
    </p>
   </div>
   <div class='ocr_carea' id='block_1_32' title="bbox 345 2314 1990 2398">
    <p class='ocr_par' dir='ltr' id='par_1_32' title="bbox 345 2314 1990 2398">
     <span class='ocr_line' id='line_1_33' title="bbox 345 2314 1990 2398; baseline 0.002 -29"><span class='ocrx_word' id='word_1_210' title='bbox 345 2314 532 2398; x_wconf 75' lang='lat' dir='ltr'><strong>chinii</strong></span> <span class='ocrx_word' id='word_1_211' title='bbox 566 2317 996 2398; x_wconf 71' lang='lat' dir='ltr'><strong>chronologiam</strong></span> <span class='ocrx_word' id='word_1_212' title='bbox 1016 2316 1090 2388; x_wconf 85' lang='lat' dir='ltr'><strong>(in</strong></span> <span class='ocrx_word' id='word_1_213' title='bbox 1114 2314 1347 2375; x_wconf 68' lang='lat' dir='ltr'><strong>éwcursu</strong></span> <span class='ocrx_word' id='word_1_214' title='bbox 1372 2321 1568 2398; x_wconf 81' lang='lat' dir='ltr'><strong>Chron.</strong></span> <span class='ocrx_word' id='word_1_215' title='bbox 1590 2325 1716 2398; x_wconf 81' lang='lat' dir='ltr'><strong>ante</strong></span> <span class='ocrx_word' id='word_1_216' title='bbox 1739 2324 1818 2374; x_wconf 85' lang='lat' dir='ltr'><strong>Jo.</strong></span> <span class='ocrx_word' id='word_1_217' title='bbox 1843 2319 1990 2389; x_wconf 86' lang='lat' dir='ltr'><strong>Sen.)</strong></span> 
     </span>
    </p>
   </div>
   <div class='ocr_carea' id='block_1_33' title="bbox 343 2388 1991 2461">
    <p class='ocr_par' dir='ltr' id='par_1_33' title="bbox 343 2388 1991 2461">
     <span class='ocr_line' id='line_1_34' title="bbox 343 2388 1991 2461; baseline 0.004 -21"><span class='ocrx_word' id='word_1_218' title='bbox 343 2388 887 2461; x_wconf 63' lang='lat' dir='ltr'><strong>penitusrejiciens,</strong></span> <span class='ocrx_word' id='word_1_219' title='bbox 933 2404 1155 2447; x_wconf 89' lang='lat' dir='ltr'><strong>menses</strong></span> <span class='ocrx_word' id='word_1_220' title='bbox 1181 2399 1404 2448; x_wconf 89' lang='lat' dir='ltr'><strong>tantum</strong></span> <span class='ocrx_word' id='word_1_221' title='bbox 1436 2392 1650 2448; x_wconf 89' lang='lat' dir='ltr'><strong>retinui</strong></span> <span class='ocrx_word' id='word_1_222' title='bbox 1679 2405 1796 2459; x_wconf 85' lang='lat' dir='ltr'><strong>sex,</strong></span> <span class='ocrx_word' id='word_1_223' title='bbox 1846 2405 1991 2461; x_wconf 92' lang='lat' dir='ltr'><strong>quos</strong></span> 
     </span>
    </p>
   </div>
   <div class='ocr_carea' id='block_1_34' title="bbox 342 2456 1991 2532">
    <p class='ocr_par' dir='ltr' id='par_1_34' title="bbox 342 2456 1991 2532">
     <span class='ocr_line' id='line_1_35' title="bbox 342 2456 1991 2532; baseline 0.003 -21"><span class='ocrx_word' id='word_1_224' title='bbox 342 2456 554 2532; x_wconf 80' lang='lat' dir='ltr'><strong>tribuit</strong></span> <span class='ocrx_word' id='word_1_225' title='bbox 576 2456 997 2532; x_wconf 80' lang='lat' dir='ltr'><strong>Heildeprando</strong></span> <span class='ocrx_word' id='word_1_226' title='bbox 1021 2468 1146 2531; x_wconf 91' lang='lat' dir='ltr'><strong>post</strong></span> <span class='ocrx_word' id='word_1_227' title='bbox 1176 2464 1514 2532; x_wconf 90' lang='lat' dir='ltr'><strong>Liutprandi</strong></span> <span class='ocrx_word' id='word_1_228' title='bbox 1539 2456 1793 2518; x_wconf 83' lang='lat' dir='ltr'><strong>obitum:</strong></span> <span class='ocrx_word' id='word_1_229' title='bbox 1818 2456 1897 2516; x_wconf 74' lang='lat' dir='ltr'><strong>ita</strong></span> <span class='ocrx_word' id='word_1_230' title='bbox 1927 2468 1991 2516; x_wconf 93' lang='lat' dir='ltr'><strong>ut</strong></span> 
     </span>
    </p>
   </div>
   <div class='ocr_carea' id='block_1_35' title="bbox 340 2529 1990 2606">
    <p class='ocr_par' dir='ltr' id='par_1_35' title="bbox 340 2529 1990 2606">
     <span class='ocr_line' id='line_1_36' title="bbox 340 2529 1990 2606; baseline 0.001 -21"><span class='ocrx_word' id='word_1_231' title='bbox 340 2529 494 2606; x_wconf 79' lang='lat' dir='ltr'><strong>solio</strong></span> <span class='ocrx_word' id='word_1_232' title='bbox 526 2542 638 2585; x_wconf 92' lang='lat' dir='ltr'><strong>non</strong></span> <span class='ocrx_word' id='word_1_233' title='bbox 692 2529 869 2606; x_wconf 81' lang='lat' dir='ltr'><strong>fuerit</strong></span> <span class='ocrx_word' id='word_1_234' title='bbox 896 2529 1235 2606; x_wconf 69' lang='lat' dir='ltr'><strong>deturbatus</strong></span> <span class='ocrx_word' id='word_1_235' title='bbox 1266 2529 1390 2606; x_wconf 80' lang='lat' dir='ltr'><strong>nisi</strong></span> <span class='ocrx_word' id='word_1_236' title='bbox 1428 2547 1619 2588; x_wconf 90' lang='lat' dir='ltr'><strong>mense</strong></span> <span class='ocrx_word' id='word_1_237' title='bbox 1665 2533 1868 2606; x_wconf 37' lang='lat' dir='ltr'><strong>Iulio.“</strong></span> <span class='ocrx_word' id='word_1_238' title='bbox 1892 2547 1990 2587; x_wconf 83' lang='lat' dir='ltr'><strong>sex</strong></span> 
     </span>
    </p>
   </div>
   <div class='ocr_carea' id='block_1_36' title="bbox 346 2601 1987 2672">
    <p class='ocr_par' dir='ltr' id='par_1_36' title="bbox 346 2601 1987 2672">
     <span class='ocr_line' id='line_1_37' title="bbox 346 2601 1987 2672; baseline 0.001 -17"><span class='ocrx_word' id='word_1_239' title='bbox 346 2601 548 2672; x_wconf 78' lang='lat' dir='ltr'><strong>nempe</strong></span> <span class='ocrx_word' id='word_1_240' title='bbox 574 2601 871 2657; x_wconf 88' lang='lat' dir='ltr'><strong>mensibus</strong></span> <span class='ocrx_word' id='word_1_241' title='bbox 903 2608 1029 2672; x_wconf 85' lang='lat' dir='ltr'><strong>post</strong></span> <span class='ocrx_word' id='word_1_242' title='bbox 1055 2603 1396 2672; x_wconf 88' lang='lat' dir='ltr'><strong>Liutprandi</strong></span> <span class='ocrx_word' id='word_1_243' title='bbox 1428 2602 1987 2668; x_wconf 89' lang='lat' dir='ltr'><strong>emortualemdiem,</strong></span> 
     </span>
    </p>
   </div>
   <div class='ocr_carea' id='block_1_37' title="bbox 342 2616 1995 2744">
    <p class='ocr_par' dir='ltr' id='par_1_37' title="bbox 342 2616 1995 2744">
     <span class='ocr_line' id='line_1_38' title="bbox 346 2616 1987 2672; baseline 0.001 -17"><span class='ocrx_word' id='word_1_244' title='bbox 346 2616 548 2669; x_wconf 89' lang='lat' dir='ltr'><strong>nempe</strong></span> <span class='ocrx_word' id='word_1_245' title='bbox 574 2616 871 2657; x_wconf 80' lang='lat' dir='ltr'><strong>menswus</strong></span> <span class='ocrx_word' id='word_1_246' title='bbox 940 2616 1029 2657; x_wconf 83' lang='lat' dir='ltr'><strong>OSI.</strong></span> <span class='ocrx_word' id='word_1_247' title='bbox 1055 2616 1396 2672; x_wconf 79' lang='lat' dir='ltr'><strong>Liutpranai</strong></span> <span class='ocrx_word' id='word_1_248' title='bbox 1428 2616 1987 2668; x_wconf 78' lang='lat' dir='ltr'><strong>emortualemuiem,</strong></span> 
     </span>
     <span class='ocr_line' id='line_1_39' title="bbox 342 2616 1995 2744; baseline 0.002 -18"><span class='ocrx_word' id='word_1_249' title='bbox 342 2670 415 2727; x_wconf 74' lang='lat'><strong>43</strong></span> <span class='ocrx_word' id='word_1_250' title='bbox 441 2673 702 2728; x_wconf 84' lang='lat' dir='ltr'><strong>Januarii</strong></span> <span class='ocrx_word' id='word_1_251' title='bbox 728 2674 865 2744; x_wconf 89' lang='lat' dir='ltr'><strong>anni</strong></span> <span class='ocrx_word' id='word_1_252' title='bbox 895 2616 1017 2727; x_wconf 54' lang='grc' dir='ltr'><strong>Ιἱ44.</strong></span> <span class='ocrx_word' id='word_1_253' title='bbox 1056 2672 1129 2729; x_wconf 83' lang='lat' dir='ltr'><strong>At</strong></span> <span class='ocrx_word' id='word_1_254' title='bbox 1162 2687 1230 2729; x_wconf 92' lang='lat' dir='ltr'><strong>ne</strong></span> <span class='ocrx_word' id='word_1_255' title='bbox 1250 2674 1427 2729; x_wconf 87' lang='lat' dir='ltr'><strong>simul</strong></span> <span class='ocrx_word' id='word_1_256' title='bbox 1457 2675 1773 2744; x_wconf 82' lang='lat' dir='ltr'><strong>pugnantia</strong></span> <span class='ocrx_word' id='word_1_257' title='bbox 1800 2674 1995 2730; x_wconf 89' lang='lat' dir='ltr'><strong>videar</strong></span> 
     </span>
    </p>
   </div>
   <div class='ocr_carea' id='block_1_38' title="bbox 343 2743 1997 2815">
    <p class='ocr_par' dir='ltr' id='par_1_38' title="bbox 343 2743 1997 2815">
     <span class='ocr_line' id='line_1_40' title="bbox 343 2743 1997 2815; baseline 0.002 -17"><span class='ocrx_word' id='word_1_258' title='bbox 343 2744 583 2811; x_wconf 87' lang='lat' dir='ltr'><strong>tradere,</strong></span> <span class='ocrx_word' id='word_1_259' title='bbox 607 2756 677 2798; x_wconf 91' lang='lat' dir='ltr'><strong>en</strong></span> <span class='ocrx_word' id='word_1_260' title='bbox 710 2743 868 2798; x_wconf 91' lang='lat' dir='ltr'><strong>Libri</strong></span> <span class='ocrx_word' id='word_1_261' title='bbox 892 2744 1251 2800; x_wconf 88' lang='lat' dir='ltr'><strong>Pontiﬁcalis</strong></span> <span class='ocrx_word' id='word_1_262' title='bbox 1272 2743 1586 2815; x_wconf 84' lang='lat' dir='ltr'><strong>synchroni</strong></span> <span class='ocrx_word' id='word_1_263' title='bbox 1612 2744 1918 2800; x_wconf 89' lang='lat' dir='ltr'><strong>historiam</strong></span> <span class='ocrx_word' id='word_1_264' title='bbox 1939 2754 1997 2802; x_wconf 92' lang='lat' dir='ltr'><strong>et</strong></span> 
     </span>
    </p>
   </div>
   <div class='ocr_carea' id='block_1_39' title="bbox 334 2814 1114 2884">
    <p class='ocr_par' dir='ltr' id='par_1_39' title="bbox 334 2814 1114 2884">
     <span class='ocr_line' id='line_1_41' title="bbox 334 2814 1114 2884; baseline 0 -14"><span class='ocrx_word' id='word_1_265' title='bbox 334 2814 697 2884; x_wconf 83' lang='lat' dir='ltr'><strong>documenta,</strong></span> <span class='ocrx_word' id='word_1_266' title='bbox 729 2815 945 2884; x_wconf 88' lang='lat' dir='ltr'><strong>quibus</strong></span> <span class='ocrx_word' id='word_1_267' title='bbox 964 2820 1114 2870; x_wconf 88' lang='lat' dir='ltr'><strong>utor.</strong></span> 
     </span>
    </p>
   </div>
   <div class='ocr_carea' id='block_1_40' title="bbox 412 2883 1997 2958">
    <p class='ocr_par' dir='ltr' id='par_1_40' title="bbox 412 2883 1997 2958">
     <span class='ocr_line' id='line_1_42' title="bbox 412 2883 1997 2958; baseline 0.001 -18"><span class='ocrx_word' id='word_1_268' title='bbox 412 2883 909 2958; x_wconf 25' lang='lat' dir='ltr'><strong>36.ALiutprando</strong></span> <span class='ocrx_word' id='word_1_269' title='bbox 950 2886 1268 2942; x_wconf 79' lang='lat' dir='ltr'><strong>Ravennam</strong></span> <span class='ocrx_word' id='word_1_270' title='bbox 1320 2891 1630 2958; x_wconf 82' lang='lat' dir='ltr'><strong>premente,</strong></span> <span class='ocrx_word' id='word_1_271' title='bbox 1678 2887 1997 2958; x_wconf 88' lang='lat' dir='ltr'><strong>Eutychius</strong></span> 
     </span>
    </p>
   </div>
   <div class='ocr_carea' id='block_1_41' title="bbox 345 2955 1994 3026">
    <p class='ocr_par' dir='ltr' id='par_1_41' title="bbox 345 2955 1994 3026">
     <span class='ocr_line' id='line_1_43' title="bbox 345 2955 1994 3026; baseline 0.002 -16"><span class='ocrx_word' id='word_1_272' title='bbox 345 2955 628 3012; x_wconf 89' lang='lat' dir='ltr'><strong>exarchus</strong></span> <span class='ocrx_word' id='word_1_273' title='bbox 665 2964 721 3011; x_wconf 89' lang='lat' dir='ltr'><strong>et</strong></span> <span class='ocrx_word' id='word_1_274' title='bbox 750 2957 1102 3013; x_wconf 86' lang='lat' dir='ltr'><strong>Ravennates</strong></span> <span class='ocrx_word' id='word_1_275' title='bbox 1127 2965 1293 3012; x_wconf 91' lang='lat' dir='ltr'><strong>orant</strong></span> <span class='ocrx_word' id='word_1_276' title='bbox 1322 2957 1648 3026; x_wconf 90' lang='lat' dir='ltr'><strong>pontiﬁcem</strong></span> <span class='ocrx_word' id='word_1_277' title='bbox 1692 2959 1749 3013; x_wconf 88' lang='lat' dir='ltr'><strong>S.</strong></span> <span class='ocrx_word' id='word_1_278' title='bbox 1776 2955 1994 3013; x_wconf 85' lang='lat' dir='ltr'><strong>Zacha—</strong></span> 
     </span>
    </p>
   </div>
   <div class='ocr_carea' id='block_1_42' title="bbox 342 3026 1994 3099">
    <p class='ocr_par' dir='ltr' id='par_1_42' title="bbox 342 3026 1994 3099">
     <span class='ocr_line' id='line_1_44' title="bbox 342 3026 1994 3099; baseline 0.001 -18"><span class='ocrx_word' id='word_1_279' title='bbox 342 3027 489 3099; x_wconf 84' lang='lat' dir='ltr'><strong>riam</strong></span> <span class='ocrx_word' id='word_1_280' title='bbox 522 3027 893 3083; x_wconf 89' lang='lat' dir='ltr'><strong>utauxilium</strong></span> <span class='ocrx_word' id='word_1_281' title='bbox 922 3026 1086 3083; x_wconf 90' lang='lat' dir='ltr'><strong>ferat.</strong></span> <span class='ocrx_word' id='word_1_282' title='bbox 1125 3029 1229 3083; x_wconf 89' lang='lat' dir='ltr'><strong>Hic</strong></span> <span class='ocrx_word' id='word_1_283' title='bbox 1268 3028 1550 3099; x_wconf 82' lang='lat' dir='ltr'><strong>legatione</strong></span> <span class='ocrx_word' id='word_1_284' title='bbox 1578 3030 1648 3084; x_wconf 92' lang='lat' dir='ltr'><strong>ad</strong></span> <span class='ocrx_word' id='word_1_285' title='bbox 1674 3042 1858 3097; x_wconf 82' lang='lat' dir='ltr'><strong>regem</strong></span> <span class='ocrx_word' id='word_1_286' title='bbox 1887 3043 1994 3084; x_wconf 91' lang='lat' dir='ltr'><strong>ne-</strong></span> 
     </span>
    </p>
   </div>
   <div class='ocr_carea' id='block_1_43' title="bbox 342 3097 1993 3169">
    <p class='ocr_par' dir='ltr' id='par_1_43' title="bbox 342 3097 1993 3169">
     <span class='ocr_line' id='line_1_45' title="bbox 342 3097 1993 3169; baseline 0.002 -17"><span class='ocrx_word' id='word_1_287' title='bbox 342 3097 659 3169; x_wconf 87' lang='lat' dir='ltr'><strong>quidquam</strong></span> <span class='ocrx_word' id='word_1_288' title='bbox 689 3099 984 3163; x_wconf 87' lang='lat' dir='ltr'><strong>adornata,</strong></span> <span class='ocrx_word' id='word_1_289' title='bbox 1012 3113 1109 3167; x_wconf 91' lang='lat' dir='ltr'><strong>per</strong></span> <span class='ocrx_word' id='word_1_290' title='bbox 1135 3114 1194 3154; x_wconf 88' lang='lat' dir='ltr'><strong>se</strong></span> <span class='ocrx_word' id='word_1_291' title='bbox 1218 3097 1634 3168; x_wconf 84' lang='lat' dir='ltr'><strong>Liutprandum</strong></span> <span class='ocrx_word' id='word_1_292' title='bbox 1657 3100 1778 3169; x_wconf 90' lang='lat' dir='ltr'><strong>ipse</strong></span> <span class='ocrx_word' id='word_1_293' title='bbox 1799 3114 1993 3155; x_wconf 88' lang='lat' dir='ltr'><strong>conve-</strong></span> 
     </span>
    </p>
   </div>
   <div class='ocr_carea' id='block_1_44' title="bbox 342 3168 1988 3238">
    <p class='ocr_par' dir='ltr' id='par_1_44' title="bbox 342 3168 1988 3238">
     <span class='ocr_line' id='line_1_46' title="bbox 342 3168 1988 3238; baseline 0.001 -15"><span class='ocrx_word' id='word_1_294' title='bbox 342 3170 449 3223; x_wconf 89' lang='lat' dir='ltr'><strong>nit.</strong></span> <span class='ocrx_word' id='word_1_295' title='bbox 486 3168 661 3223; x_wconf 87' lang='lat' dir='ltr'><strong>Roma</strong></span> <span class='ocrx_word' id='word_1_296' title='bbox 715 3169 1106 3238; x_wconf 88' lang='lat' dir='ltr'><strong>proﬁciscitur</strong></span> <span class='ocrx_word' id='word_1_297' title='bbox 1135 3171 1476 3226; x_wconf 86' lang='lat' dir='ltr'><strong>Ravennam.</strong></span> <span class='ocrx_word' id='word_1_298' title='bbox 1522 3170 1659 3226; x_wconf 90' lang='lat' dir='ltr'><strong>hinc</strong></span> <span class='ocrx_word' id='word_1_299' title='bbox 1684 3168 1988 3237; x_wconf 37' lang='lat' dir='ltr'><strong>’Ticinum,</strong></span> 
     </span>
    </p>
   </div>
   <div class='ocr_carea' id='block_1_45' title="bbox 343 3237 1992 3312">
    <p class='ocr_par' dir='ltr' id='par_1_45' title="bbox 343 3237 1992 3312">
     <span class='ocr_line' id='line_1_47' title="bbox 343 3237 1992 3312; baseline 0.002 -19"><span class='ocrx_word' id='word_1_300' title='bbox 343 3252 459 3308; x_wconf 91' lang='lat' dir='ltr'><strong>quo</strong></span> <span class='ocrx_word' id='word_1_301' title='bbox 509 3237 766 3312; x_wconf 77' lang='lat' dir='ltr'><strong>pervenit</strong></span> <span class='ocrx_word' id='word_1_302' title='bbox 793 3237 984 3312; x_wconf 15' lang='lat' dir='ltr'><strong>die~28</strong></span> <span class='ocrx_word' id='word_1_303' title='bbox 1029 3241 1213 3296; x_wconf 85' lang='lat' dir='ltr'><strong>Junii.</strong></span> <span class='ocrx_word' id='word_1_304' title='bbox 1250 3254 1401 3296; x_wconf 89' lang='lat' dir='ltr'><strong>anno</strong></span> <span class='ocrx_word' id='word_1_305' title='bbox 1445 3238 1572 3296; x_wconf 89' lang='grc'>743.</span> <span class='ocrx_word' id='word_1_306' title='bbox 1614 3242 1716 3296; x_wconf 89' lang='lat' dir='ltr'><strong>Die</strong></span> <span class='ocrx_word' id='word_1_307' title='bbox 1768 3249 1992 3312; x_wconf 91' lang='lat' dir='ltr'><strong>postera</strong></span> 
     </span>
    </p>
   </div>
   <div class='ocr_carea' id='block_1_46' title="bbox 338 3307 1996 3383">
    <p class='ocr_par' dir='ltr' id='par_1_46' title="bbox 338 3307 1996 3383">
     <span class='ocr_line' id='line_1_48' title="bbox 338 3307 1996 3383; baseline 0.002 -19"><span class='ocrx_word' id='word_1_308' title='bbox 338 3307 568 3365; x_wconf 81' lang='lat' dir='ltr'><strong>sacrum</strong></span> <span class='ocrx_word' id='word_1_309' title='bbox 603 3307 743 3383; x_wconf 78' lang='lat' dir='ltr'><strong>facit</strong></span> <span class='ocrx_word' id='word_1_310' title='bbox 788 3311 847 3364; x_wconf 91' lang='lat' dir='ltr'><strong>in</strong></span> <span class='ocrx_word' id='word_1_311' title='bbox 874 3310 929 3365; x_wconf 91' lang='lat' dir='ltr'><strong>S.</strong></span> <span class='ocrx_word' id='word_1_312' title='bbox 963 3312 1114 3367; x_wconf 87' lang='lat' dir='ltr'><strong>Petri</strong></span> <span class='ocrx_word' id='word_1_313' title='bbox 1148 3312 1385 3383; x_wconf 71' lang='lat' dir='ltr'><strong>illClBlO</strong></span> <span class='ocrx_word' id='word_1_314' title='bbox 1423 3325 1615 3367; x_wconf 90' lang='lat' dir='ltr'><strong>aureo.</strong></span> <span class='ocrx_word' id='word_1_315' title='bbox 1652 3307 1996 3383; x_wconf 65' lang='lat' dir='ltr'><strong>Agi&#39;deinde</strong></span> 
     </span>
    </p>
   </div>
   <div class='ocr_carea' id='block_1_47' title="bbox 339 3380 1997 3450">
    <p class='ocr_par' dir='ltr' id='par_1_47' title="bbox 339 3380 1997 3450">
     <span class='ocr_line' id='line_1_49' title="bbox 339 3380 1997 3450; baseline 0.005 -19"><span class='ocrx_word' id='word_1_316' title='bbox 339 3386 588 3450; x_wconf 73' lang='lat' dir='ltr'><strong>emptum</strong></span> <span class='ocrx_word' id='word_1_317' title='bbox 607 3380 680 3435; x_wconf 91' lang='lat' dir='ltr'><strong>de</strong></span> <span class='ocrx_word' id='word_1_318' title='bbox 720 3381 1483 3438; x_wconf 87' lang='lat' dir='ltr'><strong>Ravennatibusliberandis</strong></span> <span class='ocrx_word' id='word_1_319' title='bbox 1512 3396 1578 3437; x_wconf 92' lang='lat' dir='ltr'><strong>ac</strong></span> <span class='ocrx_word' id='word_1_320' title='bbox 1618 3380 1997 3439; x_wconf 74' lang='lat' dir='ltr'><strong>restituendis</strong></span> 
     </span>
    </p>
   </div>
   <div class='ocr_carea' id='block_1_48' title="bbox 342 3450 1993 3524">
    <p class='ocr_par' dir='ltr' id='par_1_48' title="bbox 342 3450 1993 3524">
     <span class='ocr_line' id='line_1_50' title="bbox 342 3450 1993 3524; baseline 0.002 -18"><span class='ocrx_word' id='word_1_321' title='bbox 342 3450 573 3524; x_wconf 89' lang='lat' dir='ltr'><strong>ablatis.</strong></span> <span class='ocrx_word' id='word_1_322' title='bbox 607 3452 769 3508; x_wconf 87' lang='lat' dir='ltr'><strong>Victa</strong></span> <span class='ocrx_word' id='word_1_323' title='bbox 798 3452 1029 3524; x_wconf 88' lang='lat' dir='ltr'><strong>demum</strong></span> <span class='ocrx_word' id='word_1_324' title='bbox 1066 3454 1220 3524; x_wconf 87' lang='lat' dir='ltr'><strong>regis</strong></span> <span class='ocrx_word' id='word_1_325' title='bbox 1260 3454 1499 3524; x_wconf 72' lang='lat' dir='ltr'><strong>duritie,</strong></span> <span class='ocrx_word' id='word_1_326' title='bbox 1528 3459 1865 3509; x_wconf 91' lang='lat' dir='ltr'><strong>conventum</strong></span> <span class='ocrx_word' id='word_1_327' title='bbox 1909 3463 1993 3523; x_wconf 92' lang='lat' dir='ltr'><strong>ut,</strong></span> 
     </span>
    </p>
   </div>
   <div class='ocr_carea' id='block_1_49' title="bbox 339 3523 2002 3592">
    <p class='ocr_par' dir='ltr' id='par_1_49' title="bbox 339 3523 2002 3592">
     <span class='ocr_line' id='line_1_51' title="bbox 339 3523 2002 3592; baseline 0.002 -15"><span class='ocrx_word' id='word_1_328' title='bbox 339 3523 564 3577; x_wconf 66' lang='lat' dir='ltr'><strong>caeteris</strong></span> <span class='ocrx_word' id='word_1_329' title='bbox 596 3523 903 3591; x_wconf 90' lang='lat' dir='ltr'><strong>restitutis,</strong></span> <span class='ocrx_word' id='word_1_330' title='bbox 931 3523 1148 3592; x_wconf 88' lang='lat' dir='ltr'><strong>partem</strong></span> <span class='ocrx_word' id='word_1_331' title='bbox 1167 3526 1393 3579; x_wconf 84' lang='lat' dir='ltr'><strong>tertiam</strong></span> <span class='ocrx_word' id='word_1_332' title='bbox 1417 3525 1530 3580; x_wconf 84' lang='lat' dir='ltr'><strong>sibi</strong></span> <span class='ocrx_word' id='word_1_333' title='bbox 1560 3537 1657 3579; x_wconf 86' lang='lat' dir='ltr'><strong>rex</strong></span> <span class='ocrx_word' id='word_1_334' title='bbox 1687 3532 2002 3581; x_wconf 83' lang='lat' dir='ltr'><strong>reservaret</strong></span> 
     </span>
    </p>
   </div>
   <div class='ocr_carea' id='block_1_50' title="bbox 337 3593 2002 3665">
    <p class='ocr_par' dir='ltr' id='par_1_50' title="bbox 337 3593 2002 3665">
     <span class='ocr_line' id='line_1_52' title="bbox 337 3593 2002 3665; baseline 0.002 -17"><span class='ocrx_word' id='word_1_335' title='bbox 337 3593 621 3665; x_wconf 77' lang='lat' dir='ltr'><strong>territorii</strong></span> <span class='ocrx_word' id='word_1_336' title='bbox 639 3594 946 3665; x_wconf 60' lang='lat' dir='ltr'><strong>Caesengtis</strong></span> <span class='ocrx_word' id='word_1_337' title='bbox 973 3595 1316 3651; x_wconf 88' lang='lat' dir='ltr'><strong>reddendam</strong></span> <span class='ocrx_word' id='word_1_338' title='bbox 1344 3602 1471 3665; x_wconf 91' lang='lat' dir='ltr'><strong>post</strong></span> <span class='ocrx_word' id='word_1_339' title='bbox 1491 3595 1771 3651; x_wconf 85' lang='lat' dir='ltr'><strong>Kalendas</strong></span> <span class='ocrx_word' id='word_1_340' title='bbox 1798 3597 2002 3652; x_wconf 77' lang='lat' dir='ltr'><strong>Junius</strong></span> 
     </span>
    </p>
   </div>
   <div class='ocr_carea' id='block_1_51' title="bbox 338 3661 2003 3738">
    <p class='ocr_par' dir='ltr' id='par_1_51' title="bbox 338 3661 2003 3738">
     <span class='ocr_line' id='line_1_53' title="bbox 338 3661 2003 3738; baseline 0.002 -19"><span class='ocrx_word' id='word_1_341' title='bbox 338 3661 497 3734; x_wconf 90' lang='lat' dir='ltr'><strong>(anni</strong></span> <span class='ocrx_word' id='word_1_342' title='bbox 523 3663 806 3738; x_wconf 72' lang='lat' dir='ltr'><strong>videlicet</strong></span> <span class='ocrx_word' id='word_1_343' title='bbox 827 3662 973 3738; x_wconf 85' lang='grc'>744),</span> <span class='ocrx_word' id='word_1_344' title='bbox 1018 3667 1154 3722; x_wconf 90' lang='lat' dir='ltr'><strong>dum</strong></span> <span class='ocrx_word' id='word_1_345' title='bbox 1200 3661 1431 3722; x_wconf 79' lang='lat' dir='ltr'><strong>interim</strong></span> <span class='ocrx_word' id='word_1_346' title='bbox 1464 3666 1634 3738; x_wconf 84' lang='lat' dir='ltr'><strong>legati</strong></span> <span class='ocrx_word' id='word_1_347' title='bbox 1679 3668 1822 3737; x_wconf 87' lang='lat' dir='ltr'><strong>regii</strong></span> <span class='ocrx_word' id='word_1_348' title='bbox 1862 3669 2003 3722; x_wconf 90' lang='lat' dir='ltr'><strong>mit-</strong></span> 
     </span>
    </p>
   </div>
   <div class='ocr_carea' id='block_1_52' title="bbox 342 3736 1996 3806">
    <p class='ocr_par' dir='ltr' id='par_1_52' title="bbox 342 3736 1996 3806">
     <span class='ocr_line' id='line_1_54' title="bbox 342 3736 1996 3806; baseline 0.001 -16"><span class='ocrx_word' id='word_1_349' title='bbox 342 3740 605 3806; x_wconf 83' lang='lat' dir='ltr'><strong>terentur</strong></span> <span class='ocrx_word' id='word_1_350' title='bbox 637 3736 871 3806; x_wconf 2' lang='lat' dir='ltr'><strong>(Cpolim</strong></span> <span class='ocrx_word' id='word_1_351' title='bbox 903 3736 970 3791; x_wconf 88' lang='lat' dir='ltr'><strong>ac</strong></span> <span class='ocrx_word' id='word_1_352' title='bbox 1002 3738 1274 3806; x_wconf 88' lang='lat' dir='ltr'><strong>redirent,</strong></span> <span class='ocrx_word' id='word_1_353' title='bbox 1308 3736 1543 3793; x_wconf 85' lang='lat' dir='ltr'><strong>Romam</strong></span> <span class='ocrx_word' id='word_1_354' title='bbox 1593 3736 1903 3793; x_wconf 76' lang='lat' dir='ltr'><strong>revertitur</strong></span> <span class='ocrx_word' id='word_1_355' title='bbox 1940 3739 1996 3794; x_wconf 93' lang='lat' dir='ltr'><strong>S.</strong></span> 
     </span>
    </p>
   </div>
   <div class='ocr_carea' id='block_1_53' title="bbox 343 3804 2002 3876">
    <p class='ocr_par' dir='ltr' id='par_1_53' title="bbox 343 3804 2002 3876">
     <span class='ocr_line' id='line_1_55' title="bbox 343 3804 2002 3876; baseline 0.002 -16"><span class='ocrx_word' id='word_1_356' title='bbox 343 3804 603 3873; x_wconf 84' lang='lat' dir='ltr'><strong>pontifex</strong></span> <span class='ocrx_word' id='word_1_357' title='bbox 634 3805 729 3876; x_wconf 86' lang='lat' dir='ltr'><strong>bis</strong></span> <span class='ocrx_word' id='word_1_358' title='bbox 760 3808 1120 3876; x_wconf 87' lang='lat' dir='ltr'><strong>compositis,</strong></span> <span class='ocrx_word' id='word_1_359' title='bbox 1171 3804 1342 3876; x_wconf 86' lang='lat' dir='ltr'><strong>atque</strong></span> <span class='ocrx_word' id='word_1_360' title='bbox 1376 3809 1581 3862; x_wconf 90' lang='lat' dir='ltr'><strong>iterum</strong></span> <span class='ocrx_word' id='word_1_361' title='bbox 1610 3808 1860 3864; x_wconf 89' lang='lat' dir='ltr'><strong>celebrat</strong></span> <span class='ocrx_word' id='word_1_362' title='bbox 1910 3808 2002 3864; x_wconf 82' lang='lat' dir='ltr'><strong>fe-</strong></span> 
     </span>
    </p>
   </div>
   <div class='ocr_carea' id='block_1_54' title="bbox 342 3873 1999 3946">
    <p class='ocr_par' dir='ltr' id='par_1_54' title="bbox 342 3873 1999 3946">
     <span class='ocr_line' id='line_1_56' title="bbox 342 3873 1999 3946; baseline 0.003 -16"><span class='ocrx_word' id='word_1_363' title='bbox 342 3882 494 3946; x_wconf 88' lang='lat' dir='ltr'><strong>stum</strong></span> <span class='ocrx_word' id='word_1_364' title='bbox 520 3877 614 3929; x_wconf 92' lang='lat' dir='ltr'><strong>SS.</strong></span> <span class='ocrx_word' id='word_1_365' title='bbox 637 3873 1073 3946; x_wconf 77' lang='lat' dir='ltr'><strong>Apostolbrum,</strong></span> <span class='ocrx_word' id='word_1_366' title='bbox 1106 3873 1350 3946; x_wconf 77' lang='lat' dir='ltr'><strong>quorum</strong></span> <span class='ocrx_word' id='word_1_367' title='bbox 1378 3878 1621 3932; x_wconf 88' lang='lat' dir='ltr'><strong>natalem</strong></span> <span class='ocrx_word' id='word_1_368' title='bbox 1651 3879 1802 3933; x_wconf 86' lang='lat' dir='ltr'><strong>diem</strong></span> <span class='ocrx_word' id='word_1_369' title='bbox 1843 3880 1999 3934; x_wconf 86' lang='lat' dir='ltr'><strong>cele—</strong></span> 
     </span>
    </p>
   </div>
   <div class='ocr_carea' id='block_1_55' title="bbox 342 3945 2001 4016">
    <p class='ocr_par' dir='ltr' id='par_1_55' title="bbox 342 3945 2001 4016">
     <span class='ocr_line' id='line_1_57' title="bbox 342 3945 2001 4016; baseline 0.004 -17"><span class='ocrx_word' id='word_1_370' title='bbox 342 3945 607 4016; x_wconf 86' lang='lat' dir='ltr'><strong>braverat</strong></span> <span class='ocrx_word' id='word_1_371' title='bbox 632 3945 844 3999; x_wconf 89' lang='lat' dir='ltr'><strong>Ticini.</strong></span> <span class='ocrx_word' id='word_1_372' title='bbox 891 3946 1048 4002; x_wconf 85' lang='lat' dir='ltr'><strong>Haud</strong></span> <span class='ocrx_word' id='word_1_373' title='bbox 1078 3945 1158 4002; x_wconf 86' lang='lat' dir='ltr'><strong>ita</strong></span> <span class='ocrx_word' id='word_1_374' title='bbox 1185 3951 1367 4002; x_wconf 88' lang='lat' dir='ltr'><strong>multo</strong></span> <span class='ocrx_word' id='word_1_375' title='bbox 1404 3955 1529 4016; x_wconf 92' lang='lat' dir='ltr'><strong>post</strong></span> <span class='ocrx_word' id='word_1_376' title='bbox 1555 3954 1844 4003; x_wconf 88' lang='lat' dir='ltr'><strong>mortuum</strong></span> <span class='ocrx_word' id='word_1_377' title='bbox 1875 3963 2001 4005; x_wconf 90' lang='lat' dir='ltr'><strong>esse</strong></span> 
     </span>
    </p>
   </div>
   <div class='ocr_carea' id='block_1_56' title="bbox 343 4015 1999 4089">
    <p class='ocr_par' dir='ltr' id='par_1_56' title="bbox 343 4015 1999 4089">
     <span class='ocr_line' id='line_1_58' title="bbox 343 4015 1999 4089; baseline 0.004 -19"><span class='ocrx_word' id='word_1_378' title='bbox 343 4015 512 4089; x_wconf 86' lang='lat' dir='ltr'><strong>audit</strong></span> <span class='ocrx_word' id='word_1_379' title='bbox 540 4015 959 4089; x_wconf 81' lang='lat' dir='ltr'><strong>Liutprandum</strong></span> <span class='ocrx_word' id='word_1_380' title='bbox 988 4032 1171 4089; x_wconf 85' lang='lat' dir='ltr'><strong>regem</strong></span> <span class='ocrx_word' id='word_1_381' title='bbox 1194 4015 1679 4089; x_wconf 61' lang='lat' dir='ltr'><strong>antecendictam</strong></span> <span class='ocrx_word' id='word_1_382' title='bbox 1712 4023 1999 4076; x_wconf 76' lang='lat' dir='ltr'><strong>universa:</strong></span> 
     </span>
    </p>
   </div>
   <div class='ocr_carea' id='block_1_57' title="bbox 347 4085 1999 4157">
    <p class='ocr_par' dir='ltr' id='par_1_57' title="bbox 347 4085 1999 4157">
     <span class='ocr_line' id='line_1_59' title="bbox 347 4085 1999 4157; baseline 0.005 -18"><span class='ocrx_word' id='word_1_383' title='bbox 347 4086 740 4157; x_wconf 82' lang='lat' dir='ltr'><strong>restitutionis</strong></span> <span class='ocrx_word' id='word_1_384' title='bbox 759 4089 935 4157; x_wconf 89' lang='lat' dir='ltr'><strong>diem,</strong></span> <span class='ocrx_word' id='word_1_385' title='bbox 962 4085 1084 4143; x_wconf 78' lang='lat' dir='ltr'><strong>Kal.</strong></span> <span class='ocrx_word' id='word_1_386' title='bbox 1116 4091 1250 4144; x_wconf 91' lang='lat' dir='ltr'><strong>Jun.</strong></span> <span class='ocrx_word' id='word_1_387' title='bbox 1277 4085 1405 4144; x_wconf 88' lang='grc'>744.</span> <span class='ocrx_word' id='word_1_388' title='bbox 1434 4090 1561 4144; x_wconf 67' lang='lat' dir='ltr'><strong>Haec</strong></span> <span class='ocrx_word' id='word_1_389' title='bbox 1585 4088 1750 4145; x_wconf 82' lang='lat' dir='ltr'><strong>Liber</strong></span> <span class='ocrx_word' id='word_1_390' title='bbox 1770 4091 1999 4149; x_wconf 90' lang='lat' dir='ltr'><strong>Pontiﬁ-</strong></span> 
     </span>
    </p>
   </div>
   <div class='ocr_carea' id='block_1_58' title="bbox 347 4155 1996 4231">
    <p class='ocr_par' dir='ltr' id='par_1_58' title="bbox 347 4155 1996 4231">
     <span class='ocr_line' id='line_1_60' title="bbox 347 4155 1996 4231; baseline 0.004 -20"><span class='ocrx_word' id='word_1_391' title='bbox 347 4155 495 4211; x_wconf 88' lang='lat' dir='ltr'><strong>calis</strong></span> <span class='ocrx_word' id='word_1_392' title='bbox 524 4164 720 4231; x_wconf 72' lang='lat' dir='ltr'><strong>narrat</strong></span> <span class='ocrx_word' id='word_1_393' title='bbox 747 4159 816 4231; x_wconf 9' lang='lat' dir='ltr'><strong>in;</strong></span> <span class='ocrx_word' id='word_1_394' title='bbox 836 4155 1125 4231; x_wconf 77' lang='lat' dir='ltr'><strong>zacharia,</strong></span> <span class='ocrx_word' id='word_1_395' title='bbox 1149 4172 1217 4214; x_wconf 90' lang='lat' dir='ltr'><strong>ac</strong></span> <span class='ocrx_word' id='word_1_396' title='bbox 1247 4160 1406 4215; x_wconf 90' lang='lat' dir='ltr'><strong>nulla</strong></span> <span class='ocrx_word' id='word_1_397' title='bbox 1426 4159 1688 4215; x_wconf 87' lang='lat' dir='ltr'><strong>adhibita</strong></span> <span class='ocrx_word' id='word_1_398' title='bbox 1720 4163 1996 4231; x_wconf 90' lang='lat' dir='ltr'><strong>temporis</strong></span> 
     </span>
    </p>
   </div>
   <div class='ocr_carea' id='block_1_59' title="bbox 350 4225 1997 4304">
    <p class='ocr_par' dir='ltr' id='par_1_59' title="bbox 350 4225 1997 4304">
     <span class='ocr_line' id='line_1_61' title="bbox 350 4225 1997 4304; baseline 0.006 -25"><span class='ocrx_word' id='word_1_399' title='bbox 350 4232 504 4304; x_wconf 78' lang='lat' dir='ltr'><strong>nota,</strong></span> <span class='ocrx_word' id='word_1_400' title='bbox 537 4225 716 4304; x_wconf 83' lang='lat' dir='ltr'><strong>refert</strong></span> <span class='ocrx_word' id='word_1_401' title='bbox 730 4228 939 4304; x_wconf 82' lang='lat' dir='ltr'><strong>deinde</strong></span> <span class='ocrx_word' id='word_1_402' title='bbox 966 4225 1372 4304; x_wconf 82' lang='lat' dir='ltr'><strong>expulsionem</strong></span> <span class='ocrx_word' id='word_1_403' title='bbox 1399 4231 1809 4304; x_wconf 59' lang='lat' dir='ltr'><strong>ileild_eprandi</strong></span> <span class='ocrx_word' id='word_1_404' title='bbox 1838 4225 1997 4304; x_wconf 75' lang='lat' dir='ltr'><strong>regis</strong></span> 
     </span>
    </p>
   </div>
   <div class='ocr_carea' id='block_1_60' title="bbox 350 4297 2000 4372">
    <p class='ocr_par' dir='ltr' id='par_1_60' title="bbox 350 4297 2000 4372">
     <span class='ocr_line' id='line_1_62' title="bbox 350 4297 2000 4372; baseline 0.005 -21"><span class='ocrx_word' id='word_1_405' title='bbox 350 4310 384 4351; x_wconf 90' lang='lat' dir='ltr'><strong>a</strong></span> <span class='ocrx_word' id='word_1_406' title='bbox 407 4297 760 4368; x_wconf 86' lang='lat' dir='ltr'><strong>Liutprando</strong></span> <span class='ocrx_word' id='word_1_407' title='bbox 790 4300 1000 4355; x_wconf 87' lang='lat' dir='ltr'><strong>relicti.</strong></span> <span class='ocrx_word' id='word_1_408' title='bbox 1041 4297 1374 4356; x_wconf 83' lang='lat' dir='ltr'><strong>electionem</strong></span> <span class='ocrx_word' id='word_1_409' title='bbox 1398 4297 1656 4357; x_wconf 86' lang='lat' dir='ltr'><strong>Rachisi.</strong></span> <span class='ocrx_word' id='word_1_410' title='bbox 1688 4297 2000 4372; x_wconf 61' lang='lat' dir='ltr'><strong>pacemque</strong></span> 
     </span>
    </p>
   </div>
   <div class='ocr_carea' id='block_1_61' title="bbox 353 4372 2002 4444">
    <p class='ocr_par' dir='ltr' id='par_1_61' title="bbox 353 4372 2002 4444">
     <span class='ocr_line' id='line_1_63' title="bbox 353 4372 2002 4444; baseline 0.004 -20"><span class='ocrx_word' id='word_1_411' title='bbox 353 4383 483 4425; x_wconf 92' lang='lat' dir='ltr'><strong>cum</strong></span> <span class='ocrx_word' id='word_1_412' title='bbox 506 4372 613 4426; x_wconf 88' lang='lat' dir='ltr'><strong>hoc</strong></span> <span class='ocrx_word' id='word_1_413' title='bbox 636 4386 734 4440; x_wconf 91' lang='lat' dir='ltr'><strong>per</strong></span> <span class='ocrx_word' id='word_1_414' title='bbox 760 4372 1424 4444; x_wconf 69' lang='lat' dir='ltr'><strong>pontiﬁcemstabilitam</strong></span> <span class='ocrx_word' id='word_1_415' title='bbox 1452 4375 1508 4427; x_wconf 88' lang='lat' dir='ltr'><strong>in</strong></span> <span class='ocrx_word' id='word_1_416' title='bbox 1533 4372 1836 4442; x_wconf 62' lang='lat' dir='ltr'><strong>annosQO;</strong></span> <span class='ocrx_word' id='word_1_417' title='bbox 1876 4389 2002 4444; x_wconf 65' lang='lat' dir='ltr'><strong>quae</strong></span> 
     </span>
    </p>
   </div>
   <div class='ocr_carea' id='block_1_62' title="bbox 355 4440 2000 4514">
    <p class='ocr_par' dir='ltr' id='par_1_62' title="bbox 355 4440 2000 4514">
     <span class='ocr_line' id='line_1_64' title="bbox 355 4440 2000 4514; baseline 0.003 -19"><span class='ocrx_word' id='word_1_418' title='bbox 355 4445 549 4499; x_wconf 81' lang='lat' dir='ltr'><strong>omnia</strong></span> <span class='ocrx_word' id='word_1_419' title='bbox 572 4446 829 4500; x_wconf 88' lang='lat' dir='ltr'><strong>evenisse</strong></span> <span class='ocrx_word' id='word_1_420' title='bbox 858 4457 1010 4499; x_wconf 89' lang='lat' dir='ltr'><strong>anno</strong></span> <span class='ocrx_word' id='word_1_421' title='bbox 1032 4440 1140 4498; x_wconf 88' lang='grc'><strong>744</strong></span> <span class='ocrx_word' id='word_1_422' title='bbox 1162 4451 1278 4499; x_wconf 89' lang='lat' dir='ltr'><strong>tum</strong></span> <span class='ocrx_word' id='word_1_423' title='bbox 1304 4458 1371 4499; x_wconf 84' lang='lat' dir='ltr'><strong>ex</strong></span> <span class='ocrx_word' id='word_1_424' title='bbox 1391 4445 1655 4500; x_wconf 79' lang='lat' dir='ltr'><strong>dicendis</strong></span> <span class='ocrx_word' id='word_1_425' title='bbox 1675 4440 1854 4514; x_wconf 83' lang='lat' dir='ltr'><strong>palam</strong></span> <span class='ocrx_word' id='word_1_426' title='bbox 1884 4440 2000 4502; x_wconf 85' lang='lat' dir='ltr'><strong>ﬁet.</strong></span> 
     </span>
    </p>
   </div>
   <div class='ocr_carea' id='block_1_63' title="bbox 2026 3137 2076 3200">
    <p class='ocr_par' dir='ltr' id='par_1_63' title="bbox 2026 3137 2076 3200">
     <span class='ocr_line' id='line_1_65' title="bbox 2026 3137 2076 3200; baseline 0 0"><span class='ocrx_word' id='word_1_427' title='bbox 2026 3137 2076 3200; x_wconf 88' lang='lat' dir='ltr'>C</span> 
     </span>
    </p>
   </div>
   <div class='ocr_carea' id='block_1_64' title="bbox 2076 469 3746 541">
    <p class='ocr_par' dir='ltr' id='par_1_64' title="bbox 2076 469 3746 541">
     <span class='ocr_line' id='line_1_66' title="bbox 2076 469 3746 541; baseline -0.002 -14"><span class='ocrx_word' id='word_1_428' title='bbox 2076 478 2231 528; x_wconf 90' lang='lat' dir='ltr'><strong>tatur</strong></span> <span class='ocrx_word' id='word_1_429' title='bbox 2275 469 2333 528; x_wconf 76' lang='lat' dir='ltr'><strong>in</strong></span> <span class='ocrx_word' id='word_1_430' title='bbox 2368 474 2657 530; x_wconf 84' lang='lat' dir='ltr'><strong>Franciam</strong></span> <span class='ocrx_word' id='word_1_431' title='bbox 2689 487 2800 528; x_wconf 90' lang='lat' dir='ltr'><strong>ann</strong></span> <span class='ocrx_word' id='word_1_432' title='bbox 2830 469 2956 541; x_wconf 84' lang='grc'>774,</span> <span class='ocrx_word' id='word_1_433' title='bbox 2998 472 3280 541; x_wconf 89' lang='lat' dir='ltr'><strong>ﬁnemque</strong></span> <span class='ocrx_word' id='word_1_434' title='bbox 3310 470 3470 525; x_wconf 87' lang='lat' dir='ltr'><strong>aﬁ‘ert</strong></span> <span class='ocrx_word' id='word_1_435' title='bbox 3495 472 3746 540; x_wconf 89' lang='lat' dir='ltr'><strong>Lango—</strong></span> 
     </span>
    </p>
   </div>
   <div class='ocr_carea' id='block_1_65' title="bbox 2076 542 3743 616">
    <p class='ocr_par' dir='ltr' id='par_1_65' title="bbox 2076 542 3743 616">
     <span class='ocr_line' id='line_1_67' title="bbox 2076 542 3743 616; baseline -0.002 -18"><span class='ocrx_word' id='word_1_436' title='bbox 2076 543 2383 616; x_wconf 90' lang='lat' dir='ltr'><strong>bardorum</strong></span> <span class='ocrx_word' id='word_1_437' title='bbox 2417 545 2475 600; x_wconf 93' lang='lat' dir='ltr'><strong>in</strong></span> <span class='ocrx_word' id='word_1_438' title='bbox 2521 546 2687 600; x_wconf 89' lang='lat' dir='ltr'><strong>Italia</strong></span> <span class='ocrx_word' id='word_1_439' title='bbox 2717 544 2898 616; x_wconf 86' lang='lat' dir='ltr'><strong>regni,</strong></span> <span class='ocrx_word' id='word_1_440' title='bbox 2937 555 3087 598; x_wconf 92' lang='lat' dir='ltr'><strong>anno</strong></span> <span class='ocrx_word' id='word_1_441' title='bbox 3114 542 3186 597; x_wconf 91' lang='lat' dir='ltr'><strong>ab</strong></span> <span class='ocrx_word' id='word_1_442' title='bbox 3210 556 3403 599; x_wconf 91' lang='lat' dir='ltr'><strong>eorum</strong></span> <span class='ocrx_word' id='word_1_443' title='bbox 3458 543 3743 612; x_wconf 88' lang='lat' dir='ltr'><strong>ingressu</strong></span> 
     </span>
    </p>
   </div>
   <div class='ocr_carea' id='block_1_66' title="bbox 2074 615 2674 671">
    <p class='ocr_par' dir='ltr' id='par_1_66' title="bbox 2074 615 2674 671">
     <span class='ocr_line' id='line_1_68' title="bbox 2074 615 2674 671; baseline 0 -1"><span class='ocrx_word' id='word_1_444' title='bbox 2074 615 2466 671; x_wconf 89' lang='lat' dir='ltr'><strong>ducentesimo</strong></span> <span class='ocrx_word' id='word_1_445' title='bbox 2494 622 2674 671; x_wconf 85' lang='lat' dir='ltr'><strong>sexto.</strong></span> 
     </span>
    </p>
   </div>
   <div class='ocr_carea' id='block_1_67' title="bbox 2146 682 3743 757">
    <p class='ocr_par' dir='ltr' id='par_1_67' title="bbox 2146 682 3743 757">
     <span class='ocr_line' id='line_1_69' title="bbox 2146 682 3743 757; baseline -0.003 -16"><span class='ocrx_word' id='word_1_446' title='bbox 2146 682 2234 741; x_wconf 91' lang='grc'><strong>37.</strong></span> <span class='ocrx_word' id='word_1_447' title='bbox 2269 688 2461 742; x_wconf 87' lang='lat' dir='ltr'><strong>Restat</strong></span> <span class='ocrx_word' id='word_1_448' title='bbox 2494 687 2656 742; x_wconf 91' lang='lat' dir='ltr'><strong>modo</strong></span> <span class='ocrx_word' id='word_1_449' title='bbox 2689 690 2752 757; x_wconf 87' lang='lat' dir='ltr'><strong>ut</strong></span> <span class='ocrx_word' id='word_1_450' title='bbox 2781 685 3010 757; x_wconf 87' lang='lat' dir='ltr'><strong>Rachis,</strong></span> <span class='ocrx_word' id='word_1_451' title='bbox 3061 683 3379 757; x_wconf 80' lang='lat' dir='ltr'><strong>Aistulphi,</strong></span> <span class='ocrx_word' id='word_1_452' title='bbox 3436 682 3743 757; x_wconf 79' lang='lat' dir='ltr'><strong>Desiderii</strong></span> 
     </span>
    </p>
   </div>
   <div class='ocr_carea' id='block_1_68' title="bbox 2077 753 3744 817">
    <p class='ocr_par' dir='ltr' id='par_1_68' title="bbox 2077 753 3744 817">
     <span class='ocr_line' id='line_1_70' title="bbox 2077 753 3744 817; baseline -0.003 -5"><span class='ocrx_word' id='word_1_453' title='bbox 2077 763 2271 813; x_wconf 70' lang='lat' dir='ltr'><strong>aetates</strong></span> <span class='ocrx_word' id='word_1_454' title='bbox 2324 759 2650 813; x_wconf 88' lang='lat' dir='ltr'><strong>conﬁrmem</strong></span> <span class='ocrx_word' id='word_1_455' title='bbox 2709 753 3086 812; x_wconf 85' lang='lat' dir='ltr'><strong>documentis.</strong></span> <span class='ocrx_word' id='word_1_456' title='bbox 3148 755 3336 817; x_wconf 90' lang='lat' dir='ltr'><strong>Pulso,</strong></span> <span class='ocrx_word' id='word_1_457' title='bbox 3379 760 3441 809; x_wconf 91' lang='lat' dir='ltr'><strong>ut</strong></span> <span class='ocrx_word' id='word_1_458' title='bbox 3480 753 3744 814; x_wconf 86' lang='lat' dir='ltr'><strong>aiebam,</strong></span> 
     </span>
    </p>
   </div>
   <div class='ocr_carea' id='block_1_69' title="bbox 2078 824 3748 899">
    <p class='ocr_par' dir='ltr' id='par_1_69' title="bbox 2078 824 3748 899">
     <span class='ocr_line' id='line_1_71' title="bbox 2078 824 3748 899; baseline -0.002 -17"><span class='ocrx_word' id='word_1_459' title='bbox 2078 829 2515 899; x_wconf 87' lang='lat' dir='ltr'><strong>Heildeprando,</strong></span> <span class='ocrx_word' id='word_1_460' title='bbox 2588 827 2864 883; x_wconf 90' lang='lat' dir='ltr'><strong>continuo</strong></span> <span class='ocrx_word' id='word_1_461' title='bbox 2912 826 3449 899; x_wconf 64' lang='lat' dir='ltr'><strong>regnavitRachis</strong></span> <span class='ocrx_word' id='word_1_462' title='bbox 3493 824 3748 895; x_wconf 89' lang='lat' dir='ltr'><strong>(mensis</strong></span> 
     </span>
    </p>
   </div>
   <div class='ocr_carea' id='block_1_70' title="bbox 2080 893 3748 967">
    <p class='ocr_par' dir='ltr' id='par_1_70' title="bbox 2080 893 3748 967">
     <span class='ocr_line' id='line_1_72' title="bbox 2080 893 3748 967; baseline -0.002 -14"><span class='ocrx_word' id='word_1_463' title='bbox 2080 893 2511 955; x_wconf 83' lang='lat' dir='ltr'><strong>nimirumJulii</strong></span> <span class='ocrx_word' id='word_1_464' title='bbox 2543 899 2637 954; x_wconf 89' lang='lat' dir='ltr'><strong>die</strong></span> <span class='ocrx_word' id='word_1_465' title='bbox 2656 893 3242 967; x_wconf 52' lang='lat' dir='ltr'><strong>circiter‘l3,&#39;an7it),</strong></span> <span class='ocrx_word' id='word_1_466' title='bbox 3277 897 3427 965; x_wconf 91' lang='lat' dir='ltr'><strong>quod</strong></span> <span class='ocrx_word' id='word_1_467' title='bbox 3459 893 3748 965; x_wconf 79' lang='lat' dir='ltr'><strong>cbmpro-</strong></span> 
     </span>
    </p>
   </div>
   <div class='ocr_carea' id='block_1_71' title="bbox 2083 967 3749 1041">
    <p class='ocr_par' dir='ltr' id='par_1_71' title="bbox 2083 967 3749 1041">
     <span class='ocr_line' id='line_1_73' title="bbox 2083 967 3749 1041; baseline -0.003 -17"><span class='ocrx_word' id='word_1_468' title='bbox 2083 969 2221 1025; x_wconf 89' lang='lat' dir='ltr'><strong>bant</strong></span> <span class='ocrx_word' id='word_1_469' title='bbox 2247 972 2586 1026; x_wconf 89' lang='lat' dir='ltr'><strong>documenta</strong></span> <span class='ocrx_word' id='word_1_470' title='bbox 2626 969 2779 1024; x_wconf 92' lang='lat' dir='ltr'><strong>duo:</strong></span> <span class='ocrx_word' id='word_1_471' title='bbox 2814 968 2865 1041; x_wconf 72' lang='lat' dir='ltr'><strong>l,</strong></span> <span class='ocrx_word' id='word_1_472' title='bbox 2897 969 3171 1040; x_wconf 84' lang='lat' dir='ltr'><strong>Prologus</strong></span> <span class='ocrx_word' id='word_1_473' title='bbox 3201 969 3326 1037; x_wconf 90' lang='lat' dir='ltr'><strong>ejus</strong></span> <span class='ocrx_word' id='word_1_474' title='bbox 3357 967 3547 1038; x_wconf 87' lang='lat' dir='ltr'><strong>legum</strong></span> <span class='ocrx_word' id='word_1_475' title='bbox 3581 973 3749 1041; x_wconf 80' lang='lat' dir='ltr'><strong>tem-</strong></span> 
     </span>
    </p>
   </div>
   <div class='ocr_carea' id='block_1_72' title="bbox 2084 1039 3751 1109">
    <p class='ocr_par' dir='ltr' id='par_1_72' title="bbox 2084 1039 3751 1109">
     <span class='ocr_line' id='line_1_74' title="bbox 2084 1039 3751 1109; baseline -0.004 -14"><span class='ocrx_word' id='word_1_476' title='bbox 2084 1042 2366 1109; x_wconf 89' lang='lat' dir='ltr'><strong>porariam</strong></span> <span class='ocrx_word' id='word_1_477' title='bbox 2402 1041 2546 1095; x_wconf 90' lang='lat' dir='ltr'><strong>hanc</strong></span> <span class='ocrx_word' id='word_1_478' title='bbox 2578 1046 2767 1095; x_wconf 90' lang='lat' dir='ltr'><strong>notam</strong></span> <span class='ocrx_word' id='word_1_479' title='bbox 2810 1039 3022 1096; x_wconf 85' lang='lat' dir='ltr'><strong>habens</strong></span> <span class='ocrx_word' id='word_1_480' title='bbox 3045 1039 3253 1096; x_wconf 54' lang='lat' dir='ltr'><strong>{Anno</strong></span> <span class='ocrx_word' id='word_1_481' title='bbox 3292 1039 3602 1109; x_wconf 61' lang='lat' dir='ltr'><strong>regnimei</strong></span> <span class='ocrx_word' id='word_1_482' title='bbox 3628 1052 3751 1109; x_wconf 12' lang='lat' dir='ltr'><strong>ise—</strong></span> 
     </span>
    </p>
   </div>
   <div class='ocr_carea' id='block_1_73' title="bbox 2082 1106 3753 1166">
    <p class='ocr_par' dir='ltr' id='par_1_73' title="bbox 2082 1106 3753 1166">
     <span class='ocr_line' id='line_1_75' title="bbox 2082 1106 3753 1166; baseline -0.003 -1"><span class='ocrx_word' id='word_1_483' title='bbox 2082 1106 2259 1165; x_wconf 75' lang='lat' dir='ltr'><strong>eundo</strong></span> <span class='ocrx_word' id='word_1_484' title='bbox 2292 1126 2331 1166; x_wconf 85' lang='lat' dir='ltr'><strong>II</strong></span> <span class='ocrx_word' id='word_1_485' title='bbox 2365 1112 2452 1166; x_wconf 88' lang='lat' dir='ltr'><strong>die</strong></span> <span class='ocrx_word' id='word_1_486' title='bbox 2474 1110 2819 1166; x_wconf 82' lang='lat' dir='ltr'><strong>calendarum</strong></span> <span class='ocrx_word' id='word_1_487' title='bbox 2844 1113 3081 1165; x_wconf 87' lang='lat' dir='ltr'><strong>Martiar</strong></span> <span class='ocrx_word' id='word_1_488' title='bbox 3100 1111 3273 1164; x_wconf 75' lang='lat' dir='ltr'><strong>indici</strong></span> <span class='ocrx_word' id='word_1_489' title='bbox 3300 1122 3421 1163; x_wconf 75' lang='lat' dir='ltr'><strong>xxv.</strong></span> <span class='ocrx_word' id='word_1_490' title='bbox 3446 1106 3508 1164; x_wconf 78' lang='grc'>2.</span> <span class='ocrx_word' id='word_1_491' title='bbox 3541 1108 3753 1162; x_wconf 82' lang='lat' dir='ltr'><strong>Privi-</strong></span> 
     </span>
    </p>
   </div>
   <div class='ocr_carea' id='block_1_74' title="bbox 2085 1179 3754 1252">
    <p class='ocr_par' dir='ltr' id='par_1_74' title="bbox 2085 1179 3754 1252">
     <span class='ocr_line' id='line_1_76' title="bbox 2085 1179 3754 1252; baseline -0.002 -16"><span class='ocrx_word' id='word_1_492' title='bbox 2085 1181 2297 1252; x_wconf 88' lang='lat' dir='ltr'><strong>legium</strong></span> <span class='ocrx_word' id='word_1_493' title='bbox 2343 1182 2413 1237; x_wconf 90' lang='lat' dir='ltr'><strong>ab</strong></span> <span class='ocrx_word' id='word_1_494' title='bbox 2459 1196 2526 1237; x_wconf 87' lang='lat' dir='ltr'><strong>eo</strong></span> <span class='ocrx_word' id='word_1_495' title='bbox 2566 1182 2762 1238; x_wconf 91' lang='lat' dir='ltr'><strong>datum</strong></span> <span class='ocrx_word' id='word_1_496' title='bbox 2811 1184 2995 1237; x_wconf 85' lang='lat' dir='ltr'><strong>Ticino</strong></span> <span class='ocrx_word' id='word_1_497' title='bbox 3023 1198 3082 1235; x_wconf 73' lang='lat' dir='ltr'><strong>in</strong></span> <span class='ocrx_word' id='word_1_498' title='bbox 3127 1182 3357 1249; x_wconf 83' lang='lat' dir='ltr'><strong>palatio,</strong></span> <span class='ocrx_word' id='word_1_499' title='bbox 3407 1184 3612 1249; x_wconf 84' lang='lat' dir='ltr'><strong>quarto</strong></span> <span class='ocrx_word' id='word_1_500' title='bbox 3658 1179 3754 1252; x_wconf 63' lang='lat' dir='ltr'><strong>(iis</strong></span> 
     </span>
    </p>
   </div>
   <div class='ocr_carea' id='block_1_75' title="bbox 2082 1248 3863 1319">
    <p class='ocr_par' dir='ltr' id='par_1_75' title="bbox 2082 1248 3863 1319">
     <span class='ocr_line' id='line_1_77' title="bbox 2082 1248 3863 1319; baseline -0.002 -13"><span class='ocrx_word' id='word_1_501' title='bbox 2082 1248 2281 1307; x_wconf 75' lang='lat' dir='ltr'><strong>mensis</strong></span> <span class='ocrx_word' id='word_1_502' title='bbox 2306 1255 2518 1310; x_wconf 86' lang='lat' dir='ltr'><strong>Martii.</strong></span> <span class='ocrx_word' id='word_1_503' title='bbox 2551 1268 2696 1307; x_wconf 90' lang='lat' dir='ltr'><strong>anno</strong></span> <span class='ocrx_word' id='word_1_504' title='bbox 2738 1253 3043 1319; x_wconf 80' lang='lat' dir='ltr'><strong>felicissimi</strong></span> <span class='ocrx_word' id='word_1_505' title='bbox 3090 1248 3248 1319; x_wconf 81' lang='lat' dir='ltr'><strong>regni</strong></span> <span class='ocrx_word' id='word_1_506' title='bbox 3273 1248 3448 1319; x_wconf 79' lang='lat' dir='ltr'><strong>nostri</strong></span> <span class='ocrx_word' id='word_1_507' title='bbox 3476 1249 3753 1309; x_wconf 84' lang='lat' dir='ltr'><strong>secundo,</strong></span> <span class='ocrx_word' id='word_1_508' title='bbox 3852 1248 3863 1257; x_wconf 83' lang='lat'>&#39;</span> 
     </span>
    </p>
   </div>
   <div class='ocr_carea' id='block_1_76' title="bbox 2083 1314 3751 1396">
    <p class='ocr_par' dir='ltr' id='par_1_76' title="bbox 2083 1314 3751 1396">
     <span class='ocr_line' id='line_1_78' title="bbox 2083 1314 3751 1396; baseline -0.002 -19"><span class='ocrx_word' id='word_1_509' title='bbox 2083 1325 2199 1377; x_wconf 85' lang='lat' dir='ltr'><strong>ind.</strong></span> <span class='ocrx_word' id='word_1_510' title='bbox 2257 1338 2352 1396; x_wconf 70' lang='lat' dir='ltr'><strong>xiv</strong></span> <span class='ocrx_word' id='word_1_511' title='bbox 2399 1325 2638 1396; x_wconf 76' lang='lat' dir='ltr'><strong>feliciter</strong></span> <span class='ocrx_word' id='word_1_512' title='bbox 2673 1314 2925 1396; x_wconf 79' lang='lat' dir='ltr'><strong>(Ughell.</strong></span> <span class='ocrx_word' id='word_1_513' title='bbox 2960 1324 3087 1378; x_wconf 89' lang='lat' dir='ltr'><strong>Ital.</strong></span> <span class='ocrx_word' id='word_1_514' title='bbox 3118 1314 3239 1379; x_wconf 74' lang='lat' dir='ltr'><strong>s&#39;ac.</strong></span> <span class='ocrx_word' id='word_1_515' title='bbox 3273 1314 3326 1377; x_wconf 65' lang='grc' dir='ltr'><strong>ιζ</strong></span> <span class='ocrx_word' id='word_1_516' title='bbox 3374 1324 3461 1389; x_wconf 81' lang='lat'><strong>11;</strong></span> <span class='ocrx_word' id='word_1_517' title='bbox 3509 1322 3583 1375; x_wconf 87' lang='lat' dir='ltr'><strong>de</strong></span> <span class='ocrx_word' id='word_1_518' title='bbox 3637 1322 3751 1396; x_wconf 61' lang='lat' dir='ltr'><strong>Ep:</strong></span> 
     </span>
    </p>
   </div>
   <div class='ocr_carea' id='block_1_77' title="bbox 2083 1388 3753 1466">
    <p class='ocr_par' dir='ltr' id='par_1_77' title="bbox 2083 1388 3753 1466">
     <span class='ocr_line' id='line_1_79' title="bbox 2083 1388 3753 1466; baseline -0.002 -17"><span class='ocrx_word' id='word_1_519' title='bbox 2083 1388 2539 1466; x_wconf 74' lang='lat' dir='ltr'><strong>Placent).__Quae</strong></span> <span class='ocrx_word' id='word_1_520' title='bbox 2607 1388 2722 1450; x_wconf 83' lang='lat' dir='ltr'><strong>duo</strong></span> <span class='ocrx_word' id='word_1_521' title='bbox 2744 1388 3099 1451; x_wconf 52' lang='lat' dir='ltr'><strong>&quot;documenta</strong></span> <span class='ocrx_word' id='word_1_522' title='bbox 3157 1408 3284 1466; x_wconf 89' lang='lat' dir='ltr'><strong>cum</strong></span> <span class='ocrx_word' id='word_1_523' title='bbox 3337 1388 3607 1466; x_wconf 80' lang='lat' dir='ltr'><strong>spectant</strong></span> <span class='ocrx_word' id='word_1_524' title='bbox 3679 1388 3753 1446; x_wconf 81' lang='lat' dir='ltr'><strong>ad</strong></span> 
     </span>
    </p>
   </div>
   <div class='ocr_carea' id='block_1_78' title="bbox 2087 1463 3753 1528">
    <p class='ocr_par' dir='ltr' id='par_1_78' title="bbox 2087 1463 3753 1528">
     <span class='ocr_line' id='line_1_80' title="bbox 2087 1463 3753 1528; baseline -0.004 -6"><span class='ocrx_word' id='word_1_525' title='bbox 2087 1463 2455 1528; x_wconf 53' lang='lat' dir='ltr'><strong>annum&#39;746,</strong></span> <span class='ocrx_word' id='word_1_526' title='bbox 2508 1467 2831 1521; x_wconf 89' lang='lat' dir='ltr'><strong>certissime</strong></span> <span class='ocrx_word' id='word_1_527' title='bbox 2880 1466 3188 1522; x_wconf 91' lang='lat' dir='ltr'><strong>ostendunt</strong></span> <span class='ocrx_word' id='word_1_528' title='bbox 3217 1465 3453 1519; x_wconf 88' lang='lat' dir='ltr'><strong>Rachim</strong></span> <span class='ocrx_word' id='word_1_529' title='bbox 3489 1464 3753 1518; x_wconf 80' lang='lat' dir='ltr'><strong>levatum</strong></span> 
     </span>
    </p>
   </div>
   <div class='ocr_carea' id='block_1_79' title="bbox 2087 1532 3757 1605">
    <p class='ocr_par' dir='ltr' id='par_1_79' title="bbox 2087 1532 3757 1605">
     <span class='ocr_line' id='line_1_81' title="bbox 2087 1532 3757 1605; baseline -0.004 -13"><span class='ocrx_word' id='word_1_530' title='bbox 2087 1551 2211 1593; x_wconf 89' lang='lat' dir='ltr'><strong>esse</strong></span> <span class='ocrx_word' id='word_1_531' title='bbox 2236 1544 2358 1603; x_wconf 87' lang='lat' dir='ltr'><strong>post</strong></span> <span class='ocrx_word' id='word_1_532' title='bbox 2385 1538 2533 1593; x_wconf 93' lang='lat' dir='ltr'><strong>diem</strong></span> <span class='ocrx_word' id='word_1_533' title='bbox 2586 1534 2841 1605; x_wconf 60' lang='lat' dir='ltr'><strong>iMartii</strong></span> <span class='ocrx_word' id='word_1_534' title='bbox 2866 1551 2959 1591; x_wconf 89' lang='lat' dir='ltr'><strong>an.</strong></span> <span class='ocrx_word' id='word_1_535' title='bbox 2986 1532 3130 1605; x_wconf 85' lang='grc'>799,</span> <span class='ocrx_word' id='word_1_536' title='bbox 3168 1542 3241 1605; x_wconf 82' lang='lat' dir='ltr'><strong>ut</strong></span> <span class='ocrx_word' id='word_1_537' title='bbox 3286 1534 3498 1590; x_wconf 82' lang='lat' dir='ltr'><strong>fatetur</strong></span> <span class='ocrx_word' id='word_1_538' title='bbox 3528 1535 3757 1605; x_wconf 86' lang='lat' dir='ltr'><strong>Pagius</strong></span> 
     </span>
    </p>
   </div>
   <div class='ocr_carea' id='block_1_80' title="bbox 2087 1604 3759 1679">
    <p class='ocr_par' dir='ltr' id='par_1_80' title="bbox 2087 1604 3759 1679">
     <span class='ocr_line' id='line_1_82' title="bbox 2087 1604 3759 1679; baseline -0.003 -17"><span class='ocrx_word' id='word_1_539' title='bbox 2087 1610 2241 1679; x_wconf 88' lang='lat' dir='ltr'><strong>(ann,</strong></span> <span class='ocrx_word' id='word_1_540' title='bbox 2266 1605 2391 1676; x_wconf 85' lang='lat'><strong>736,</strong></span> <span class='ocrx_word' id='word_1_541' title='bbox 2429 1624 2486 1661; x_wconf 88' lang='grc' dir='ltr'>η.</span> <span class='ocrx_word' id='word_1_542' title='bbox 2533 1606 2589 1675; x_wconf 90' lang='lat'><strong>9,</strong></span> <span class='ocrx_word' id='word_1_543' title='bbox 2617 1604 2764 1672; x_wconf 65' lang='grc'>744,</span> <span class='ocrx_word' id='word_1_544' title='bbox 2801 1624 2859 1662; x_wconf 89' lang='lat' dir='ltr'><strong>n.</strong></span> <span class='ocrx_word' id='word_1_545' title='bbox 2890 1606 2944 1676; x_wconf 80' lang='grc'>5,</span> <span class='ocrx_word' id='word_1_546' title='bbox 2972 1604 3096 1670; x_wconf 79' lang='grc'>750,</span> <span class='ocrx_word' id='word_1_547' title='bbox 3122 1604 3185 1661; x_wconf 46' lang='grc' dir='ltr'><strong>⁷η.</strong></span> <span class='ocrx_word' id='word_1_548' title='bbox 3220 1604 3290 1675; x_wconf 83' lang='grc'>4).</span> <span class='ocrx_word' id='word_1_549' title='bbox 3339 1606 3661 1679; x_wconf 75' lang='lat' dir='ltr'><strong>Quidvero</strong></span> <span class='ocrx_word' id='word_1_550' title='bbox 3695 1604 3759 1658; x_wconf 84' lang='lat' dir='ltr'><strong>in</strong></span> 
     </span>
    </p>
   </div>
   <div class='ocr_carea' id='block_1_81' title="bbox 2091 1675 3760 1749">
    <p class='ocr_par' dir='ltr' id='par_1_81' title="bbox 2091 1675 3760 1749">
     <span class='ocr_line' id='line_1_83' title="bbox 2091 1675 3760 1749; baseline -0.004 -14"><span class='ocrx_word' id='word_1_551' title='bbox 2091 1675 2312 1736; x_wconf 85' lang='lat' dir='ltr'><strong>incerto</strong></span> <span class='ocrx_word' id='word_1_552' title='bbox 2331 1675 2692 1748; x_wconf 87' lang='lat' dir='ltr'><strong>relinquatur</strong></span> <span class='ocrx_word' id='word_1_553' title='bbox 2706 1679 2833 1747; x_wconf 88' lang='lat' dir='ltr'><strong>ejus</strong></span> <span class='ocrx_word' id='word_1_554' title='bbox 2853 1680 3226 1749; x_wconf 84' lang='lat' dir='ltr'><strong>principium,</strong></span> <span class='ocrx_word' id='word_1_555' title='bbox 3244 1678 3392 1749; x_wconf 82' lang='lat' dir='ltr'><strong>quod</strong></span> <span class='ocrx_word' id='word_1_556' title='bbox 3414 1682 3471 1730; x_wconf 90' lang='lat' dir='ltr'><strong>et</strong></span> <span class='ocrx_word' id='word_1_557' title='bbox 3483 1675 3760 1749; x_wconf 58' lang='lat' dir='ltr'><strong>Herkem;</strong></span> 
     </span>
    </p>
   </div>
   <div class='ocr_carea' id='block_1_82' title="bbox 2014 1746 3761 1834">
    <p class='ocr_par' dir='ltr' id='par_1_82' title="bbox 2014 1746 3761 1834">
     <span class='ocr_line' id='line_1_84' title="bbox 2014 1746 3761 1834; baseline -0.003 -28"><span class='ocrx_word' id='word_1_558' title='bbox 2014 1774 2065 1834; x_wconf 76' lang='grc' dir='ltr'>Β</span> <span class='ocrx_word' id='word_1_559' title='bbox 2090 1751 2207 1834; x_wconf 77' lang='lat' dir='ltr'><strong>peti</strong></span> <span class='ocrx_word' id='word_1_560' title='bbox 2222 1746 2605 1834; x_wconf 43' lang='lat' dir='ltr'><strong>auctorita‘set</strong></span> <span class='ocrx_word' id='word_1_561' title='bbox 2618 1746 2788 1834; x_wconf 64' lang='lat' dir='ltr'><strong>Bacch</strong></span> <span class='ocrx_word' id='word_1_562' title='bbox 2800 1746 3364 1834; x_wconf 35' lang='lat' dir='ltr'><strong>i.r_i&#39;i_i&#39;ubservata‘redd</strong></span> <span class='ocrx_word' id='word_1_563' title='bbox 3376 1746 3761 1834; x_wconf 57' lang='lat' dir='ltr'><strong>untcertum‘f</strong></span> 
     </span>
    </p>
   </div>
   <div class='ocr_carea' id='block_1_83' title="bbox 2090 1818 3762 1890">
    <p class='ocr_par' dir='ltr' id='par_1_83' title="bbox 2090 1818 3762 1890">
     <span class='ocr_line' id='line_1_85' title="bbox 2090 1818 3762 1890; baseline -0.004 -13"><span class='ocrx_word' id='word_1_564' title='bbox 2090 1818 2261 1877; x_wconf 81' lang='lat' dir='ltr'><strong>Notat</strong></span> <span class='ocrx_word' id='word_1_565' title='bbox 2329 1821 2675 1876; x_wconf 91' lang='lat' dir='ltr'><strong>Bacchinius</strong></span> <span class='ocrx_word' id='word_1_566' title='bbox 2728 1820 3146 1890; x_wconf 85' lang='lat' dir='ltr'><strong>Heildeprando</strong></span> <span class='ocrx_word' id='word_1_567' title='bbox 3212 1818 3552 1890; x_wconf 81' lang='lat' dir='ltr'><strong>tribuendos</strong></span> <span class='ocrx_word' id='word_1_568' title='bbox 3628 1822 3762 1890; x_wconf 86' lang='lat' dir='ltr'><strong>post</strong></span> 
     </span>
    </p>
   </div>
   <div class='ocr_carea' id='block_1_84' title="bbox 2093 1888 3757 1963">
    <p class='ocr_par' dir='ltr' id='par_1_84' title="bbox 2093 1888 3757 1963">
     <span class='ocr_line' id='line_1_86' title="bbox 2093 1888 3757 1963; baseline -0.004 -15"><span class='ocrx_word' id='word_1_569' title='bbox 2093 1893 2506 1961; x_wconf 88' lang='lat' dir='ltr'><strong>Liutprandum</strong></span> <span class='ocrx_word' id='word_1_570' title='bbox 2534 1904 2756 1946; x_wconf 90' lang='lat' dir='ltr'><strong>menses</strong></span> <span class='ocrx_word' id='word_1_571' title='bbox 2785 1905 2902 1963; x_wconf 82' lang='lat' dir='ltr'><strong>sex,</strong></span> <span class='ocrx_word' id='word_1_572' title='bbox 2930 1888 3060 1961; x_wconf 59' lang='lat' dir='ltr'><strong>&#39;qui,</strong></span> <span class='ocrx_word' id='word_1_573' title='bbox 3091 1897 3153 1947; x_wconf 93' lang='lat' dir='ltr'><strong>ut</strong></span> <span class='ocrx_word' id='word_1_574' title='bbox 3179 1904 3350 1959; x_wconf 87' lang='lat' dir='ltr'><strong>supra</strong></span> <span class='ocrx_word' id='word_1_575' title='bbox 3393 1888 3653 1963; x_wconf 82' lang='lat' dir='ltr'><strong>aiebam,</strong></span> <span class='ocrx_word' id='word_1_576' title='bbox 3678 1888 3757 1942; x_wconf 78' lang='lat' dir='ltr'><strong>ad</strong></span> 
     </span>
    </p>
   </div>
   <div class='ocr_carea' id='block_1_85' title="bbox 2094 1960 3761 2035">
    <p class='ocr_par' dir='ltr' id='par_1_85' title="bbox 2094 1960 3761 2035">
     <span class='ocr_line' id='line_1_87' title="bbox 2094 1960 3761 2035; baseline -0.003 -17"><span class='ocrx_word' id='word_1_577' title='bbox 2094 1960 2352 2035; x_wconf 64' lang='lat' dir='ltr'><strong>praedicti</strong></span> <span class='ocrx_word' id='word_1_578' title='bbox 2406 1964 2619 2035; x_wconf 88' lang='lat' dir='ltr'><strong>mensis</strong></span> <span class='ocrx_word' id='word_1_579' title='bbox 2640 1960 3213 2035; x_wconf 10' lang='lat' dir='ltr'><strong>exitumgperducunt</strong></span> <span class='ocrx_word' id='word_1_580' title='bbox 3234 1980 3269 2035; x_wconf 76' lang='lat'>;_</span> <span class='ocrx_word' id='word_1_581' title='bbox 3306 1960 3761 2035; x_wconf 70' lang='lat' dir='ltr'><strong>Herkempertus</strong></span> 
     </span>
    </p>
   </div>
   <div class='ocr_carea' id='block_1_86' title="bbox 2092 2028 3759 2099">
    <p class='ocr_par' dir='ltr' id='par_1_86' title="bbox 2092 2028 3759 2099">
     <span class='ocr_line' id='line_1_88' title="bbox 2092 2028 3759 2099; baseline -0.004 -8"><span class='ocrx_word' id='word_1_582' title='bbox 2092 2028 2226 2091; x_wconf 77' lang='lat' dir='ltr'><strong>vero</strong></span> <span class='ocrx_word' id='word_1_583' title='bbox 2259 2039 2479 2088; x_wconf 82' lang='lat' dir='ltr'><strong>aetatem</strong></span> <span class='ocrx_word' id='word_1_584' title='bbox 2520 2033 2731 2088; x_wconf 86' lang='lat' dir='ltr'><strong>Rachis</strong></span> <span class='ocrx_word' id='word_1_585' title='bbox 2782 2028 2990 2088; x_wconf 83' lang='lat' dir='ltr'><strong>deﬁnit</strong></span> <span class='ocrx_word' id='word_1_586' title='bbox 3040 2046 3221 2088; x_wconf 92' lang='lat' dir='ltr'><strong>annor</strong></span> <span class='ocrx_word' id='word_1_587' title='bbox 3245 2029 3297 2099; x_wconf 80' lang='grc'><strong>4,</strong></span> <span class='ocrx_word' id='word_1_588' title='bbox 3350 2032 3649 2086; x_wconf 90' lang='lat' dir='ltr'><strong>mensium</strong></span> <span class='ocrx_word' id='word_1_589' title='bbox 3702 2028 3759 2097; x_wconf 86' lang='lat'><strong>9,</strong></span> 
     </span>
    </p>
   </div>
   <div class='ocr_carea' id='block_1_87' title="bbox 2097 2102 3761 2173">
    <p class='ocr_par' dir='ltr' id='par_1_87' title="bbox 2097 2102 3761 2173">
     <span class='ocr_line' id='line_1_89' title="bbox 2097 2102 3761 2173; baseline -0.004 -12"><span class='ocrx_word' id='word_1_590' title='bbox 2097 2106 2247 2173; x_wconf 78' lang='lat' dir='ltr'><strong>quod</strong></span> <span class='ocrx_word' id='word_1_591' title='bbox 2287 2105 2563 2173; x_wconf 90' lang='lat' dir='ltr'><strong>temporis</strong></span> <span class='ocrx_word' id='word_1_592' title='bbox 2613 2105 2863 2173; x_wconf 90' lang='lat' dir='ltr'><strong>spatium</strong></span> <span class='ocrx_word' id='word_1_593' title='bbox 2907 2103 2978 2158; x_wconf 90' lang='lat' dir='ltr'><strong>ab</strong></span> <span class='ocrx_word' id='word_1_594' title='bbox 3002 2104 3143 2159; x_wconf 89' lang='lat' dir='ltr'><strong>Julii</strong></span> <span class='ocrx_word' id='word_1_595' title='bbox 3177 2104 3388 2158; x_wconf 90' lang='lat' dir='ltr'><strong>mensis</strong></span> <span class='ocrx_word' id='word_1_596' title='bbox 3425 2102 3523 2157; x_wconf 91' lang='lat' dir='ltr'><strong>die</strong></span> <span class='ocrx_word' id='word_1_597' title='bbox 3576 2102 3761 2156; x_wconf 87' lang='lat' dir='ltr'><strong>tertia</strong></span> 
     </span>
    </p>
   </div>
   <div class='ocr_carea' id='block_1_88' title="bbox 2096 2173 3764 2241">
    <p class='ocr_par' dir='ltr' id='par_1_88' title="bbox 2096 2173 3764 2241">
     <span class='ocr_line' id='line_1_90' title="bbox 2096 2173 3764 2241; baseline -0.005 -7"><span class='ocrx_word' id='word_1_598' title='bbox 2096 2176 2316 2234; x_wconf 88' lang='lat' dir='ltr'><strong>decima</strong></span> <span class='ocrx_word' id='word_1_599' title='bbox 2347 2177 2557 2231; x_wconf 91' lang='lat' dir='ltr'><strong>initum</strong></span> <span class='ocrx_word' id='word_1_600' title='bbox 2589 2177 2657 2229; x_wconf 87' lang='lat' dir='ltr'><strong>ad</strong></span> <span class='ocrx_word' id='word_1_601' title='bbox 2712 2176 2866 2230; x_wconf 84' lang='lat' dir='ltr'><strong>diem</strong></span> <span class='ocrx_word' id='word_1_602' title='bbox 2910 2176 3146 2230; x_wconf 87' lang='lat' dir='ltr'><strong>circiter</strong></span> <span class='ocrx_word' id='word_1_603' title='bbox 3179 2173 3245 2230; x_wconf 78' lang='lat'><strong>43</strong></span> <span class='ocrx_word' id='word_1_604' title='bbox 3278 2174 3490 2228; x_wconf 90' lang='lat' dir='ltr'><strong>mensis</strong></span> <span class='ocrx_word' id='word_1_605' title='bbox 3522 2173 3764 2241; x_wconf 81' lang='lat' dir='ltr'><strong>Aprilis</strong></span> 
     </span>
    </p>
   </div>
   <div class='ocr_carea' id='block_1_89' title="bbox 2137 2242 3757 2304">
    <p class='ocr_par' dir='ltr' id='par_1_89' title="bbox 2137 2242 3757 2304">
     <span class='ocr_line' id='line_1_91' title="bbox 2137 2242 3757 2304; baseline -0.004 -1"><span class='ocrx_word' id='word_1_606' title='bbox 2137 2247 2363 2303; x_wconf 90' lang='lat' dir='ltr'><strong>erducit</strong></span> <span class='ocrx_word' id='word_1_607' title='bbox 2380 2248 2516 2301; x_wconf 90' lang='lat' dir='ltr'><strong>anni</strong></span> <span class='ocrx_word' id='word_1_608' title='bbox 2533 2242 2654 2300; x_wconf 88' lang='grc'>749.</span> <span class='ocrx_word' id='word_1_609' title='bbox 2682 2247 2794 2301; x_wconf 90' lang='lat' dir='ltr'><strong>Hoc</strong></span> <span class='ocrx_word' id='word_1_610' title='bbox 2815 2253 2967 2301; x_wconf 90' lang='lat' dir='ltr'><strong>certe</strong></span> <span class='ocrx_word' id='word_1_611' title='bbox 2987 2259 3136 2300; x_wconf 88' lang='lat' dir='ltr'><strong>anno</strong></span> <span class='ocrx_word' id='word_1_612' title='bbox 3157 2245 3453 2301; x_wconf 81' lang='lat' dir='ltr'><strong>abdicasse</strong></span> <span class='ocrx_word' id='word_1_613' title='bbox 3482 2244 3757 2304; x_wconf 89' lang='lat' dir='ltr'><strong>Rachim,</strong></span> 
     </span>
    </p>
   </div>
   <div class='ocr_carea' id='block_1_90' title="bbox 2146 2317 3761 2388">
    <p class='ocr_par' dir='ltr' id='par_1_90' title="bbox 2146 2317 3761 2388">
     <span class='ocr_line' id='line_1_92' title="bbox 2146 2317 3761 2388; baseline -0.004 -14"><span class='ocrx_word' id='word_1_614' title='bbox 2146 2325 2470 2388; x_wconf 88' lang='lat' dir='ltr'><strong>ratremque</strong></span> <span class='ocrx_word' id='word_1_615' title='bbox 2534 2317 2907 2388; x_wconf 82' lang='lat' dir='ltr'><strong>Aistulphum</strong></span> <span class='ocrx_word' id='word_1_616' title='bbox 2964 2330 3198 2387; x_wconf 90' lang='lat' dir='ltr'><strong>regnare</strong></span> <span class='ocrx_word' id='word_1_617' title='bbox 3244 2329 3443 2388; x_wconf 84' lang='lat' dir='ltr'><strong>orsum</strong></span> <span class='ocrx_word' id='word_1_618' title='bbox 3501 2320 3761 2369; x_wconf 84' lang='lat' dir='ltr'><strong>testatur</strong></span> 
     </span>
    </p>
   </div>
   <div class='ocr_carea' id='block_1_91' title="bbox 2098 2386 3760 2457">
    <p class='ocr_par' dir='ltr' id='par_1_91' title="bbox 2098 2386 3760 2457">
     <span class='ocr_line' id='line_1_93' title="bbox 2098 2386 3760 2457; baseline -0.005 -11"><span class='ocrx_word' id='word_1_619' title='bbox 2098 2386 2503 2446; x_wconf 77' lang='lat' dir='ltr'><strong>documentum</strong></span> <span class='ocrx_word' id='word_1_620' title='bbox 2534 2389 2661 2456; x_wconf 91' lang='lat' dir='ltr'><strong>ejus</strong></span> <span class='ocrx_word' id='word_1_621' title='bbox 2691 2386 3201 2457; x_wconf 43' lang='lat' dir='ltr'><strong>feretetatis,’quod</strong></span> <span class='ocrx_word' id='word_1_622' title='bbox 3238 2387 3319 2441; x_wconf 89' lang='lat' dir='ltr'><strong>ita</strong></span> <span class='ocrx_word' id='word_1_623' title='bbox 3351 2386 3554 2441; x_wconf 85' lang='lat' dir='ltr'><strong>habet:</strong></span> <span class='ocrx_word' id='word_1_624' title='bbox 3586 2387 3760 2439; x_wconf 76' lang='lat' dir='ltr'><strong>Anno</strong></span> 
     </span>
    </p>
   </div>
   <div class='ocr_carea' id='block_1_92' title="bbox 2099 2456 3762 2525">
    <p class='ocr_par' dir='ltr' id='par_1_92' title="bbox 2099 2456 3762 2525">
     <span class='ocr_line' id='line_1_94' title="bbox 2099 2456 3762 2525; baseline -0.004 -9"><span class='ocrx_word' id='word_1_625' title='bbox 2099 2461 2389 2516; x_wconf 63' lang='lat' dir='ltr'><strong>Dominicw</strong></span> <span class='ocrx_word' id='word_1_626' title='bbox 2436 2461 2837 2513; x_wconf 83' lang='lat' dir='ltr'><strong>incarnationis</strong></span> <span class='ocrx_word' id='word_1_627' title='bbox 2874 2456 2999 2520; x_wconf 78' lang='grc'>749,</span> <span class='ocrx_word' id='word_1_628' title='bbox 3020 2456 3303 2512; x_wconf 83' lang='lat' dir='ltr'><strong>centesimo</strong></span> <span class='ocrx_word' id='word_1_629' title='bbox 3344 2472 3467 2511; x_wconf 83' lang='lat' dir='ltr'><strong>vero</strong></span> <span class='ocrx_word' id='word_1_630' title='bbox 3530 2462 3762 2525; x_wconf 86' lang='lat' dir='ltr'><strong>octoge—</strong></span> 
     </span>
    </p>
   </div>
   <div class='ocr_carea' id='block_1_93' title="bbox 2100 2528 3765 2597">
    <p class='ocr_par' dir='ltr' id='par_1_93' title="bbox 2100 2528 3765 2597">
     <span class='ocr_line' id='line_1_95' title="bbox 2100 2528 3765 2597; baseline -0.004 -11"><span class='ocrx_word' id='word_1_631' title='bbox 2100 2535 2234 2587; x_wconf 88' lang='lat' dir='ltr'><strong>simo</strong></span> <span class='ocrx_word' id='word_1_632' title='bbox 2278 2532 2650 2597; x_wconf 81' lang='lat' dir='ltr'><strong>ingressionis.</strong></span> <span class='ocrx_word' id='word_1_633' title='bbox 2709 2530 3194 2597; x_wconf 81' lang='lat' dir='ltr'><strong>Langobardorum</strong></span> <span class='ocrx_word' id='word_1_634' title='bbox 3254 2531 3313 2582; x_wconf 88' lang='lat' dir='ltr'><strong>in</strong></span> <span class='ocrx_word' id='word_1_635' title='bbox 3362 2528 3617 2592; x_wconf 77' lang='lat' dir='ltr'><strong>Italiam,</strong></span> <span class='ocrx_word' id='word_1_636' title='bbox 3678 2529 3765 2580; x_wconf 74' lang='lat' dir='ltr'><strong>vir</strong></span> 
     </span>
    </p>
   </div>
   <div class='ocr_carea' id='block_1_94' title="bbox 2101 2599 3765 2672">
    <p class='ocr_par' dir='ltr' id='par_1_94' title="bbox 2101 2599 3765 2672">
     <span class='ocr_line' id='line_1_96' title="bbox 2101 2599 3765 2672; baseline -0.002 -16"><span class='ocrx_word' id='word_1_637' title='bbox 2101 2604 2519 2672; x_wconf 87' lang='lat' dir='ltr'><strong>gloriosissimus</strong></span> <span class='ocrx_word' id='word_1_638' title='bbox 2548 2602 2899 2656; x_wconf 80' lang='lat' dir='ltr'><strong>AISTULPHUS</strong></span> <span class='ocrx_word' id='word_1_639' title='bbox 2925 2600 3208 2672; x_wconf 86' lang='lat' dir='ltr'><strong>(Ratchis)</strong></span> <span class='ocrx_word' id='word_1_640' title='bbox 3235 2614 3486 2667; x_wconf 82' lang='lat' dir='ltr'><strong>germano</strong></span> <span class='ocrx_word' id='word_1_641' title='bbox 3512 2613 3620 2652; x_wconf 88' lang='lat' dir='ltr'><strong>suo</strong></span> <span class='ocrx_word' id='word_1_642' title='bbox 3660 2599 3765 2653; x_wconf 82' lang='lat' dir='ltr'><strong>de—</strong></span> 
     </span>
    </p>
   </div>
   <div class='ocr_carea' id='block_1_95' title="bbox 2100 2671 3763 2743">
    <p class='ocr_par' dir='ltr' id='par_1_95' title="bbox 2100 2671 3763 2743">
     <span class='ocr_line' id='line_1_97' title="bbox 2100 2671 3763 2743; baseline -0.004 -15"><span class='ocrx_word' id='word_1_643' title='bbox 2100 2671 2245 2729; x_wconf 72' lang='lat' dir='ltr'><strong>uicta</strong></span> <span class='ocrx_word' id='word_1_644' title='bbox 2288 2674 2572 2743; x_wconf 79' lang='lat' dir='ltr'><strong>Pentapoli</strong></span> <span class='ocrx_word' id='word_1_645' title='bbox 2612 2687 2782 2725; x_wconf 86' lang='lat' dir='ltr'><strong>suasu</strong></span> <span class='ocrx_word' id='word_1_646' title='bbox 2829 2674 3045 2727; x_wconf 86' lang='lat' dir='ltr'><strong>Domini</strong></span> <span class='ocrx_word' id='word_1_647' title='bbox 3085 2671 3360 2743; x_wconf 64' lang='lat' dir='ltr'><strong>Zachariw</strong></span> <span class='ocrx_word' id='word_1_648' title='bbox 3405 2685 3566 2738; x_wconf 75' lang='lat' dir='ltr'><strong>papa:</strong></span> <span class='ocrx_word' id='word_1_649' title='bbox 3615 2673 3763 2736; x_wconf 85' lang='lat' dir='ltr'><strong>facto</strong></span> 
     </span>
    </p>
   </div>
   <div class='ocr_carea' id='block_1_96' title="bbox 2103 2742 3765 2811">
    <p class='ocr_par' dir='ltr' id='par_1_96' title="bbox 2103 2742 3765 2811">
     <span class='ocr_line' id='line_1_98' title="bbox 2103 2742 3765 2811; baseline -0.004 -11"><span class='ocrx_word' id='word_1_650' title='bbox 2103 2748 2282 2801; x_wconf 57' lang='lat' dir='ltr'><strong>Roma</strong></span> <span class='ocrx_word' id='word_1_651' title='bbox 2326 2742 2514 2798; x_wconf 85' lang='lat' dir='ltr'><strong>clerico</strong></span> <span class='ocrx_word' id='word_1_652' title='bbox 2555 2747 2824 2811; x_wconf 80' lang='lat' dir='ltr'><strong>sceptrum</strong></span> <span class='ocrx_word' id='word_1_653' title='bbox 2867 2742 3351 2811; x_wconf 78' lang='lat' dir='ltr'><strong>Langobardorum</strong></span> <span class='ocrx_word' id='word_1_654' title='bbox 3393 2746 3621 2795; x_wconf 83' lang='lat' dir='ltr'><strong>strenue</strong></span> <span class='ocrx_word' id='word_1_655' title='bbox 3670 2756 3765 2793; x_wconf 85' lang='lat' dir='ltr'><strong>re—</strong></span> 
     </span>
    </p>
   </div>
   <div class='ocr_carea' id='block_1_97' title="bbox 2105 2810 3759 2884">
    <p class='ocr_par' dir='ltr' id='par_1_97' title="bbox 2105 2810 3759 2884">
     <span class='ocr_line' id='line_1_99' title="bbox 2105 2810 3759 2884; baseline -0.003 -15"><span class='ocrx_word' id='word_1_656' title='bbox 2105 2831 2255 2884; x_wconf 84' lang='lat' dir='ltr'><strong>gens,</strong></span> <span class='ocrx_word' id='word_1_657' title='bbox 2287 2823 2396 2877; x_wconf 88' lang='lat' dir='ltr'><strong>etc,</strong></span> <span class='ocrx_word' id='word_1_658' title='bbox 2441 2810 2658 2882; x_wconf 81' lang='lat' dir='ltr'><strong>(Script.</strong></span> <span class='ocrx_word' id='word_1_659' title='bbox 2703 2815 2830 2867; x_wconf 86' lang='lat' dir='ltr'><strong>Ital.</strong></span> <span class='ocrx_word' id='word_1_660' title='bbox 2861 2821 2903 2869; x_wconf 91' lang='lat' dir='ltr'><strong>t.</strong></span> <span class='ocrx_word' id='word_1_661' title='bbox 2937 2810 3001 2879; x_wconf 22' lang='lat' dir='ltr'><strong>l,’</strong></span> <span class='ocrx_word' id='word_1_662' title='bbox 3031 2828 3086 2882; x_wconf 69' lang='grc' dir='ltr'><strong>(ι.</strong></span> <span class='ocrx_word' id='word_1_663' title='bbox 3134 2810 3189 2878; x_wconf 69' lang='lat'><strong>2,</strong></span> <span class='ocrx_word' id='word_1_664' title='bbox 3222 2813 3289 2865; x_wconf 89' lang='lat' dir='ltr'><strong>de</strong></span> <span class='ocrx_word' id='word_1_665' title='bbox 3314 2812 3552 2884; x_wconf 63' lang='lat' dir='ltr'><strong>Fundat,</strong></span> <span class='ocrx_word' id='word_1_666' title='bbox 3610 2826 3759 2865; x_wconf 83' lang='lat' dir='ltr'><strong>mon.</strong></span> 
     </span>
    </p>
   </div>
   <div class='ocr_carea' id='block_1_98' title="bbox 2105 2882 3765 2956">
    <p class='ocr_par' dir='ltr' id='par_1_98' title="bbox 2105 2882 3765 2956">
     <span class='ocr_line' id='line_1_100' title="bbox 2105 2882 3765 2956; baseline -0.003 -14"><span class='ocrx_word' id='word_1_667' title='bbox 2105 2882 2388 2956; x_wconf 86' lang='lat' dir='ltr'><strong>Nonant.).</strong></span> <span class='ocrx_word' id='word_1_668' title='bbox 2413 2884 2573 2956; x_wconf 83' lang='lat' dir='ltr'><strong>Quod</strong></span> <span class='ocrx_word' id='word_1_669' title='bbox 2607 2891 3036 2956; x_wconf 81' lang='lat' dir='ltr'><strong>monumentum</strong></span> <span class='ocrx_word' id='word_1_670' title='bbox 3069 2898 3100 2937; x_wconf 88' lang='lat' dir='ltr'><strong>a</strong></span> <span class='ocrx_word' id='word_1_671' title='bbox 3128 2882 3463 2956; x_wconf 82' lang='lat' dir='ltr'><strong>Pagioalibi</strong></span> <span class='ocrx_word' id='word_1_672' title='bbox 3492 2882 3765 2956; x_wconf 82' lang='lat' dir='ltr'><strong>observa-</strong></span> 
     </span>
    </p>
   </div>
   <div class='ocr_carea' id='block_1_99' title="bbox 2104 2953 3759 3027">
    <p class='ocr_par' dir='ltr' id='par_1_99' title="bbox 2104 2953 3759 3027">
     <span class='ocr_line' id='line_1_101' title="bbox 2104 2953 3759 3027; baseline -0.002 -13"><span class='ocrx_word' id='word_1_673' title='bbox 2104 2965 2226 3014; x_wconf 90' lang='lat' dir='ltr'><strong>tum</strong></span> <span class='ocrx_word' id='word_1_674' title='bbox 2277 2953 2393 3027; x_wconf 73' lang='lat' dir='ltr'><strong>(an.</strong></span> <span class='ocrx_word' id='word_1_675' title='bbox 2431 2953 2557 3020; x_wconf 80' lang='grc'>750,</span> <span class='ocrx_word' id='word_1_676' title='bbox 2585 2972 2641 3009; x_wconf 86' lang='lat' dir='ltr'><strong>n.</strong></span> <span class='ocrx_word' id='word_1_677' title='bbox 2696 2953 2744 3023; x_wconf 79' lang='grc'>4)</span> <span class='ocrx_word' id='word_1_678' title='bbox 2777 2970 2883 3011; x_wconf 92' lang='lat' dir='ltr'><strong>non</strong></span> <span class='ocrx_word' id='word_1_679' title='bbox 2919 2963 3070 3009; x_wconf 91' lang='lat' dir='ltr'><strong>recte</strong></span> <span class='ocrx_word' id='word_1_680' title='bbox 3108 2955 3179 3009; x_wconf 93' lang='lat' dir='ltr'><strong>ab</strong></span> <span class='ocrx_word' id='word_1_681' title='bbox 3217 2953 3413 3027; x_wconf 82' lang='lat' dir='ltr'><strong>eodem</strong></span> <span class='ocrx_word' id='word_1_682' title='bbox 3456 2954 3759 3027; x_wconf 82' lang='lat' dir='ltr'><strong>arguitur.</strong></span> 
     </span>
    </p>
   </div>
   <div class='ocr_carea' id='block_1_100' title="bbox 2104 3024 3763 3100">
    <p class='ocr_par' dir='ltr' id='par_1_100' title="bbox 2104 3024 3763 3100">
     <span class='ocr_line' id='line_1_102' title="bbox 2104 3024 3763 3100; baseline -0.003 -18"><span class='ocrx_word' id='word_1_683' title='bbox 2104 3024 2372 3100; x_wconf 83' lang='lat' dir='ltr'><strong>tanquam</strong></span> <span class='ocrx_word' id='word_1_684' title='bbox 2395 3042 2519 3082; x_wconf 67' lang='lat' dir='ltr'><strong>eam</strong></span> <span class='ocrx_word' id='word_1_685' title='bbox 2548 3026 2982 3100; x_wconf 67' lang='lat' dir='ltr'><strong>Langobardicte</strong></span> <span class='ocrx_word' id='word_1_686' title='bbox 3002 3039 3183 3100; x_wconf 82' lang='lat' dir='ltr'><strong>annos</strong></span> <span class='ocrx_word' id='word_1_687' title='bbox 3208 3025 3510 3100; x_wconf 70' lang='lat' dir='ltr'><strong>mutilatis;</strong></span> <span class='ocrx_word' id='word_1_688' title='bbox 3539 3024 3763 3100; x_wconf 74' lang='lat' dir='ltr'><strong>etenim</strong></span> 
     </span>
    </p>
   </div>
   <div class='ocr_carea' id='block_1_101' title="bbox 2104 3095 3765 3169">
    <p class='ocr_par' dir='ltr' id='par_1_101' title="bbox 2104 3095 3765 3169">
     <span class='ocr_line' id='line_1_103' title="bbox 2104 3095 3765 3169; baseline -0.005 -13"><span class='ocrx_word' id='word_1_689' title='bbox 2104 3095 2353 3168; x_wconf 71' lang='lat' dir='ltr'><strong>scriptor</strong></span> <span class='ocrx_word' id='word_1_690' title='bbox 2379 3100 2556 3169; x_wconf 84' lang='lat' dir='ltr'><strong>Ligur</strong></span> <span class='ocrx_word' id='word_1_691' title='bbox 2584 3096 2655 3152; x_wconf 90' lang='lat' dir='ltr'><strong>ab</strong></span> <span class='ocrx_word' id='word_1_692' title='bbox 2675 3095 2930 3154; x_wconf 83' lang='lat' dir='ltr'><strong>adventu</strong></span> <span class='ocrx_word' id='word_1_693' title='bbox 2962 3099 3019 3152; x_wconf 92' lang='lat' dir='ltr'><strong>in</strong></span> <span class='ocrx_word' id='word_1_694' title='bbox 3052 3098 3372 3167; x_wconf 82' lang='lat' dir='ltr'><strong>Liguriam,</strong></span> <span class='ocrx_word' id='word_1_695' title='bbox 3401 3095 3524 3150; x_wconf 86' lang='lat' dir='ltr'><strong>sive</strong></span> <span class='ocrx_word' id='word_1_696' title='bbox 3546 3108 3579 3148; x_wconf 87' lang='lat' dir='ltr'><strong>a</strong></span> <span class='ocrx_word' id='word_1_697' title='bbox 3604 3096 3765 3149; x_wconf 86' lang='lat' dir='ltr'><strong>Lan-</strong></span> 
     </span>
    </p>
   </div>
   <div class='ocr_carea' id='block_1_102' title="bbox 2104 3168 3758 3242">
    <p class='ocr_par' dir='ltr' id='par_1_102' title="bbox 2104 3168 3758 3242">
     <span class='ocr_line' id='line_1_104' title="bbox 2104 3168 3758 3242; baseline -0.002 -17"><span class='ocrx_word' id='word_1_698' title='bbox 2104 3171 2395 3242; x_wconf 84' lang='lat' dir='ltr'><strong>gobardici</strong></span> <span class='ocrx_word' id='word_1_699' title='bbox 2450 3168 2616 3242; x_wconf 87' lang='lat' dir='ltr'><strong>regni</strong></span> <span class='ocrx_word' id='word_1_700' title='bbox 2678 3170 3022 3242; x_wconf 81' lang='lat' dir='ltr'><strong>primordiis</strong></span> <span class='ocrx_word' id='word_1_701' title='bbox 3038 3168 3266 3242; x_wconf 30' lang='lat' dir='ltr'><strong>‘crepit,</strong></span> <span class='ocrx_word' id='word_1_702' title='bbox 3353 3171 3488 3242; x_wconf 68' lang='lat' dir='ltr'><strong>erat</strong></span> <span class='ocrx_word' id='word_1_703' title='bbox 3559 3173 3758 3242; x_wconf 73' lang='lat' dir='ltr'><strong>autem</strong></span> 
     </span>
    </p>
   </div>
   <div class='ocr_carea' id='block_1_103' title="bbox 2105 3237 3765 3311">
    <p class='ocr_par' dir='ltr' id='par_1_103' title="bbox 2105 3237 3765 3311">
     <span class='ocr_line' id='line_1_105' title="bbox 2105 3237 3765 3311; baseline -0.004 -14"><span class='ocrx_word' id='word_1_704' title='bbox 2105 3237 2413 3311; x_wconf 74' lang='lat' dir='ltr'><strong>utriusque</strong></span> <span class='ocrx_word' id='word_1_705' title='bbox 2444 3241 2503 3295; x_wconf 91' lang='lat' dir='ltr'><strong>in</strong></span> <span class='ocrx_word' id='word_1_706' title='bbox 2524 3237 2705 3302; x_wconf 74' lang='lat' dir='ltr'><strong>cursu</strong></span> <span class='ocrx_word' id='word_1_707' title='bbox 2731 3254 2919 3295; x_wconf 91' lang='lat' dir='ltr'><strong>annus</strong></span> <span class='ocrx_word' id='word_1_708' title='bbox 2960 3237 3277 3311; x_wconf 35' lang='lat' dir='ltr'><strong>480~usque</strong></span> <span class='ocrx_word' id='word_1_709' title='bbox 3299 3239 3367 3293; x_wconf 88' lang='lat' dir='ltr'><strong>ad</strong></span> <span class='ocrx_word' id='word_1_710' title='bbox 3401 3237 3765 3311; x_wconf 78' lang='lat' dir='ltr'><strong>Septembris</strong></span> 
     </span>
    </p>
   </div>
   <div class='ocr_carea' id='block_1_104' title="bbox 2106 3306 3771 3382">
    <p class='ocr_par' dir='ltr' id='par_1_104' title="bbox 2106 3306 3771 3382">
     <span class='ocr_line' id='line_1_106' title="bbox 2106 3306 3771 3382; baseline -0.002 -17"><span class='ocrx_word' id='word_1_711' title='bbox 2106 3306 2336 3382; x_wconf 79' lang='lat' dir='ltr'><strong>priores</strong></span> <span class='ocrx_word' id='word_1_712' title='bbox 2349 3311 2476 3367; x_wconf 91' lang='lat' dir='ltr'><strong>dies</strong></span> <span class='ocrx_word' id='word_1_713' title='bbox 2499 3326 2625 3366; x_wconf 65' lang='lat' dir='ltr'><strong>aera:</strong></span> <span class='ocrx_word' id='word_1_714' title='bbox 2667 3312 3026 3382; x_wconf 79' lang='lat' dir='ltr'><strong>Dionysiana:</strong></span> <span class='ocrx_word' id='word_1_715' title='bbox 3052 3306 3282 3382; x_wconf 63' lang='grc' dir='ltr'>749ῘΑι</span> <span class='ocrx_word' id='word_1_716' title='bbox 3326 3309 3540 3382; x_wconf 81' lang='lat' dir='ltr'><strong>mensis</strong></span> <span class='ocrx_word' id='word_1_717' title='bbox 3568 3308 3771 3382; x_wconf 83' lang='lat' dir='ltr'><strong>in_in-_-</strong></span> 
     </span>
    </p>
   </div>
   <div class='ocr_carea' id='block_1_105' title="bbox 2104 3378 3767 3447">
    <p class='ocr_par' dir='ltr' id='par_1_105' title="bbox 2104 3378 3767 3447">
     <span class='ocr_line' id='line_1_107' title="bbox 2104 3378 3767 3447; baseline -0.005 -8"><span class='ocrx_word' id='word_1_718' title='bbox 2104 3378 2260 3439; x_wconf 73' lang='lat' dir='ltr'><strong>certo</strong></span> <span class='ocrx_word' id='word_1_719' title='bbox 2301 3382 2489 3437; x_wconf 88' lang='lat' dir='ltr'><strong>adhuc</strong></span> <span class='ocrx_word' id='word_1_720' title='bbox 2516 3390 2638 3441; x_wconf 88' lang='lat' dir='ltr'><strong>est:</strong></span> <span class='ocrx_word' id='word_1_721' title='bbox 2682 3388 2799 3442; x_wconf 87' lang='lat' dir='ltr'><strong>duo</strong></span> <span class='ocrx_word' id='word_1_722' title='bbox 2815 3378 3048 3436; x_wconf 80' lang='lat' dir='ltr'><strong>scilicet</strong></span> <span class='ocrx_word' id='word_1_723' title='bbox 3084 3381 3422 3437; x_wconf 86' lang='lat' dir='ltr'><strong>documenta</strong></span> <span class='ocrx_word' id='word_1_724' title='bbox 3454 3378 3767 3447; x_wconf 85' lang='lat' dir='ltr'><strong>Aistulphi</strong></span> 
     </span>
    </p>
   </div>
   <div class='ocr_carea' id='block_1_106' title="bbox 2109 3450 3764 3525">
    <p class='ocr_par' dir='ltr' id='par_1_106' title="bbox 2109 3450 3764 3525">
     <span class='ocr_line' id='line_1_108' title="bbox 2109 3450 3764 3525; baseline -0.004 -16"><span class='ocrx_word' id='word_1_725' title='bbox 2109 3453 2429 3525; x_wconf 84' lang='lat' dir='ltr'><strong>primordia</strong></span> <span class='ocrx_word' id='word_1_726' title='bbox 2452 3454 2603 3508; x_wconf 90' lang='lat' dir='ltr'><strong>inter</strong></span> <span class='ocrx_word' id='word_1_727' title='bbox 2636 3467 2856 3525; x_wconf 87' lang='lat' dir='ltr'><strong>menses</strong></span> <span class='ocrx_word' id='word_1_728' title='bbox 2880 3453 3149 3525; x_wconf 84' lang='lat' dir='ltr'><strong>Martium</strong></span> <span class='ocrx_word' id='word_1_729' title='bbox 3176 3458 3233 3506; x_wconf 91' lang='lat' dir='ltr'><strong>et</strong></span> <span class='ocrx_word' id='word_1_730' title='bbox 3251 3451 3465 3525; x_wconf 84' lang='lat' dir='ltr'><strong>Julium</strong></span> <span class='ocrx_word' id='word_1_731' title='bbox 3491 3450 3764 3525; x_wconf 68' lang='lat' dir='ltr'><strong>ejusdem</strong></span> 
     </span>
    </p>
   </div>
   <div class='ocr_carea' id='block_1_107' title="bbox 2110 3521 3765 3595">
    <p class='ocr_par' dir='ltr' id='par_1_107' title="bbox 2110 3521 3765 3595">
     <span class='ocr_line' id='line_1_109' title="bbox 2110 3521 3765 3595; baseline -0.004 -15"><span class='ocrx_word' id='word_1_732' title='bbox 2110 3521 2246 3581; x_wconf 80' lang='lat' dir='ltr'><strong>anni</strong></span> <span class='ocrx_word' id='word_1_733' title='bbox 2271 3524 2645 3594; x_wconf 81' lang='lat' dir='ltr'><strong>restringunt.</strong></span> <span class='ocrx_word' id='word_1_734' title='bbox 2662 3524 2940 3595; x_wconf 88' lang='lat' dir='ltr'><strong>Prologus</strong></span> <span class='ocrx_word' id='word_1_735' title='bbox 2959 3524 3087 3595; x_wconf 87' lang='lat' dir='ltr'><strong>ejus</strong></span> <span class='ocrx_word' id='word_1_736' title='bbox 3108 3521 3497 3595; x_wconf 67' lang='lat' dir='ltr'><strong>legumcoegit</strong></span> <span class='ocrx_word' id='word_1_737' title='bbox 3516 3521 3765 3595; x_wconf 81' lang='lat' dir='ltr'><strong>Pagium</strong></span> 
     </span>
    </p>
   </div>
   <div class='ocr_carea' id='block_1_108' title="bbox 2110 3591 3772 3665">
    <p class='ocr_par' dir='ltr' id='par_1_108' title="bbox 2110 3591 3772 3665">
     <span class='ocr_line' id='line_1_110' title="bbox 2110 3591 3772 3665; baseline -0.005 -13"><span class='ocrx_word' id='word_1_738' title='bbox 2110 3603 2177 3652; x_wconf 93' lang='lat' dir='ltr'><strong>ut</strong></span> <span class='ocrx_word' id='word_1_739' title='bbox 2203 3596 2345 3650; x_wconf 90' lang='lat' dir='ltr'><strong>illud</strong></span> <span class='ocrx_word' id='word_1_740' title='bbox 2376 3591 2755 3655; x_wconf 79' lang='lat' dir='ltr'><strong>constitueret</strong></span> <span class='ocrx_word' id='word_1_741' title='bbox 2787 3591 2913 3665; x_wconf 79' lang='lat' dir='ltr'><strong>post</strong></span> <span class='ocrx_word' id='word_1_742' title='bbox 2942 3591 3045 3649; x_wconf 86' lang='lat' dir='ltr'><strong>Kal</strong></span> <span class='ocrx_word' id='word_1_743' title='bbox 3091 3591 3235 3648; x_wconf 76' lang='lat' dir='ltr'><strong>Mart</strong></span> <span class='ocrx_word' id='word_1_744' title='bbox 3263 3610 3278 3661; x_wconf 85' lang='lat'><strong>;</strong></span> <span class='ocrx_word' id='word_1_745' title='bbox 3306 3591 3386 3646; x_wconf 91' lang='lat' dir='ltr'><strong>ibi</strong></span> <span class='ocrx_word' id='word_1_746' title='bbox 3408 3591 3569 3665; x_wconf 89' lang='lat' dir='ltr'><strong>enim</strong></span> <span class='ocrx_word' id='word_1_747' title='bbox 3618 3591 3772 3665; x_wconf 86' lang='lat' dir='ltr'><strong>legi-</strong></span> 
     </span>
    </p>
   </div>
   <div class='ocr_carea' id='block_1_109' title="bbox 2111 3664 3769 3734">
    <p class='ocr_par' dir='ltr' id='par_1_109' title="bbox 2111 3664 3769 3734">
     <span class='ocr_line' id='line_1_111' title="bbox 2111 3664 3769 3734; baseline -0.005 -11"><span class='ocrx_word' id='word_1_748' title='bbox 2111 3676 2244 3723; x_wconf 89' lang='lat' dir='ltr'><strong>tur:</strong></span> <span class='ocrx_word' id='word_1_749' title='bbox 2280 3668 2438 3720; x_wconf 79' lang='lat' dir='ltr'><strong>Anno</strong></span> <span class='ocrx_word' id='word_1_750' title='bbox 2474 3668 2781 3732; x_wconf 82' lang='lat' dir='ltr'><strong>felicissimi</strong></span> <span class='ocrx_word' id='word_1_751' title='bbox 2815 3668 2973 3734; x_wconf 86' lang='lat' dir='ltr'><strong>regni</strong></span> <span class='ocrx_word' id='word_1_752' title='bbox 3009 3666 3186 3729; x_wconf 79' lang='lat' dir='ltr'><strong>nostri</strong></span> <span class='ocrx_word' id='word_1_753' title='bbox 3230 3667 3290 3717; x_wconf 89' lang='lat' dir='ltr'><strong>in</strong></span> <span class='ocrx_word' id='word_1_754' title='bbox 3327 3664 3424 3716; x_wconf 88' lang='lat' dir='ltr'><strong>Dei</strong></span> <span class='ocrx_word' id='word_1_755' title='bbox 3466 3664 3695 3715; x_wconf 83' lang='lat' dir='ltr'><strong>nomine</strong></span> <span class='ocrx_word' id='word_1_756' title='bbox 3737 3674 3769 3715; x_wconf 71' lang='grc' dir='ltr'><strong><em>ν</em></strong></span> 
     </span>
    </p>
   </div>
   <div class='ocr_carea' id='block_1_110' title="bbox 2107 3736 3771 3803">
    <p class='ocr_par' dir='ltr' id='par_1_110' title="bbox 2107 3736 3771 3803">
     <span class='ocr_line' id='line_1_112' title="bbox 2107 3736 3771 3803; baseline -0.002 -12"><span class='ocrx_word' id='word_1_757' title='bbox 2107 3740 2169 3792; x_wconf 86' lang='lat' dir='ltr'><strong>in</strong></span> <span class='ocrx_word' id='word_1_758' title='bbox 2230 3740 2318 3791; x_wconf 91' lang='lat' dir='ltr'><strong>die</strong></span> <span class='ocrx_word' id='word_1_759' title='bbox 2363 3737 2737 3794; x_wconf 82' lang='lat' dir='ltr'><strong>Kalendarum</strong></span> <span class='ocrx_word' id='word_1_760' title='bbox 2763 3740 3014 3794; x_wconf 80' lang='lat' dir='ltr'><strong>Martiar.</strong></span> <span class='ocrx_word' id='word_1_761' title='bbox 3067 3736 3242 3791; x_wconf 77' lang='lat' dir='ltr'><strong>indici</strong></span> <span class='ocrx_word' id='word_1_762' title='bbox 3302 3747 3401 3803; x_wconf 85' lang='lat' dir='ltr'><strong>vn,</strong></span> <span class='ocrx_word' id='word_1_763' title='bbox 3436 3747 3568 3802; x_wconf 65' lang='lat' dir='ltr'><strong>quae</strong></span> <span class='ocrx_word' id='word_1_764' title='bbox 3620 3745 3771 3787; x_wconf 89' lang='lat' dir='ltr'><strong>anno</strong></span> 
     </span>
    </p>
   </div>
   <div class='ocr_carea' id='block_1_111' title="bbox 2109 3803 3769 3866">
    <p class='ocr_par' dir='ltr' id='par_1_111' title="bbox 2109 3803 3769 3866">
     <span class='ocr_line' id='line_1_113' title="bbox 2109 3803 3769 3866; baseline -0.004 -2"><span class='ocrx_word' id='word_1_765' title='bbox 2109 3808 2376 3864; x_wconf 90' lang='lat' dir='ltr'><strong>convenit</strong></span> <span class='ocrx_word' id='word_1_766' title='bbox 2401 3803 2527 3865; x_wconf 82' lang='grc'>754.</span> <span class='ocrx_word' id='word_1_767' title='bbox 2559 3809 2929 3866; x_wconf 88' lang='lat' dir='ltr'><strong>Conﬁrmatio</strong></span> <span class='ocrx_word' id='word_1_768' title='bbox 2954 3821 3085 3863; x_wconf 77' lang='lat' dir='ltr'><strong>vero</strong></span> <span class='ocrx_word' id='word_1_769' title='bbox 3116 3807 3395 3862; x_wconf 86' lang='lat' dir='ltr'><strong>bonorum</strong></span> <span class='ocrx_word' id='word_1_770' title='bbox 3420 3804 3769 3859; x_wconf 89' lang='lat' dir='ltr'><strong>monasterii</strong></span> 
     </span>
    </p>
   </div>
   <div class='ocr_carea' id='block_1_112' title="bbox 2112 3876 3773 3947">
    <p class='ocr_par' dir='ltr' id='par_1_112' title="bbox 2112 3876 3773 3947">
     <span class='ocr_line' id='line_1_114' title="bbox 2112 3876 3773 3947; baseline -0.004 -13"><span class='ocrx_word' id='word_1_771' title='bbox 2112 3878 2436 3934; x_wconf 84' lang='lat' dir='ltr'><strong>Farfensis:</strong></span> <span class='ocrx_word' id='word_1_772' title='bbox 2487 3882 2632 3936; x_wconf 86' lang='lat' dir='ltr'><strong>Data</strong></span> <span class='ocrx_word' id='word_1_773' title='bbox 2680 3885 2951 3937; x_wconf 60' lang='lat' dir='ltr'><strong>Ravenna</strong></span> <span class='ocrx_word' id='word_1_774' title='bbox 3016 3883 3077 3934; x_wconf 89' lang='lat' dir='ltr'><strong>in</strong></span> <span class='ocrx_word' id='word_1_775' title='bbox 3137 3878 3347 3947; x_wconf 82' lang='lat' dir='ltr'><strong>palatio</strong></span> <span class='ocrx_word' id='word_1_776' title='bbox 3398 3882 3609 3943; x_wconf 75' lang='lat' dir='ltr'><strong>quarta.</strong></span> <span class='ocrx_word' id='word_1_777' title='bbox 3684 3876 3773 3928; x_wconf 85' lang='lat' dir='ltr'><strong>die</strong></span> 
     </span>
    </p>
   </div>
   <div class='ocr_carea' id='block_1_113' title="bbox 2107 3946 3766 4019">
    <p class='ocr_par' dir='ltr' id='par_1_113' title="bbox 2107 3946 3766 4019">
     <span class='ocr_line' id='line_1_115' title="bbox 2107 3946 3766 4019; baseline -0.002 -16"><span class='ocrx_word' id='word_1_778' title='bbox 2107 3952 2306 4004; x_wconf 85' lang='lat' dir='ltr'><strong>mensis</strong></span> <span class='ocrx_word' id='word_1_779' title='bbox 2330 3951 2468 4019; x_wconf 74' lang='lat' dir='ltr'><strong>Julii</strong></span> <span class='ocrx_word' id='word_1_780' title='bbox 2513 3968 2658 4007; x_wconf 86' lang='lat' dir='ltr'><strong>anno</strong></span> <span class='ocrx_word' id='word_1_781' title='bbox 2687 3952 2997 4019; x_wconf 79' lang='lat' dir='ltr'><strong>felicissimi</strong></span> <span class='ocrx_word' id='word_1_782' title='bbox 3024 3946 3182 4018; x_wconf 82' lang='lat' dir='ltr'><strong>regni</strong></span> <span class='ocrx_word' id='word_1_783' title='bbox 3238 3949 3414 4002; x_wconf 86' lang='lat' dir='ltr'><strong>nostri</strong></span> <span class='ocrx_word' id='word_1_784' title='bbox 3441 3949 3610 4019; x_wconf 69' lang='lat' dir='ltr'><strong>tertio</strong></span> <span class='ocrx_word' id='word_1_785' title='bbox 3636 3946 3766 4019; x_wconf 81' lang='lat' dir='ltr'><strong>ind.</strong></span> 
     </span>
    </p>
   </div>
   <div class='ocr_carea' id='block_1_114' title="bbox 2109 4016 3773 4093">
    <p class='ocr_par' dir='ltr' id='par_1_114' title="bbox 2109 4016 3773 4093">
     <span class='ocr_line' id='line_1_116' title="bbox 2109 4016 3773 4093; baseline -0.003 -18"><span class='ocrx_word' id='word_1_786' title='bbox 2109 4034 2184 4093; x_wconf 70' lang='grc' dir='ltr'><strong>ιγ,</strong></span> <span class='ocrx_word' id='word_1_787' title='bbox 2223 4022 2277 4076; x_wconf 94' lang='lat' dir='ltr'><strong>id</strong></span> <span class='ocrx_word' id='word_1_788' title='bbox 2309 4031 2396 4076; x_wconf 88' lang='lat' dir='ltr'><strong>est</strong></span> <span class='ocrx_word' id='word_1_789' title='bbox 2413 4017 2540 4091; x_wconf 77' lang='grc'>754,</span> <span class='ocrx_word' id='word_1_790' title='bbox 2575 4016 2763 4093; x_wconf 86' lang='lat' dir='ltr'><strong>coegit</strong></span> <span class='ocrx_word' id='word_1_791' title='bbox 2789 4016 3160 4078; x_wconf 80' lang='lat' dir='ltr'><strong>Bacchininm</strong></span> <span class='ocrx_word' id='word_1_792' title='bbox 3189 4016 3574 4093; x_wconf 77' lang='lat' dir='ltr'><strong>utAistulpbi</strong></span> <span class='ocrx_word' id='word_1_793' title='bbox 3617 4018 3773 4086; x_wconf 80' lang='lat' dir='ltr'><strong>prin-</strong></span> 
     </span>
    </p>
   </div>
   <div class='ocr_carea' id='block_1_115' title="bbox 2105 4088 3767 4160">
    <p class='ocr_par' dir='ltr' id='par_1_115' title="bbox 2105 4088 3767 4160">
     <span class='ocr_line' id='line_1_117' title="bbox 2105 4088 3767 4160; baseline -0.004 -14"><span class='ocrx_word' id='word_1_794' title='bbox 2105 4092 2322 4160; x_wconf 89' lang='lat' dir='ltr'><strong>cipium</strong></span> <span class='ocrx_word' id='word_1_795' title='bbox 2369 4100 2500 4148; x_wconf 86' lang='lat' dir='ltr'><strong>ante</strong></span> <span class='ocrx_word' id='word_1_796' title='bbox 2530 4088 2787 4150; x_wconf 70' lang='lat' dir='ltr'><strong>mensem</strong></span> <span class='ocrx_word' id='word_1_797' title='bbox 2833 4092 3052 4148; x_wconf 93' lang='lat' dir='ltr'><strong>Julium</strong></span> <span class='ocrx_word' id='word_1_798' title='bbox 3082 4088 3652 4160; x_wconf 84' lang='lat' dir='ltr'><strong>constitueret(Pag.</strong></span> <span class='ocrx_word' id='word_1_799' title='bbox 3674 4104 3767 4140; x_wconf 86' lang='lat' dir='ltr'><strong>an.</strong></span> 
     </span>
    </p>
   </div>
   <div class='ocr_carea' id='block_1_116' title="bbox 2102 4158 3771 4233">
    <p class='ocr_par' dir='ltr' id='par_1_116' title="bbox 2102 4158 3771 4233">
     <span class='ocr_line' id='line_1_118' title="bbox 2102 4158 3771 4233; baseline -0.005 -16"><span class='ocrx_word' id='word_1_800' title='bbox 2102 4158 2230 4233; x_wconf 80' lang='grc'>750,</span> <span class='ocrx_word' id='word_1_801' title='bbox 2261 4178 2318 4217; x_wconf 90' lang='grc' dir='ltr'>η.</span> <span class='ocrx_word' id='word_1_802' title='bbox 2350 4160 2374 4216; x_wconf 81' lang='grc'><strong>4</strong></span> <span class='ocrx_word' id='word_1_803' title='bbox 2400 4164 2736 4233; x_wconf 76' lang='lat' dir='ltr'><strong>;_Bacchin.</strong></span> <span class='ocrx_word' id='word_1_804' title='bbox 2768 4167 2827 4219; x_wconf 90' lang='lat' dir='ltr'><strong>in</strong></span> <span class='ocrx_word' id='word_1_805' title='bbox 2856 4163 3114 4232; x_wconf 81' lang='lat' dir='ltr'><strong>Agnell.;</strong></span> <span class='ocrx_word' id='word_1_806' title='bbox 3158 4163 3356 4230; x_wconf 80' lang='lat' dir='ltr'><strong>Script.</strong></span> <span class='ocrx_word' id='word_1_807' title='bbox 3382 4159 3513 4215; x_wconf 86' lang='lat' dir='ltr'><strong>Ital.</strong></span> <span class='ocrx_word' id='word_1_808' title='bbox 3545 4158 3685 4228; x_wconf 64' lang='lat' dir='ltr'><strong>LII,</strong></span> <span class='ocrx_word' id='word_1_809' title='bbox 3716 4173 3771 4233; x_wconf 87' lang='lat' dir='ltr'><strong>p.</strong></span> 
     </span>
    </p>
   </div>
   <div class='ocr_carea' id='block_1_117' title="bbox 2107 4230 3777 4359">
    <p class='ocr_par' dir='ltr' id='par_1_117' title="bbox 2107 4230 3777 4359">
     <span class='ocr_line' id='line_1_119' title="bbox 2107 4230 3777 4359; baseline -0.004 -70"><span class='ocrx_word' id='word_1_810' title='bbox 2107 4248 2147 4293; x_wconf 69' lang='grc' dir='ltr'><strong>ιε</strong></span> <span class='ocrx_word' id='word_1_811' title='bbox 2184 4230 2308 4303; x_wconf 84' lang='lat' dir='ltr'><strong>pag.</strong></span> <span class='ocrx_word' id='word_1_812' title='bbox 2349 4231 2487 4359; x_wconf 56' lang='lat'><strong>468&#39;).</strong></span> <span class='ocrx_word' id='word_1_813' title='bbox 2527 4233 2601 4290; x_wconf 83' lang='lat' dir='ltr'><strong>At</strong></span> <span class='ocrx_word' id='word_1_814' title='bbox 2628 4230 3056 4318; x_wconf 81' lang='lat' dir='ltr'><strong>monumentum</strong></span> <span class='ocrx_word' id='word_1_815' title='bbox 3090 4233 3251 4317; x_wconf 79' lang='lat' dir='ltr'><strong>aliud</strong></span> <span class='ocrx_word' id='word_1_816' title='bbox 3286 4244 3387 4301; x_wconf 91' lang='lat' dir='ltr'><strong>pro</strong></span> <span class='ocrx_word' id='word_1_817' title='bbox 3404 4230 3777 4312; x_wconf 74' lang='lat' dir='ltr'><strong>monasterio</strong></span> 
     </span>
     <span class='ocr_line' id='line_1_120' title="bbox 2107 4298 3775 4359; baseline -0.004 0"><span class='ocrx_word' id='word_1_818' title='bbox 2107 4306 2302 4359; x_wconf 90' lang='lat' dir='ltr'><strong>eodem</strong></span> <span class='ocrx_word' id='word_1_819' title='bbox 2334 4306 2439 4359; x_wconf 88' lang='lat' dir='ltr'><strong>Far</strong></span> <span class='ocrx_word' id='word_1_820' title='bbox 2464 4309 2626 4359; x_wconf 88' lang='lat' dir='ltr'><strong>ensi:</strong></span> <span class='ocrx_word' id='word_1_821' title='bbox 2669 4309 2870 4359; x_wconf 80' lang='lat' dir='ltr'><strong>Datum</strong></span> <span class='ocrx_word' id='word_1_822' title='bbox 2928 4308 3102 4359; x_wconf 75' lang='lat' dir='ltr'><strong>Ticini</strong></span> <span class='ocrx_word' id='word_1_823' title='bbox 3146 4321 3207 4359; x_wconf 75' lang='lat' dir='ltr'><strong>in</strong></span> <span class='ocrx_word' id='word_1_824' title='bbox 3236 4304 3445 4359; x_wconf 71' lang='lat' dir='ltr'><strong>palatio</strong></span> <span class='ocrx_word' id='word_1_825' title='bbox 3469 4298 3505 4355; x_wconf 83' lang='lat'><strong>5</strong></span> <span class='ocrx_word' id='word_1_826' title='bbox 3548 4301 3775 4359; x_wconf 69' lang='lat' dir='ltr'><strong>Aprilis</strong></span> 
     </span>
    </p>
   </div>
   <div class='ocr_carea' id='block_1_118' title="bbox 2107 4298 3775 4374">
    <p class='ocr_par' dir='ltr' id='par_1_118' title="bbox 2107 4298 3775 4374">
     <span class='ocr_line' id='line_1_121' title="bbox 2107 4298 3775 4374; baseline -0.004 -14"><span class='ocrx_word' id='word_1_827' title='bbox 2107 4298 2302 4360; x_wconf 75' lang='lat' dir='ltr'><strong>eodem</strong></span> <span class='ocrx_word' id='word_1_828' title='bbox 2334 4298 2626 4361; x_wconf 86' lang='lat' dir='ltr'><strong>Farfensi:</strong></span> <span class='ocrx_word' id='word_1_829' title='bbox 2669 4309 2870 4361; x_wconf 83' lang='lat' dir='ltr'><strong>Datum</strong></span> <span class='ocrx_word' id='word_1_830' title='bbox 2928 4307 3102 4360; x_wconf 83' lang='lat' dir='ltr'><strong>Ticini</strong></span> <span class='ocrx_word' id='word_1_831' title='bbox 3146 4308 3207 4359; x_wconf 85' lang='lat' dir='ltr'><strong>in</strong></span> <span class='ocrx_word' id='word_1_832' title='bbox 3233 4298 3505 4374; x_wconf 70' lang='lat' dir='ltr'><strong>palatiob</strong></span> <span class='ocrx_word' id='word_1_833' title='bbox 3548 4301 3775 4371; x_wconf 75' lang='lat' dir='ltr'><strong>Aprilis</strong></span> 
     </span>
    </p>
   </div>
   <div class='ocr_carea' id='block_1_119' title="bbox 2108 4374 3776 4445">
    <p class='ocr_par' dir='ltr' id='par_1_119' title="bbox 2108 4374 3776 4445">
     <span class='ocr_line' id='line_1_122' title="bbox 2108 4374 3776 4445; baseline -0.004 -16"><span class='ocrx_word' id='word_1_834' title='bbox 2108 4391 2254 4429; x_wconf 89' lang='lat' dir='ltr'><strong>anno</strong></span> <span class='ocrx_word' id='word_1_835' title='bbox 2310 4377 2613 4442; x_wconf 78' lang='lat' dir='ltr'><strong>felicissimi</strong></span> <span class='ocrx_word' id='word_1_836' title='bbox 2664 4380 2822 4445; x_wconf 84' lang='lat' dir='ltr'><strong>regni</strong></span> <span class='ocrx_word' id='word_1_837' title='bbox 2848 4379 3023 4431; x_wconf 81' lang='lat' dir='ltr'><strong>nostri</strong></span> <span class='ocrx_word' id='word_1_838' title='bbox 3047 4379 3107 4429; x_wconf 89' lang='lat' dir='ltr'><strong>in</strong></span> <span class='ocrx_word' id='word_1_839' title='bbox 3151 4378 3244 4430; x_wconf 86' lang='lat' dir='ltr'><strong>Dei</strong></span> <span class='ocrx_word' id='word_1_840' title='bbox 3286 4374 3499 4445; x_wconf 84' lang='lat' dir='ltr'><strong>nomine</strong></span> <span class='ocrx_word' id='word_1_841' title='bbox 3539 4374 3776 4445; x_wconf 80' lang='lat' dir='ltr'><strong>septimo</strong></span> 
     </span>
    </p>
   </div>
   <div class='ocr_carea' id='block_1_120' title="bbox 2108 4443 3779 4517">
    <p class='ocr_par' dir='ltr' id='par_1_120' title="bbox 2108 4443 3779 4517">
     <span class='ocr_line' id='line_1_123' title="bbox 2108 4443 3779 4517; baseline -0.002 -18"><span class='ocrx_word' id='word_1_842' title='bbox 2108 4463 2208 4517; x_wconf 76' lang='lat' dir='ltr'><strong>per</strong></span> <span class='ocrx_word' id='word_1_843' title='bbox 2256 4448 2364 4501; x_wconf 81' lang='lat' dir='ltr'><strong>Ind</strong></span> <span class='ocrx_word' id='word_1_844' title='bbox 2414 4461 2467 4501; x_wconf 83' lang='lat' dir='ltr'><strong>Ix</strong></span> <span class='ocrx_word' id='word_1_845' title='bbox 2513 4443 2767 4517; x_wconf 79' lang='lat' dir='ltr'><strong>feliciter,</strong></span> <span class='ocrx_word' id='word_1_846' title='bbox 2821 4461 3018 4516; x_wconf 91' lang='lat' dir='ltr'><strong>nempe</strong></span> <span class='ocrx_word' id='word_1_847' title='bbox 3063 4445 3188 4512; x_wconf 81' lang='lat'><strong>756,</strong></span> <span class='ocrx_word' id='word_1_848' title='bbox 3227 4444 3491 4517; x_wconf 69' lang='lat' dir='ltr'><strong>ostendit</strong></span> <span class='ocrx_word' id='word_1_849' title='bbox 3533 4443 3779 4517; x_wconf 81' lang='lat' dir='ltr'><strong>Aistul-</strong></span> 
     </span>
    </p>
   </div>
   <div class='ocr_carea' id='block_1_121' title="bbox 336 4513 3777 4588">
    <p class='ocr_par' dir='ltr' id='par_1_121' title="bbox 336 4513 3777 4588">
     <span class='ocr_line' id='line_1_124' title="bbox 336 4513 3777 4588; baseline -0.001 -16"><span class='ocrx_word' id='word_1_850' title='bbox 336 4517 427 4572; x_wconf 37' lang='lat' dir='ltr'><strong>vAt</strong></span> <span class='ocrx_word' id='word_1_851' title='bbox 448 4529 619 4586; x_wconf 83' lang='lat' dir='ltr'><strong>pergo</strong></span> <span class='ocrx_word' id='word_1_852' title='bbox 659 4516 728 4571; x_wconf 92' lang='lat' dir='ltr'><strong>ad</strong></span> <span class='ocrx_word' id='word_1_853' title='bbox 777 4522 979 4588; x_wconf 59' lang='lat' dir='ltr'><strong>cietera</strong></span> <span class='ocrx_word' id='word_1_854' title='bbox 1021 4529 1148 4585; x_wconf 69' lang='lat' dir='ltr'><strong>qua:</strong></span> <span class='ocrx_word' id='word_1_855' title='bbox 1199 4515 1366 4570; x_wconf 88' lang='lat' dir='ltr'><strong>Liber</strong></span> <span class='ocrx_word' id='word_1_856' title='bbox 1416 4513 1768 4573; x_wconf 82' lang='lat' dir='ltr'><strong>Pontiﬁcalis</strong></span> <span class='ocrx_word' id='word_1_857' title='bbox 1812 4527 2007 4575; x_wconf 84' lang='lat' dir='ltr'><strong>narrat</strong></span> <span class='ocrx_word' id='word_1_858' title='bbox 2034 4516 2086 4578; x_wconf 90' lang='lat' dir='ltr'>D</span> <span class='ocrx_word' id='word_1_859' title='bbox 2109 4513 2289 4587; x_wconf 80' lang='lat' dir='ltr'><strong>phum</strong></span> <span class='ocrx_word' id='word_1_860' title='bbox 2322 4531 2432 4574; x_wconf 92' lang='lat' dir='ltr'><strong>non</strong></span> <span class='ocrx_word' id='word_1_861' title='bbox 2464 4513 2723 4588; x_wconf 65' lang='lat' dir='ltr'><strong>coepisse,</strong></span> <span class='ocrx_word' id='word_1_862' title='bbox 2754 4513 2868 4574; x_wconf 88' lang='lat' dir='ltr'><strong>nisi</strong></span> <span class='ocrx_word' id='word_1_863' title='bbox 2900 4513 3025 4587; x_wconf 85' lang='lat' dir='ltr'><strong>post</strong></span> <span class='ocrx_word' id='word_1_864' title='bbox 3050 4519 3201 4573; x_wconf 90' lang='lat' dir='ltr'><strong>diem</strong></span> <span class='ocrx_word' id='word_1_865' title='bbox 3223 4513 3260 4571; x_wconf 78' lang='grc'><strong>5</strong></span> <span class='ocrx_word' id='word_1_866' title='bbox 3285 4514 3547 4588; x_wconf 77' lang='lat' dir='ltr'><strong>Aprilis;</strong></span> <span class='ocrx_word' id='word_1_867' title='bbox 3579 4514 3777 4588; x_wconf 81' lang='lat' dir='ltr'><strong>adhuc</strong></span> 
     </span>
    </p>
   </div>
   <div class='ocr_carea' id='block_1_122' title="bbox 358 4585 3777 4657">
    <p class='ocr_par' dir='ltr' id='par_1_122' title="bbox 358 4585 3777 4657">
     <span class='ocr_line' id='line_1_125' title="bbox 358 4585 3777 4657; baseline -0.002 -14"><span class='ocrx_word' id='word_1_868' title='bbox 358 4589 421 4643; x_wconf 93' lang='lat' dir='ltr'><strong>in</strong></span> <span class='ocrx_word' id='word_1_869' title='bbox 448 4585 573 4642; x_wconf 40' lang='lat' dir='ltr'><strong>ﬁne’</strong></span> <span class='ocrx_word' id='word_1_870' title='bbox 598 4588 654 4642; x_wconf 89' lang='lat' dir='ltr'><strong>S.</strong></span> <span class='ocrx_word' id='word_1_871' title='bbox 705 4587 1009 4655; x_wconf 74' lang='lat' dir='ltr'><strong>Zachariae,</strong></span> <span class='ocrx_word' id='word_1_872' title='bbox 1037 4594 1094 4642; x_wconf 90' lang='lat' dir='ltr'><strong>et</strong></span> <span class='ocrx_word' id='word_1_873' title='bbox 1149 4590 1207 4643; x_wconf 94' lang='lat' dir='ltr'><strong>in</strong></span> <span class='ocrx_word' id='word_1_874' title='bbox 1232 4588 1515 4657; x_wconf 88' lang='lat' dir='ltr'><strong>Stephano</strong></span> <span class='ocrx_word' id='word_1_875' title='bbox 1537 4589 1601 4642; x_wconf 90' lang='lat' dir='ltr'><strong>Il.</strong></span> <span class='ocrx_word' id='word_1_876' title='bbox 1627 4589 1700 4643; x_wconf 94' lang='lat' dir='ltr'><strong>al.</strong></span> <span class='ocrx_word' id='word_1_877' title='bbox 1739 4591 1825 4643; x_wconf 87' lang='lat' dir='ltr'><strong>III.</strong></span> <span class='ocrx_word' id='word_1_878' title='bbox 1856 4594 2004 4645; x_wconf 77' lang='lat' dir='ltr'><strong>San—</strong></span> <span class='ocrx_word' id='word_1_879' title='bbox 2111 4585 2265 4644; x_wconf 86' lang='lat' dir='ltr'><strong>enim</strong></span> <span class='ocrx_word' id='word_1_880' title='bbox 2291 4596 2413 4644; x_wconf 91' lang='lat' dir='ltr'><strong>erat</strong></span> <span class='ocrx_word' id='word_1_881' title='bbox 2440 4590 2498 4644; x_wconf 91' lang='lat' dir='ltr'><strong>in</strong></span> <span class='ocrx_word' id='word_1_882' title='bbox 2530 4585 2921 4646; x_wconf 38' lang='lat' dir='ltr'><strong>c&#39;ursu&#39;annus</strong></span> <span class='ocrx_word' id='word_1_883' title='bbox 2971 4589 3270 4657; x_wconf 88' lang='lat' dir='ltr'><strong>septimus.</strong></span> <span class='ocrx_word' id='word_1_884' title='bbox 3323 4586 3461 4654; x_wconf 55' lang='lat' dir='ltr'><strong>Quae</strong></span> <span class='ocrx_word' id='word_1_885' title='bbox 3500 4598 3634 4657; x_wconf 81' lang='lat' dir='ltr'><strong>cum</strong></span> <span class='ocrx_word' id='word_1_886' title='bbox 3693 4585 3777 4637; x_wconf 82' lang='lat' dir='ltr'><strong>ita</strong></span> 
     </span>
    </p>
   </div>
   <div class='ocr_carea' id='block_1_123' title="bbox 359 4659 2004 4731">
    <p class='ocr_par' dir='ltr' id='par_1_123' title="bbox 359 4659 2004 4731">
     <span class='ocr_line' id='line_1_126' title="bbox 359 4659 2004 4731; baseline 0.002 -17"><span class='ocrx_word' id='word_1_887' title='bbox 359 4660 488 4715; x_wconf 63' lang='lat' dir='ltr'><strong>citae</strong></span> <span class='ocrx_word' id='word_1_888' title='bbox 513 4665 871 4731; x_wconf 86' lang='lat' dir='ltr'><strong>contemptor</strong></span> <span class='ocrx_word' id='word_1_889' title='bbox 906 4660 1064 4728; x_wconf 89' lang='lat' dir='ltr'><strong>pacis</strong></span> <span class='ocrx_word' id='word_1_890' title='bbox 1096 4673 1192 4714; x_wconf 89' lang='lat' dir='ltr'><strong>rex</strong></span> <span class='ocrx_word' id='word_1_891' title='bbox 1213 4659 1424 4731; x_wconf 86' lang='lat' dir='ltr'><strong>Rachis</strong></span> <span class='ocrx_word' id='word_1_892' title='bbox 1450 4660 1750 4715; x_wconf 80' lang='lat' dir='ltr'><strong>Perusiam</strong></span> <span class='ocrx_word' id='word_1_893' title='bbox 1774 4662 2004 4731; x_wconf 86' lang='lat' dir='ltr'><strong>aliaque</strong></span> 
     </span>
    </p>
   </div>
   <div class='ocr_carea' id='block_1_124' title="bbox 358 4730 2001 4802">
    <p class='ocr_par' dir='ltr' id='par_1_124' title="bbox 358 4730 2001 4802">
     <span class='ocr_line' id='line_1_127' title="bbox 358 4730 2001 4802; baseline 0.002 -17"><span class='ocrx_word' id='word_1_894' title='bbox 358 4730 733 4802; x_wconf 85' lang='lat' dir='ltr'><strong>Pentapoleos</strong></span> <span class='ocrx_word' id='word_1_895' title='bbox 774 4731 981 4802; x_wconf 86' lang='lat' dir='ltr'><strong>oppida</strong></span> <span class='ocrx_word' id='word_1_896' title='bbox 1036 4730 1421 4802; x_wconf 90' lang='lat' dir='ltr'><strong>oppugnabat,</strong></span> <span class='ocrx_word' id='word_1_897' title='bbox 1464 4744 1593 4785; x_wconf 90' lang='lat' dir='ltr'><strong>cum</strong></span> <span class='ocrx_word' id='word_1_898' title='bbox 1635 4734 1687 4786; x_wconf 90' lang='lat' dir='ltr'><strong>S.</strong></span> <span class='ocrx_word' id='word_1_899' title='bbox 1750 4730 2001 4800; x_wconf 76' lang='lat' dir='ltr'><strong>pontifex</strong></span> 
     </span>
    </p>
   </div>
   <div class='ocr_carea' id='block_1_125' title="bbox 357 4801 1999 4869">
    <p class='ocr_par' dir='ltr' id='par_1_125' title="bbox 357 4801 1999 4869">
     <span class='ocr_line' id='line_1_128' title="bbox 357 4801 1999 4869; baseline 0.003 -13"><span class='ocrx_word' id='word_1_900' title='bbox 357 4815 485 4858; x_wconf 89' lang='lat' dir='ltr'><strong>eum</strong></span> <span class='ocrx_word' id='word_1_901' title='bbox 521 4801 665 4867; x_wconf 90' lang='lat' dir='ltr'><strong>adit,</strong></span> <span class='ocrx_word' id='word_1_902' title='bbox 700 4801 1037 4857; x_wconf 90' lang='lat' dir='ltr'><strong>muneribus</strong></span> <span class='ocrx_word' id='word_1_903' title='bbox 1067 4801 1270 4869; x_wconf 88' lang='lat' dir='ltr'><strong>placat,</strong></span> <span class='ocrx_word' id='word_1_904' title='bbox 1299 4802 1582 4858; x_wconf 88' lang='lat' dir='ltr'><strong>orationis</strong></span> <span class='ocrx_word' id='word_1_905' title='bbox 1624 4804 1908 4860; x_wconf 87' lang='lat' dir='ltr'><strong>suavitate</strong></span> <span class='ocrx_word' id='word_1_906' title='bbox 1931 4807 1999 4861; x_wconf 90' lang='lat' dir='ltr'><strong>ad</strong></span> 
     </span>
    </p>
   </div>
   <div class='ocr_carea' id='block_1_126' title="bbox 360 4870 1999 4941">
    <p class='ocr_par' dir='ltr' id='par_1_126' title="bbox 360 4870 1999 4941">
     <span class='ocr_line' id='line_1_129' title="bbox 360 4870 1999 4941; baseline 0.001 -14"><span class='ocrx_word' id='word_1_907' title='bbox 360 4874 599 4929; x_wconf 90' lang='lat' dir='ltr'><strong>meliora</strong></span> <span class='ocrx_word' id='word_1_908' title='bbox 641 4874 970 4927; x_wconf 86' lang='lat' dir='ltr'><strong>convertit:</strong></span> <span class='ocrx_word' id='word_1_909' title='bbox 1019 4885 1198 4941; x_wconf 88' lang='lat' dir='ltr'><strong>quare</strong></span> <span class='ocrx_word' id='word_1_910' title='bbox 1237 4873 1306 4937; x_wconf 90' lang='lat' dir='ltr'><strong>is,</strong></span> <span class='ocrx_word' id='word_1_911' title='bbox 1356 4870 1557 4929; x_wconf 87' lang='lat' dir='ltr'><strong>relicto</strong></span> <span class='ocrx_word' id='word_1_912' title='bbox 1602 4874 1830 4938; x_wconf 88' lang='lat' dir='ltr'><strong>throno,</strong></span> <span class='ocrx_word' id='word_1_913' title='bbox 1869 4889 1999 4930; x_wconf 86' lang='lat' dir='ltr'><strong>cum</strong></span> 
     </span>
    </p>
   </div>
   <div class='ocr_carea' id='block_1_127' title="bbox 361 4942 2003 5011">
    <p class='ocr_par' dir='ltr' id='par_1_127' title="bbox 361 4942 2003 5011">
     <span class='ocr_line' id='line_1_130' title="bbox 361 4942 2003 5011; baseline 0.001 -11"><span class='ocrx_word' id='word_1_914' title='bbox 361 4957 539 5000; x_wconf 86' lang='lat' dir='ltr'><strong>uxore</strong></span> <span class='ocrx_word' id='word_1_915' title='bbox 558 4950 615 4999; x_wconf 92' lang='lat' dir='ltr'><strong>et</strong></span> <span class='ocrx_word' id='word_1_916' title='bbox 634 4942 779 4998; x_wconf 92' lang='lat' dir='ltr'><strong>ﬁliis</strong></span> <span class='ocrx_word' id='word_1_917' title='bbox 805 4943 1103 4999; x_wconf 91' lang='lat' dir='ltr'><strong>contendit</strong></span> <span class='ocrx_word' id='word_1_918' title='bbox 1130 4945 1198 5000; x_wconf 92' lang='lat' dir='ltr'><strong>ad</strong></span> <span class='ocrx_word' id='word_1_919' title='bbox 1223 4955 1383 4999; x_wconf 70' lang='lat' dir='ltr'><strong>sacra</strong></span> <span class='ocrx_word' id='word_1_920' title='bbox 1406 4944 1628 5011; x_wconf 83' lang='lat' dir='ltr'><strong>limina,</strong></span> <span class='ocrx_word' id='word_1_921' title='bbox 1663 4946 1796 5001; x_wconf 93' lang='lat' dir='ltr'><strong>inde</strong></span> <span class='ocrx_word' id='word_1_922' title='bbox 1819 4946 2003 5001; x_wconf 88' lang='lat' dir='ltr'><strong>Cassi-</strong></span> 
     </span>
    </p>
   </div>
   <div class='ocr_carea' id='block_1_128' title="bbox 366 5014 2003 5085">
    <p class='ocr_par' dir='ltr' id='par_1_128' title="bbox 366 5014 2003 5085">
     <span class='ocr_line' id='line_1_131' title="bbox 366 5014 2003 5085; baseline 0.002 -16"><span class='ocrx_word' id='word_1_923' title='bbox 366 5029 502 5071; x_wconf 91' lang='lat' dir='ltr'><strong>num</strong></span> <span class='ocrx_word' id='word_1_924' title='bbox 534 5020 729 5083; x_wconf 88' lang='lat' dir='ltr'><strong>petens</strong></span> <span class='ocrx_word' id='word_1_925' title='bbox 750 5014 1089 5085; x_wconf 87' lang='lat' dir='ltr'><strong>monachum</strong></span> <span class='ocrx_word' id='word_1_926' title='bbox 1118 5016 1330 5071; x_wconf 91' lang='lat' dir='ltr'><strong>induit.</strong></span> <span class='ocrx_word' id='word_1_927' title='bbox 1356 5016 1724 5085; x_wconf 82' lang='lat' dir='ltr'><strong>Aistulphus,</strong></span> <span class='ocrx_word' id='word_1_928' title='bbox 1750 5016 2003 5072; x_wconf 79' lang='lat' dir='ltr'><strong>fraterno</strong></span> 
     </span>
    </p>
   </div>
   <div class='ocr_carea' id='block_1_129' title="bbox 364 5084 2006 5155">
    <p class='ocr_par' dir='ltr' id='par_1_129' title="bbox 364 5084 2006 5155">
     <span class='ocr_line' id='line_1_132' title="bbox 364 5084 2006 5155; baseline 0.001 -14"><span class='ocrx_word' id='word_1_929' title='bbox 364 5087 584 5154; x_wconf 88' lang='lat' dir='ltr'><strong>potitus</strong></span> <span class='ocrx_word' id='word_1_930' title='bbox 612 5092 855 5154; x_wconf 88' lang='lat' dir='ltr'><strong>sceptro,</strong></span> <span class='ocrx_word' id='word_1_931' title='bbox 874 5084 911 5139; x_wconf 92' lang='lat' dir='ltr'><strong>S</strong></span> <span class='ocrx_word' id='word_1_932' title='bbox 966 5086 1221 5153; x_wconf 89' lang='lat' dir='ltr'><strong>pontiﬁci</strong></span> <span class='ocrx_word' id='word_1_933' title='bbox 1253 5087 1538 5155; x_wconf 83' lang='lat' dir='ltr'><strong>Stephano</strong></span> <span class='ocrx_word' id='word_1_934' title='bbox 1563 5101 1784 5155; x_wconf 90' lang='lat' dir='ltr'><strong>semper</strong></span> <span class='ocrx_word' id='word_1_935' title='bbox 1808 5085 2006 5143; x_wconf 87' lang='lat' dir='ltr'><strong>infen-</strong></span> 
     </span>
    </p>
   </div>
   <div class='ocr_carea' id='block_1_130' title="bbox 364 5156 2006 5226">
    <p class='ocr_par' dir='ltr' id='par_1_130' title="bbox 364 5156 2006 5226">
     <span class='ocr_line' id='line_1_133' title="bbox 364 5156 2006 5226; baseline 0.003 -17"><span class='ocrx_word' id='word_1_936' title='bbox 364 5171 486 5225; x_wconf 89' lang='lat' dir='ltr'><strong>sus,</strong></span> <span class='ocrx_word' id='word_1_937' title='bbox 528 5156 835 5226; x_wconf 81' lang='lat' dir='ltr'><strong>Pippinum</strong></span> <span class='ocrx_word' id='word_1_938' title='bbox 881 5156 1227 5213; x_wconf 90' lang='lat' dir='ltr'><strong>Francorum</strong></span> <span class='ocrx_word' id='word_1_939' title='bbox 1274 5170 1458 5226; x_wconf 84' lang='lat' dir='ltr'><strong>regem</strong></span> <span class='ocrx_word' id='word_1_940' title='bbox 1506 5172 1605 5225; x_wconf 90' lang='lat' dir='ltr'><strong>pro</strong></span> <span class='ocrx_word' id='word_1_941' title='bbox 1654 5165 1848 5214; x_wconf 87' lang='lat' dir='ltr'><strong>sancta</strong></span> <span class='ocrx_word' id='word_1_942' title='bbox 1874 5161 2006 5214; x_wconf 90' lang='lat' dir='ltr'><strong>sede</strong></span> 
     </span>
    </p>
   </div>
   <div class='ocr_carea' id='block_1_131' title="bbox 368 5224 2009 5307">
    <p class='ocr_par' dir='ltr' id='par_1_131' title="bbox 368 5224 2009 5307">
     <span class='ocr_line' id='line_1_134' title="bbox 368 5224 2009 5307; baseline 0.002 -26"><span class='ocrx_word' id='word_1_943' title='bbox 368 5224 725 5307; x_wconf 77' lang='lat' dir='ltr'><strong>pugnantem</strong></span> <span class='ocrx_word' id='word_1_944' title='bbox 746 5224 947 5307; x_wconf 79' lang='lat' dir='ltr'><strong>habuit</strong></span> <span class='ocrx_word' id='word_1_945' title='bbox 973 5226 1213 5307; x_wconf 83' lang='lat' dir='ltr'><strong>hostem,</strong></span> <span class='ocrx_word' id='word_1_946' title='bbox 1241 5224 1410 5307; x_wconf 76' lang='lat' dir='ltr'><strong>cujus</strong></span> <span class='ocrx_word' id='word_1_947' title='bbox 1448 5224 1715 5307; x_wconf 73' lang='lat' dir='ltr'><strong>virtutem</strong></span> <span class='ocrx_word' id='word_1_948' title='bbox 1750 5230 1921 5307; x_wconf 83' lang='lat' dir='ltr'><strong>semel</strong></span> <span class='ocrx_word' id='word_1_949' title='bbox 1951 5238 2009 5284; x_wconf 92' lang='lat' dir='ltr'><strong>et</strong></span> 
     </span>
    </p>
   </div>
   <div class='ocr_carea' id='block_1_132' title="bbox 367 5295 2003 5368">
    <p class='ocr_par' dir='ltr' id='par_1_132' title="bbox 367 5295 2003 5368">
     <span class='ocr_line' id='line_1_135' title="bbox 367 5295 2003 5368; baseline 0.004 -19"><span class='ocrx_word' id='word_1_950' title='bbox 367 5295 572 5353; x_wconf 89' lang='lat' dir='ltr'><strong>iterum</strong></span> <span class='ocrx_word' id='word_1_951' title='bbox 609 5295 974 5368; x_wconf 66' lang='lat' dir='ltr'><strong>periclitatus</strong></span> <span class='ocrx_word' id='word_1_952' title='bbox 1011 5298 1275 5351; x_wconf 89' lang='lat' dir='ltr'><strong>cominus</strong></span> <span class='ocrx_word' id='word_1_953' title='bbox 1301 5299 1519 5363; x_wconf 90' lang='lat' dir='ltr'><strong>timuit,</strong></span> <span class='ocrx_word' id='word_1_954' title='bbox 1546 5299 2003 5368; x_wconf 80' lang='lat' dir='ltr'><strong>elusiteminus;</strong></span> 
     </span>
    </p>
   </div>
   <div class='ocr_carea' id='block_1_133' title="bbox 364 5365 2004 5435">
    <p class='ocr_par' dir='ltr' id='par_1_133' title="bbox 364 5365 2004 5435">
     <span class='ocr_line' id='line_1_136' title="bbox 364 5365 2004 5435; baseline 0.003 -15"><span class='ocrx_word' id='word_1_955' title='bbox 364 5374 424 5420; x_wconf 88' lang='lat' dir='ltr'><strong>at</strong></span> <span class='ocrx_word' id='word_1_956' title='bbox 470 5365 696 5422; x_wconf 87' lang='lat' dir='ltr'><strong>demum</strong></span> <span class='ocrx_word' id='word_1_957' title='bbox 742 5365 1080 5435; x_wconf 76' lang='lat' dir='ltr'><strong>fmdifragus</strong></span> <span class='ocrx_word' id='word_1_958' title='bbox 1110 5370 1220 5423; x_wconf 92' lang='lat' dir='ltr'><strong>Deo</strong></span> <span class='ocrx_word' id='word_1_959' title='bbox 1272 5369 1456 5424; x_wconf 92' lang='lat' dir='ltr'><strong>ultore</strong></span> <span class='ocrx_word' id='word_1_960' title='bbox 1504 5371 1651 5425; x_wconf 86' lang='lat' dir='ltr'><strong>inter</strong></span> <span class='ocrx_word' id='word_1_961' title='bbox 1686 5365 2004 5425; x_wconf 83' lang='lat' dir='ltr'><strong>venandum</strong></span> 
     </span>
    </p>
   </div>
   <div class='ocr_carea' id='block_1_134' title="bbox 366 5438 2005 5507">
    <p class='ocr_par' dir='ltr' id='par_1_134' title="bbox 366 5438 2005 5507">
     <span class='ocr_line' id='line_1_137' title="bbox 366 5438 2005 5507; baseline 0.004 -17"><span class='ocrx_word' id='word_1_962' title='bbox 366 5438 614 5504; x_wconf 90' lang='lat' dir='ltr'><strong>interiit,</strong></span> <span class='ocrx_word' id='word_1_963' title='bbox 640 5446 937 5507; x_wconf 87' lang='lat' dir='ltr'><strong>postquam</strong></span> <span class='ocrx_word' id='word_1_964' title='bbox 955 5438 1102 5492; x_wconf 86' lang='lat' dir='ltr'><strong>vidit</strong></span> <span class='ocrx_word' id='word_1_965' title='bbox 1123 5438 1465 5506; x_wconf 87' lang='lat' dir='ltr'><strong>Pippiniana</strong></span> <span class='ocrx_word' id='word_1_966' title='bbox 1491 5442 1798 5496; x_wconf 74' lang='lat' dir='ltr'><strong>donatione</strong></span> <span class='ocrx_word' id='word_1_967' title='bbox 1828 5442 2005 5496; x_wconf 79' lang='lat' dir='ltr'><strong>Eccle-</strong></span> 
     </span>
    </p>
   </div>
   <div class='ocr_carea' id='block_1_135' title="bbox 365 5508 2005 5579">
    <p class='ocr_par' dir='ltr' id='par_1_135' title="bbox 365 5508 2005 5579">
     <span class='ocr_line' id='line_1_138' title="bbox 365 5508 2005 5579; baseline 0.003 -18"><span class='ocrx_word' id='word_1_968' title='bbox 365 5509 468 5579; x_wconf 68' lang='lat' dir='ltr'><strong>sia:</strong></span> <span class='ocrx_word' id='word_1_969' title='bbox 485 5508 759 5564; x_wconf 88' lang='lat' dir='ltr'><strong>ditionem</strong></span> <span class='ocrx_word' id='word_1_970' title='bbox 789 5508 1129 5579; x_wconf 83' lang='lat' dir='ltr'><strong>Exarchatu,</strong></span> <span class='ocrx_word' id='word_1_971' title='bbox 1154 5510 1448 5577; x_wconf 88' lang='lat' dir='ltr'><strong>Pentapoli</strong></span> <span class='ocrx_word' id='word_1_972' title='bbox 1473 5511 1776 5566; x_wconf 69' lang='lat' dir='ltr'><strong>etEmilia</strong></span> <span class='ocrx_word' id='word_1_973' title='bbox 1806 5511 2005 5579; x_wconf 86' lang='lat' dir='ltr'><strong>ampli-</strong></span> 
     </span>
    </p>
   </div>
   <div class='ocr_carea' id='block_1_136' title="bbox 365 5578 1999 5651">
    <p class='ocr_par' dir='ltr' id='par_1_136' title="bbox 365 5578 1999 5651">
     <span class='ocr_line' id='line_1_139' title="bbox 365 5578 1999 5651; baseline 0.003 -19"><span class='ocrx_word' id='word_1_974' title='bbox 365 5578 609 5651; x_wconf 75' lang='lat' dir='ltr'><strong>ﬁcatam.</strong></span> <span class='ocrx_word' id='word_1_975' title='bbox 631 5578 939 5651; x_wconf 80' lang='lat' dir='ltr'><strong>Aistulpbo</strong></span> <span class='ocrx_word' id='word_1_976' title='bbox 972 5580 1229 5633; x_wconf 86' lang='lat' dir='ltr'><strong>succedit</strong></span> <span class='ocrx_word' id='word_1_977' title='bbox 1247 5581 1597 5651; x_wconf 79' lang='lat' dir='ltr'><strong>Desiderius,</strong></span> <span class='ocrx_word' id='word_1_978' title='bbox 1625 5586 1741 5637; x_wconf 81' lang='lat' dir='ltr'><strong>dux</strong></span> <span class='ocrx_word' id='word_1_979' title='bbox 1761 5584 1999 5651; x_wconf 62' lang='lat' dir='ltr'><strong>Tuscus,</strong></span> 
     </span>
    </p>
   </div>
   <div class='ocr_carea' id='block_1_137' title="bbox 364 5647 2001 5724">
    <p class='ocr_par' dir='ltr' id='par_1_137' title="bbox 364 5647 2001 5724">
     <span class='ocr_line' id='line_1_140' title="bbox 364 5647 2001 5724; baseline 0.004 -21"><span class='ocrx_word' id='word_1_980' title='bbox 364 5647 702 5724; x_wconf 76' lang='lat' dir='ltr'><strong>Opitulante</strong></span> <span class='ocrx_word' id='word_1_981' title='bbox 729 5650 1016 5724; x_wconf 86' lang='lat' dir='ltr'><strong>pontiﬁce,</strong></span> <span class='ocrx_word' id='word_1_982' title='bbox 1050 5648 1439 5724; x_wconf 83' lang='lat' dir='ltr'><strong>Langobardis</strong></span> <span class='ocrx_word' id='word_1_983' title='bbox 1464 5652 1712 5724; x_wconf 80' lang='lat' dir='ltr'><strong>invitis;</strong></span> <span class='ocrx_word' id='word_1_984' title='bbox 1738 5655 1838 5724; x_wconf 86' lang='lat' dir='ltr'><strong>qui</strong></span> <span class='ocrx_word' id='word_1_985' title='bbox 1870 5647 2001 5710; x_wconf 77' lang='lat' dir='ltr'><strong>cuin</strong></span> 
     </span>
    </p>
   </div>
   <div class='ocr_carea' id='block_1_138' title="bbox 364 5719 1996 5788">
    <p class='ocr_par' dir='ltr' id='par_1_138' title="bbox 364 5719 1996 5788">
     <span class='ocr_line' id='line_1_141' title="bbox 364 5719 1996 5788; baseline 0.004 -15"><span class='ocrx_word' id='word_1_986' title='bbox 364 5720 553 5788; x_wconf 91' lang='lat' dir='ltr'><strong>primo</strong></span> <span class='ocrx_word' id='word_1_987' title='bbox 580 5720 740 5774; x_wconf 88' lang='lat' dir='ltr'><strong>mitis</strong></span> <span class='ocrx_word' id='word_1_988' title='bbox 767 5720 825 5774; x_wconf 91' lang='lat' dir='ltr'><strong>in</strong></span> <span class='ocrx_word' id='word_1_989' title='bbox 857 5726 1109 5775; x_wconf 88' lang='lat' dir='ltr'><strong>sanctam</strong></span> <span class='ocrx_word' id='word_1_990' title='bbox 1143 5719 1353 5786; x_wconf 83' lang='lat' dir='ltr'><strong>sedem,</strong></span> <span class='ocrx_word' id='word_1_991' title='bbox 1386 5721 1593 5777; x_wconf 86' lang='lat' dir='ltr'><strong>deinde</strong></span> <span class='ocrx_word' id='word_1_992' title='bbox 1625 5719 1873 5778; x_wconf 83' lang='lat' dir='ltr'><strong>maxima</strong></span> <span class='ocrx_word' id='word_1_993' title='bbox 1906 5725 1996 5780; x_wconf 91' lang='lat' dir='ltr'><strong>illi</strong></span> 
     </span>
    </p>
   </div>
   <div class='ocr_carea' id='block_1_139' title="bbox 360 5788 1997 5867">
    <p class='ocr_par' dir='ltr' id='par_1_139' title="bbox 360 5788 1997 5867">
     <span class='ocr_line' id='line_1_142' title="bbox 360 5788 1997 5867; baseline 0.004 -22"><span class='ocrx_word' id='word_1_994' title='bbox 360 5789 705 5846; x_wconf 87' lang='lat' dir='ltr'><strong>detrimenta</strong></span> <span class='ocrx_word' id='word_1_995' title='bbox 752 5788 965 5845; x_wconf 88' lang='lat' dir='ltr'><strong>inferre</strong></span> <span class='ocrx_word' id='word_1_996' title='bbox 1019 5803 1198 5847; x_wconf 89' lang='lat' dir='ltr'><strong>ausus</strong></span> <span class='ocrx_word' id='word_1_997' title='bbox 1240 5798 1407 5860; x_wconf 89' lang='lat' dir='ltr'><strong>esset,</strong></span> <span class='ocrx_word' id='word_1_998' title='bbox 1467 5804 1499 5846; x_wconf 91' lang='lat' dir='ltr'><strong>a</strong></span> <span class='ocrx_word' id='word_1_999' title='bbox 1543 5791 1746 5848; x_wconf 89' lang='lat' dir='ltr'><strong>Carolo</strong></span> <span class='ocrx_word' id='word_1_1000' title='bbox 1792 5795 1997 5867; x_wconf 78' lang='lat' dir='ltr'><strong>Magno</strong></span> 
     </span>
    </p>
   </div>
   <div class='ocr_carea' id='block_1_140' title="bbox 2111 4655 3775 4730">
    <p class='ocr_par' dir='ltr' id='par_1_140' title="bbox 2111 4655 3775 4730">
     <span class='ocr_line' id='line_1_143' title="bbox 2111 4655 3775 4730; baseline -0.004 -16"><span class='ocrx_word' id='word_1_1001' title='bbox 2111 4661 2252 4728; x_wconf 90' lang='lat' dir='ltr'><strong>sint,</strong></span> <span class='ocrx_word' id='word_1_1002' title='bbox 2284 4660 2355 4714; x_wconf 89' lang='lat' dir='ltr'><strong>ab</strong></span> <span class='ocrx_word' id='word_1_1003' title='bbox 2371 4662 2603 4716; x_wconf 84' lang='lat' dir='ltr'><strong>Herkem</strong></span> <span class='ocrx_word' id='word_1_1004' title='bbox 2615 4668 2770 4730; x_wconf 91' lang='lat' dir='ltr'><strong>perto</strong></span> <span class='ocrx_word' id='word_1_1005' title='bbox 2798 4661 2892 4716; x_wconf 93' lang='lat' dir='ltr'><strong>hic</strong></span> <span class='ocrx_word' id='word_1_1006' title='bbox 2910 4655 3316 4715; x_wconf 86' lang='lat' dir='ltr'><strong>discedendum</strong></span> <span class='ocrx_word' id='word_1_1007' title='bbox 3354 4668 3466 4730; x_wconf 81' lang='lat' dir='ltr'><strong>non</strong></span> <span class='ocrx_word' id='word_1_1008' title='bbox 3489 4655 3775 4730; x_wconf 75' lang='lat' dir='ltr'><strong>arbitror,</strong></span> 
     </span>
    </p>
   </div>
   <div class='ocr_carea' id='block_1_141' title="bbox 2113 4727 3779 4802">
    <p class='ocr_par' dir='ltr' id='par_1_141' title="bbox 2113 4727 3779 4802">
     <span class='ocr_line' id='line_1_144' title="bbox 2113 4727 3779 4802; baseline -0.007 -14"><span class='ocrx_word' id='word_1_1009' title='bbox 2113 4737 2178 4788; x_wconf 92' lang='lat' dir='ltr'><strong>ut</strong></span> <span class='ocrx_word' id='word_1_1010' title='bbox 2197 4727 2483 4787; x_wconf 87' lang='lat' dir='ltr'><strong>Ostiensis</strong></span> <span class='ocrx_word' id='word_1_1011' title='bbox 2512 4727 2839 4802; x_wconf 86' lang='lat' dir='ltr'><strong>opinionem</strong></span> <span class='ocrx_word' id='word_1_1012' title='bbox 2866 4744 3177 4800; x_wconf 90' lang='lat' dir='ltr'><strong>sequamur</strong></span> <span class='ocrx_word' id='word_1_1013' title='bbox 3205 4742 3335 4802; x_wconf 83' lang='lat' dir='ltr'><strong>cum</strong></span> <span class='ocrx_word' id='word_1_1014' title='bbox 3369 4728 3659 4802; x_wconf 83' lang='lat' dir='ltr'><strong>Baronio,_</strong></span> <span class='ocrx_word' id='word_1_1015' title='bbox 3680 4727 3779 4802; x_wconf 78' lang='lat' dir='ltr'><strong>Pa-</strong></span> 
     </span>
    </p>
   </div>
   <div class='ocr_carea' id='block_1_142' title="bbox 2116 4797 3781 4878">
    <p class='ocr_par' dir='ltr' id='par_1_142' title="bbox 2116 4797 3781 4878">
     <span class='ocr_line' id='line_1_145' title="bbox 2116 4797 3781 4878; baseline -0.005 -20"><span class='ocrx_word' id='word_1_1016' title='bbox 2116 4805 2232 4874; x_wconf 84' lang='lat' dir='ltr'><strong>gio.</strong></span> <span class='ocrx_word' id='word_1_1017' title='bbox 2279 4797 2589 4878; x_wconf 62' lang='lat' dir='ltr'><strong>Bacchini&#39;o</strong></span> <span class='ocrx_word' id='word_1_1018' title='bbox 2610 4811 2667 4858; x_wconf 91' lang='lat' dir='ltr'><strong>et</strong></span> <span class='ocrx_word' id='word_1_1019' title='bbox 2693 4802 2833 4857; x_wconf 88' lang='lat' dir='ltr'><strong>aliis</strong></span> <span class='ocrx_word' id='word_1_1020' title='bbox 2861 4797 3132 4878; x_wconf 83' lang='lat' dir='ltr'><strong>eruditis,</strong></span> <span class='ocrx_word' id='word_1_1021' title='bbox 3159 4814 3304 4871; x_wconf 90' lang='lat' dir='ltr'><strong>quos</strong></span> <span class='ocrx_word' id='word_1_1022' title='bbox 3322 4798 3496 4853; x_wconf 91' lang='lat' dir='ltr'><strong>latuit</strong></span> <span class='ocrx_word' id='word_1_1023' title='bbox 3527 4797 3781 4878; x_wconf 72' lang='lat' dir='ltr'><strong>novissi-</strong></span> 
     </span>
    </p>
   </div>
   <div class='ocr_carea' id='block_1_143' title="bbox 2114 4868 3775 4946">
    <p class='ocr_par' dir='ltr' id='par_1_143' title="bbox 2114 4868 3775 4946">
     <span class='ocr_line' id='line_1_146' title="bbox 2114 4868 3775 4946; baseline -0.005 -18"><span class='ocrx_word' id='word_1_1024' title='bbox 2114 4868 2405 4946; x_wconf 9' lang='lat' dir='ltr'><strong>fnumrhoc</strong></span> <span class='ocrx_word' id='word_1_1025' title='bbox 2431 4874 2870 4946; x_wconf 75' lang='lat' dir='ltr'><strong>documentum;</strong></span> <span class='ocrx_word' id='word_1_1026' title='bbox 2904 4880 2968 4927; x_wconf 93' lang='lat' dir='ltr'><strong>ut</strong></span> <span class='ocrx_word' id='word_1_1027' title='bbox 2995 4874 3149 4927; x_wconf 90' lang='lat' dir='ltr'><strong>enim</strong></span> <span class='ocrx_word' id='word_1_1028' title='bbox 3177 4868 3505 4946; x_wconf 77' lang='lat' dir='ltr'><strong>paucorum</strong></span> <span class='ocrx_word' id='word_1_1029' title='bbox 3535 4868 3775 4946; x_wconf 76' lang='lat' dir='ltr'><strong>dierum</strong></span> 
     </span>
    </p>
   </div>
   <div class='ocr_carea' id='block_1_144' title="bbox 2110 4940 3772 5012">
    <p class='ocr_par' dir='ltr' id='par_1_144' title="bbox 2110 4940 3772 5012">
     <span class='ocr_line' id='line_1_147' title="bbox 2110 4940 3772 5012; baseline -0.007 -12"><span class='ocrx_word' id='word_1_1030' title='bbox 2110 4945 2424 5000; x_wconf 90' lang='lat' dir='ltr'><strong>discrimen</strong></span> <span class='ocrx_word' id='word_1_1031' title='bbox 2489 4946 2637 5012; x_wconf 88' lang='lat' dir='ltr'><strong>apud</strong></span> <span class='ocrx_word' id='word_1_1032' title='bbox 2713 4940 3512 5012; x_wconf 47' lang='lat' dir='ltr'><strong>Herkempertum&#39;occurrat,</strong></span> <span class='ocrx_word' id='word_1_1033' title='bbox 3552 4940 3772 5012; x_wconf 71' lang='lat' dir='ltr'><strong>majori</strong></span> 
     </span>
    </p>
   </div>
   <div class='ocr_carea' id='block_1_145' title="bbox 2115 5006 3778 5085">
    <p class='ocr_par' dir='ltr' id='par_1_145' title="bbox 2115 5006 3778 5085">
     <span class='ocr_line' id='line_1_148' title="bbox 2115 5006 3778 5085; baseline -0.005 -15"><span class='ocrx_word' id='word_1_1034' title='bbox 2115 5029 2284 5085; x_wconf 86' lang='lat' dir='ltr'><strong>porro</strong></span> <span class='ocrx_word' id='word_1_1035' title='bbox 2303 5006 2689 5082; x_wconf 80' lang='lat' dir='ltr'><strong>discrepantia</strong></span> <span class='ocrx_word' id='word_1_1036' title='bbox 2709 5014 2781 5068; x_wconf 91' lang='lat' dir='ltr'><strong>ab</strong></span> <span class='ocrx_word' id='word_1_1037' title='bbox 2801 5006 3054 5070; x_wconf 77' lang='lat' dir='ltr'><strong>Ostiensi</strong></span> <span class='ocrx_word' id='word_1_1038' title='bbox 3087 5013 3420 5081; x_wconf 84' lang='lat' dir='ltr'><strong>avertimur,</strong></span> <span class='ocrx_word' id='word_1_1039' title='bbox 3449 5009 3569 5064; x_wconf 88' lang='lat' dir='ltr'><strong>nisi</strong></span> <span class='ocrx_word' id='word_1_1040' title='bbox 3603 5006 3778 5063; x_wconf 82' lang='lat' dir='ltr'><strong>falsis</strong></span> 
     </span>
    </p>
   </div>
   <div class='ocr_carea' id='block_1_146' title="bbox 2112 5085 3083 5142">
    <p class='ocr_par' dir='ltr' id='par_1_146' title="bbox 2112 5085 3083 5142">
     <span class='ocr_line' id='line_1_149' title="bbox 2112 5085 3083 5142; baseline -0.004 -1"><span class='ocrx_word' id='word_1_1041' title='bbox 2112 5087 2361 5142; x_wconf 89' lang='lat' dir='ltr'><strong>niiimur</strong></span> <span class='ocrx_word' id='word_1_1042' title='bbox 2401 5090 2648 5140; x_wconf 89' lang='lat' dir='ltr'><strong>veterum</strong></span> <span class='ocrx_word' id='word_1_1043' title='bbox 2691 5085 3083 5140; x_wconf 90' lang='lat' dir='ltr'><strong>monimentis.</strong></span> 
     </span>
    </p>
   </div>
   <div class='ocr_carea' id='block_1_147' title="bbox 2186 5150 3779 5226">
    <p class='ocr_par' dir='ltr' id='par_1_147' title="bbox 2186 5150 3779 5226">
     <span class='ocr_line' id='line_1_150' title="bbox 2186 5150 3779 5226; baseline -0.005 -15"><span class='ocrx_word' id='word_1_1044' title='bbox 2186 5156 2273 5211; x_wconf 84' lang='lat'><strong>38.</strong></span> <span class='ocrx_word' id='word_1_1045' title='bbox 2308 5158 2426 5211; x_wconf 85' lang='lat' dir='ltr'><strong>Huc</strong></span> <span class='ocrx_word' id='word_1_1046' title='bbox 2445 5156 2666 5210; x_wconf 87' lang='lat' dir='ltr'><strong>accedit</strong></span> <span class='ocrx_word' id='word_1_1047' title='bbox 2696 5156 2845 5226; x_wconf 89' lang='lat' dir='ltr'><strong>quod</strong></span> <span class='ocrx_word' id='word_1_1048' title='bbox 2882 5157 3111 5226; x_wconf 89' lang='lat' dir='ltr'><strong>Pagius,</strong></span> <span class='ocrx_word' id='word_1_1049' title='bbox 3139 5154 3437 5224; x_wconf 85' lang='lat' dir='ltr'><strong>Sigonium</strong></span> <span class='ocrx_word' id='word_1_1050' title='bbox 3468 5156 3527 5226; x_wconf 84' lang='lat' dir='ltr'><strong>et</strong></span> <span class='ocrx_word' id='word_1_1051' title='bbox 3574 5150 3779 5219; x_wconf 81' lang='lat' dir='ltr'><strong>Ange-</strong></span> 
     </span>
    </p>
   </div>
   <div class='ocr_carea' id='block_1_148' title="bbox 2116 5222 3777 5292">
    <p class='ocr_par' dir='ltr' id='par_1_148' title="bbox 2116 5222 3777 5292">
     <span class='ocr_line' id='line_1_151' title="bbox 2116 5222 3777 5292; baseline -0.005 -10"><span class='ocrx_word' id='word_1_1052' title='bbox 2116 5228 2235 5283; x_wconf 90' lang='lat' dir='ltr'><strong>lum</strong></span> <span class='ocrx_word' id='word_1_1053' title='bbox 2262 5228 2332 5281; x_wconf 91' lang='lat' dir='ltr'><strong>de</strong></span> <span class='ocrx_word' id='word_1_1054' title='bbox 2356 5227 2528 5291; x_wconf 89' lang='lat' dir='ltr'><strong>Nuce,</strong></span> <span class='ocrx_word' id='word_1_1055' title='bbox 2562 5222 2827 5287; x_wconf 79' lang='lat' dir='ltr'><strong>eruentes</strong></span> <span class='ocrx_word' id='word_1_1056' title='bbox 2854 5239 2922 5281; x_wconf 89' lang='lat' dir='ltr'><strong>ex</strong></span> <span class='ocrx_word' id='word_1_1057' title='bbox 2952 5222 3317 5281; x_wconf 86' lang='lat' dir='ltr'><strong>documentis</strong></span> <span class='ocrx_word' id='word_1_1058' title='bbox 3342 5222 3489 5292; x_wconf 89' lang='lat' dir='ltr'><strong>quod</strong></span> <span class='ocrx_word' id='word_1_1059' title='bbox 3522 5233 3777 5290; x_wconf 85' lang='lat' dir='ltr'><strong>regnum</strong></span> 
     </span>
    </p>
   </div>
   <div class='ocr_carea' id='block_1_149' title="bbox 2115 5294 3782 5365">
    <p class='ocr_par' dir='ltr' id='par_1_149' title="bbox 2115 5294 3782 5365">
     <span class='ocr_line' id='line_1_152' title="bbox 2115 5294 3782 5365; baseline -0.007 -11"><span class='ocrx_word' id='word_1_1060' title='bbox 2115 5298 2397 5353; x_wconf 80' lang='lat' dir='ltr'><strong>Desiderii</strong></span> <span class='ocrx_word' id='word_1_1061' title='bbox 2441 5298 2616 5365; x_wconf 73' lang='lat' dir='ltr'><strong>coepit</strong></span> <span class='ocrx_word' id='word_1_1062' title='bbox 2643 5309 2793 5352; x_wconf 90' lang='lat' dir='ltr'><strong>anno</strong></span> <span class='ocrx_word' id='word_1_1063' title='bbox 2822 5294 2929 5351; x_wconf 78' lang='grc'>756</span> <span class='ocrx_word' id='word_1_1064' title='bbox 2967 5305 3232 5364; x_wconf 86' lang='lat' dir='ltr'><strong>exeunte,</strong></span> <span class='ocrx_word' id='word_1_1065' title='bbox 3288 5297 3668 5365; x_wconf 78' lang='lat' dir='ltr'><strong>redarguens,</strong></span> <span class='ocrx_word' id='word_1_1066' title='bbox 3701 5298 3782 5365; x_wconf 85' lang='lat' dir='ltr'><strong>_et</strong></span> 
     </span>
    </p>
   </div>
   <div class='ocr_carea' id='block_1_150' title="bbox 2114 5362 3781 5435">
    <p class='ocr_par' dir='ltr' id='par_1_150' title="bbox 2114 5362 3781 5435">
     <span class='ocr_line' id='line_1_153' title="bbox 2114 5362 3781 5435; baseline -0.004 -13"><span class='ocrx_word' id='word_1_1067' title='bbox 2114 5371 2451 5423; x_wconf 86' lang='lat' dir='ltr'><strong>documenta</strong></span> <span class='ocrx_word' id='word_1_1068' title='bbox 2476 5362 2597 5435; x_wconf 79' lang='lat' dir='ltr'><strong>ipsa</strong></span> <span class='ocrx_word' id='word_1_1069' title='bbox 2630 5368 2986 5423; x_wconf 76' lang='lat' dir='ltr'><strong>insimulans</strong></span> <span class='ocrx_word' id='word_1_1070' title='bbox 3024 5362 3229 5421; x_wconf 82' lang='lat' dir='ltr'><strong>vitiati</strong></span> <span class='ocrx_word' id='word_1_1071' title='bbox 3247 5362 3624 5435; x_wconf 78' lang='lat' dir='ltr'><strong>characteris.</strong></span> <span class='ocrx_word' id='word_1_1072' title='bbox 3657 5362 3781 5435; x_wconf 79' lang='lat' dir='ltr'><strong>alia</strong></span> 
     </span>
    </p>
   </div>
   <div class='ocr_carea' id='block_1_151' title="bbox 2116 5433 3779 5505">
    <p class='ocr_par' dir='ltr' id='par_1_151' title="bbox 2116 5433 3779 5505">
     <span class='ocr_line' id='line_1_154' title="bbox 2116 5433 3779 5505; baseline -0.005 -11"><span class='ocrx_word' id='word_1_1073' title='bbox 2116 5441 2387 5494; x_wconf 85' lang='lat' dir='ltr'><strong>adversus</strong></span> <span class='ocrx_word' id='word_1_1074' title='bbox 2405 5433 2858 5493; x_wconf 41' lang='lat' dir='ltr'><strong>eos—auctoritate</strong></span> <span class='ocrx_word' id='word_1_1075' title='bbox 2888 5451 2995 5494; x_wconf 92' lang='lat' dir='ltr'><strong>non</strong></span> <span class='ocrx_word' id='word_1_1076' title='bbox 3028 5438 3238 5498; x_wconf 89' lang='lat' dir='ltr'><strong>utitur,</strong></span> <span class='ocrx_word' id='word_1_1077' title='bbox 3261 5443 3460 5505; x_wconf 70' lang='lat' dir='ltr'><strong>praeter</strong></span> <span class='ocrx_word' id='word_1_1078' title='bbox 3490 5433 3779 5501; x_wconf 85' lang='lat' dir='ltr'><strong>Stephani</strong></span> 
     </span>
    </p>
   </div>
   <div class='ocr_carea' id='block_1_152' title="bbox 2114 5506 3779 5579">
    <p class='ocr_par' dir='ltr' id='par_1_152' title="bbox 2114 5506 3779 5579">
     <span class='ocr_line' id='line_1_155' title="bbox 2114 5506 3779 5579; baseline -0.005 -15"><span class='ocrx_word' id='word_1_1079' title='bbox 2114 5513 2181 5579; x_wconf 91' lang='lat' dir='ltr'><strong>II,</strong></span> <span class='ocrx_word' id='word_1_1080' title='bbox 2211 5510 2287 5564; x_wconf 93' lang='lat' dir='ltr'><strong>al.</strong></span> <span class='ocrx_word' id='word_1_1081' title='bbox 2314 5512 2403 5576; x_wconf 86' lang='lat' dir='ltr'><strong>III,</strong></span> <span class='ocrx_word' id='word_1_1082' title='bbox 2430 5510 2729 5579; x_wconf 82' lang='lat' dir='ltr'><strong>epistolam</strong></span> <span class='ocrx_word' id='word_1_1083' title='bbox 2774 5510 2911 5578; x_wconf 83' lang='lat' dir='ltr'><strong>(cod.</strong></span> <span class='ocrx_word' id='word_1_1084' title='bbox 2953 5510 3102 5579; x_wconf 84' lang='lat' dir='ltr'><strong>Car.)</strong></span> <span class='ocrx_word' id='word_1_1085' title='bbox 3158 5510 3232 5562; x_wconf 66' lang='lat' dir='ltr'><strong>ita</strong></span> <span class='ocrx_word' id='word_1_1086' title='bbox 3274 5508 3613 5559; x_wconf 82' lang='lat' dir='ltr'><strong>habentem:</strong></span> <span class='ocrx_word' id='word_1_1087' title='bbox 3650 5526 3676 5579; x_wconf 54' lang='lat' dir='ltr'><strong>gr</strong></span> <span class='ocrx_word' id='word_1_1088' title='bbox 3717 5506 3779 5556; x_wconf 86' lang='lat' dir='ltr'><strong>In</strong></span> 
     </span>
    </p>
   </div>
   <div class='ocr_carea' id='block_1_153' title="bbox 2115 5575 3778 5650">
    <p class='ocr_par' dir='ltr' id='par_1_153' title="bbox 2115 5575 3778 5650">
     <span class='ocr_line' id='line_1_156' title="bbox 2115 5575 3778 5650; baseline -0.005 -15"><span class='ocrx_word' id='word_1_1089' title='bbox 2115 5575 2261 5650; x_wconf 78' lang='lat' dir='ltr'><strong>ipsis</strong></span> <span class='ocrx_word' id='word_1_1090' title='bbox 2277 5575 2489 5650; x_wconf 83' lang='lat' dir='ltr'><strong>quippe</strong></span> <span class='ocrx_word' id='word_1_1091' title='bbox 2504 5581 2709 5636; x_wconf 82' lang='lat' dir='ltr'><strong>diebus</strong></span> <span class='ocrx_word' id='word_1_1092' title='bbox 2727 5575 2941 5649; x_wconf 80' lang='lat' dir='ltr'><strong>quibus</strong></span> <span class='ocrx_word' id='word_1_1093' title='bbox 2966 5581 3032 5633; x_wconf 82' lang='lat' dir='ltr'><strong>ad</strong></span> <span class='ocrx_word' id='word_1_1094' title='bbox 3067 5575 3211 5632; x_wconf 62' lang='lat' dir='ltr'><strong>hinc</strong></span> <span class='ocrx_word' id='word_1_1095' title='bbox 3236 5579 3545 5650; x_wconf 85' lang='lat' dir='ltr'><strong>Romanam</strong></span> <span class='ocrx_word' id='word_1_1096' title='bbox 3570 5575 3778 5650; x_wconf 77' lang='lat' dir='ltr'><strong>urbem</strong></span> 
     </span>
    </p>
   </div>
   <div class='ocr_carea' id='block_1_154' title="bbox 2110 5644 3779 5720">
    <p class='ocr_par' dir='ltr' id='par_1_154' title="bbox 2110 5644 3779 5720">
     <span class='ocr_line' id='line_1_157' title="bbox 2110 5644 3779 5720; baseline -0.006 -13"><span class='ocrx_word' id='word_1_1097' title='bbox 2110 5644 2510 5707; x_wconf 61' lang='lat' dir='ltr'><strong>devnst&#39;andam</strong></span> <span class='ocrx_word' id='word_1_1098' title='bbox 2565 5644 2850 5720; x_wconf 82' lang='lat' dir='ltr'><strong>profectus</strong></span> <span class='ocrx_word' id='word_1_1099' title='bbox 2876 5656 2961 5705; x_wconf 86' lang='lat' dir='ltr'><strong>est</strong></span> <span class='ocrx_word' id='word_1_1100' title='bbox 3002 5648 3371 5717; x_wconf 64' lang='lat' dir='ltr'><strong>(Aistulp/tus)</strong></span> <span class='ocrx_word' id='word_1_1101' title='bbox 3412 5653 3539 5713; x_wconf 88' lang='lat' dir='ltr'><strong>post</strong></span> <span class='ocrx_word' id='word_1_1102' title='bbox 3586 5644 3779 5720; x_wconf 85' lang='lat' dir='ltr'><strong>annui</strong></span> 
     </span>
    </p>
   </div>
   <div class='ocr_carea' id='block_1_155' title="bbox 2110 5718 3776 5791">
    <p class='ocr_par' dir='ltr' id='par_1_155' title="bbox 2110 5718 3776 5791">
     <span class='ocr_line' id='line_1_158' title="bbox 2110 5718 3776 5791; baseline -0.007 -14"><span class='ocrx_word' id='word_1_1103' title='bbox 2110 5722 2282 5791; x_wconf 90' lang='lat' dir='ltr'><strong>spatii</strong></span> <span class='ocrx_word' id='word_1_1104' title='bbox 2307 5718 2591 5791; x_wconf 84' lang='lat' dir='ltr'><strong>circulum</strong></span> <span class='ocrx_word' id='word_1_1105' title='bbox 2648 5722 2729 5776; x_wconf 88' lang='lat' dir='ltr'><strong>ita</strong></span> <span class='ocrx_word' id='word_1_1106' title='bbox 2753 5722 2954 5777; x_wconf 88' lang='lat' dir='ltr'><strong>divino</strong></span> <span class='ocrx_word' id='word_1_1107' title='bbox 2985 5732 3257 5791; x_wconf 86' lang='lat' dir='ltr'><strong>mucrone</strong></span> <span class='ocrx_word' id='word_1_1108' title='bbox 3305 5729 3616 5787; x_wconf 88' lang='lat' dir='ltr'><strong>percussus</strong></span> <span class='ocrx_word' id='word_1_1109' title='bbox 3661 5718 3776 5777; x_wconf 85' lang='lat' dir='ltr'><strong>est,</strong></span> 
     </span>
    </p>
   </div>
   <div class='ocr_carea' id='block_1_156' title="bbox 2120 5790 3777 5863">
    <p class='ocr_par' dir='ltr' id='par_1_156' title="bbox 2120 5790 3777 5863">
     <span class='ocr_line' id='line_1_159' title="bbox 2120 5790 3777 5863; baseline -0.007 -15"><span class='ocrx_word' id='word_1_1110' title='bbox 2120 5790 2183 5848; x_wconf 76' lang='lat' dir='ltr'><strong>ut</strong></span> <span class='ocrx_word' id='word_1_1111' title='bbox 2206 5790 2456 5861; x_wconf 89' lang='lat' dir='ltr'><strong>profecto</strong></span> <span class='ocrx_word' id='word_1_1112' title='bbox 2500 5792 2561 5847; x_wconf 90' lang='lat' dir='ltr'><strong>in</strong></span> <span class='ocrx_word' id='word_1_1113' title='bbox 2589 5804 2655 5848; x_wconf 88' lang='lat' dir='ltr'><strong>eo</strong></span> <span class='ocrx_word' id='word_1_1114' title='bbox 2686 5798 2938 5863; x_wconf 86' lang='lat' dir='ltr'><strong>tempore</strong></span> <span class='ocrx_word' id='word_1_1115' title='bbox 2969 5804 3083 5858; x_wconf 89' lang='lat' dir='ltr'><strong>quo</strong></span> <span class='ocrx_word' id='word_1_1116' title='bbox 3114 5790 3282 5845; x_wconf 87' lang='lat' dir='ltr'><strong>ﬁdem</strong></span> <span class='ocrx_word' id='word_1_1117' title='bbox 3327 5799 3491 5843; x_wconf 85' lang='lat' dir='ltr'><strong>suam</strong></span> <span class='ocrx_word' id='word_1_1118' title='bbox 3534 5791 3777 5841; x_wconf 84' lang='lat' dir='ltr'><strong>tentans</strong></span> 
     </span>
    </p>
   </div>
  </div>
