3968 6164
372 255 482 315 827

1169 258 1265 315 AD
1302 257 1739 315 ANASTASIUM
1776 252 2298 313 PROLEGOMENA
2333 252 2513 310 EDIT.
2554 250 2986 310 ROM.—VATIC.

3682 250 3795 312 828

368 381 602 452 tychius
632 382 694 439 in
720 382 1000 438 Graeciam
1023 382 1193 445 abiit,
1221 382 1505 454 ﬁnemque
1532 383 1735 440 attulit
1762 382 2031 440 exarcha-
2050 380 2109 441 A
2137 385 2221 436 tas
2268 381 2456 436 taliter
2510 380 2852 450 disponenda
2902 384 3000 454 est,
3054 381 3325 449 quatenus
3355 380 3475 454 illa
3533 396 3642 437 non
3695 384 3797 437 uili

369 454 479 525 tui,
504 468 631 525 cum
660 467 847 509 annus
867 459 1019 509 esset
1044 468 1169 509 ara
1192 456 1558 525 Dionysiana
1581 454 1707 521 751,
1741 455 2027 510 Zachariae

372 522 460 593 40,
505 524 871 595 Constantini
919 526 1160 595 Copron.
1203 524 1291 581 32.
1329 522 1380 581 Ρ.
1425 527 1481 581 C.
1527 528 1652 595 ejus
1695 525 1780 595 40,
1813 525 2027 582 Aistul-

373 596 472 666 phi
505 594 557 651 3.
590 598 785 668 Itaque
813 594 1158 652 exarchatus
1184 598 1362 652 Italiae
1393 612 1493 653 seu
1525 594 1823 668 Ravenna,
1857 597 2026 668 cujus

374 664 1173 739 primordia'constituicum
1211 671 1448 739 Longini
1494 683 1642 725 anno
1685 664 1868 739 primo
1897 664 2026 736 567,

372 735 536 795 stetit
560 741 729 793 annis
750 739 984 793 circiter
1009 735 1127 805 484,
1156 735 1472 810 habuitque
1491 735 1770 796 exarchos
1790 735 2027 796 omnino

372 810 461 879 20,
492 811 870 881 επιξιῖδςάῇρῐ
896 807 1169 881 Galliopae'
1192 807 1437 881 repetita
1467 812 1753 881 dignitate
1782 811 2022 881 (AnasL,

375 878 533 938 num.
583 878 713 951 483,
753 878 871 947 185,
932 878 1421 949 486,187,194,
1470 880 1595 939 243.
1665 878 2028 939 Recentiores

376 954 610 1025 passim,
648 965 876 1025 praeque
910 952 984 1009 iis
1016 954 1217 1025 Bened.
1246 954 1513 1009 Bacchin.
1546 957 1604 1008 in
1632 954 1900 1023 Agnell.).

445 1023 532 1079 40.
565 1024 789 1095 Epoche
822 1024 933 1078 ista
962 1024 1154 1081 exitus
1188 1026 1586 1093 exarchorum,
1621 1040 1736 1095 quo
1776 1032 2027 1095 tempore

373 1096 538 1154 Italia
581 1093 701 1149 fere
745 1095 935 1149 omnis
972 1095 1043 1149 ab
1077 1097 1278 1163 impiis
1323 1093 1770 1166 imperatoribus
1809 1094 2028 1154 Graecis

372 1166 675 1235 defecerat,
711 1172 860 1221 recte
889 1180 1019 1221 cum
1046 1168 1364 1222 Gracanici
1395 1169 1625 1237 imperii
1656 1168 1836 1223 exitio
1860 1179 2030 1235 copuo

375 1238 593 1294 labitur
624 1255 639 1297 :
675 1238 938 1307 quamvis
978 1238 1132 1293 enim
1163 1244 1379 1293 tantata
1416 1253 1528 1294 non
1574 1240 1747 1295 semel
1772 1238 2029 1307 ejusdem

376 1310 724 1365 instauratio
764 1314 870 1377 est,
921 1309 1213 1365 divinitus
1244 1315 1433 1365 tamen
1480 1309 1693 1367 factum
1742 1317 1804 1365 ut
1834 1308 2030 1365 omnia

377 1379 766 1450 nequidquam
790 1379 1036 1433 Caesares
1059 1380 1416 1436 molirentur.
1442 1382 1796 1437 Exarchatus
1811 1393 1943 1435 vero
1960 1378 2029 1434 ad

376 1457 586 1508 sancta
616 1450 770 1505 sedis
794 1450 1075 1505 ditionem
1114 1451 1576 1519 ampliﬁcandam
1625 1465 1720 1520 per
1750 1456 1836 1507 tot
1858 1463 2031 1506 anno-

378 1536 505 1578 rum
531 1521 735 1576 seriem
768 1521 1099 1575 vindicatus
1125 1522 1340 1577 Graecis
1363 1522 1589 1577 viribus
1618 1523 1892 1578 adversus
1918 1520 2030 1577 bel-

377 1594 761 1650 licosissimos
812 1593 1229 1661 Langobardos,
1292 1594 1519 1648 tandem
1574 1595 1730 1649 venit
1778 1594 1845 1649 ad
1900 1606 2030 1648 mo—

379 1669 631 1720 mentum
663 1665 720 1718 in
757 1664 959 1718 horum
1003 1676 1227 1719 manus.
1259 1665 1332 1718 At
1372 1666 1690 1732 postmodo.
1718 1678 1751 1719 a
1776 1667 2031 1721 Franco—

378 1750 505 1793 rum
528 1749 656 1805 rege
680 1735 923 1807 Pippino
942 1736 1397 1807 usurpatoribus
1419 1736 1760 1807 profligatis,
1784 1748 2030 1792 conces—
2058 1743 2111 1804 Β
2137 1738 2418 1804 scriptum,
2474 1735 2571 1787 ubi
2629 1735 2816 1787 taliter
2881 1735 3227 1807 contineatur
3285 1737 3555 1803 scriptum

2126 468 2399 523 persona,
2432 469 2527 506 nec
2552 455 2725 506 alicui
2754 452 3079 506 concedatur
3101 454 3304 523 ignoto.
3342 451 3426 506 Sit
3455 455 3599 506 enim
3629 455 3794 508 ualde

2135 529 2295 578 notus
2333 526 2674 592 imperatori,
2725 526 2796 577 sit
2841 523 3020 592 ﬁdelis
3062 527 3112 576 et
3139 522 3404 591 prudens,
3451 539 3561 577 non
3589 525 3788 581 elatus.

2134 596 2615 664 Protospatharius
2657 596 2875 649 veniens
2930 598 3056 648 ante
3102 595 3479 662 imperatorem
3526 597 3797 651 osmsletur

2136 682 2295 721 suum
2351 667 2654 728 humerum,
2712 670 2762 719 et
2832 665 2980 719 dicat
3021 684 3038 719 :
3084 666 3324 719 Maxime
3378 668 3792 735 imperatorum,

2135 739 2290 792 adest
2318 753 2474 807 quem
2493 740 2718 791 vocasti.
2755 739 2903 791 Tunc
2922 741 3025 789 stet
3043 735 3118 789 ad
3141 738 3427 790 sinistram
3447 741 3794 807 imperatoris

2134 810 2288 863 illius
2308 808 2641 877 hyparchus,
2664 823 2821 877 quem
2844 822 2941 861 nos
2961 808 3193 860 dicimus
3212 809 3547 874 praefectum,
3570 815 3619 863 et
3645 810 3795 864 dicat

2135 883 2185 935 ei
2212 882 2508 948 imperator
2537 898 2554 933 :
2588 879 2719 933 Cum
2744 879 3184 948 protospathario
3215 881 3470 944 futurum
3493 883 3794 949 patricium

2135 952 2411 1005 adducito.
2479 954 2613 1005 Dum
2664 955 2844 1004 autem
2888 950 3095 1003 venerit
3146 952 3439 1017 patricius,
3497 953 3557 1004 in
3594 954 3792 1020 primis

2136 1023 2409 1078 osculetur
2419 1022 2588 1091 pedes
2612 1022 2973 1091 imperatoris,
2996 1020 3192 1074 deinde
3210 1036 3376 1087 genu,
3398 1021 3474 1075 ad
3494 1026 3793 1077 extremum

2136 1095 2410 1148 osculetur
2464 1095 2646 1161 ipsum
2694 1112 2711 1147 :
2766 1098 2893 1145 tunc
2952 1093 3226 1146 osculetur
3284 1107 3466 1146 omnes
3527 1094 3790 1148 Romanos

2138 1168 2571 1226 circumstantes,
2604 1169 2654 1219 et
2688 1164 2878 1217 dicant
2904 1178 3086 1217 omnes
3112 1180 3130 1215 :
3156 1163 3296 1217 Bene
3331 1165 3570 1219 veniatis
3595 1183 3613 1218 :
3639 1166 3791 1220 nobis

2137 1238 2369 1292 nimium
2421 1236 2753 1290 laboriosum
2791 1249 2904 1288 esse
2948 1234 3169 1288 videtur
3209 1249 3516 1289 concessum
3563 1236 3721 1291 nobis
3758 1253 3793 1290 α

2138 1311 2245 1363 Deo
2281 1308 2645 1361 ministerium
2672 1306 2851 1360 solum
2887 1320 3185 1374 procurare
3213 1324 3231 1359 :
3262 1308 3519 1375 quocirca
3549 1312 3601 1361 te
3643 1308 3790 1362 nobis

2138 1379 2446 1446 adjutorem
2472 1379 2733 1443 facimus,
2763 1380 2814 1430 et
2841 1376 2984 1430 hunc
3014 1376 3267 1431 honorem
3300 1378 3402 1432 tibi
3430 1378 3788 1440 concedimus,

2138 1454 2200 1504 ut
2233 1450 2487 1504 Ecclesiis
2523 1450 2623 1502 Dei
2654 1453 2706 1502 et
2744 1447 3084 1517 pauperibus
3120 1449 3287 1515 legem
3326 1450 3528 1516 facias,
3573 1455 3626 1503 et
3675 1449 3792 1503 inde

2137 1522 2289 1590 apud
2317 1521 2646 1574 altissimum
2679 1519 2929 1587 judicem
2965 1520 3233 1573 rationem
3260 1520 3481 1574 reddas.
3523 1523 3677 1575 Tunc
3703 1526 3792 1574 in-

2136 1593 2274 1647 duat
2316 1607 2437 1645 eum
2478 1593 2775 1660 imperator
2821 1595 3089 1653 mantum,
3121 1594 3171 1644 et
3215 1596 3384 1659 ponat
3436 1594 3487 1644 ei
3513 1595 3577 1645 in
3607 1593 3791 1646 dextro

2136 1665 2317 1718 indice
2362 1663 2651 1729 annulum,
2685 1667 2737 1717 et
2764 1662 2854 1716 det
2883 1665 2934 1716 ei
2964 1662 3338 1717 bombacinum
3371 1665 3606 1732 propria
3632 1679 3791 1717 manu

378 1809 459 1864 sit
490 1808 549 1862 in
589 1815 797 1863 sanctae
833 1806 987 1861 sedis
1015 1806 1297 1862 ditionem
1340 1820 1452 1862 una
1477 1805 1611 1862 cuni
1650 1807 1943 1876 Pentapoli
1973 1810 2029 1862 et
2133 1808 2427 1876 patricius,
2458 1807 2764 1859 misericors
2790 1805 3068 1872 etjustus.
3100 1806 3247 1859 Tunc
3266 1810 3439 1875 ponat
3469 1808 3520 1859 ei
3548 1808 3613 1859 in
3637 1810 3791 1874 caput

374 1880 608 1935 Emilia
640 1896 653 1932 :
691 1892 874 1949 neque
918 1877 986 1933 ad
1035 1884 1287 1933 nostram
1330 1877 1477 1933 hanc
1515 1882 1735 1934 atatem
1768 1878 2032 1934 barbaris

376 1952 629 2021 amplius
658 1952 864 2019 patuit.
888 1952 1118 2021 Idemet
1138 1949 1363 2021 origine
1383 1955 1438 2003 et
1458 1949 1742 2020 dignitate
1762 1949 2026 2021 celebris,

379 2019 669 2078 illustrior
700 2026 890 2090 postea
920 2028 1006 2076 est
1037 2019 1255 2089 factus,
1274 2034 1404 2075 cum
1437 2019 1553 2074 tres
1583 2020 2031 2076 eminentissimi

377 2093 707 2163 apostolica
727 2093 883 2148 sedis
904 2091 1075 2161 legati
1100 2092 1392 2162 tripertito
1413 2090 1576 2146 illum
1599 2093 2029 2163 administrare,

378 2165 708 2233 sanctisque
729 2163 956 2233 legibus
972 2176 1307 2219 conservare
1322 2176 1677 2218 summorum
1696 2162 2029 2231 pontiﬁcum

382 2236 612 2290 nomine
653 2235 1032 2302 incoeperunt.
1079 2240 1143 2290 ut
1191 2241 1388 2291 nostro
1429 2247 1545 2289 avo
1584 2234 1846 2290 videmus
1881 2233 2026 2289 ﬁeri.

380 2307 657 2360 Caeterum
706 2310 768 2359 ut
811 2304 1037 2375 aliquid
1087 2308 1275 2361 dicam
1330 2306 1401 2361 de
1446 2305 1731 2371 exarchis,
1784 2319 2029 2375 quorum

382 2376 704 2445 catalogum
752 2374 1016 2447 exhibui,
1067 2377 1271 2431 horum
1320 2377 1755 2447 chronologiam
1791 2374 2030 2432 diﬁicile

383 2453 469 2503 est
500 2459 598 2516 per
628 2458 848 2518 menses
877 2451 933 2518 et
961 2446 1088 2518 dies
1129 2448 1407 2518 digestam
1444 2449 1580 2503 dare
1611 2446 1626 2515 ς
1659 2448 1808 2502 alios
1851 2447 2026 2515 enim,

383 2519 580 2573 statim
606 2521 778 2585 atque
796 2516 1252 2586 designabantur
1270 2517 1451 2586 Cpoli,
1484 2519 1692 2573 missos
1716 2531 1859 2587 esse,
1882 2518 2033 2574 alios

382 2594 485 2644 aut
509 2589 792 2643 Caesarum
822 2586 1133 2654 voluntate,
1166 2593 1266 2642 aut
1298 2588 1464 2658 longa
1493 2590 1584 2644 via
1615 2586 1875 2643 detentos
1905 2601 2032 2644 sero

387 2662 445 2714 in
497 2658 717 2713 Italiam
762 2658 987 2713 venisse
1033 2658 1209 2713 refert
1248 2659 1512 2729 historia.
1561 2659 1705 2714 Hinc
1749 2664 1836 2715 est
1879 2660 2031 2729 quod

383 2730 631 2785 aliorum
696 2729 953 2797 exemplo
1009 2743 1191 2785 annos
1238 2728 1497 2784 indicare
1545 2735 1866 2792 contentus,
1900 2728 2033 2800 ’quo

386 2801 753 2882 potissimum
798 2812 986 2882 mense
1004 2804 1115 2882 aut
1158 2800 1602 2882 designarentur
1641 2800 1805 2882 Cpoli
1842 2807 1943 2882 aut
1974 2802 2032 2856 in

385 2870 610 2927 Italiam
664 2871 1040 2941 pervenirent,
1098 2870 1322 2942 neglexi
1361 2870 1707 2942 disquirere.
1749 2872 1807 2927 Id
1844 2876 2033 2927 tamen

384 2943 971 3014 animadvertihquod
1005 2956 1186 3012 usque
1212 2943 1277 2997 ad
1311 2943 1669 2998 Theodorum
1694 2943 2030 3014 CalliiOpam,

385 2957 971 3069 animadvertiéaq‘uoo
1005 2957 1186 3012 usque
1212 2957 1277 2997 an
1320 2957 1669 2998 t'neouorum
1694 2957 2026 3014 uatuopam,

385 3028 516 3070 cum
561 3026 711 3069 anno
828 3014 838 3029 ‘
908 3015 1157 3070 secundo
1200 3016 1413 3069 missus
1456 3014 1745 3084 captivum
1795 3013 1932 3069 fecit
1972 3015 2026 3070 S.

385 3086 694 3141 Martinam
727 3084 1051 3155 pontiﬁcem
1082 3086 1420 3154 Romanum,
1452 3087 1743 3141 successio
1763 3085 2041 3142 exarchoo

388 3170 515 3238 rum
544 3162 845 3239 certameth
872 3157 1169 3239 ln'denvero
1198 3170 1380 3239 usque
1407 3157 1475 3211 ad
1505 3157 2030 3239 :loannem_Platyn,

387 3230 488 3298 qui
517 3240 667 3282 anno
687 3223 792 3281 687
832 3227 889 3281 in
925 3228 1146 3282 Italiam
1181 3223 1356 3284 venit.
1390 3228 1741 3295 conjecturis
1771 3223 2037 3283 doctissi-

391 3311 613 3354 morum
631 3299 888 3354 virorum
904 3298 1062 3368 Pagii
1080 3299 1445 3353 etBacchinii
1464 3303 1693 3355 nititur.
1710 3300 1821 3369 Qui
1837 3299 2031 3369 Platyn

389 3374 713 3439 sequuntur
740 3370 999 3439 quinque
1022 3370 1255 3424 exarchi
1280 3376 1431 3425 certe
1457 3371 1598 3425 mihi
1631 3372 1819 3426 atatis
1843 3371 2034 3425 viden-

389 3445 795 3508 tur;attamen
826 3454 922 3495 eos
969 3442 1121 3495 inter
1149 3445 1287 3495 sunt
1312 3449 1427 3496 tres
1482 3441 1870 3497 successionis
1917 3454 2028 3497 non

390 3513 471 3566 ita
500 3517 686 3577 certa,
724 3518 786 3566 ut
816 3511 1041 3567 nullum
1074 3511 1429 3567 dubitationi
1462 3512 1649 3568 locum
1699 3512 2033 3582 relinquant

387 3582 868 3652 Theophylactus,
919 3584 1164 3638 Joannes
1192 3584 1509 3653 Rizocopus
1551 3589 1607 3639 et
1651 3584 1904 3653 Paulus;
1932 3584 2029 3639 sed

387 3654 744 3726 duocaleri
819 3654 899 3726 ΕΙ.
984 3654 1377 3710 Scholasticus
1440 3661 1498 3710 et
1552 3656 1892 3726 Eutychius,
1941 3655 2037 3710 hic

390 3724 586 3792 Paulo,
634 3726 736 3779 ille
773 3725 1055 3793 Rizocopo
1103 3728 1259 3780 omni
1313 3726 1508 3794 procul
1553 3724 1734 3782 dubio
1760 3739 2040 3783 successe-

392 3802 549 3856 runt,
594 3802 659 3865 ut
681 3796 875 3865 videre
898 3800 986 3848 est
1031 3796 1181 3865 apud
1222 3801 1486 3865 auctores
1514 3811 1612 3865 per
1643 3811 1729 3853 me
1779 3798 2040 3853 laudatos

395 3865 455 3918 in
500 3862 1203 3939 cataIOgo._Quamobrem
1253 3867 1303 3919 si
1346 3864 1492 3939 forte
1514 3862 1742 3939 'novum
1788 3868 2039 3939 aliquem

391 3931 713 3990 exarchunf
744 3937 881 3988 aetas
908 3931 1173 4002 proferet,
1214 3941 1316 3990 aut
1365 3936 1515 3991 inter
1539 3931 2043 3996 Theodorum-Cal-

394 4004 605 4074 liopam
658 4011 714 4059 et
768 4006 1036 4059 Joannem
1097 4007 1292 4076 Platyn
1345 4012 1446 4061 ant
1500 4007 1652 4063 inter
1698 4010 1958 4064 eumdem
1984 4012 2041 4064 et

395 4076 763 4145 Rizocopum,
822 4081 923 4130 aut
951 4076 1179 4132 demum
1226 4077 1377 4133 inter
1401 4079 1484 4135 Fl.
1528 4079 1946 4135 Scholasticum
1984 4085 2042 4135 et

395 4147 660 4209 Paulum,
692 4152 1009 4214 temporum
1030 4148 1251 4203 ratione
1273 4149 1553 4206 habitaris
1594 4151 1908 4207 collocetur
1950 4163 2044 4207 ne-

395 4229 550 4272 cesse
590 4218 721 4272 erit.
767 4217 1004 4292 _Plura,_
1039 4218 1107 4292 ad
1157 4219 1597 4292 Chronologiam
1633 4222 1783 4292 quod
1809 4222 2037 4291 attinet,

398 4302 502 4344 nec
541 4289 816 4362 temporis
860 4300 961 4342 nec
992 4288 1102 4343 loci
1152 4295 1254 4362 est,
1292 4288 1609 4346 observare.
1646 4288 1806 4362 Quod
1850 4288 2040 4349 autem

398 4366 617 4429 spectat
656 4360 1281 4430 dignitatemkexarchi,
1342 4369 1543 4429 prater
1579 4376 1643 4417 ea
1672 4360 1815 4430 qua.
1856 4364 2044 4420 obiter

2062 3123 2113 3189 C

2139 1892 2367 1931 aureum
2404 1878 2669 1931 circulum
2705 1880 2755 1948 et
2775 1876 3053 1948 dimatat.
3096 1877 3248 1948 lianc
3279 1877 3654 1948 dignitatem,
3686 1889 3789 1947 qua

2141 1949 2352 2017 ornati,
2399 1951 2464 2003 ut
2508 1949 2592 2003 ait
2637 1945 2953 2017 Walfridus
2999 1947 3218 2017 Strabo,
3265 1945 3429 2003 era'nt
3458 1948 3640 2017 primi
3674 1945 3790 2015 post

2140 2016 2407 2081 Caesares,
2456 2019 2623 2074 docet
2651 2017 2888 2074 Senator
2931 2016 3114 2073 fuisse
3164 2016 3494 2089 perpetuam
3530 2038 3543 2074 :
3579 2020 3713 2073 Mos:
3736 2022 3789 2071 ut

2141 2092 2304 2146 datus
2343 2092 2513 2157 fuerit
2537 2091 2624 2143 hic
2659 2090 2846 2152 honor,
2877 2091 2939 2143 in
2979 2092 3105 2160 vita
3137 2095 3344 2158 tempus
3389 2091 3671 2160 reliquum
3696 2090 3789 2143 ho-

2140 2164 2279 2217 mini
2305 2164 2367 2230 ﬁt
2403 2176 2611 2216 coavus
2642 2161 2761 2228 (lib.
2806 2174 2883 2230 v1,
2914 2173 3004 2230 ep.
3035 2158 3112 2225 2).
3145 2161 3223 2217 Ac
3253 2158 3790 2231 proinde‘suspica—

2142 2239 2238 2289 tur
2264 2233 2538 2304 Cangius,
2574 2246 2707 2288 num
2742 2237 3037 2302 propterea
3077 2231 3325 2304 breviori
3356 2233 3460 2288 alii
3492 2232 3784 2303 dignitati,

2141 2311 2207 2361 ut
2226 2310 2376 2360 esset
2397 2303 2760 2373 exarchatus,
2788 2308 2890 2359 aut
2915 2304 3032 2358 alia
3061 2303 3415 2373 prafectura,
3447 2304 3789 2374 adjungere—

2141 2383 2255 2431 tur.
2282 2376 2429 2431 Idem
2456 2381 2641 2447 tamen
2666 2374 2725 2447 in
2754 2375 2879 2429 cod.
2902 2375 3179 2447 Theodosi.
3203 2375 3395 2447 legens
3420 2375 3785 2447 expatricios,

2141 2447 2199 2503 id
2237 2452 2460 2502 tantum
2500 2446 2829 2502 obtinuisse
2859 2446 3009 2515 apud
3043 2444 3422 2503 Gothos'cum
3453 2444 3786 2502 auctoribus

2140 2518 2277 2589 aliis
2307 2518 2504 2572 sentit.
2539 2518 2656 2572 Prae
2684 2518 2762 2572 iis
2783 2516 3077 2573 Gutherus
3100 2517 3246 2589 hanc
3274 2518 3620 2589 dignitatem
3652 2517 3789 2589 inter

2146 2588 2429 2659 palatinas
2447 2589 2964 2660 eminentissimam
2986 2601 3097 2644 non
3121 2587 3302 2645 fuisse
3324 2586 3677 2660 perpetuam,
3699 2586 3785 2660 sed

2145 2658 2207 2716 ut
2232 2665 2433 2715 catera
2459 2658 2643 2715 otiicia
2668 2660 2738 2715 ad
2773 2665 2975 2715 nutum
3009 2661 3292 2730 principis
3320 2658 3501 2723 docet,
3535 2672 3604 2713 ac
3638 2658 3787 2715 ﬁnita

2143 2731 2648 2787 administratione
2695 2730 3047 2801 expatricios
3101 2744 3171 2800 ap
3213 2732 3377 2787 ellari
3431 2730 3787 2787 consuevisse

2143 2801 2233 2859 {de
2265 2802 2369 2859 Off.
2402 2802 2546 2857 dom.
2581 2802 2713 2859 σιω.
2750 2802 2854 2857 lib.
2889 2818 2950 2859 ιι.
2983 2815 3107 2859 can.
3141 2746 3246 2859 48L

2143 2801 2239 2874 (de
2262 2802 2369 2874 0/)".
2402 2802 2546 2857 dom.
2581 2802 2713 2870 Cug.
2750 2802 2854 2874 lib.
2889 2818 2950 2874 It,
2983 2815 3107 2874 cap.
3141 2801 3246 2874 49).

2216 2870 2305 2945 42.
2337 2874 2481 2928 Hinc
2505 2878 2593 2928 est
2617 2874 2768 2943 quod
2812 2873 2879 2945 in
2911 2870 3218 2930 Dufresnii'
3238 2875 3572 2945 opinionem
3601 2884 3782 2945 eamus

2144 2944 2388 3013 pedibus
2431 2942 2659 2999 necesse
2702 2948 2808 2999 est.
2850 2943 2960 3014 Qui
3005 2946 3159 3001 enim
3196 2942 3313 3002 duo
3361 2946 3618 3015 patricii,
3662 2942 3782 3015 sede

2142 3015 2361 3085 Cpolim
2392 3015 2692 3088 translata,
2707 3020 2786 3088 ut
2812 3013 2898 3088 ait
2925 3013 3467 3088 Porphyrogeni’tus
3494 3017 3584 3088 (de
3605 3013 3776 3088 ’Adm.

2140 3083 2306 3157 Ιτὶιι)υ
2353 3098 2478 3156 cap.
2510 3083 2600 3159 27)
2643 3083 2793 3159 mitti
2843 3086 2976 3142 inde
3013 3083 3271 3144 solebant
3315 3090 3374 3144 in
3416 3087 3638 3143 Italiam
3677 3086 3783 3159 (eos

2147 3156 2317 3215 hodie
2338 3156 2597 3228 proreges
2625 3158 2969 3225 diceremus)
3012 3175 3240 3229 quorum
3271 3175 3414 3214 unus
3444 3159 3666 3220 Sicilia,
3696 3156 3783 3209 Ca-

2145 3230 2357 3295 labria,
2409 3230 2640 3300 Neapoli
2690 3236 2742 3283 et
2792 3231 3103 3299 Amalphia
3145 3237 3383 3301 praerat
3425 3250 3443 3286 :
3485 3231 3629 3284 alter
3666 3240 3780 3301 pero

2143 3302 2462 3363 Benevento,
2513 3299 2729 3369 Capua,
2792 3303 2976 3369 Papia
3020 3299 3162 3356 cum'
3176 3305 3428 3372 reliquis,
3482 3305 3535 3356 et
3587 3299 3778 3355 tributa

2143 3372 2438 3443 quotannis
2502 3375 2627 3441 ﬁsco
2675 3373 3020 3443 imperatoris
3071 3375 3386 3443 pendebant
3431 3392 3449 3439 ;
3492 3386 3591 3429 eos
3642 3373 3779 3443 certe

2142 3439 2427 3520 dignitate
2458 3439 2516 3497 in
2547 3439 2785 3520 sedibus
2827 3439 3092 3520 militum'
3114 3458 3275 3513 pares
3296 3444 3604 3520 magistris
3633 3439 3781 3520 mili:

2143 3518 2265 3569 tum
2322 3514 2382 3568 in
2423 3515 2811 3583 eXpeditione,
2850 3515 2921 3569 ad
2967 3521 3169 3570 nutum
3222 3516 3505 3585 principis
3546 3514 3778 3569 amoveri

2143 3586 2512 3641 consuevisse
2540 3585 2882 3641 crediderim
2910 3604 2925 3645 ι
2952 3589 3177 3642 tametsi
3204 3585 3332 3643 dua:
3362 3586 3778 3655 inscriptiones,

2145 3656 2217 3711 ab
2245 3656 2439 3711 eodem
2484 3656 2742 3712 Guthero
2780 3656 2990 3715 allata.
3029 3671 3198 3714 secus
3237 3659 3440 3714 docere
3468 3657 3780 3713 videantur.

2146 3729 2357 3783 Harum
2386 3727 2570 3797 prima
2598 3734 2829 3783 exstans
2856 3728 3136 3800 Treveris,
3170 3730 3249 3785 ita
3284 3729 3492 3784 habet:

2468 3839 2575 3881 HIC.
2636 3837 2806 3879 IACET.
2877 3836 3051 3880 ELIVS.
3114 3839 3479 3882 CONSTANTIUS

2360 3911 2478 3954 VIR.
2524 3908 2875 3955 CONSVLARIS.
2931 3908 3121 3953 COMES.
3171 3911 3255 3953 ET.
3313 3910 3588 3952 IAGISTER

2327 3983 2652 4031 VTRIVSQUE.
2720 3979 2968 4022 MILITIE.
3028 3982 3219 4031 ATQVE.
3301 3980 3623 4037 PATRICIVS;

2147 4040 2263 4097 alia
2295 4041 2524 4098 Roma:

2367 4142 2452 4185 ΕΙ..
2503 4142 2752 4189 RICIMER.
2814 4149 2871 4190 ν.
2918 4150 2955 4192 I.
3002 4143 3294 4187 MAGISTER.
3352 4138 3589 4187 VIBIst

2836 4217 3119 4263 PATRICIVS

2148 4288 2373 4358 Quibus
2391 4303 2460 4345 ex
2488 4291 2973 4362 inscriptionibus
2998 4299 3121 4349 tum
3145 4288 3405 4358 copulari
3430 4282 3785 4357 patriciatum

2150 4374 2279 4433 cum
2336 4361 2548 4417 militia
2590 4361 2893 4433 discimus,
2957 4373 3077 4421 tum
3138 4367 3635 4433 perpetuamesse
3676 4366 3786 4433 eam

400 4423 963 4514 ρξᾳιρέιημᾲςηωηνη.
998 4427 1052 4514 7_,
1079 4432 1134 4514 8)
1158 4423 1401 4514 aiebam,
1458 4423 1728 4514 nonnihil
1751 4436 2096 4514 reliquum_
2150 4432 2513 4514 dignitatem.
2544 4423 2896 4514 $e_.l_diversa
2919 4434 3094 4514 fuerit
3120 4423 3268 4514 ratio
3297 4430 3670 4514 patriciorum

402 4503 545 4558 mihi
574 4501 679 4560 feci
706 4501 802 4557 hic
828 4506 1213 4571 opportunius
1237 4504 1630 4561 indicandum.

470 4571 558 4629 44.
593 4573 834 4631 Exarchi
862 4574 1205 4642 dignitatem
1255 4576 1415 4630 Italis
1445 4577 1676 4646 quidem
1705 4591 1927 4646 novam,
1962 4583 2044 4635 ta-

400 4646 565 4702 metsi
596 4646 745 4701 alias
774 4658 894 4700 eam
925 4653 1117 4718 gentes
1139 4658 1258 4718 non
1293 4647 1588 4718 ignorasse
1614 4653 1864 4706 testatur
1889 4652 2038 4707 Gre-

397 4718 598 4787 gorius
642 4729 882 4789 magnus
931 4715 1104 4785 (epist.
1139 4715 1434 4789 libit,'59
1480 4725 1536 4775 et
1560 4717 1651 4789 72,
1696 4722 1773 4775 ad
1818 4723 2039 4777 eaarch.

395 4785 629 4860 Ἁγνὼ),
664 4785 1134 4860 Oﬁic‘iissemper
1171 4788 1445 4857 palatinis
1487 4785 1813 4860 adjunctam
1870 4794 2045 4850 disci-

398 4874 545 4927 mus,
586 4856 737 4914 dum
796 4856 1045 4925 legimus
1093 4856 1391 4929 patricios,
1445 4856 1833 4920 chartularios
1887 4866 2036 4920 sacri

398 4930 621 5000 palatii,
648 4930 964 4995 eunuchos,
996 4929 1392 4987 cubicularios
1417 4937 1472 4987 et
1486 4934 1715 5002 judices
1738 4935 2040 4993 civitatum

394 5002 587 5075 eadem
634 5008 865 5075 ornatos
906 5013 1049 5075 esse.
1102 5002 1363 5058 Eruditis
1411 5005 1642 5075 singula
1690 5005 1808 5061 hac
1855 5005 2039 5064 oﬁicia

395 5072 755 5127 enucleatius
791 5072 1106 5147 expendere
1143 5076 1392 5147 otiosum
1447 5072 1607 5131 foret:
1657 5077 1728 5132 de
1778 5079 2045 5147 patriciis

396 5148 586 5198 autem
615 5141 888 5197 nonnulla
914 5143 973 5197 in
1001 5145 1330 5198 memoriam
1356 5158 1618 5201 revocare
1647 5141 1863 5203 certum
1897 5150 2040 5205 mihi

397 5218 484 5288 est
498 5223 670 5288 atque
684 5211 1089 5288 deliberatum,
1110 5215 1395 5288 quidquid
1415 5229 1611 5288 eorum
1633 5219 1907 5285 patientia
1925 5221 2041 5288 jam

397 5282 501 5361 diu
522 5283 745 5361 abutar.
770 5284 895 5361 Duo
919 5282 1218 5361 mihisiint
1240 5282 1616 5361 patriciorum
1636 5282 1847 5358 genera
1876 5308 1891 5359 ε,
1918 5282 2045 5361 qua

397 5353 889 5431 enimalia‘multa
913 5353 1085 5431 refert
1102 5356 1435 5431 Cangiusin
1462 5353 1758 5415 Glosszirio
1789 5353 2041 5431 generali

400 5422 504 5501 hac
526 5422 1501 5501 divisionecomprehendiarbitror
1517 5449 1529 5483 :
1546 5431 1651 5485 alii
1670 5422 1820 5486 sunt
1820 5433 2048 5501 patricii

395 5494 699 5569 Caesarum,
731 5496 836 5551 alii
877 5496 1231 5569 pontiﬁcum,
1268 5498 1368 5569 alii
1403 5513 1599 5569 nempe
1628 5501 1701 5557 ab
1734 5494 2054 5569 imperato-

398 5563 581 5630 ribus,
612 5566 715 5622 alii
756 5582 787 5621 a
820 5563 1090 5623 Romanis
1117 5567 1494 5633 pontiﬁcibus
1524 5563 1887 5628 creabantur.
1920 5573 2050 5630 For-

399 5647 545 5705 mam
589 5637 818 5692 creandi
877 5638 1151 5705 patricios
1206 5639 1531 5705 imperiales
1586 5651 1930 5699 assorvatam
1987 5646 2046 5701 in

400 5704 747 5787 bibliotheca
774 5704 1039 5787 Vaticana
1069 5723 1136 5763 ex
1157 5704 1340 5787 Paulo
1360 5711 1749 5787 I_{orojul_iano,
1774 5716 2049 5787 seuDia-

398 5787 562 5844 cono,
590 5788 626 5832 ι
652 5775 867 5845 Cangio
895 5790 1218 5846 expressam
1250 5775 1539 5837 exhibeo}
1572 5775 1806 5840 Pati-icti
1855 5786 2049 5854 digni—

2053 4508 2110 4573 D
2153 4504 2213 4559 in
2230 4502 2458 4559 Italiam
2488 4506 2863 4563 mittebantur
2882 4513 3014 4562 ante
3032 4502 3349 4562 Gothorum
3372 4508 3483 4557 tem

3566 4508 3786 4577 rm“!

2150 4578 2339 4637 autem
2366 4576 2594 4650 patricii
2626 4578 2826 4633 horum
2848 4584 3012 4650 atate
3030 4578 3088 4633 in
3116 4574 3337 4650 Italiam
3362 4571 3614 4650 praefecti
3636 4571 3788 4650 missi

2150 4652 2320 4718 sunt,
2351 4649 2658 4718 ceterique
2685 4662 2880 4705 omnes
2908 4649 2979 4704 ab
3023 4646 3302 4718 Augustis
3341 4651 3486 4718 tunc
3527 4646 3791 4718 temporis

2150 4716 2349 4789 creati,
2402 4714 2659 4787 perpetui
2705 4725 2869 4775 erant
2910 4721 3076 4789 juxta
3118 4714 3413 4773 Senatoris
3454 4714 3787 4789 doctrinam.

2149 4788 2330 4857 Cujus
2354 4785 2434 4843 rei
2466 4785 2865 4861 argumentum
2892 4785 3029 4847 s'unt
3056 4795 3138 4845 tot
3159 4800 3397 4861 numero
3424 4785 3655 4861 patricii
3681 4792 3789 4838 uno

2125 4856 2460 4930 .eodemque
2485 4856 2736 4939 tempore
2773 4862 2831 4939 in
2869 4862 3004 4918 aula
3039 4858 3476 4939 Constantinop.
3513 4856 3787 4939 ᾀθεεξιιβξτ

2152 4923 2397 5001 quorum
2426 4945 2523 4986 sea:
2550 4923 2849 5000 déferentes
2877 4948 3055 4988 secum
3079 4934 3317 4987 trecenta
3344 4923 3792 5001 ηαὺὶθὶαξσὶνῃυι·

2151 4994 2256 5070 ᾱυε
2292 5008 2344 5055 et
2394 4994 2754 5058 Siciliensium
2790 5004 2987 5059 stolum
3014 5006 3074 5057 in
3111 5002 3251 5056 hanc
3290 4994 3794 5070 Romanamiurbcm

2151 5068 2388 5147 absoluti
2408 5089 2449 5147 a_
2466 5076 2618 5141 regia
2642 5075 2774 5147 urbe
2799 5076 2875 5130 ad
2893 5089 2991 5147 nos
3016 5068 3559 5147 properanttalebat
3580 5069 3646 5147 S._
3672 5077 3795 5147 pon-

2154 5140 2296 5197 tifex
2319 5132 2604 5198 Paulus'in
2627 5146 2869 5215 epistola
2889 5146 2958 5201 ad
2981 5132 3285 5215 Pippinum
3309 5132 3464 5209 (Cod.
3486 5132 3788 5215 ϐατοᾼςὲᾆ).

2154 5215 2427 5285 Praeterea
2459 5221 2577 5269 tum
2614 5209 2675 5270 in
2715 5216 2886 5272 Libro
2924 5209 3263 5285 pontiﬁcali,
3293 5219 3415 5267 tum
3444 5211 3594 5285 apud
3633 5209 3797 5285 histo-

2158 5284 2311 5357 ricos
2340 5285 2749 5355 Langobardici
2795 5289 2851 5342 in
2887 5281 3049 5342 Italia
3082 5281 3529 5357 regniaquales
3559 5281 3796 5351 legimus

2160 5355 2485 5425 frequenter
2516 5358 2785 5425 patricios
2831 5358 2978 5414 alios
3020 5355 3185 5423 alibi,
3233 5356 3368 5411 dum
3410 5366 3609 5425 eorum
3656 5360 3799 5407 unus

2161 5424 2435 5482 Ravenna
2489 5424 2858 5485 e’xarchatum
2917 5427 3417 5492 administrabat;
3473 5424 3798 5492 plerumque

2158 5498 2310 5572 enim
2356 5499 2472 5572 haec
2513 5500 2768 5572 dignitas
2809 5501 3035 5570 patricii
3078 5493 3800 5572 con_ferebatur._ltaqueel

2160 5569 2472 5625 Belisarius
2499 5579 2554 5625 et
2578 5565 2929 5642 Narses,'qui
2965 5570 3197 5642 patricii
3219 5580 3423 5624 nomen
3443 5565 3631 5642 solum
3665 5565 3801 5642 reti—-

2159 5646 2427 5711 nuerunt,
2461 5647 2517 5694 et
2544 5644 2777 5698 exarchi
2794 5634 3021 5709 omnes,
3047 5642 3149 5711 qui
3174 5653 3301 5695 cum
3325 5634 3800 5711 excellentissima

2154 5709 2439 5783 dignitate
2471 5713 2702 5767 exarchl
2736 5708 3658 5783 patriciatumeminentissimum
3701 5714 3802 5759 oo-

2159 5780 2454 5853 Plllﬂrunt,
2482 5783 2583 5839 ubi
2606 5780 2779 5842 semei
2798 5786 2986 5847 ornati
3013 5798 3079 5840 eo
3104 5782 3365 5851 fuerunt,
3384 5780 3646 5837 eumdem
3667 5784 3805 5830 nun-
