3962 6164
129 253 234 314 853

161 450 386 529 P_er-_iodi
563 467 733 520 reges,
780 450 1022 525 eam-chi,
1055 471 1140 510 res
1163 450 1338 523 gesta.
1432 450 1451 455 ⁷
1521 458 1591 512 ab
1625 459 1689 512 U.
1718 457 1776 513 C.
1929 457 2120 529 Olymp

192 1287 342 1346 5343

1056 259 1396 320 CHRONOL.
1434 262 1482 319 A
1518 263 1574 318 S.
1612 262 1820 320 GREG.
1861 262 1935 318 Μ.
1973 263 2069 319 ΑΙ)
2102 263 2515 321 STEPHANUM
2554 267 2648 321 III.

201 379 386 461 Anni
436 383 802 436 Romanorum
856 382 1262 461 imperatorum,
1310 385 1484 455 Long.
1556 387 1715 461 ᾼῃῃί
1732 457 1758 461 _
1803 388 1864 448 A
1947 387 2119 461 Δᾼηηί
2171 390 2402 444 Romani
2438 393 2723 461 pontiﬁces
2790 396 2841 446 et
2883 407 2970 446 res
3019 394 3262 448 ecclesia-
3324 395 3482 450 Anni

413 682 732 809 ﬁdemnoinito,
775 684 1064 757 nudisque
1094 686 1262 756 pedib
1295 687 1494 761 ingre-

458 761 621 809 ienti.

488 825 842 901 pagobertus
905 842 1098 884 omnes
1165 832 1325 901 regni
1401 833 1494 888 sui

410 897 734 970 Judaosgad
769 899 1016 969 baptism
1040 897 1488 970 suscipiendum

413 967 728 1036 compellit,
786 967 939 1025 sicut
988 969 1112 1038 645,
1188 967 1493 1030 Sisebutus

412 1040 628 1108 Hispan
661 1053 760 1095 rex
788 1039 1017 1097 fecerat.
1052 1044 1164 1114 Pag
1180 1043 1250 1100 ad
1280 1059 1333 1100 a.
1367 1044 1495 1118 644,

415 1124 546 1167 cum
572 1110 698 1165 Bar.

487 1293 648 1361 Impp
686 1290 934 1347 Heraclii
989 1292 1118 1364 Aug
1174 1292 1240 1351 40
1289 1298 1345 1350 et
1399 1292 1490 1364 24,
1570 1291 1709 1351 4382

487 1376 672 1424 :stcos
702 1382 803 1425 xu
1571 1371 1710 1430 4383

166 1365 235 1438 ὣ
295 1366 368 1439 23
421 1376 672 1439 pcstcos
702 1382 803 1425 xu

160 1437 338 1514 974

229 1513 277 1569 G

173 1582 356 1638 Ind-iet

234 1669 302 1710 III

231 1740 286 1781 IV

195 2882 339 2941 5344

166 2962 351 3049 9.4

184 3178 366 3232 Indict

233 3262 287 3304 IV

203 3619 346 3678 5345

182 3699 359 3764 $25

173 3771 350 3843 θδ

206 3845 320 3897 ED

187 3915 361 3970 Indict

243 4069 295 4110 VI

211 4519 351 4578 5346

184 4599 365 4668 Θ26

177 4672 362 4799 007

492 1441 738 1495 Heraclii
764 1442 871 1498 Jun
907 1439 971 1496 48
1001 1447 1057 1498 et
1088 1441 1172 1498 49.

478 1513 542 1566 Η.
595 1524 646 1567 a.
675 1513 890 1567 desinit
918 1513 1105 1570 Chron
1148 1513 1495 1570 Alexandri-

413 1595 549 1638 num
569 1597 613 1657 _a
648 1584 820 1657 Pagio
867 1593 1279 1657 nuncupatum,
1307 1599 1340 1641 a
1367 1588 1494 1642 Du-

415 1654 622 1724 cangio
669 1655 935 1711 Paschale
958 1654 1246 1725 magnum.

489 1726 718 1797 Pagius,
767 1727 866 1796 qui
910 1728 1216 1784 diaconum
1273 1741 1493 1785 errasse

411 1795 656 1852 afﬁrmat
709 1795 798 1871 ini
845 1798 1175 1871 Langobard
1245 1800 1481 1871 regibus

412 1815 656 1852 amrmat
709 1815 767 1852 ιη
845 1815 1175 1924 Langona":
1245 1815 1481 1871 regibus

412 1876 563 1924 recte
610 1869 940 1925 constituen
990 1871 1041 1925 is
1116 1871 1172 1926 h.
1239 1884 1290 1926 a.
1366 1872 1490 1927 vult

409 1940 707 1995 Rhotarim
735 1940 1008 1997 Arioaldo
1043 1947 1268 1998 mortuo
1299 1957 1492 1998 succe-

409 2011 545 2066 dere
593 2025 649 2066 n.
701 2008 755 2078 7,
787 2014 924 2067 anni
956 2011 1081 2068 638.
1129 2012 1315 2081 Quum
1357 2028 1489 2071 vero

409 2084 548 2136 anni
625 2083 925 2138 duodecim
1003 2099 1035 2139 a
1106 2086 1282 2141 Paulo
1351 2086 1490 2141 Diac

407 2153 681 2224 Arioaldo
712 2155 991 2224 assignati
1032 2155 1104 2210 ab
1143 2169 1243 2211 an.
1281 2153 1386 2212 624
1415 2157 1485 2212 ad

409 2221 538 2293 656,
589 2221 984 2294 numerentur,
1019 2226 1204 2296 liquet
1234 2229 1488 2284 nondum

411 2309 536 2366 esse
590 2305 907 2352 mortuum:
959 2297 1173 2366 patebit
1205 2297 1355 2355 infra
1393 2313 1487 2354 an.

411 2365 538 2435 643,
602 2381 736 2422 num
797 2365 973 2438 Pagii’
1034 2382 1276 2426 censura
1348 2371 1490 2425 bene

411 2437 634 2492 habeat.

453 2445 634 2493 abeat.

483 2885 642 2953 Impp
687 2881 935 2938 Heraclii
994 2882 1122 2953 Aug
1175 2879 1237 2938 24
1302 2886 1358 2937 et
1399 2881 1486 2940 22’

415 2971 543 3034 post
573 2977 670 3019 cos
699 2976 794 3018 xx.

499 3034 742 3088 Heraclii
774 3035 882 3089 Jun
932 3029 998 3087 49
1026 3036 1083 3087 et
1109 3029 1197 3087 20.

481 3104 777 3160 Heraclius
865 3103 1286 3173 Heracleonam,
1387 3119 1489 3160 seu

419 3176 745 3232 Heraclium
790 3189 856 3230 ex
883 3176 1127 3230 Martina
1159 3181 1486 3246 susceptum

417 3250 689 3374 Caiarem
762 3251 938 3301 creat.
1015 3246 1252 3316 Niceph.
1331 3248 1485 3318 Pag.,

420 3333 474 3374 n.
579 3358 592 3372 .

420 3333 474 3374 Π.
503 3333 592 3374 Ζυ.

483 3387 834 3444 Sisenandus
915 3387 1135 3457 dejecto
1194 3387 1490 3444 Suinthila

415 3475 512 3532 per
527 3460 885 3532 tyrannidem
900 3458 1228 3532 Hispaniam
1247 3461 1487 3515 invadit.

412 3531 606 3588 Vulsa.
643 3533 842 3586 Maria.
869 3531 1077 3586 Calvis.
1107 3532 1238 3602 Pag.

493 3624 649 3690 Impp
705 3619 952 3675 Heraclii
1003 3623 1133 3690 Aug
1184 3617 1257 3674 22
1311 3621 1367 3674 et
1393 3615 1484 3689 23,

418 3709 545 3770 post
574 3713 671 3754 cos
702 3713 821 3754 χχι.
857 3713 866 3770 ἡ

495 3769 743 3826 Heraclii
770 3769 875 3824 Jud
897 3766 968 3824 20
987 3773 1044 3824 et
1067 3765 1159 3822 24.

485 3843 835 3897 Mahumetes
878 3841 975 3895 die
1021 3837 1107 3907 46,
1137 3840 1352 3895 mensis
1377 3842 1487 3896 Jun

417 3915 682 3982 moritur,
705 3913 875 3980 eique
895 3911 1191 3966 Aubecrus
1207 3912 1486 3968 succedit.

483 3985 663 4039 Persa
750 3982 1163 4053 Jazdegiirdem
1231 3990 1489 4052 nepotem

415 4056 704 4117 Chosroa.
755 4054 939 4109 ﬁlium
995 4053 1326 4124 Schahriar,
1384 4055 1486 4125 qui

417 4126 644 4196 fugerat
681 4140 711 4182 a
741 4126 923 4189 Siroe,
952 4137 1139 4195 regem
1170 4131 1402 4196 creant;
1435 4131 1493 4181 et

416 4199 490 4254 ab
515 4200 641 4267 ejus
672 4197 1068 4252 enthronismo
1101 4198 1157 4252 in
1194 4196 1343 4252 solio
1360 4198 1492 4267 Cyri

417 4270 646 4340 Epoche
708 4268 1124 4339 Jazdegiirdica
1226 4269 1498 4340 instituta

420 4337 640 4396 incerto
691 4341 806 4407 die,
856 4337 981 4410 qua
1013 4347 1253 4395 tamena
1285 4340 1380 4395 die
1427 4337 1494 4396 46

417 4414 580 4467 Junii
606 4413 836 4481 incipit.
863 4413 942 4466 Ex
968 4411 1263 4467 Elmacino
1289 4412 1418 4482 Pag.

492 4525 652 4592 Impp
677 4519 924 4576 Heraclii
946 4517 1157 4590 Aug23
1181 4525 1236 4575 et
1252 4516 1343 4582 24,
1376 4521 1502 4586 post
1577 4514 1716 4574 4385

497 4617 554 4653 ss
584 4617 726 4653 xvn.
1575 4595 1715 4653 4386

425 4617 554 4659 COSS
584 4617 726 4658 XVII.

502 4673 747 4730 Heraclii
776 4674 885 4728 Jun
915 4670 977 4728 24
1005 4676 1062 4728 et
1083 4669 1198 4728 22..

493 4744 884 4814 Implacabilis
933 4744 1069 4798 belli
1126 4743 1289 4814 origo
1348 4741 1500 4814 inter

195 4817 374 4871 Indict
423 4812 622 4873 Romm
660 4823 715 4871 et
756 4817 1064 4871 Saracenos
1095 4815 1152 4869 h.
1187 4826 1239 4868 a.
1269 4812 1500 4882 incipit,

251 4901 314 4942 XI

265 4971 347 5012 VII

432 4888 569 4943 licet
599 4889 778 4942 Baron
820 4901 887 4942 ex
928 4885 1160 4955 Theoph
1192 4883 1338 4955 illud
1388 4882 1507 4937 col-

431 4960 578 5014 locet
605 4958 730 5027 63-4,
765 4958 849 5012 ibi
880 4959 990 5026 Pag
1016 4953 1151 5012 num
1181 4953 1217 5010 2

500 5025 858 5100 Dagobertus
885 5025 1047 5100 anno
1085 5027 1263 5100 Regni
1294 5025 1388 5100 sui
1424 5037 1508 5100 xi,

432 5103 533 5171 qui
584 5097 616 5155 εἰ
663 5101 867 5156 Martio
937 5099 1146 5171 incipit
1178 5097 1512 5171 superioris

432 5169 568 5227 anni
597 5173 946 5243 Sigibertum
997 5169 1180 5225 tilium
1233 5169 1513 5243 triennem

431 5240 746 5299 Austrasia
847 5245 1048 5312 Regem
1121 5248 1273 5295 creat
1367 5240 1511 5294 Hinc

437 5317 716 5386 Fredegar
761 5315 876 5368 init
921 5313 1269 5386 ejusHBegni
1329 5324 1511 5386 annos

433 5383 670 5440 Interim
717 5386 872 5440 alius
926 5386 978 5438 ei
1032 5383 1189 5439 illius
1226 5383 1506 5448 nascitur,

436 5471 603 5526 (luem
647 5457 1044 5512 Chlodovaum
1091 5455 1163 5509 ab
1203 5455 1372 5508 Atavo
1414 5467 1506 5526 ap-

437 5523 632 5598 pellat,
652 5529 1067 5597 Neustriaque,
1093 5533 1150 5582 et
1165 5523 1510 5598 Burgundia

434 5595 641 5670 Regem
688 5595 973 5656 destinat.
1008 5599 1090 5653 Ex
1143 5596 1356 5664 Fredeg
1400 5595 1511 5664 Pag

439 5685 496 5726 n.
523 5669 586 5726 34
618 5675 675 5726 et
703 5669 798 5727 32.

439 5685 496 5726 n.
523 5675 586 5726 34
618 5675 675 5726 et
703 5675 798 5726 32.

1565 2881 1702 2940 4383

1563 2960 1702 3020 4384

1563 3616 1702 3674 4384

1562 3696 1702 3755 4385

1802 1720 1855 1780 Β

1803 4380 1859 4441 D

1939 1381 2054 1506 HL;
2077 1437 2112 1494 9

2277 463 2425 517 stica
2462 462 2698 517 Orientis
2746 467 2797 516 et
2857 462 3176 519 Occidentis.

3409 265 3518 325 854

3317 468 3460 521 Era

3267 534 3490 591 Christi.

2169 642 2234 694 ut
2259 639 2519 709 Sergium
2561 638 2904 708 consuleret,
2947 645 3080 710 etc.,
3119 654 3248 697 eum

2169 723 2300 766 vero
2326 711 2678 766 testimoniis
2707 726 2870 766 usum
2890 711 3074 767 libelli
3103 711 3250 768 falso

2171 782 2450 851 adscripti
2473 783 2590 836 Men
2601 796 2683 838 na
2703 797 2802 851 pro
2821 797 2932 838 una
2955 783 3249 839 voluntate

2171 854 2436 908 standum
2486 853 2754 909 docuisse
2781 855 2871 923 ll].
2927 855 3243 923 Epistolam

2169 924 2354 994 Sergii
2387 925 2455 979 ad
2482 925 2672 995 Honor
2700 921 2823 994 634,
2867 921 3248 995 qua—ostendi-

2173 1001 2269 1050 tur
2291 994 2362 1050 ab
2389 1009 2540 1067 anno
2566 993 2688 1058 633,
2722 1010 2752 1051 a
2783 993 2925 1067 Cyr'o
2956 1003 3088 1067 tum,
3113 997 3246 1066 Epi-

2171 1080 2342 1138 scopo
2392 1065 2777 1138 Alexandrino
2824 1065 3020 1138 aliqua
3067 1065 3249 1124 fuiSse

2171 1137 2507 1263 gggreltaiin
2584 1139 2780 1195 Concil
2836 1137 3244 1196 Alexandrino.

2213 1221 2285 1279 ag
2314 1222 2370 1263 n.
2402 1221 2454 1263 4.

2249 1297 2488 1353 Honorii
2515 1295 2550 1354 5
2569 1301 2624 1352 et
2653 1296 2706 1353 6.

2237 1371 2462 1425 Mortuo
2476 1370 2722 1438 Georgio
2745 1368 3130 1425 Alexandrino
3150 1370 3247 1423 Pa-

2169 1440 2440 1506 triarcha,
2495 1443 2621 1509 ejus
2671 1453 2965 1496 successor
3011 1439 3250 1510 eligitur

1887 1507 1957 1565 2O
1976 1513 2143 1580 April
2160 1512 2358 1581 Cyrus,
2413 1507 2536 1581 qui’
2557 1526 2588 1566 e
2618 1511 2856 1567 Phaside
2879 1513 3022 1567 illuc
3052 1507 3248 1567 trans-

1951 1585 2042 1649 fer
2064 1581 2098 1637 6

1990 2895 2031 2936 II

1990 2966 2054 3007 III

1949 3161 2038 3232 fer
2051 3161 2087 3220 3

1988 3630 2052 3673 III

1987 3703 2044 3744 IV

1915 3762 2031 3829 Heg
2059 3757 2118 3814 44

2171 1581 2380 1637 fertur.

2242 1655 2344 1708 Per
2376 1653 2490 1708 hac
2539 1657 2792 1723 tempora
2821 1653 3096 1721 Chroata,
3145 1654 3246 1722 qui

2168 1729 2226 1780 et
2243 1723 2510 1778 Chrobati
2533 1725 2591 1778 in
2619 1724 2956 1779 Dalmatiam
2983 1724 3242 1793 veniunt,

2169 1801 2225 1850 et
2247 1794 2631 1864 Christianam
2663 1795 2859 1851 Fidem
2891 1795 3243 1864 suscipiunt.

2175 1869 2286 1938 Pag
2316 1881 2371 1921 n.
2398 1863 2482 1921 44.

2237 1939 2428 1994 Bonus
2457 1938 2870 1994 Ravennatensi
2899 1937 3246 1993 Patriarcha

2163 2010 2368 2064 Joanni
2430 2011 2708 2065 succedit.
2746 2009 2944 2080 Ughell
2990 2009 3095 2063 Ital
3137 2009 3242 2064 Sac

2163 2086 2221 2136 et
2247 2081 2441 2152 Sigon.

2234 2151 2458 2208 Mortuo
2485 2151 2767 2222 Cypriano
2808 2151 3088 2207 Gradensi
3135 2152 3249 2206 Pa—

2161 2223 2414 2278 triarcha
2444 2224 2792 2278 Fortunatus
2818 2222 3066 2278 Arianus
3092 2222 3251 2277 inva-

2161 2295 2251 2350 dit
2296 2295 2514 2363 Sedem,
2570 2295 2732 2350 Hunc
2782 2296 2928 2363 Papa
2957 2293 3247 2349 Honorius

2166 2372 2499 2422 exauctorat
2527 2371 2796 2434 creatque
2816 2364 3245 2435 Primogenium

2171 2438 2308 2492 Rom
2357 2437 2488 2492 Eccl
2535 2437 2989 2505 Apocrisarium,
3037 2447 3147 2504 qua
3177 2435 3248 2490 de

2169 2521 2227 2563 re
2249 2507 2484 2563 Honorii
2506 2507 2712 2562 littera
2727 2511 2953 2578 exstant
2973 2506 3248 2578 apudiBar

2167 2585 2224 2634 et
2261 2579 2462 2649 Ugheli
2513 2579 2611 2632 ltal
2643 2579 2746 2633 Sac
2779 2575 2948 2649 to._5,
2982 2577 3051 2649 ad
3101 2575 3246 2649 Epi—

2167 2647 2368 2718 scopos
2415 2650 2682 2717 Venetia,
2713 2653 2769 2703 et
2815 2647 3065 2703 Histria.
3099 2648 3242 2702 Per-

2167 2734 2358 2792 peram
2396 2721 2569 2792 Sigon
2614 2720 3247 2792 inyasoremjortuna—
3309 2775 3316 2782 ,

2167 2788 2288 2846 tum
2313 2788 2636 2862 legitimum
2670 2790 2809 2846 facit
2837 2804 2869 2846 a
2888 2788 3015 2846 622.

2230 2881 2470 2935 Honorii
2501 2879 2536 2935 6
2563 2884 2620 2934 et
2645 2876 2698 2934 7.

2235 2952 2390 3006 Scoti
2431 2952 2488 3005 h.
2521 2966 2573 3006 a.
2608 2951 2897 3005 celebrant
2943 2950 2996 3004 S.
3029 2949 3245 3005 Pascha

1801 3034 1850 3096 ί]
1921 3024 2038 3096 Heg
2065 3019 2130 3096 40
2166 3023 2262 3077 die
2302 3019 2393 3096 24,
2423 3021 2608 3096 apri].
2658 3021 2898 3096 Homani
2924 3025 3113 3096 autem
3152 3017 3243 3096 24,

1916 3092 2130 3163 9April
2166 3094 2382 3148 Martii.
2433 3093 2622 3147 Usser.
2659 3093 2821 3147 Hunc

2864 3092 3248 3160 Quartadeci—

2164 3177 2458 3218 manorum
2535 3177 2784 3218 errorem
2838 3163 2988 3231 apud
3043 3162 3242 3217 Scotos

2163 3247 2286 3289 esse
2334 3234 2727 3302 redargutumi
2752 3233 2822 3286 ab
2865 3233 3111 3302 Honorio
3143 3233 3239 3298 Pp‘.

2165 3311 2360 3359 narrat
2387 3298 2554 3372 Beda,
2590 3301 2672 3356 lib
2701 3301 2755 3373 3,
2788 3314 2893 3371 cap
2916 3298 3003 3364 49,

2234 3612 2472 3670 Honorii
2496 3608 2532 3666 7
2559 3615 2615 3667 et
2641 3610 2678 3666 8

2234 3687 2433 3740 Justus
2447 3680 3054 3752 Cantuarien‘Archiep
3077 3681 3247 3737 mori-

2164 3762 2259 3813 tur
2292 3770 2343 3810 lV
2372 3757 2508 3810 Idus
2537 3754 2838 3822 Novemb.,
2871 3753 3039 3823 eique
3075 3754 3247 3808 datur

1879 3829 1952 3888 ω
1979 3825 2124 3887 Mart
2152 3841 2449 3884 successor
2482 3827 2790 3893 Honorius,
2819 3826 2914 3880 cui
2949 3827 3096 3893 Papa
3124 3825 3244 3878 Ho—

1952 3905 2040 3972 fer
2058 3899 2092 3957 7

2002 4526 2056 4567 IV

2021 4588 2072 4638 et

1981 4654 2088 4711 353

1986 4741 2100 4862 Ηῐερ

2008 4865 2076 4921 42

2168 3900 2372 3956 norius
2427 3898 2610 3952 mittit
2657 3897 2925 3964 Pallium,
2981 3896 3137 3950 sicut
3187 3899 3246 3948 et

2174 3970 2416 4026 Paulino
2441 3969 2785 4026 Eboracensi
2818 3968 3025 4022 littera
3053 3964 3251 4021 Pontif

2167 4047 2395 4168 entts4t§nt
2449 4056 2542 4111 ap.
2586 4040 2788 4096 Bedam
2828 4039 2913 4094 lib
2962 4035 3019 4109 2,
3049 4050 3155 4107 cap
3182 4032 3248 4092 47

2169 4127 2199 4170 e
2330 4154 2343 4166 .

2243 4507 2482 4563 Honorii
2514 4503 2550 4559 8
2573 4509 2629 4560 et
2655 4501 2690 4557 9

2249 4581 2431 4648 Cyrus
2463 4573 2794 4648 patriarcha
2815 4570 3163 4648 Alexandrin
3198 4567 3259 4622 in

2172 4641 2663 4717 Pseudo-Synodo
2736 4641 3248 4717 Monotheljsmnm

2183 4711 2491 4801 conﬁrmat
2518 4717 2614 4771 die
2640 4712 2673 4769 4
2701 4713 2860 4768 Maii.
2912 4713 2990 4767 Ex
3016 4711 3079 4765 S.
3110 4712 3257 4764 Max.

2185 4795 2480 4916 Dllsi‘dltlitino
2510 4861 2709 4914 contra
2745 4853 3081 4910 Cedwallam
3131 4849 3266 4905 Bri-

1926 4936 2160 4994 48Mart
2192 4939 2388 4988 tonum
2446 4943 2628 4997 regem
2686 4941 2784 4996 pro
2844 4926 2952 4980 ﬁde
2979 4926 3267 4997 pugnante

1973 5006 2117 5078 νεξνὸ

2191 5003 2489 5075 interfecto
2511 4995 2835 5075 Edelb’urga
2871 4995 3136 5051 Cantium
3170 5005 3267 5075 re:-

2192 5081 2340 5130 meat
2385 5074 2451 5126 ad
2505 5064 2858 5136 Eadbaldum
2905 5078 3113 5136 regem,
3162 5064 3261 5119 ubi

2190 5152 2384 5202 sancte
2413 5143 2565 5200 obiit
2608 5154 2660 5196 a.
2692 5135 2816 5196 647.
2867 5137 3010 5192 Beda
3064 5135 3270 5208 Epito-

2193 5231 2296 5273 me.
2330 5217 2533 5272 Baron.
2569 5215 2698 5282 Pag.
2756 5225 2810 5266 η.
2991 5209 3270 5264 Paulinus

2191 5303 2318 5349 cum
2347 5289 2539 5344 eadem
2592 5279 2770 5339 redux
2801 5279 3140 5336 Rhofensem
3166 5293 3266 5335 ec-

2191 5361 2424 5417 clesiam
2485 5363 2710 5428 pastore
2764 5366 3017 5428 vacuam
3045 5356 3269 5428 nactus,

2193 5446 2313 5486 eam
2348 5423 2500 5500 regis
2518 5435 2575 5482 et
2600 5425 2836 5482 Honorii
2859 5423 3265 5500 archiephor—

2192 5511 2312 5558 tatu
2367 5493 2667 5571 regendam
2728 5496 2995 5566 suscipit,
3076 5493 3272 5562 ibique

2194 5573 2457 5630 moritur.

2265 5651 2589 5711 Concilium
2614 5650 2947 5707 Toletanum
2979 5645 3270 5703 nationale

3353 1295 3459 1354 630

3337 2875 3435 2934 634

3332 3607 3440 3665 632

3348 4494 3456 4590 633
