3994 6172
213 307 326 371 925

1382 309 1735 370 APPENDIX
1770 306 1865 370 AD
1901 309 2465 369 CHRONOLOGIAM.

3511 313 3621 377 926

213 443 410 519 centia
438 455 504 500 ac
536 440 733 519 studio
757 440 1001 500 alterius
1026 441 1312 519 principis
1329 441 1664 519 Alexandri_
1687 441 1869 519 cardi-
1891 444 1947 503 A
1976 444 2113 502 licet
2138 446 2237 504 illa
2268 460 2497 519 quoque
2527 446 2793 505 mutilata
2821 446 2999 505 fuerit
3048 448 3334 517 superius.
3377 446 3624 507 Exhibet

211 514 818 587 naliseserenissima
864 521 1028 587 gente
1079 513 1380 571 Farnesia:
1435 515 1602 587 cujus
1650 513 1870 569 beneﬁ-

208 588 438 654 centiae,
465 586 802 641 liberalitati
823 586 881 642 et
901 600 1053 642 cura:
1070 592 1363 656 acceptum
1402 586 1655 643 referunt
1674 590 1868 641 mtates

178 704 185 712 .
209 672 416 715 omnes
436 659 612 715 decus
638 657 994 728 praecipuum
1018 658 1282 715 Romana:
1309 658 1586 723 historiae,
1623 665 1741 713 tum
1769 670 1869 713 sa-

207 744 343 798 crae,
369 735 488 784 tum
514 727 784 798 profanae.
826 727 831 728 “
1286 748 1293 755 κ

282 801 640 873 Speciminis
664 800 871 873 igitur,
900 800 1084 871 gratia
1104 801 1251 858 duos
1279 815 1345 857 ex
1374 802 1592 873 ingenti
1630 813 1869 859 numero

209 872 456 944 seligam
489 871 732 943 lapides,
758 872 1021 928 Latinum
1064 887 1265 944 unum,
1297 871 1541 929 alterum
1566 876 1863 931 Grmcum:

210 943 384 999 illum
410 949 698 1014 repertum
732 948 863 999 ante
884 957 1064 999 annos
1085 943 1297 1014 septem
1324 946 1380 999 in
1407 944 1602 1001 littore
1622 944 1864 1012 Antiati,

208 1018 475 1084 impensa
496 1020 550 1069 et
574 1013 974 1069 sollicitudine
994 1013 1286 1071 memerati
1306 1017 1620 1073 cardinalis
1637 1016 1864 1081 Albani,

207 1100 324 1142 non
353 1085 482 1140 sine
502 1085 857 1140 sanctissimi
895 1086 1075 1153 patris
1128 1087 1333 1143 laetitia
1357 1094 1414 1143 et
1468 1089 1868 1143 adhortatione

208 1158 334 1212 bare
369 1157 558 1212 solida
591 1156 853 1229 historiae
874 1156 1227 1213 ﬁrmamenta
1249 1160 1688 1229 conquirentis;
1717 1159 1869 1214 hunc

208 1243 344 1284 vero
364 1229 482 1297 jam
516 1228 735 1297 pridem
761 1233 980 1296 notum,
1008 1235 1064 1282 et
1100 1235 1231 1284 ante
1286 1228 1467 1285 annos
1523 1237 1789 1285 centenos
1814 1235 1869 1284 et

207 1300 469 1365 vicenos,
520 1304 576 1353 et
620 1299 769 1368 quod
830 1300 1104 1363 excurrit,
1164 1301 1435 1355 edituma
1489 1302 1735 1356 Grutero
1799 1314 1867 1355 ex

206 1371 408 1442 Pighii
444 1371 783 1425 transmissa
813 1370 1037 1442 scheda.
1073 1372 1372 1442 desumpta
1395 1384 1462 1425 ex
1498 1372 1667 1427 libris
1696 1370 1864 1426 Anti-

209 1441 507 1512 qu'itatum
528 1441 864 1496 Bernnrdini
884 1441 1410 1497 cardinalislilaﬁ‘zei
1442 1460 1453 1495 :
1473 1442 1530 1496 in
1550 1456 1661 1513 qua
1680 1449 1865 1497 tamen

202 1514 535 1580 descriptor
564 1513 643 1566 ita
670 1513 879 1567 vitiose
910 1512 1236 1567 reddiderat
1280 1512 1589 1569 nonnullos
1643 1527 1861 1579 versus,

206 1591 271 1640 ut
300 1585 536 1652 penitus
566 1583 940 1638 occultaverit
959 1584 1439 1651 pretiosissimum
1458 1584 1863 1640 documentum

203 1670 337 1711 aera:
362 1655 687 1723 Tyriorum,
725 1654 783 1708 in
826 1654 925 1708 illo
972 1668 1251 1710 marmore
1296 1657 1679 1725 compositum
1734 1669 1861 1710 cum

204 1727 518 1783 consulatu
539 1725 690 1781 Galli
719 1729 775 1780 et
796 1725 1001 1792 Flacci,
1023 1726 1277 1796 adeoque
1296 1740 1424 1781 cum
1447 1730 1672 1783 caeteris
1686 1727 1865 1782 omni-

1976 519 2130 592 enim
2161 518 2340 592 genus
2367 520 2651 592 quoddam
2675 518 2955 576 fastorum
2988 520 3281 589 persimile
3306 521 3623 592 municipa-

1977 588 2355 648 libusfveluti
2385 588 2709 657 Casinensi,
2764 593 2920 648 edito
2980 588 3039 647 in
3084 592 3238 647 notis
3290 594 3505 647 nostris
3532 588 3620 649 'ad

1975 659 2031 735 _S.
2061 661 2402 735 Clementem
2432 662 2601 723 infra.
2631 664 2883 735 aliisque
2913 663 3062 735 apud
3094 664 3402 719 Gruterum
3430 669 3485 718 et
3507 663 3622 719 Fa—

1975 729 2228 805 brottum
2254 734 2514 805 aliosque
2533 729 2896 805 antiquarios
2926 729 3206 790 videndis.
3260 735 3623 803 Quemadmo~

1975 802 2109 858 dum
2143 804 2293 859 enim
2339 806 2397 860 in
2419 802 2740 861 coloniiset
2771 808 2828 861 in
2857 806 3192 875 municipiis
3240 802 3489 874 solemne
3506 813 3627 861 erat

1979 879 2061 941 ut,
2096 876 2352 945 exemplo
2385 876 2581 946 populi
2615 878 2852 933 Romani
2878 877 3194 947 Quiritum,
3231 878 3624 932 inciderentur

1980 948 2291 1013 quotannis
2313 948 2545 1004 nomina
2595 948 2898 1004 consulum
2951 948 3381 1004 ordinariorum
3436 949 3625 1003 Roma:

1980 1015 2308 1090 ineuntium
2339 1019 2734 1089 magistratum
2766 1020 3187 1088 Kal.Januarii,
3211 1034 3242 1073 a
3283 1018 3495 1090 quibus
3514 1033 3626 1074 an-

1979 1086 2038 1141 ni
2094 1086 2520 1145 nomenclatura
2562 1089 2875 1159 petebatur,
2921 1091 3127 1147 deinde
3179 1086 3627 1146 recenserentur

1978 1161 2208 1215 nomina
2222 1161 2304 1216 vel
2319 1162 2498 1216 duum
2516 1162 2701 1217 virum
2724 1162 3059 1229 incoloniis,
3076 1161 3158 1216 vel
3174 1168 3419 1231 quatuor
3436 1163 3621 1215 virum

1973 1232 2095 1301 juri
2127 1233 2369 1288 dicendo
2391 1234 2447 1287 in
2500 1233 2861 1300 municipiis,
2929 1240 3030 1288 aut
3078 1233 3620 1302 quinquennalium,

1977 1304 2147 1373 (quod
2180 1304 2570 1373 conspicimus
2594 1306 2652 1358 in
2700 1304 3013 1373 Casinati);
3048 1305 3123 1358 ita
3180 1304 3283 1358 hoc
3321 1304 3378 1357 in
3437 1303 3627 1372 lapide

1978 1389 2044 1429 ex
2068 1375 2260 1428 ruinis
2290 1375 2449 1429 Antii
2473 1374 2677 1431 effosso
2714 1376 2928 1445 signati
2962 1380 3097 1431 sunt
3144 1374 3381 1445 Romani
3408 1388 3627 1429 consu—

1979 1445 2060 1499 les
2090 1446 2551 1501 ordinariiserie
2604 1444 2962 1515 continuata,
3020 1446 3187 1515 cujus
3244 1444 3622 1515 fragmentum

1977 1520 2268 1585 superstes
2293 1517 2525 1573 inchoat
2543 1518 2895 1573 aconsulatu
2921 1518 3021 1573 Cn.
3051 1517 3349 1571 Acerronil
3378 1515 3624 1585 Proculi,

1973 1594 2029 1659 et
2056 1590 2112 1641 C.
2149 1588 2621 1659 Pontiigxigrini,
2645 1589 2953 1645 emortuali
3002 1587 3242 1655 Tiberii,
3286 1601 3410 1642 terte
3436 1592 3623 1642 autem

1970 1657 2314 1731 Christianis
2339 1657 2426 1722 36,
2454 1657 2515 1714 et
2542 1661 2906 1731 pertingitad
2955 1659 3318 1731 consulatum
3355 1659 3623 1731 quintum

1970 1729 2189 1784 Tiberii
2223 1730 2470 1798 Claudii,
2508 1725 3030 1800 collega'Orphito,
3091 1743 3215 1784 terte
3267 1725 3482 1785 Chr—isti
3537 1725 3623 1784 45.

202 1796 565 1877 bu_s_epgchis
580 1796 962 1877 orientalium
981 1803 1035 1877 et
1052 1797 1505 1877 occidentalium
1522 1799 1857 1877 popul_o_rum
1888 1818 1941 1877 Β
1972 1800 2231 1877 Singulis
2251 1814 2381 1877 vero
2410 1796 2518 1855 sub
2556 1796 2820 1877 collegiis
2852 1796 3159 1877 consulum
3217 1800 3487 1877 leguntur
3529 1800 3626 1854 in-

202 1869 372 1925 orbis
404 1869 678 1924 Romani:
707 1869 856 1937 quod
892 1868 1057 1924 modo
1090 1870 1374 1939 integrum
1422 1876 1479 1924 et
1510 1868 1862 1925 cuStoditum

206 1942 264 1996 in
310 1940 623 2010 archetypo
652 1942 882 1994 Romam
917 1940 1134 2009 perlato
1178 1941 1235 1994 in
1272 1954 1524 1996 museum
1559 1941 1859 2004 Albanum,

203 2011 571 2067 nitidissime
610 2011 898 2080 scalptum
927 2012 1239 2081 cernimus,
1270 2019 1326 2066 et
1379 2018 1702 2080 opportune
1726 2025 1866 2081 pro-

201 2083 482 2138 ducimus
506 2084 574 2138 ad
602 2097 745 2138 teras
776 2083 1076 2137 universas
1103 2082 1210 2138 hoc
1265 2083 1487 2151 duplici
1549 2084 1865 2152 specimine

204 2154 614 2222 illustrandas,
644 2160 700 2209 et
722 2154 1103 2210 stabiliendas
1127 2153 1184 2209 in
1208 2155 1424 2209 nostris
1446 2154 1662 2211 tabulis
1688 2155 1865 2210 chro-

202 2225 521 2296 nologicis,
550 2232 605 2281 et
630 2226 1046 2297 antiquitatum
1095 2225 1477 2297 genuinarum
1522 2225 1867 2283 auctoritate

201 2310 312 2367 per
349 2310 534 2352 annos
561 2297 822 2367 singulos
846 2296 1219 2353 conﬁrmatis.

272 2369 496 2423 Mamor
522 2368 705 2439 igitur
723 2369 971 2437 primum
992 2369 1214 2424 Latinis
1250 2367 1467 2424 litteris
1486 2368 1861 2439 insculptum,

200 2440 344 2494 etin
375 2438 589 2511 veteris
610 2440 769 2511 Antii
828 2438 1138 2511 ruderibus
1198 2446 1506 2511 repertum,
1563 2445 1650 2496 est
1702 2438 1864 2508 frag—

205 2515 468 2581 mentum
498 2510 704 2566 tabula:
723 2509 1046 2580 amplioris,
1091 2511 1149 2566 in
1184 2524 1295 2581 qua
1340 2509 1691 2581 dispdsitum
1718 2524 1862 2566 con-

201 2580 507 2637 tinebatur
566 2581 974 2637 Kalendarium
1030 2580 1348 2650 lulianum,
1422 2580 1480 2637 in
1561 2583 1861 2639 columnas

195 2653 511 2708 duodecim
540 2653 919 2709 distributum
955 2667 1051 2722 per
1071 2654 1304 2709 totidem
1346 2654 1482 2708 anni
1536 2667 1773 2721 menses,
1803 2659 1859 2708 et

202 2724 563 2779 instructum
583 2725 785 2779 dietim
818 2725 1023 2779 iisdem
1044 2724 1207 2793 plane
1227 2724 1443 2780 litteris
1461 2724 1857 2781 indicantibus

196 2795 333 2849 dies
360 2795 557 2865 fastos,
591 2795 856 2863 nefastos,
889 2802 944 2850 et
1001 2796 1344 2866 comitiales,
1392 2810 1608 2852 necnon
1634 2802 1854 2851 aetatem

199 2866 362 2939 lunae
395 2879 493 2939 per
517 2867 737 2937 cyclum
773 2873 1240 2939 octagrammum,
1312 2882 1437 2937 qua:
1494 2868 1763 2939 leguntur
1795 2867 1852 2921 in

199 2937 576 3005 Farnesiano,
614 2952 712 3006 per
745 2939 891 2994 alios
912 2937 973 2993 et
996 2953 1093 3008 per
1118 2953 1222 2994 nos
1267 2940 1423 2995 edito
1467 2945 1523 2993 et
1558 2937 1854 3007 explicato

201 3009 264 3062 in
306 3008 461 3063 libro
480 3008 922 3080 deAKalendario
952 3019 1006 3065 et
1044 3011 1212 3080 Cyclo
1235 3011 1497 3066 Caesaris.

276 3081 490 3134 Praeter
557 3078 697 3135 festa
749 3082 1035 3150 praecipua
1090 3078 1474 3138 Romanorum
1528 3086 1586 3136 et
1639 3080 1857 3135 indicia

200 3150 797 3221 ludorum,leguntur
828 3152 885 3206 in
930 3152 1033 3208 hoc
1079 3153 1323 3223 Antiati
1350 3153 1603 3223 propriis
1652 3152 1860 3207 diebus

197 3224 459 3291 ascripta
476 3231 629 3293 gesta
649 3223 933 3292 praecipua
949 3224 1276 3292 principum
1303 3222 1539 3278 familia:
1590 3224 1777 3291 Julite,
1806 3230 1861 3277 et

204 3295 266 3348 in
325 3295 582 3349 eamdem
639 3295 972 3361 ascitorum,
1057 3294 1296 3363 natales,
1345 3294 1566 3362 funera,
1601 3308 1633 3349 a
1704 3294 1860 3349 Julio

201 3365 432 3419 Caesare
458 3365 740 3420 dictatore
758 3366 828 3421 ad
859 3371 1077 3420 astatem
1100 3366 1364 3435 Claudii;
1391 3366 1540 3420 inter
1565 3380 1690 3435 quae
1714 3364 1858 3420 illud

202 3435 513 3491 observare
534 3449 646 3491 non
673 3438 1021 3507 pigeatquod
1036 3436 1130 3492 die
1145 3434 1215 3492 20
1226 3437 1470 3507 Augusti
1487 3434 1861 3507 consignatur

204 3453 513 3491 Observare
534 3453 646 3491 non
673 3453 1021 3561 pigeatquou
1036 3453 1130 3492 uie
1145 3453 1470 3507 auaugusu
1487 3453 1861 3507 consignatur

204 3520 413 3575 nempe
447 3508 707 3561 INFERIAE
787 3547 800 3561 .
820 3508 1107 3563 CAESARIS.
1126 3509 1284 3563 Diem
1312 3507 1681 3563 emortualem
1700 3507 1862 3563 Lucii

203 3578 456 3633 Caesaris
481 3591 634 3633 nunc
667 3579 913 3647 primum
952 3593 1022 3633 ex
1084 3579 1191 3634 hoc
1237 3579 1455 3633 Antiati
1516 3578 1863 3635 Kalendario

207 3655 449 3713 certam,
480 3649 557 3704 ita
593 3649 849 3719 proxime
879 3650 1212 3705 deﬁniverat
1262 3650 1417 3705 card.
1473 3650 1749 3704 Norisius
1804 3651 1864 3703 in

205 3722 408 3776 Ceuot.
442 3718 747 3790 Pis.,’pag.
776 3718 903 3786 265,
935 3729 997 3777 ut
1021 3721 1500 3776 demonstraverit
1539 3720 1761 3776 obitum
1785 3721 1866 3775 il—

210 3792 333 3848 lius
362 3791 648 3860 principis
671 3791 865 3847 deberi
895 3792 1073 3847 alicui
1096 3792 1387 3847 exdiebus
1412 3793 1747 3860 interceptis
1770 3793 1870 3846 iu—

210 3806 333 3848 llus
403 3806 648 3860 l'lﬂClplS
671 3806 865 3847 deberi
895 3806 1073 3847 alicui
1096 3806 1387 3847 exalenus
1412 3806 1747 3860 interceptis
1770 3806 1864 3846 Ill-

207 3871 299 3920 ter
324 3806 397 3918 lg
418 3868 476 3917 et
498 3859 561 3917 21
588 3865 860 3933 Augusti,
887 3869 1082 3919 contra
1103 3863 1395 3919 Salianum
1420 3870 1475 3918 et
1501 3862 1864 3929 Ricciolium,

208 3933 614 4005 protrahentes
653 3934 721 3989 ad
776 3934 1165 3990 Decembrem.
1247 3934 1551 4005 Norisiani
1610 3934 1863 4002 computi

204 4004 428 4062 veritas
455 4010 514 4061 et
537 4005 787 4061 felicitas
831 4006 935 4061 hoc
980 4019 1261 4061 marmore
1308 4004 1669 4074 comprobata
1720 4006 1866 4059 tanti

210 4091 329 4133 non
350 4082 523 4145 esset,
554 4078 624 4132 ad
674 4077 1106 4148 chronologiam
1130 4083 1194 4131 ut
1247 4078 1486 4146 ipsemet
1534 4076 1759 4148 scribit,
1816 4077 1866 4148 si

211 4161 306 4204 res
333 4148 593 4217 ejusdem
619 4148 904 4218 principis
926 4146 1147 4204 tantum
1176 4149 1506 4218 attingeret.
1550 4146 1710 4216 Quod
1735 4147 1870 4202 inde

214 4188 1506 4289 EB‘BQ'EEE‘ifﬁ‘i-f'ﬁé'éﬁ'ﬁti35;"Euit'6'"p‘ii{r‘i§
1526 4188 1868 4274 η’ἔῦἔιῖιιήὦ.

209 4291 607 4360 Consequitur
626 4298 816 4346 autem
841 4297 1210 4362 augmentum
1248 4291 1472 4347 ﬁducia:
1522 4290 1870 4362 industriam

214 4369 475 4417 nostram
505 4362 764 4417 excitans
794 4363 861 4417 ad
904 4361 1237 4424 pontiﬁcum
1282 4369 1610 4419 nostrorum
1628 4361 1873 4432 epochas

213 4432 620 4489 stabiliendae.
648 4433 888 4489 Perinde
909 4434 1060 4488 enim
1091 4441 1330 4503 possunt
1352 4448 1421 4489 ex
1448 4434 1663 4490 tabulis
1693 4433 1875 4499 depo-

212 4504 614 4560 sitionumSS.
644 4512 955 4574 martyrum
1009 4512 1066 4560 et
1101 4504 1456 4574 pontiﬁcum,
1513 4518 1704 4560 annuo
1754 4504 1876 4559 ritu

1971 1872 2093 1927 cisa
2114 1872 2346 1927 nomina
2395 1885 2491 1927 sex
2546 1874 2971 1943 magistrorum,
3029 1873 3115 1927 vel
3180 1886 3279 1942 pro
3313 1873 3626 1943 magistro:-

1976 1957 2125 2011 rum,
2158 1943 2256 2012 qui
2293 1945 2609 2015 quotannis
2665 1944 3027 2015 eligebantur
3071 1944 3383 2015 adcuram
3413 1942 3500 2015 vel
3540 1942 3609 1996 ad

1977 2015 2290 2084 impensam
2325 2014 2590 2070 ludorum
2617 2028 2647 2069 e
2673 2013 2993 2085 corporatis
3016 2014 3227 2081 vernis,
3288 2015 3409 2068 sive
3438 2013 3627 2085 liber-

1972 2083 2571 2157 tisdomusAugustre
2611 2087 2670 2140 in
2727 2083 2946 2141 Antiati
2996 2099 3224 2157 secessu
3283 2083 3625 2157 degentibus

1972 2156 2160 2227 (quem
2190 2171 2221 2211 a
2251 2154 2468 2211 Tiberii
2491 2163 2654 2212 aetate
2671 2158 2740 2212 ad
2762 2157 3079 2213 Adrianum
3135 2154 3453 2227 principem
3508 2154 3628 2227 fre-

1975 2224 2311 2300 quentatum
2331 2227 2402 2282 ab
2428 2228 2706 2300 Augustis
2725 2229 2949 2284 ostendi
3001 2229 3059 2283 in
3093 2224 3343 2300 epistola
3361 2224 3626 2300 delapide

1974 2295 2195 2355 Antiati
2221 2312 2289 2354 ex
2346 2295 2679 2355 testimonio
2713 2307 2967 2355 veterum
3027 2295 3399 2368 scriptorum)
3428 2302 3485 2352 et
3513 2296 3623 2368 ad-

1974 2370 2151 2425 dictis
2181 2370 2461 2439 peculiari
2484 2370 2691 2436 oﬁicio,
2715 2377 2770 2427 et
2799 2370 3031 2440 opiﬁcio
3085 2366 3410 2440 sigillatim,
3445 2366 3628 2440 utvi-

1974 2386 2151 2425 alCllS
2181 2386 2461 2439 peculiari
2484 2386 2691 2436 OlllClO,
2715 2386 2770 2427 et
2799 2386 3031 2440 OplnClO
3085 2386 3133 2426 sn
3181 2386 3410 2435 Illaum,
3445 2386 3508 2423 ut
3532 2386 3625 2421 vn—

1973 2441 2161 2520 detur,
2198 2440 2460 2520 indomo_
2475 2442 2752 2520 Augusta.
2781 2443 2944 2520 Clare
2964 2386 3271 2520 admogum
3331 2438 3625 2520 conspici-

1971 2517 2070 2567 tur
2090 2508 2401 2568 Vsnmnuu
2427 2508 2806 2570 Diss'Fssrus
2852 2514 2932 2568 ita
2963 2513 3227 2583 signatus
3254 2511 3313 2565 in
3343 2508 3443 2583 illo
3472 2522 3626 2564 mar-

1972 2596 2123 2638 more
2146 2584 2241 2639 die
2270 2585 2304 2636 6
2326 2584 2631 2653 Octobris;
2663 2590 2720 2640 et
2748 2586 2896 2640 inter
2926 2581 3229 2654 magistros
3281 2581 3389 2637 sub
3411 2594 3627 2654 consu-

1968 2653 2087 2709 latu
2117 2654 2243 2709 Tib.
2269 2656 2499 2711 Claudii
2524 2650 2765 2711 Caesaris
2790 2665 2845 2711 et
2866 2650 3085 2711 Vitellii
3140 2656 3187 2709 Il
3240 2654 3385 2723 (terte
3462 2650 3625 2706 Chri-

1964 2726 2165 2780 stiana
2187 2724 2273 2795 43)
2305 2728 2519 2795 legitur
2550 2729 2894 2782 Lvsmxcuus
2919 2739 3169 2781 .eolruus
3196 2725 3295 2780 Dei
3350 2723 3441 2779 sui
3480 2724 3629 2778 Vsa-

1964 2810 2129 2852 NANl:
2166 2811 2333 2867 quem
2364 2798 2589 2853 scilicet
2608 2800 2839 2869 genium
2870 2812 3039 2854 suum
3089 2797 3399 2869 tutelarem
3416 2799 3471 2849 et
3495 2806 3629 2869 _pa-

1964 2863 2200 2923 tronuni
2225 2869 2513 2939 elegerant
2549 2863 2834 2939 corporati
2872 2870 2968 2925 isti
3011 2882 3203 2939 verna;
3246 2874 3302 2923 et
3344 2867 3439 2921 die
3486 2863 3630 2920 festo

1966 2939 2247 3011 peculiari
2275 2938 2663 2995 celebrabant.
2693 2941 2935 3011 Opiﬁcia
2961 2946 3017 2994 et
3077 2938 3463 3011 professiones
3492 2950 3629 3011 pro-

1968 3006 2495 3093 pritelibertorusm
2528 3006 2906 3093 etnvern‘arum
2938 3006 3144 3093 domus
3198 3010 3468 3093 Augustae
3520 3006 3631 3093 ob-

1966 3088 2267 3159 servantur
2292 3082 2804 3159 passimﬁadjunctte
2843 3080 3176 3137 nominibus
3220 3080 3624 3159 singulorum:

1891 3180 1938 3241 Ο
1968 3158 2106 3207 sunt
2130 3149 2460 3241 autemmillaa
2492 3149 2742 3241 Plsroa,“
2775 3155 3160 3219 Juscumnws,
3216 3149 3465 3241 utarison,
3515 3149 3628 3241 Te—

1967 3237 2260 3290 GULARlUS,
2311 3226 2629 3290 TOPlARIUS,
2705 3226 3174 3291 PAVIMENTARIUS,
3227 3224 3625 3289 DISPENSATOR,

1969 3296 2291 3363 Sunuucus,
2340 3309 2372 3348 Α
2468 3296 2884 3358 SUPELLECTILE,
2935 3308 2969 3349 Α
3054 3294 3400 3355 COBINTllllS,
3494 3295 3626 3359 etc.,

1968 3366 2097 3421 alize
2128 3379 2357 3435 quoque
2382 3364 2696 3419 nobiliores
2716 3370 3029 3421 occurrunt
3050 3366 3267 3426 Plcron,
3307 3364 3624 3435 Arniensis,

1972 3432 2321 3504 MEDlG_US,_A
2382 3437 2761 3491 BIBLIOTHECA.
2830 3438 3035 3493 Verum
3093 3436 3209 3491 haec
3261 3432 3627 3504 expendenda

1972 3510 2337 3564 reservamus
2371 3508 2747 3577 explicationi
2805 3507 3083 3578 peculiari
3140 3507 3379 3576 hujusce
3420 3516 3633 3560 monu—

1975 3580 2170 3648 menti,
2205 3594 2311 3635 suo
2336 3581 2459 3635 loco
2480 3580 2736 3634 edendae.

2044 3651 2438 3719 Chronologize
2471 3651 2757 3706 utilitates
2787 3651 2883 3706 hic
2910 3648 3303 3705 tantummodo
3350 3653 3487 3703 sunt
3536 3649 3627 3700 at—

1977 3721 2278 3791 tingendae.
2313 3722 2538 3790 Epocha
2593 3736 2793 3792 pugnae
2844 3727 2901 3777 et
2956 3733 3222 3775 Vlcroams:
3268 3720 3629 3792 PBABSALICA';

1980 3787 2871 3863 ibi‘adnotata‘legituﬁad’diem
2905 3806 3109 3848 nonam
3140 3791 3353 3847 mensis
3381 3787 3632 3859 Augusti

1978 3865 2153 3917 Divus
2175 3864 2295 3917 JUL.
2325 3864 2651 3919 Pnaasamls
2679 3878 2843 3920 VlClT.
2872 3866 2997 3919 Haec
3051 3863 3232 3919 nullis
3288 3871 3631 3917 monumen-

1977 3934 2058 4012 tis
2084 3939 2236 4012 certa
2279 3932 3164 4012 hactenus__reddehatu_r,__licet
3209 3932 3630 4012 felicissimum

1980 4004 2277 4074 ingenium
2308 4018 2414 4060 em.
2440 4006 2758 4063 cardinalis
2796 4007 3014 4063 Norisii
3045 4020 3113 4063 ex
3137 4005 3368 4063 collatis
3388 4004 3633 4074 auctori-

1978 4072 2474 4149 lat‘ibusiveterum
2517 4078 2862 4147 scriptorum
2908 4092 3075 4149 quam
3101 4072 3634 4149 proximeadillam

1981 4148 2255 4220 acesserit
2306 4149 2363 4203 in
2427 4150 2649 4218 Epocha
2713 4147 3250 4220 Syromacedonum,
3320 4148 3554 4204 dissert.
3579 4147 3632 4212 3,

1980 4233 2101 4288 cap.
2135 4216 2186 4273 5.
2216 4220 2450 4274 Praestat
2474 4216 2720 4276 attamen
2754 4216 3034 4276 omnibus
3077 4220 3441 4276 documentis
3486 4224 3639 4272 tem—

1983 4303 2185 4360 porum
2208 4290 2390 4345 hocin
2411 4291 2601 4361 lapide
2618 4293 2974 4362 consignatis
2986 4292 3163 4347 series
3186 4292 3286 4347 illa
3307 4288 3631 4362 consulum.

1984 4376 2109 4433 qua:
2138 4361 2268 4430 plus
2298 4360 2485 4432 quam
2507 4364 2716 4433 viginti
2752 4360 2910 4433 paria
2944 4364 3126 4418 incisa
3154 4362 3335 4419 fuisse
3385 4360 3641 4416 ostendit

1984 4432 2123 4487 huic
2155 4435 2423 4489 marmori
2453 4432 2627 4504 supra
2666 4432 2771 4490 hoc
2814 4441 3083 4490 semestre
3139 4435 3390 4503 spatium
3434 4439 3639 4504 exten—

1985 4517 2113 4559 sum
2140 4516 2172 4558 a
2200 4503 2355 4560 Julio
2407 4507 2476 4561 ad
2530 4502 2913 4560 Decembrem.
2957 4502 3213 4560 Totidem
3233 4518 3360 4560 cum
3405 4502 3642 4558 referret

206 4575 287 4630 ab
318 4574 570 4631 Ecclesia
594 4570 1050 4645 memoratarum,
1101 4570 1232 4632 dies
1278 4570 1603 4632 earumdem
1634 4576 1872 4643 ﬁrmari,
1904 4570 1960 4632 D
1988 4574 2308 4645 praecedens
2359 4582 2627 4630 semestre
2677 4576 3037 4644 deperditum
3067 4588 3097 4629 a
3132 4589 3321 4631 mense
3365 4575 3641 4628 Januario

209 4646 431 4702 selecta
464 4647 514 4701 si
538 4649 928 4717 adiunguntur
956 4653 1323 4703 monumenta
1358 4654 1413 4702 et
1434 4653 1835 4716 comparentur
1857 4651 1872 4698 ξ

212 4731 288 4773 ac
321 4717 513 4789 potuit
540 4731 610 4773 ex
670 4731 947 4774 marmore
1013 4720 1308 4774 Antiatum
1366 4718 1715 4789 recognosci,
1769 4717 1875 4773 illo

211 4788 491 4859 nondum
524 4797 848 4859 conspecto,
883 4790 1035 4845 diem
1064 4796 1250 4845 tamen
1272 4789 1468 4846 obitus
1508 4788 1583 4845 ’L.
1635 4790 1875 4845 Caesaris

211 4859 440 4931 optime
469 4857 650 4916 fuisse
670 4857 984 4917 deductum
1016 4861 1339 4931 aequalibus
1389 4875 1457 4916 ex
1512 4860 1875 4916 documentis

212 4930 479 5003 lapidum
510 4938 565 4986 et
596 4946 962 4988 nummorum
998 4930 1097 5003 per
1118 4934 1416 4989 Norisium
1444 4937 1665 4987 mature
1686 4931 1875 5003 consi-

209 5001 476 5070 deratis;
505 5004 655 5072 quod
690 5001 1012 5073 prmstitum
1055 5004 1330 5060 similiter
1380 5004 1782 5074 cognoscimus
1814 5002 1873 5056 in

210 5074 749 5130 Circumscribenda
777 5075 873 5131 die
892 5091 1091 5145 pugna:
1138 5076 1485 5141 Pharsalica),
1537 5074 1674 5145 licet
1724 5086 1874 5128 nunc

212 5144 475 5271 ﬁrimum
526 5146 811 5202 declarata
878 5144 956 5202 sit
1017 5147 1122 5202 hoc
1182 5147 1239 5202 in
1292 5147 1486 5202 eodem
1558 5144 1875 5216 fragmento

265 5216 560 5271 alendarii
584 5218 654 5271 ad
686 5218 839 5271 diem
862 5232 892 5271 v
919 5217 1054 5271 ldus
1080 5218 1351 5271 Augusti.
1376 5228 1505 5271 cum
1534 5230 1646 5271 non
1704 5216 1875 5271 iano-

265 5216 560 5271 alendarii
584 5218 654 5274 ad
686 5218 839 5273 diem
862 5232 892 5273 v
919 5217 1054 5274 ldus
1080 5218 1351 5289 Augusti,
1376 5228 1505 5273 cum
1534 5230 1646 5273 non
1704 5216 1877 5287 igno-

216 5293 473 5343 raretur.

289 5358 603 5414 Doluimus
642 5359 883 5429 reperiri
916 5360 1310 5416 tantummodo
1351 5360 1607 5429 potuisse
1662 5363 1876 5428 partem

212 5431 468 5498 hujusce
497 5432 817 5501 marmoris,
871 5446 997 5502 qua:
1038 5434 1294 5488 continet
1339 5446 1437 5488 sex
1483 5443 1700 5486 menses
1738 5429 1876 5484 anni

211 5502 442 5556 Juliani
478 5504 876 5570 posterioresa
902 5504 1058 5559 Julio
1094 5504 1164 5560 ad
1232 5503 1611 5569 Decembrem,
1667 5514 1879 5570 eosque

214 5586 336 5627 non
370 5571 627 5643 integros
670 5587 799 5630 cum
854 5574 1047 5647 tabula
1104 5575 1474 5647 sequioribus
1520 5571 1788 5628 aetatibus
1816 5572 1875 5627 in

218 5649 417 5712 partes
448 5650 605 5700 secta
628 5651 731 5701 aut
752 5646 1042 5704 confracta
1070 5645 1336 5703 decadem
1378 5645 1601 5701 dierum
1651 5649 1877 5715 postre-

219 5728 375 5770 mam
398 5717 664 5773 amiserit
692 5718 749 5772 in
779 5718 1032 5788 singulis
1064 5717 1375 5774 mensibus.

290 5787 483 5860 Auget
524 5789 771 5860 pretium
803 5785 978 5860 hujus
1000 5787 1539 5857 monumenti,licet
1574 5785 1874 5860 confracti,

218 5858 409 5927 parsil
436 5858 713 5918 latabulm
726 5875 853 5932 qua:
878 5858 1053 5932 Supra
1079 5860 1489 5918 Kalendarium
1519 5859 1872 5929 extenditur,

1984 4647 2053 4701 ad
2085 4646 2341 4705 Junium.
2363 4647 2738 4715 consequitur
2764 4652 2826 4700 ut
2855 4646 2991 4699 anni
3019 4647 3280 4700 continui
3317 4645 3446 4714 plus
3464 4657 3635 4713 quam

2027 4718 2368 4788 uadraginta
2388 4730 2452 4771 ac
2477 4717 2709 4772 totidem
2737 4716 2896 4785 paria
2924 4718 3229 4773 consulum
3258 4716 3425 4771 nobis
3451 4722 3635 4770 osten-

1983 4733 2257 4844 gerentur
2281 4802 2311 4843 e
2343 4789 2526 4844 primo
2551 4786 2768 4842 Christi
2826 4786 3036 4842 saeculo
3073 4801 3170 4844 per
3221 4788 3457 4843 unicum
3483 4786 3635 4841 hunc

2025 4786 2257 4844 erentu'r
2281 4802 2311 4843 e
2343 4789 2526 4856 primo
2551 4786 2768 4842 Christi
2826 4786 3036 4842 saeculo
3073 4801 3170 4857 per
3221 4788 3457 4843 unicum
3483 4786 3637 4841 hunc

1986 4859 2254 4927 lapidem,
2280 4860 2498 4924 integer
2545 4860 2596 4914 si
2618 4860 2687 4914 ad
2721 4871 2824 4913 nos
2856 4860 3237 4928 pervenisset:
3270 4857 3632 4928 quibuscum

1983 4931 2117 4985 addi
2146 4935 2372 4999 possent
2397 4943 2464 4985 ex
2485 4942 2765 4985 marmore
2786 4930 3041 4985 Casinati
3075 4943 3269 4986 novem
3302 4929 3402 4999 ilia
3434 4940 3635 4999 consu-

1984 5000 2102 5056 lum
2123 4996 2363 5071 collegia
2384 5015 2449 5056 ex
2477 5002 2748 5071 Capitone
2772 5008 2826 5056 et
2850 5000 2996 5071 Rufo
3051 5002 3285 5071 (Christi
3308 4996 3395 5070 67)
3425 4999 3492 5053 ad
3526 4998 3639 5053 νεα

1984 5072 2238 5140 spasiani
2263 5072 2326 5127 Vl
2356 5079 2412 5127 et
2448 5073 2562 5128 Titi
2584 5070 2878 5141 V(Christi
2915 5069 3005 5141 75)
3032 5069 3279 5129 feliciter
3304 5074 3639 5141 praeservata

1985 5148 2044 5199 et
2070 5142 2315 5199 inferius
2342 5144 2618 5213 impressa
2655 5143 2714 5198 in
2757 5144 2909 5199 notis
2965 5147 3034 5202 ad
3058 5145 3115 5200 S.
3155 5144 3517 5203 Clementem,
3543 5141 3639 5196 vi-

1986 5212 2449 5288 deremusfastos
2469 5214 2805 5288 consulares
2830 5215 2958 5284 plus
2984 5229 3157 5288 quam
3175 5214 3410 5273 dimidii
3438 5212 3638 5288 saeculi

1988 5286 2046 5340 in
2077 5299 2189 5340 mra
2232 5286 2570 5357 Christiana
2626 5283 2911 5357 principis
2957 5283 3185 5345 duobus
3254 5283 3638 5342 marmoribus

1988 5357 2169 5429 musci
2211 5356 2416 5412 Albani
2473 5356 2889 5427 comp’robatos.
2937 5359 3258 5429 Supersunt
3300 5363 3547 5429 attamen
3569 5370 3640 5429 ex

1988 5428 2090 5483 illo
2122 5441 2361 5484 numero
2386 5426 2708 5500 complures
2733 5429 2791 5483 in
2839 5426 3084 5500 Antiati,
3142 5437 3205 5485 ut
3235 5442 3388 5484 {enea
3440 5426 3637 5500 tabula

1986 5500 2357 5568 demonstrat,
2388 5498 2635 5554 ﬁdeliter
2663 5514 2927 5569 expressa
2975 5516 3045 5558 ex
3072 5498 3418 5571 archetypo,
3442 5505 3498 5554 et
3540 5498 3636 5554 hic

1993 5571 2291 5627 inserenda
2318 5571 2656 5640 speciminis
2682 5573 2865 5643 gratia
2896 5587 2963 5628 ex
3006 5573 3344 5629 collectione
3387 5582 3637 5625 marmo-

1987 5656 2112 5699 rum
2143 5642 2475 5715 Latinorum
2495 5643 2564 5699 ad
2597 5642 3024 5715 chron010giam
3051 5644 3487 5715 pertinentium.

2057 5714 2331 5783 Produco,
2363 5728 2394 5770 e
2421 5714 2716 5785 lapidibus
2739 5712 2953 5771 Graecis
2972 5712 3226 5785 ejusdem
3274 5714 3457 5773 musei
3488 5712 3638 5769 emi-

1986 5786 2316 5841 nentissimi
2341 5786 2651 5858 Alexandri
2673 5787 2831 5843 card.
2860 5786 3091 5858 Albani,
3148 5787 3392 5845 alterum
3449 5785 3636 5840 docu—

1987 5863 2236 5915 mentum
2267 5862 2324 5914 et
2368 5857 2785 5917 ﬁrmamentum
2832 5857 3240 5932 chronolOgiae,
3286 5858 3636 5927 conjungens
