3994 6168
233 306 340 364 929

224 439 501 508 epocham
528 438 828 510 Tyriorum
855 452 985 495 cum
1012 452 1122 494 aera
1144 438 1475 510 consulari;

229 510 420 580 nexis,
470 508 669 567 omnes
709 510 951 581 reliquae
997 511 1254 567 Orientis
1295 518 1350 567 et
1396 508 1726 567 Occidentis
1755 508 1881 565 orbi

226 583 485 637 Romano
509 582 753 651 c0gnitze
780 582 1117 652 redduntur,
1152 596 1264 638 non
1297 582 1491 638 minus
1516 590 1703 638 certas.

296 653 495 707 Grzec’a
546 652 664 709 haec
710 652 902 709 tabula
950 652 1181 708 exhibet
1228 653 1528 723 epistolam
1579 653 1881 723 Tyriorum

224 724 381 793 apud
412 723 677 780 Puteolos
705 724 1057 795 degentium,
1088 725 1358 794 scriptam
1386 738 1421 779 x
1449 724 1732 780 Kalendas
1758 723 1884 795 Au-

223 794 865 865 gusti,GalloetFlacco
876 794 1216 851 consulibus
1231 796 1311 865 (id
1331 794 1884 852 estannoaarmChri-

220 836 1315 938 ξῦἳῆὶῖῶ’ὧΞὲῖἑῖἕέἴυἜἨι-Ξὲῖὄιῖὥ
1326 836 1883 938 ζ’ἕὲιῖἑίίὶἶηῗὲΐόόυιί.

225 936 350 992 lum
377 938 582 1008 patria:
603 936 741 1007 suae,
764 938 946 1008 Tyriae
967 938 1194 993 scilicet
1212 938 1493 1009 civitatis,
1519 951 1690 1007 quam
1714 936 1885 992 hone-

221 1014 386 1064 stant
408 1009 679 1065 omnibus
706 1009 901 1064 titulis
924 1010 1049 1078 ejus
1069 1010 1397 1080 dignitatis,
1423 1009 1604 1063 Sacrae
1626 1014 1675 1063 et
1696 1009 1884 1061 invio-

224 1080 356 1134 latae
387 1097 453 1134 ac
485 1082 600 1134 suis
641 1081 851 1146 legibus
880 1083 1105 1143 utentis,
1142 1082 1494 1150 Metropolcos
1526 1081 1806 1135 thniciaz
1834 1083 1884 1132 et

217 1152 474 1221 plurium
518 1153 801 1205 civitatum
838 1156 1003 1220 atque
1042 1152 1436 1215 Navarchidos,
1484 1167 1577 1205 seu
1619 1152 1879 1205 classicze.

223 1223 466 1279 Eosdem
501 1222 703 1277 titulos
730 1224 876 1292 Tyro
901 1223 1214 1279 attributos
1246 1224 1593 1293 produxerat
1627 1224 1731 1278 hoc
1757 1222 1883 1293 ipso

221 1308 287 1349 ex
314 1307 601 1349 marmore
622 1294 777 1349 card.
802 1294 1071 1365 Norisius
1090 1292 1505 1365 iguter’epochas
1523 1292 1879 1365 Syromaced.

222 1366 289 1420 de
327 1365 434 1420 illa
461 1378 639 1435 agens
667 1365 811 1421 diss.
844 1361 896 1432 4,
932 1379 1053 1434 cap.
1096 1363 1150 1431 3,
1187 1361 1588 1435 ubi'feliciter',
1622 1369 1687 1420 ut
1717 1364 1882 1435 solet,

222 1441 534 1491 assecutus
580 1436 814 1492 initium
858 1450 982 1491 arra:
1024 1436 1348 1506 Tyriorum,
1396 1436 1539 1491 illud
1585 1436 1884 1505 perspicue

221 1507 584 1562 demonstrat
599 1521 666 1563 ex
681 1506 841 1563 Actis
862 1507 1265 1563 conciliorum.
1287 1510 1365 1562 Ex
1381 1507 1609 1563 Gruteri
1631 1507 1693 1562 ed
1706 1506 1885 1562 itione

228 1578 1260 1634 mutuaturtantummodotitulorum
1282 1577 1884 1633 attributionem.Cor-

223 1650 361 1720 date
393 1651 450 1705 id
488 1650 718 1720 quidem
755 1668 770 1718 ;
805 1663 933 1705 nam
979 1649 1202 1705 schedre
1245 1649 1555 1716 Pighianze,
1591 1662 1622 1704 a
1666 1649 1885 1719 quibus

220 1718 520 1777 Gruterus
548 1721 789 1789 excepit,
822 1720 1271 1776 obliteraverant
1304 1721 1531 1791 insigne
1561 1718 1883 1776 documen-

224 1797 349 1848 tum
375 1806 503 1848 εει-ω
526 1792 846 1863 Tyriorum.
872 1793 1022 1862 quod
1055 1793 1112 1863 in
1138 1792 1351 1848 recenti
1374 1793 1707 1847 Gruteriani
1739 1806 1883 1861 ope—

225 1863 308 1919 ris
345 1864 606 1919 editione
638 1863 872 1932 perinde
903 1863 1059 1931 latet,
1095 1862 1229 1919 licet
1260 1863 1588 1933 complures
1617 1871 1881 1919 auctores

227 1934 304 1988 ibi
356 1935 769 2003 producantur,
806 1935 902 2005 qui
935 1934 1191 2005 ejusdem
1225 1934 1440 2004 lapidis
1472 1934 1878 2005 meminerunt.

223 2006 462 2060 Nemini
489 2020 558 2061 ex
585 2005 678 2061 his
705 2004 897 2061 datum
927 2004 1041 2061 fuit
1066 2008 1434 2076 archetypum
1465 2004 1721 2061 conferre
1752 2021 1878 2061 cum

221 2077 467 2149 schedis
514 2077 833 2149 Pighianis.
876 2077 1169 2135 Vidissent
1216 2076 1465 2149 profecto
1510 2078 1794 2147 integrum
1828 2082 1885 2132 et

225 2147 605 2203 manifestum
664 2150 1066 2204 documentum
1131 2163 1257 2204 aera:
1316 2148 1618 2218 Tyriorum
1673 2160 1761 2201 ccc
1816 2161 1882 2202 ex

221 2224 514 2274 autumno
548 2220 884 2289 respondere
923 2220 1263 2276 consulibus
1300 2221 1484 2276 Tusco
1524 2225 1580 2274 et
1608 2219 1772 2273 Gallo
1801 2218 1884 2289 (in

220 2304 335 2345 aera
374 2290 596 2346 Christi
644 2287 784 2361 174).
827 2292 940 2346 Hoc
976 2292 1167 2361 ipsum
1210 2296 1469 2361 apertum
1519 2290 1753 2345 reddere
1784 2287 1883 2359 par

222 2369 328 2423 est,
372 2367 677 2433 postquam
710 2361 1027 2417 cardinalis
1054 2363 1259 2418 Albani
1288 2361 1563 2417 beneflcio
1591 2361 1647 2415 in
1681 2361 1883 2416 Urbem

224 2433 519 2503 perlatum
536 2433 1022 2489 marmorillustre
1039 2434 1229 2489 reddit
1247 2433 1640 2489 testimonium
1657 2433 1885 2501 epochae

221 2505 388 2575 Tyri,
426 2505 643 2573 optime
675 2505 909 2574 pariatze
950 2520 980 2559 a
1028 2505 1311 2560 cardinali
1343 2504 1595 2572 Norisio,
1629 2517 1696 2558 ex
1725 2503 1885 2558 Actis

222 2575 643 2644 conciliorum,
672 2590 797 2631 cum
821 2589 932 2631 mra
953 2576 1282 2631 Christiana
1304 2581 1358 2630 et
1384 2589 1512 2630 cum
1537 2575 1721 2629 Fastis
1742 2588 1889 2630 con-

221 2646 351 2703 sula
365 2646 538 2702 ribus
565 2648 966 2716 Romanorum,
993 2649 1144 2702 unde
1165 2660 1527 2702 commensus
1554 2647 1886 2701 tutissimus

223 2718 546 2790 colligitur
561 2732 689 2790 cum
709 2719 931 2790 caeteris
951 2718 1220 2774 omnibus
1240 2717 1626 2790 chronologia:
1643 2717 1890 2772 cardini-

223 2788 336 2845 bus
380 2788 540 2859 apud
590 2789 910 2845 Orientales
953 2796 1007 2845 et
1050 2788 1464 2846 Occidentales.
1509 2791 1572 2844 In
1615 2802 1893 2844 marmore

227 2860 422 2932 igitur
452 2860 766 2932 Puteolano
798 2860 915 2916 hzec
946 2860 1336 2916 observantur.

296 2930 1027 3001 Inscriptionisexordium
1044 2938 1130 2988 est
1148 2932 1279 2987 titul
1293 2931 1647 3001 usepistolai,
1666 2930 1894 3000 scripta:

224 3002 321 3058 die
348 3004 562 3057 decimo
588 3004 714 3057 Kal.
760 3006 1018 3071 Augusti,
1056 3006 1223 3057 Tusco
1253 3008 1303 3057 et
1341 3003 1496 3057 Gallo
1523 3002 1833 3056 consulibus
1862 3015 1895 3056 a

224 3075 427 3144 Tyriis
492 3075 641 3143 apud
700 3075 966 3131 Puteolos
1031 3075 1338 3130 stationem
1402 3073 1770 3141 habentibus,
1823 3074 1892 3129 ad

225 3152 510 3237 ξερξιιρηξ
524 3145 1053 3237 esseputre
1079 3160 1252 3237 suos:
1280 3150 1335 3229 at
1365 3144 1892 3237 ql‘fde_‘3‘_i."_‘2‘3‘1"3
1926 3174 1975 3237 α

224 3216 457 3273 litteris
482 3215 887 3288 amplioribus,
917 3216 1053 3273 licet
1077 3218 1323 3288 Gruteri
1343 3217 1501 3288 prior
1526 3221 1583 3272 et
1609 3224 1895 3285 postrema

224 3288 416 3344 editio
484 3288 729 3343 minutis
792 3288 1225 3345 characteribus
1288 3287 1525 3343 titulum
1586 3287 1891 3356 exprimat,

229 3359 482 3429 perinde
514 3373 578 3414 ac
608 3359 657 3415 si
688 3365 878 3415 essent
907 3365 1051 3415 notae
1086 3361 1280 3430 potius
1309 3371 1478 3429 quam
1512 3357 1889 3430 parsinscri-

230 3428 486 3501 ptionis.
522 3431 601 3486 Ita
630 3431 783 3487 enim
814 3428 1241 3501 exprimumtur
1270 3428 1477 3487 litterae
1506 3428 1669 3486 tituli
1700 3448 1712 3484 :

406 3534 780 3591 EHICTOAH
821 3536 1165 3592 ΓΡΑΦΕΙΟΑ
1202 3537 1291 3590 ΤΗ
1332 3534 1579 3606 ΠΟΛΕΙ,
1620 3539 1727 3590 etc.

376 3624 632 3695 Epistola
662 3626 866 3695 scripta
889 3628 1119 3688 civitati,
1147 3630 1253 3680 etc.

305 3715 445 3770 Post
483 3713 629 3768 hanc
659 3713 958 3782 epistolam
994 3714 1176 3770 incidi
1208 3720 1487 3770 curarunt
1513 3713 1670 3783 Tyrii
1705 3712 1901 3769 statio-

234 3800 362 3841 nem
396 3784 677 3839 habentes
705 3786 958 3841 Puteolis
989 3787 1123 3841 Acta
1152 3790 1386 3841 senatus
1413 3786 1711 3855 Tyriorum
1742 3798 1804 3839 ea
1830 3785 1902 3840 de

234 3872 293 3913 re
318 3856 519 3913 coacti
550 3860 675 3925 post
703 3864 980 3926 receptam
1010 3856 1333 3927 epistolam,
1370 3853 1547 3911 diem
1579 3857 1779 3910 mensis
1809 3857 1902 3911 Dii

230 3928 356 4055 lfqui
417 3928 716 3983 secundus
781 3935 903 3982 erat
968 3928 1026 3982 in
1078 3942 1228 3983 anno
1279 3927 1797 3996 Syromacedonum
1844 3931 1902 3982 et

276 4000 572 4055 vriorum.
603 4004 667 4054 ut
697 3998 965 4054 laudatus
994 3998 1151 4054 card.
1185 3999 1453 4054 Norisius
1478 3999 1750 4055 ostendit.
1784 3998 1902 4053 dia-

274 4000 572 4069 yriorum,
603 4004 667 4054 ut
697 3998 965 4054 laudatus
994 3998 1151 4054 card.
1185 3999 1453 4054 Norisius
1478 3999 1750 4067 ostendit,
1784 3998 1905 4053 dia-

233 4082 500 4142 gramma
528 4070 1001 4142 producensanni
1022 4076 1080 4125 et
1099 4072 1379 4125 mensium
1400 4070 1724 4140 Tyriorum,
1751 4069 1903 4142 pnde

236 4138 816 4213 cognosciturdiem
847 4138 939 4213 2t
960 4142 1174 4198 mensis
1202 4142 1309 4213 Dii
1332 4138 1544 4211 pariari
1586 4138 1719 4196 cum
1745 4138 1781 4194 8
1805 4142 1905 4195 De-

234 4211 496 4269 cembris
519 4211 656 4284 anni
678 4212 895 4284 Juliani
919 4212 1355 4284 Romanorum);
1375 4228 1519 4266 anno
1541 4214 1904 4284 trecentesimo

256 4282 562 4351 inchoato)
588 4296 710 4337 aera:
735 4283 1058 4353 Tyriorum,
1089 4298 1158 4339 ex
1186 4285 1282 4339 die
1305 4282 1375 4338 ⁷49
1401 4284 1613 4339 mensis
1637 4282 1904 4338 Octobris

284 4355 515 4421 omani,
551 4354 620 4408 de
648 4367 802 4409 more
826 4367 1040 4411 annum
1074 4355 1421 4412 inchoantis.
1452 4357 1606 4411 lianc
1639 4368 1809 4410 aeram
1837 4368 1904 4410 ex

230 4426 404 4497 Actis
431 4432 1016 4497 senatusexpressam
1049 4430 1305 4497 proxime
1329 4442 1360 4483 a
1394 4427 1638 4496 receptis
1668 4425 1903 4497 litteris,

232 4496 400 4570 datis
428 4511 462 4551 χ
491 4495 621 4570 ΚεὶΙἶ
654 4495 909 4570 Augusti
949 4495 1131 4554 TuSco
1158 4505 1213 4554 et
1238 4498 1403 4555 Gallo
1433 4495 1795 4570 consulibus,
1826 4495 1905 4553 ita

238 4568 500 4625 incisam
535 4566 777 4624 exhibet
798 4581 1047 4625 marmor
1073 4588 1085 4623 :

443 4677 734 4721 anmme
772 4678 997 4723 norant:
1036 4679 1330 4752 xxegsnx
1388 4668 1485 4727 ιῑλ.
1520 4684 1669 4730 Διοτ.
1707 4686 1833 4730 Tor.

913 4755 1115 4804 ETOI’C.
1162 4760 1234 4813 T.,
1277 4765 1366 4805 etc.

1389 306 1520 363 APP
1529 307 1745 363 ENDIX
1788 306 1882 363 AD
1918 305 2486 365 CHRONOLOGIAM.

3546 312 3653 371 930

1584 438 1715 494 ibus
1740 451 1886 494 con-
1913 438 1969 497 A
2000 451 2126 507 quae
2157 438 2355 493 Latine
2382 438 2469 507 ita
2496 438 2795 494 reddendas
2820 442 2989 494 sunt:
3018 438 3337 495 Colonorum
3366 448 3650 498 convocato

1996 506 2212 572 senatu,
2244 509 2339 565 die
2367 506 2429 565 21
2472 509 2687 566 mensis
2714 513 2827 571 Dii,
2860 512 2998 563 anni
3028 515 3401 578 tercentesimi,
3434 522 3542 569 etc.

2071 580 2174 636 Pro
2197 581 2289 636 his
2306 588 2495 637 autem
2516 581 2705 637 verbis
2727 582 3082 654 nitidissime
3096 588 3268 653 atque
3288 584 3652 654 integerrime

1998 650 2056 723 in
2116 664 2397 708 marmore
2452 654 2815 722 praeservatis
2864 652 3119 708 obtrusit
3167 650 3506 723 imprudens
3553 655 3651 710 ille

1993 721 2335 793 descriptor,
2362 721 2464 794 qui
2491 724 2636 779 hanc
2663 724 3101 793 inscriptionem
3126 721 3444 780 oscitanter
3458 738 3651 794 excep-

1995 797 2119 865 tam,
2162 794 2439 865 retulerat
2481 796 2539 850 in
2574 794 2756 851 libros
2802 795 3232 865 Antiquitatum
3282 796 3653 851 Bibliothecaa

1991 864 2148 919 card.
2184 864 2380 938 Μειπωί
2425 866 2592 922 verba
2623 881 2748 936 quae
2778 864 3124 937 sequuntur,
3168 867 3316 922 nihil
3346 868 3417 923 de
3446 867 3655 938 Tyrio—

1993 949 2119 991 rum
2165 950 2277 992 aera
2322 937 2643 993 indicantia
2677 940 2950 992 εαπολλων
3003 957 3089 991 του
3126 939 3457 1010 λησαχοεισης
3496 937 3548 990 δι
3598 957 3654 990 ου

1995 1025 2152 1067 ετους.

2066 1079 2274 1134 Mirum
2309 1084 2606 1149 propterea
2633 1081 2817 1137 videri
2846 1080 3087 1137 minime
3115 1080 3301 1145 debet,
3338 1080 3388 1135 si
3422 1080 3654 1136 advenm

1994 1148 2379 1224 descriptorcs
2419 1148 2819 1224 ’chronologiae
2869 1153 3206 1224 pontificum
3266 1152 3650 1224 Romanorum

1994 1221 2183 1293 aetatis
2208 1220 2485 1285 barbarie,
2511 1224 2609 1293 qui
2634 1220 2922 1279 extribus
2949 1223 3213 1278 basilicis
3240 1222 3656 1292 patriarchali-

1994 1290 2103 1347 bus
2131 1306 2333 1362 annos,
2365 1290 2586 1349 menses
2611 1309 2675 1351 ac
2699 1296 2825 1350 dies
2851 1290 3313 1350 transcribeba'nt
3341 1294 3497 1349 sedis
3522 1294 3655 1348 sin-

1995 1362 2262 1434 gulorum
2290 1365 2370 1420 ibi
2397 1366 2674 1436 depictos,
2704 1373 2758 1421 et
2780 1366 3075 1433 clongatos
3101 1365 3307 1434 palmis
3330 1364 3458 1434 plus
3482 1376 3653 1434 quam

1996 1436 2296 1508 sexagenis
2311 1436 2383 1491 ab
2403 1437 2590 1493 oculis
2614 1438 3083 1508 inspectantium,
3110 1442 3193 1491 tot
3217 1436 3437 1491 mendis
3462 1448 3656 1508 nume-

1995 1518 2191 1561 rorum
2226 1507 2623 1577 insperserunt
2649 1506 2787 1564 suos
2806 1508 3108 1580 Catalogos
3129 1508 3336 1580 raptim
3363 1506 3651 1562 transcri-

1997 1583 2122 1649 ptos
2147 1590 2213 1633 ex
2244 1580 2458 1647 pariete
2486 1593 2683 1647 parum
2715 1578 3135 1649 illustrato'per
3159 1578 3436 1634 fenestras
3461 1591 3653 1648 angu-

1995 1648 2237 1721 stiores;
2264 1664 2394 1705 cum
2416 1651 2736 1721 antiquarii
2760 1652 2950 1706 aetatis
2973 1648 3180 1705 nostra:
3202 1650 3561 1721 cultissimis,
3586 1662 3652 1703 ac

1993 1720 2317 1789 superioris
2347 1720 2575 1789 saeculi,
2602 1723 2739 1777 dum
2773 1723 2892 1777 haec
2924 1722 3122 1777 studia
3154 1720 3431 1776 ﬂorebant
3460 1725 3516 1775 et
3542 1720 3654 1775 ilo—

1912 1810 1964 1870 B
1996 1795 2140 1870 rent,
2178 1791 2430 1863 integras
2459 1793 2747 1870 dictiones
2789 1792 3191 1870 perverterint,
3224 1796 3654 1870 et_context_um

1992 1861 2323 1917 verborum‘
2366 1861 2833 1933 permutaverint,
2910 1868 3083 1933 atque
3108 1863 3223 1933 __ita
3292 1862 3657 1918 inemendata

1996 1933 2201 1988 iterum
2229 1918 2567 1990 excu'derint
2596 1918 2922 1990 ineonsulto
2948 1918 3273 2003 arche'iypo,
3302 1934 3451 2003 quod
3480 1938 3650 2002 pote-

1994 2011 2140 2073 rant,
2168 2009 2231 2059 ut
2255 2019 2405 2060 nunc
2433 2020 2758 2075 possumus,
2787 2020 2898 2061 non
2925 2005 3088 2061 modo
3119 2003 3307 2060 oculis
3336 2004 3654 2072 admovere,

1993 2075 2089 2130 sed
2123 2076 2295 2131 etiam
2327 2078 2593 2133 manibus
2619 2083 2991 2134 contrectare.
3026 2076 3208 2131 Unum
3235 2076 3340 2129 hoc
3366 2076 3655 2143 specimen

1994 2146 2138 2201 satis
2167 2146 2332 2202 docet
2362 2161 2589 2204 causam
2634 2150 2853 2205 erroris
2896 2150 2952 2203 in
2990 2146 3284 2217 Catalogis
3318 2145 3655 2217 festinanter

1994 2218 2326 2289 descriptis,
2353 2220 2666 2288 praesertim
2693 2233 2791 2289 per
2812 2219 3069 2289 hospites
3092 2214 3392 2289 regionum
3414 2214 3485 2270 ab
3506 2214 3656 2269 Urbe

1993 2288 2430 2357 elongatarum:
2467 2298 2520 2346 et
2553 2288 2867 2347 utilitatem
2902 2288 2967 2345 ac
2999 2288 3396 2344 necessitatem
3432 2299 3653 2341 consu—

1996 2358 2150 2414 lendi
2187 2367 2552 2417 monumenta
2584 2376 2714 2417 cum
2736 2361 3068 2430 archetypo,
3094 2360 3268 2415 etiam
3301 2361 3427 2430 post
3453 2357 3656 2430 editio-

1996 2443 2096 2485 nes
2129 2430 2361 2488 iteratas
2385 2434 2572 2488 aetatis
2600 2438 2826 2501 nostrae,
2857 2427 3001 2486 hanc
3029 2430 3254 2501 laudem
3284 2427 3645 2501 professaekin

1995 2502 2451 2571 antiquitatibus
2470 2505 2764 2559 emendate
2790 2498 2857 2559 ac
2884 2501 3131 2557 ﬁdeliter
3158 2500 3521 2555 exhibendis.
3550 2498 3654 2554 Sed

1996 2573 2064 2627 ad
2098 2572 2510 2643 inscriptionis
2554 2576 2875 2631 Puteolanas
2919 2574 3191 2643 epocham
3226 2572 3418 2643 redeat
3449 2583 3651 2625 sermo.

2078 2639 2445 2701 Annus-zerm
2486 2646 2830 2701 Christianae
2871 2639 3195 2699 communis
3229 2639 3662 2713 l7i,_signatus

2005 2714 2345 2772 consulibus
2365 2717 2530 2773 Gallo
2550 2723 2605 2771 et
2628 2717 2845 2784 Flacco,
2877 2729 3006 2770 cum
3037 2714 3272 2769 initium
3299 2711 3497 2768 alierat
3523 2711 3659 2766 anni

2005 2788 2392 2843 tercentesimi
2425 2802 2549 2843 mra:
2575 2788 2900 2857 Tyriorum.
2930 2785 3188 2854 expressi
3220 2785 3275 2839 in
3304 2783 3465 2857 Actis
3490 2796 3660 2837 sena-

2006 2862 2099 2928 tus
2134 2860 2313 2928 rogati
2347 2860 2415 2914 ad
2448 2860 2600 2913 diem
2620 2854 2693 2915 ’21
2736 2859 2949 2914 mensis
2978 2857 3094 2924 Dii,
3128 2857 3247 2928 sive
3278 2855 3345 2909 ad
3378 2854 3413 2909 8
3442 2856 3664 2928 Decem-

2002 2926 2127 3001 bris
2146 2924 2386 3001 Ju‘liani,
2413 2933 2478 2985 ut
2498 2944 2835 2999 responsum
2859 2931 3021 3001 daret
3041 2927 3299 3001 epistolae
3320 2939 3351 2980 a
3376 2924 3663 3001 populari-

2003 2997 2113 3053 bus
2145 3000 2271 3055 suis
2302 2996 2383 3055 ad'
2408 2996 2765 3069 ipsum'datac
2796 2998 3052 3055 Puteolis
3073 2996 3267 3053 eodem
3299 3009 3484 3069 anno,
3524 2996 3663 3051 diex

2004 3070 2286 3142 Kalendas
2308 3068 2575 3142 Augusti,
2604 3070 2930 3126 manifestat
2954 3069 3192 3125 initium
3215 3082 3339 3142 :erge
3359 3068 3661 3142 Tyriorum

2006 3140 2207 3199 cadere
2250 3142 2306 3197 in
2339 3135 2682 3198 autumnum
2728 3143 2864 3197 anni
2902 3146 3032 3197 ante
3075 3154 3244 3196 ieram
3275 3135 3495 3193 Christi
3535 3135 3657 3193 426.

2007 3213 2086 3266 Ex
2117 3213 2275 3269 Actis
2304 3214 2541 3268 concilii
2574 3214 2727 3281 Tyri,
2770 3212 3028 3268 recitatis
3061 3210 3375 3281 in_syn_odo
3419 3222 3663 3281 cacume-

2008 3283 2137 3340 nica
2184 3283 2334 3352 apud
2384 3279 2815 3349 Chalced‘orem,
2863 3282 3089 3336 actione
3117 3279 3172 3346 9,
3224 3279 3371 3352 idem
3424 3280 3660 3352 initium

2006 3349 2547 3426 optime—collegerat
2567 3353 2884 3426 cardinalis
2909 3352 3201 3426 Norisius.
3223 3349 3532 3426 Conﬁrmat
3560 3350 3666 3426 igi-

2007 3422 2104 3483 tur
2133 3440 2258 3483 serae
2290 3422 2465 3482 istius
2497 3426 2790 3481 character
2836 3423 3133 3479 luculento
3181 3423 3286 3477 hoc
3326 3422 3663 3477 testimonio

2007 3497 2414 3569 comprobatus
2438 3498 2573 3553 Acta
2600 3495 2859 3569 concilii,
2884 3502 2944 3569 et_
2959 3493 3209 3569 miriﬁce
3232 3491 3493 3569 illustrat
3516 3506 3666 3569 com-

2010 3562 2268 3627 mensum
2299 3569 2645 3638 epocharum
2690 3562 3075 3623 Orientalium
3120 3577 3250 3619 cum
3281 3562 3663 3619 Occidentali-

2008 3640 2137 3696 bus.

2080 3711 2313 3768 Gruteri
2342 3715 2531 3766 autem
2562 3709 2764 3779 editio,
2797 3706 3032 3779 etiamsi
3047 3720 3089 3779 7e
3117 3704 3348 3779 schedis
3374 3704 3666 3779 mendosis

2011 3783 2237 3852 hausta,
2260 3796 2403 3838 neca
2422 3795 2711 3853 quoquam
2734 3776 3154 3853 posterioribus
3170 3776 3330 3853 curis
3345 3777 3662 3853 emendata,

2013 3855 2181 3911 nobis
2210 3848 2458 3924 plurimo
2489 3848 2821 3922 adiumento
2849 3857 2937 3905 est
2965 3850 3034 3905 ad
3071 3848 3457 3924 integritatem
3489 3848 3665 3924 hujus

2014 3918 2422 3999 inscriptionis
2477 3918 2577 3979 ad'
2617 3927 2874 3999 posteros
2920 3918 3664 3999 ~transmittendam.“tium

2012 3998 2165 4053 enim
2199 3988 2352 4051 intra
2385 3995 2490 4050 hoc
2520 3988 2815 4065 saeculum,
2850 4006 2882 4047 a
2912 3990 3378 4065 Gruteri_prima
3410 3988 3667 4065 editione

2011 4068 2361 4132 absolutum,
2418 4066 2613 4121 Graaco
2663 4064 2799 4119 huic
2844 4063 3113 4118 marmori
3164 4058 3671 4133 Puteolanocl‘rag-

2016 4144 2202 4195 menta
2227 4131 2504 4194 nonnulla
2536 4142 2743 4193 temere
2774 4135 2989 4191 fuerint
3017 4134 3293 4203 abscissa,
3324 4132 3440 4185 nisi
3468 4131 3670 4203 Grute-

2016 4211 2177 4265 riana
2206 4210 2305 4265 illa
2338 4209 2519 4264 editio
2551 4207 2955 4279 praecessisset,
2986 4206 3263 4279 integram
3296 4204 3433 4257 dare
3467 4202 3673 4258 inscri-

2017 4282 2267 4356 ptionem
2294 4295 2365 4356 ex
2392 4277 2696 4356 archetypo
2723 4292 2835 4356 non
2871 4290 3185 4356 possemus.
3218 4277 3501 4356 Integram
3533 4288 3667 4332 vero

2013 4347 2302 4423 dabimus,
2353 4347 2676 4408 indicantes
2712 4347 3143 4405 characteribus
3193 4347 3514 4423 quadratis,
3567 4360 3668 4402 seu

2016 4417 2386 4493 capitalibus,
2417 4438 2561 4494 quos
2587 4423 2921 4491 majusculos
2949 4423 3170 4494 vocant,
3197 4418 3419 4494 litteras
3443 4417 3501 4471 in
3528 4432 3669 4473 mar-

2020 4487 2175 4578 more
2208 4487 2605 4578 ‘praes'ervata‘s
2650 4487 2776 4578 {et‘
2824 4497 3056 4578 caeteras
3121 4491 3183 4578 in
3248 4487 3496 4578 Ῑςίςιιειῐξδω
3515 4501 3669 4572 nunc

1934 4567 1986 4628 D
2016 4556 2354 4636 deperditis,
2391 4580 2515 4635 quae
2555 4556 2783 4620 fuerant
2810 4566 2974 4617 aetate
3012 4559 3329 4636 cardinalis
3363 4556 3668 4636 Maliaciex

2018 4630 2517 4707 archetypo'tunc
2574 4635 2797 4705 integro
2846 4632 3227 4707 transcripta,
3275 4635 3333 4685 et
3379 4641 3423 4707 a_
3460 4630 3668 4707 Pighio

2020 4701 2373 4764 transmissae
2421 4707 2489 4762 ad
2526 4701 2856 4771 Gruter-um,
2897 4701 3301 4758 exhibebimus
3344 4701 3668 4756 minusculis

2020 4777 2457 4835 characteribus
2489 4790 2600 4833 non
2630 4774 2999 4846 capitalibus.

1012 4871 1724 4960 EHICTOAH
1838 4877 1901 4962 Γ

2020 4881 2267 4989 Αφεεσα
2357 4932 2421 4981 τη
2513 4876 2894 4963 πΟΑΕΙ

432 5014 686 5063 ΤΥΡΙΟΝ
728 5014 866 5063 THC
908 5016 1117 5064 IEPAC
1160 5020 1277 5064 ΚΑ]
1315 5017 1588 5067 ΑΟΥΔΟΥ
1622 5022 1740 5066 ΚΑΙ
1777 5024 2198 5071 ΔΥΤΟΝΟΜΟΥ
2241 5018 2638 5072 ΜΗΤΡΟΠολεως
2669 5018 2890 5080 φοινικηο
2935 5023 3050 5067 ΚΔΙ
3086 5022 3315 5067 ΔΔΛΩΝ
3350 5018 3535 5065 ΠΟΛΕ

432 5084 528 5130 ΩΝ
593 5088 713 5132 ΚΑΙ
776 5087 1227 5134 ΝΑΥΑΡΚΙΛΟΟ
1291 5089 1592 5137 ΔΡΧυΥΟΙ
1656 5093 1880 5140 ΒΟΥΔΗ
1948 5096 2139 5141 ΔΗΜΩ
2206 5096 2323 5139 ΚΔΙ
2392 5090 2507 5138 ΤῐΙΟ
2548 5103 2713 5151 nupta:
2751 5088 2971 5152 πατριδος
3010 5093 3067 5137 οι
3108 5094 3181 5138 ΕΝ
3224 5088 3536 5136 ΠΟἸΊΟΛΟΙΟ

717 5158 754 5205 κ
770 5157 1167 5202 ΔΤΟΙΚΟΥΝΤΕΟ

3304 5162 3534 5207 ΧΔΙΡΕΙΝ

357 5227 488 5271 AIA
536 5225 757 5273 ΘΕΟΥΟ
805 5226 980 5272 TOI‘C
1030 5229 1147 5273 ΚΑΙ
1183 5229 1317 5275 ΤΗΝ
1367 5230 1757 5277 ΤΟΥΚΥΡΙΟΥ
1805 5235 1896 5279 ΗΜ

2053 5234 2470 5292 ΛΥΪΟΚΡΑΤορος
2500 5245 2659 5290 τυχην
2693 5231 2757 5275 El
2804 5232 2924 5278 ΚΔι
2961 5232 3074 5278 TIC
3109 5233 3269 5279 AAAH
3305 5228 3476 5276 CTATI

432 5297 519 5341 ΩΝ
568 5296 737 5343 ECTIN
777 5298 850 5342 ΕΝ
896 5297 1205 5343 DOTlOAOIC
1258 5299 1417 5345 OCOl
1474 5301 1774 5347 ΠΛΕΙΟΥΟ
1827 5304 1901 5348 rx

2068 5301 2261 5348 ICACI
2316 5305 2433 5350 ΚΑΙ
2483 5302 2754 5347 ΠΜΕΤΕΡᾹ
2798 5304 2927 5347 RCTI
2973 5304 3093 5347 ΚΑΙ
3134 5302 3372 5348 ΚΟΟΜΩ
3417 5301 3534 5345 ΚΑΙ

431 5368 689 5415 ΜΕῐἚθΕΙ
738 5368 876 5412 ΤΩΝ
933 5368 1166 5413 ΑΛΛΩΝ
1224 5368 1598 5415 ΔΙΑΦΕΡΟΥΟΛ
1657 5373 1888 5419 ΤΔΥΤΗ

2016 5374 2178 5420 ΙΛΔΔΙ
2232 5375 2349 5419 ΜΕΝ
2398 5371 2821 5420 ΕΠΕΜΕΛΟΥΝΤΟ
2869 5374 2925 5417 Ol
2972 5374 3044 5418 EN
3092 5369 3402 5420 ΠΟΤΙΟΛΟΙΟ
3446 5372 3533 5416 ΚΔ

430 5436 801 5483 ΤΟΙΚΟΓΝΤΕΟ
842 5437 1074 5483 ΤΥΡῙΟῙ
1115 5439 1182 5483 Ol
1226 5440 1438 5484 ΠΟΛΛΟΙ
1481 5440 1667 5486 ONTEC
1710 5443 1827 5488 ΚΔῙ
1872 5445 1901 5488 ι]

2017 5439 2203 5487 ΥΟΙΟΙ
2249 5444 2377 5489 ΝΥΝ
2420 5445 2499 5487 ΔΕ
2542 5441 2839 5487 ΟΛΙΓΟΥΟ
2884 5442 3047 5488 IIMAC
3094 5441 3379 5488 "EPIECTH
3421 5440 3534 5485 TON

432 5508 693 5554 ΔΡΙΘΜΘΝ
740 5508 860 5553 ΚΔῙ
910 5506 1360 5554 ΑΝΔΔῘΟΚΟΝΤΕΣ
1404 5506 1572 5554 EICTE
1618 5509 1833 5557 ΘΥΩΙΛΟ
1882 5514 2000 5557 ΚΑΙ
2047 5510 2437 5558 OPECKEIAC
2480 5511 2599 5556 ΤΩΝ
2648 5511 2904 5558 ΠΔΤΡΙΩΝ
2942 5514 3108 5558 ΠΜΩΝ
3142 5513 3299 5555 ΘΕΩΝ
3333 5512 3412 5555 EN
3445 5510 3533 5556 ΘΔ

424 5575 947 5623 ΔΕΔΦΩΟΙΩΜΕΝΩΝ
993 5579 1076 5623 BN
1123 5576 1334 5626 NAOIC
1380 5579 1511 5623 ΟΥΚ
1558 5580 2023 5628 ΕΥΤΟΝΟΥΜΕΝ

2078 5582 2206 5627 TON
2257 5580 2511 5629 MICBON
2560 5577 2674 5625 ΠΗ)
2723 5579 3060 5628 CTATIQNOC
3112 5582 3395 5626 HAPEXEIN
3444 5582 3532 5625 ΚΔ

425 5654 625 5706 uiroc
664 5639 718 5699 Χ
759 5642 1146 5705 (TN'MAMCTA
1180 5658 1221 5702 Η
1254 5655 1359 5704 κΑι
1391 5658 1470 5703 rx
1504 5658 1875 5706 ΑΝΑΑΩΜΑΤΑ

2034 5660 2148 5705 TON
2184 5661 2382 5706 ΔΓΩΝΑ
2417 5662 2529 5706 ’ῙῸΝ
2563 5659 2634 5704 EN
2671 5660 2982 5707 "OTIOAOIC
3026 5659 3140 5706 'IHC
3174 5656 3532 5705 ΒΟΥΘΟΥΟΙΔΟ

420 5724 615 5774 ΗΠΕῙΝ
656 5724 810 5774 ΠΡΟΣ
849 5727 1042 5775 ΕΪΕΘΗ
1083 5728 1356 5774 ΔΕΟΜΕΘΔ
1395 5727 1526 5774 ΟΥΝ
1569 5728 1902 5776 ΠΡΟΝΟΗΟΔΙ
1945 5728 2104 5777 ΓΜΑο
2148 5730 2277 5775 ΤΟΥ
2318 5729 2775 5799 ΔιΔΜΕιῖξιΝθΑΕι
2819 5732 2934 5775 ΤΗΝ
2979 5729 3281 5777 ΟΤΑΤΙΩΝΔ
3318 5728 3531 5773 ΔΙΔΜΕΝ

2522 5790 2566 5815 ν

427 5806 492 5852 ΕΙ
526 5806 593 5852 ΔΕ
630 5806 739 5852 BAN
774 5805 1190 5851 ΠΡΟΝΟῙΔΝΤΩΝ
1223 5803 1495 5852 KATETOC
1528 5806 1858 5853 ΔῙΔΟΜΕΝΩΝ
1902 5806 1993 5853 EIC
2036 5808 2152 5854 ΤΗΝ
2197 5804 2476 5854 ΜΙΟΘΩΟΙΝ
2522 5803 2571 5849 Ii
2617 5807 2687 5855 CN
2732 5806 3063 5857 llOIHCACOE
3105 5809 3194 5855 ΤΔ
3236 5807 3363 5855 ΓΔΡ
3405 5805 3531 5852 ΒΓΕ
