3994 6168
191 281 287 341 933
1350 280 1701 338 ΑΡΡΕΝΟΙΧ
1738 280 1768 334 Α

1996 279 2432 337 .ONOLOGIAM.
3467 285 3573 344 934

189 409 427 484 totidem
445 409 619 465 :rneis
649 409 881 484 tabulis.
919 423 1051 484 quae,
1072 409 1302 466 venales
1325 409 1528 466 oblatae
1559 413 1695 465 sunt
1723 409 1828 484 hoc
1858 420 2008 484 anno
2037 403 2199 475 2728,
2229 406 2690 484 eminentissimo
2710 413 3280 484 acreverendissimo
3312 416 3570 484 principi

187 481 512 555 Alexandro
531 481 686 536 card.
732 478 1244 555 Albano,ejusque
1290 484 1571 555 permissu
1608 495 1638 555 a_
1672 493 1756 555 me
1785 480 2088 555 descripta:
2115 493 2186 555 ex
2230 478 2606 555 autographis
2655 478 3342 555 eruditorumrcommodo
3377 478 3572 555 profe—

187 557 414 608 runtur.
458 552 626 608 Plura
674 550 1115 622 poterunt'inde
1149 550 1260 622 peti
1291 550 1373 610 ad
1404 553 1790 622 chronOIOgia:
1833 556 1888 605 et
1921 551 2178 624 historia:
2226 550 2739 624 conﬁrmationem.
2790 554 3171 624 ChronoIOgia
3206 555 3284 609 ibi
3323 550 3571 612 inveniet

184 625 473 679 Fastorum
503 620 908 679 Consularium
939 620 1461 694 comprobationem
1494 625 1561 679 ad
1602 620 1784 678 annos
1812 637 1935 676 mrae
1966 623 2180 677 Christi
2209 623 2532 677 communis
2563 620 2669 676 ‘260
2694 629 2749 678 et
2780 623 2903 694 “.261,
2941 625 2997 679 in
3035 620 3248 694 quibus
3295 628 3570 682 destitue-

184 695 347 749 batur
389 697 666 766 genuinis
705 695 1068 751 documentis
1099 696 1421 766 aequalibus
1452 697 1706 765 ejusdem
1749 695 2046 766 temporis,
2100 694 2249 749 unde
2297 698 2537 763 uterque
2581 694 2895 750 laterculus
2930 697 3284 765 impleretur.
3332 699 3572 752 Habebit

187 767 357 820 lector
398 765 609 838 duplex
675 767 1083 822 monimentum
1142 765 1480 838 consulatus
1524 770 1583 821 P.
1620 767 1854 821 Cornelii
1898 765 2192 838 Seecnlaris
2235 767 2292 819 II
2316 770 2365 818 et
2398 765 2453 818 C.
2501 767 2658 818 Junii
2686 769 2883 820 Donati
2925 770 2999 834 ΙΙ,
3044 769 3143 838 qui
3197 771 3446 838 pertinet
3501 769 3565 823 ad

182 835 575 963 ξιῃηθιίιιιὶῑι³
628 839 923 908 sequentis
970 852 1102 894 vero
1155 839 1292 894 anni
1337 837 1435 894 261
1497 838 1763 894 consules
1810 839 1949 906 Imp.
2007 837 2314 893 Gallienum
2367 837 2455 892 IV
2496 842 2546 890 et
2599 839 2961 893 Volusianum
3006 835 3419 895 tertia'tabula
3467 841 3576 895 de-

307 924 335 963 s
369 924 393 962 r
472 925 487 963 ι
525 950 535 961 .

181 909 535 964 monstrabit.

243 981 357 1034 Nec
381 979 733 1036 destituetur
751 980 997 1036 historia
1021 981 1302 1050 peculiari
1327 980 1519 1038 fructu
1546 995 1613 1036 ex
1645 980 1846 1036 iisdem
1874 979 2415 1052 tabulis,siquidem
2440 977 2764 1052 observabit
2794 980 3116 1036 barbariem
3148 981 3573 1052 orthographia:

178 1053 278 1118 jam
317 1056 434 1106 tum
469 1052 771 1120 irrepsisse
796 1053 968 1107 etiam
1003 1053 1060 1106 in
1089 1053 1311 1109 ditione
1339 1054 1515 1108 Italiae
1542 1052 1967 1119 suburbicaria,
1993 1051 2126 1106 licet
2157 1051 2342 1120 stylus
2372 1051 2656 1122 orationis
2682 1058 2805 1107 acta
2834 1052 3064 1122 publica
3095 1051 3346 1108 nondum
3373 1052 3570 1109 defor-

185 1128 406 1177 masset.
438 1122 595 1191 Quod
633 1124 774 1176 mihi
812 1137 924 1193 prae
949 1127 1172 1178 caeteris
1197 1125 1606 1179 attendendum
1635 1124 1882 1190 videtur,
1911 1131 1995 1178 est
2028 1124 2084 1177 in
2115 1122 2364 1177 secunda
2396 1121 2608 1190 tabula,
2637 1137 2799 1178 versu
2832 1121 3054 1178 decimo
3087 1124 3258 1179 tertio
3284 1138 3485 1179 nomen
3517 1131 3572 1179 et

187 1207 313 1247 usus
359 1196 700 1263 Diplomatis,
745 1208 944 1262 nempe
975 1199 1242 1264 cooptatio
1271 1198 1498 1250 Patroni
1539 1212 1640 1265 per
1669 1196 2031 1263 Duplomum:
2083 1195 2251 1262 cujus
2285 1194 2366 1247 rei
2423 1199 2478 1265 et
2517 1194 2767 1248 nominis
2796 1196 3079 1250 vetustius
3111 1196 3434 1264 exemplum
3468 1198 3566 1250 teri

182 1270 270 1319 aut
301 1267 572 1320 marmori
605 1267 1006 1336 consignatum
1055 1280 1164 1321 non
1201 1268 1410 1335 reperi.
1454 1264 1550 1322 Rei
1587 1267 1951 1334 diplomatij
2005 1266 2393 1320 illustratores
2427 1264 2717 1336 invenient
2749 1267 2899 1335 quod
2933 1267 3064 1320 inde
3106 1267 3385 1336 colligant
3417 1269 3572 1322 Geo-

183 1336 376 1404 graphi
414 1351 639 1407 quoque
676 1337 732 1391 in
771 1335 1077 1406 municipii
1111 1338 1356 1391 Ostrcnsi
1378 1343 1434 1392 et
1463 1337 1684 1391 Sentino
1710 1337 1866 1391 hisce
1891 1339 1948 1391 in
1971 1337 2194 1407 tabulis
2223 1335 2552 1391 memoratis
2583 1349 2692 1390 non
2724 1337 3117 1393 destituentur
3141 1335 3342 1407 aliquo
3371 1336 3566 1393 fructu

184 1421 287 1460 suae
319 1406 787 1476 exspectationis.
821 1409 1152 1478 Antiquarii
1183 1423 1313 1464 vero
1331 1422 1464 1464 suas
1487 1408 1708 1464 areolas
1733 1421 1799 1462 ex
1830 1409 1933 1463 hoc
1956 1406 2110 1462 fonte
2135 1407 2480 1478 irrigabunt,
2510 1407 2630 1460 sive
2660 1407 2938 1464 formulas
2969 1406 3271 1476 c00ptandi
3305 1415 3574 1476 patronos

184 1478 1334 1560 considerent,_siveAritumbonoritlcum
1368 1479 1640 1560 otigrendi
1673 1493 1769 1560 per
1799 1478 2311 1560 legatos‘tabellam
2345 1491 2546 1560 aeream
2578 1479 3063 1560 postdiplomatis
3084 1486 3575 1560 auctoramentum

179 1549 280 1615 jam
314 1549 534 1618 pridem
557 1550 782 1606 decreto
805 1550 1036 1620 publico
1061 1553 1401 1620 praestitum.
1436 1551 1606 1620 Operi
1642 1549 1836 1606 nostro
1866 1551 2248 1605 Anastasiano
2272 1549 2564 1604 commode
2591 1549 3084 1606 caditobservatio
3111 1550 3366 1604 barbara.-
3390 1549 3575 1606 defor-

187 1621 449 1676 mationis
481 1635 679 1677 vocum
707 1635 770 1676 ac
804 1621 1122 1677 litterarum
1159 1623 1264 1677 sub
1293 1622 1557 1678 Gallieno
1583 1623 1695 1691 jam
1745 1623 2055 1690 irrepentis
2089 1622 2145 1675 in
2181 1621 2410 1690 publica
2455 1620 2832 1691 documenta;
2869 1630 2932 1676 ut
2972 1623 3180 1676 mirum
3230 1623 3467 1677 minime
3499 1622 3576 1676 sit

184 1692 322 1772 quod
359 1693 944 1772 sequiorcorruptela
975 1690 1715 1772 sitconsecutascribendi,
1747 1693 2161 1772 pronuntiandi
2197 1707 2259 1747 ac
2289 1690 2571 1772 dictandi,
2607 1707 2774 1760 quam
2808 1693 3053 1772 intulere
3087 1693 3343 1772 proxima
3371 1708 3400 1747 a
3432 1693 3576 1747 Gal—

185 1762 324 1817 lieno
355 1763 565 1818 sacula
598 1764 656 1818 in
692 1764 951 1833 publicas
979 1765 1202 1820 tabulas
1223 1765 1401 1818 veluti
1435 1766 1492 1819 in
1533 1765 1789 1820 chartam
1823 1765 2252 1826 Cornutianam,
2295 1762 2632 1833 donationes
2658 1770 2714 1817 et
2738 1765 3134 1819 concessiones
3158 1762 3479 1819 Gothorum
3517 1770 3573 1819 et

188 1831 704 1905 Langobardorum;
733 1842 788 1890 et
822 1835 879 1890 in
911 1836 1241 1903 hujusmodi
1273 1836 1508 1905 scripta,
1536 1835 1750 1905 quibus
1775 1835 2077 1890 historiam
2105 1835 2457 1904 pontiﬁciam
2489 1831 2774 1889 illustrari
2797 1836 2985 1890 conati
3015 1849 3236 1890 sumus.
3271 1837 3346 1889 En
3381 1836 3571 1906 igitur

182 1906 519 1975 epigraphen
550 1906 724 1961 trium
758 1906 1101 1962 laminarum
1133 1921 1274 1977 quas
1304 1908 1575 1962 iudicavi.

182 1977 582 2104 vatl’ursimalglzt:
604 1984 691 2103 ξεί.
723 1977 940 2048 palmos
971 1974 1322 2049 Rom.duos,
1352 1978 1466 2033 lata
1489 1977 1659 2048 palm.
1695 1975 1743 2048 l,
1779 1977 1982 2034 uncias
2005 1974 2076 2046 9;
2111 1975 2411 2032 altitudini
2451 1974 2688 2032 additur
2719 1983 3020 2048 tympanus
3044 1977 3422 2048 triangularis
3448 1975 3564 2032 ele—

371 2064 410 2104 u
491 2064 505 2103 ι
646 2090 658 2102 .
1737 2089 1748 2098 .

371 2064 576 2105 uncnas
604 2064 658 2103 υ.
1737 2089 1748 2098 κ

961 2166 1020 2220 P.
1061 2164 1407 2222 CORNELIO
1445 2164 1850 2292 smmum?
1876 2146 2082 2294 111.“?
2131 2167 2310 2221 IVNlo
2353 2165 2622 2222 DONATo
2671 2164 2796 2220 cos

852 2375 1067 2418 SENTINI
1098 2376 1203 2418 CVM
1228 2377 1282 2418 1N
1310 2366 1492 2417 SC'OLA
1524 2374 1620 2416 SVA
1646 2363 2196 2422 Fanv'Es'Nvuaavs
2219 2375 2344 2418 COLL
2376 2375 2516 2417 FABR

852 2448 1220 2490 SENTINATIVM
1252 2447 1652 2488 CONVENISSENT
1681 2447 1948 2488 NVMEIIVM
1981 2446 2323 2488 IIABENTIBVS

850 2519 896 2559 C.
933 2519 1080 2561 IVLIO
1105 2519 1378 2562 MARTIALE
1408 2519 1471 2560 ET
1502 2518 1548 2560 C.
1579 2518 1787 2559 CASIDIO
1819 2518 2020 2559 RVFINO
2047 2519 2111 2566 QQ
2143 2519 2206 2559 ET
2239 2518 2581 2560 BEFERENTIB

852 2617 990 2658 IPSIS
1017 2607 1306 2659 SEMPER'IT
1339 2618 1392 2658 IN
1425 2616 1807 2658 PBAETERITVM
1839 2616 1924 2658 ITA
1965 2616 2458 2658 SPLENDIDISSIMVM
2490 2617 2560 2658 NN

850 2680 1102 2730 CO'NISVM
1127 2689 1254 2730 ESSE
1281 2690 1344 2729 VT
1369 2688 1701 2730 ADFECTIONE
1729 2687 2060 2729 SPLENDOBIS
2084 2688 2170 2729 SVI
2202 2689 2258 2729 IN
2284 2688 2543 2730 SINGVLOS

851 2751 1146 2808 ovoso‘vne
1177 2760 1472 2800 commcnos
1496 2759 1782 2800 MERENTES
1807 2748 2153 2800 sx‘mmmv'
2187 2760 2238 2800 El
2273 2759 2489 2800 MAXIME

855 2832 913 2873 IN
945 2832 1156 2873 IIONORE
1187 2822 1388 2879 A'DQVE
1419 2831 1706 2872 DIGNITATE
1737 2830 1992 2871 MEMMIAE
2023 2829 2311 2872 VICTORIAE
2343 2829 2479 2877 QVON

853 2903 961 2945 ΒΑΜ
989 2903 1215 2945 INDOLES
1248 2894 1551 2944 MA'MOBIAE
1583 2902 1786 2943 FEMINE
1803 2902 2007 2943 MATIUS
2036 2902 2242 2943 NVMERI
2287 2901 2477 2942 NOSTRI

856 2966 1156 3016 PRO'OI’ISVS
1186 2975 1432 3023 QVAEQVE
1462 2974 1589 3015 ESSE
1620 2973 1935 3015 PROVECTVM
1967 2973 2148 3014 NOMEN
2183 2973 2362 3014 DOMVS

858 3074 985 3114 EIVS
1011 3073 1114 3114 PER
1141 3073 1383 3114 OBDINEM
1413 3071 1646 3113 GENEBIS
1674 3071 1755 3113 SVI
1779 3071 1957 3113 OMNES
1984 3071 2041 3112 IN
2074 3071 2337 3112 NVMERVM
2372 3071 2402 3110 N

853 3145 1086 3186 PATRONI
1115 3145 1169 3186 IN
1196 3144 1492 3185 COLLEGIVM
1521 3143 1769 3185 NOSTBVM
1796 3142 2255 3183 APPELLABANTVR
2282 3142 2453 3182 OPTAN

854 3215 1028 3263 DAQVE
1056 3216 1230 3257 ERANT
1261 3216 1328 3256 VT
1355 3215 1536 3256 OMNES
1564 3203 2022 3262 VNIVERSITQV'AE
2052 3212 2353 3253 INCOLVMES
2376 3213 2429 3252 1N

855 3287 1119 3328 NVMERVM
1139 3287 1388 3328 NOSTIIVM
1421 3286 1766 3328 VIDEBENTVR
1793 3285 1856 3326 ET
1883 3283 2124 3331 QVONIAM
2152 3283 2246 3324 VIR
2281 3282 2445 3324 SPLEN

860 3359 1016 3400 DIDVS
1043 3357 1305 3399 CORELIVS
1332 3358 1529 3400 FVSCVS
1557 3357 1836 3400 PATIIONVS
1861 3355 2067 3396 NVMERI
2094 3354 2297 3395 DEBEAT
2329 3354 2399 3394 EX

854 3430 1031 3471 EMPLO
1068 3431 1308 3472 PIETATIS
1338 3429 1652 3472 PARENTIVM
1684 3429 1747 3469 ET
1775 3427 1977 3469 MATIUS
2003 3425 2460 3467 HONOBIFICENTIA

860 3501 1056 3550 ITAQVE
1086 3502 1131 3544 SI
1165 3501 1402 3544 OMNIBVS
1427 3501 1738 3544 VIDEBETVR
1767 3487 1994 3541 TABVLA'
2013 3497 2234 3539 AEBEAM
2267 3498 2319 3538 EI
2353 3497 2523 3538 OFFER

856 3575 914 3616 Μ
1479 3631 1544 3699 Q.
1585 3630 1642 3684 F.
1679 3629 1736 3682 P.
1769 3630 1832 3682 D.
1869 3628 1934 3682 E.
1970 3629 2029 3682 Β.
2067 3629 2107 3681 1.
2141 3627 2198 3681 c.
2235 3628 2293 3681 c.

856 3743 1162 3786 GLORIOSVM
1192 3743 1319 3785 ESSE
1350 3741 1695 3784 RELATIONEM
1727 3740 1778 3780 B.
1812 3740 1864 3780 Β.
1898 3740 1945 3780 V.
1976 3740 2032 3781 V.
2061 3740 2142 3786 QQ.
2176 3738 2414 3780 COLLEGI.
2451 3737 2486 3780 N

857 3817 920 3858 ET
951 3816 1074 3858 ιι)Εο
1104 3815 1210 3857 CVI
1235 3815 1319 3856 SIT
1350 3813 1608 3855 CORELIVS
1631 3811 1832 3854 FVSCVS
1863 3811 2157 3852 SPLENDIDE
2185 3811 2360 3852 NATVS
2389 3810 2454 3850 VT

860 3888 1052 3929 POTIVS
1080 3885 1568 3929 HONORIFICENTIAE
1595 3883 1834 3925 NOSTBAE
1864 3883 2052 3924 MODVM
2077 3883 2231 3924 INTEL

859 3951 1047 4000 I.'EGAT
1074 3947 1429 4004 NECESSA'QVE
1460 3957 1542 3997 SIT
1566 3956 1620 3997 EI
1656 3955 1903 3997 TABVLAM
1924 3954 2143 3996 AEREAM
2169 3954 2384 3996 TITVLIS

859 4030 1112 4071 ORNATAM
1146 4029 1364 4070 SCRIPTA
1395 4027 1625 4068 OFFERRI
1658 4027 1883 4074 PETIQVE
1911 4027 1974 4068 AB
2005 4027 2069 4066 E0
2102 4025 2242 4067 IIANC

860 4101 1199 4142 OBLATIONEM
1230 4100 1433 4141 NOSTBA
1465 4099 1679 4140 LIBENTI
1710 4098 1881 4138 ANIMO
1913 4097 2130 4139 SVSCIPE

861 4173 931 4214 RE
959 4173 1222 4214 DIGNETVR
1264 4170 1599 4217 LEGATOSQVE
1633 4169 1686 4210 IN
1724 4169 1832 4209 EAM
1863 4170 1972 4210 ΚΒΜ
2004 4169 2151 4210 FIEBI
2185 4168 2275 4215 QVI

861 4244 964 4292 QVE
994 4244 1156 4285 DIGNE
1182 4242 1598 4290 PROSEQVANTVB
1630 4240 1908 4282 NEBATIVM
1938 4239 2254 4281 AMPLIATVM
2287 4239 2490 4280 οιιρινω
2525 4239 2629 4280 VEB

863 4316 1039 4356 TALEM
1069 4316 1340 4356 AEMILIVM
1367 4313 1632 4356 VICTOREM
1665 4311 1922 4353 BEBIDIVM
1947 4311 2108 4352 ISTVM
2134 4310 2392 4352 CASIDIVM
2425 4301 2590 4352 MART.
2617 4312 2649 4351 A

861 4388 967 4428 LEM
996 4387 1180 4428 IVLIVM
1215 4385 1530 4428 MARTIALEM
1560 4383 1819 4425 CASIDIVM
1850 4382 2100 4424 RVFINVM
2141 4383 2400 4424 BEBIDIVM
2431 4373 2615 4424 I'ENVA

865 4459 1002 4500 RIVM
1028 4459 1269 4500 AETRIVM
1297 4455 1560 4499 IIOMANVM
1589 4453 1840 4496 CASIDIVM
1870 4453 2258 4495 CLEMI‘ZNTINVM
2286 4454 2525 4497 AETRIVM

864 4530 1089 4570 VEBNAM
1117 4529 1457 4570 VASSIDENVM
1488 4527 1742 4568 FAVOBEM
1768 4525 2020 4568 CASIDIVM
2052 4526 2403 4568 IVSTISSIMVM
2437 4527 2498 4566 SA

861 4601 1031 4643 τωνδί
1064 4599 1427 4642 VEIIECVNDVM
1458 4598 1690 4640 STATIVH
1723 4598 1965 4640 VELOCEM
1992 4588 2205 4638 VETVR'I
2236 4595 2547 4639 CELEIIINVII

256 4687 516 4744 Secunda
543 4687 658 4744 lata
698 4686 869 4759 palm.
899 4687 1047 4742 duos
1077 4693 1132 4743 et
1160 4687 1354 4758 semis,
1399 4683 1514 4739 alta
1555 4682 1727 4753 palm.
1772 4681 1827 4751 2,
1861 4683 2064 4739 uncias
2096 4687 2227 4752 tres,
2262 4695 2390 4738 cum
2433 4680 2822 4735 additamento
2867 4675 3119 4748 tympani
3165 4675 3267 4730 alti
3322 4675 3566 4746 palmum

193 4772 396 4814 unum.

1149 4857 1190 4911 Ρ
1235 4855 1580 4945 CORNELIO
1617 4854 2017 4911 SAECULARE
2050 4833 2103 4908 ῑι
2139 4852 2224 4908 ET
2262 4849 2493 4905 CIVNIO
2533 4846 2723 4904 DONA

1152 4957 1240 5012 ΤΟ
1278 4957 1324 5009 II
1364 4954 1489 5010 COS
1528 4955 1626 5008 IIII
1663 4953 1806 5008 NON
1845 4952 1974 5007 DEC

867 5068 1034 5111 OSTIIE
1068 5069 1122 5109 IN
1154 5067 1438 5109 MVNICIPIO
1469 5066 1613 5107 COLL.
1649 5064 1853 5106 CENTON
1883 5063 2004 5104 CVM.
2038 5062 2198 5104 SCOLA
2232 5061 2328 5102 SVA
2355 5059 2601 5105 FREQVEN

937 5141 1054 5182 TES.
1087 5139 1384 5180 SCRIBVNDO
1409 5139 1479 5180 AN
1502 5137 1760 5180 FVISSENT
1789 5135 1971 5183 IBIQVE
2001 5133 2318 5176 BEFEBENTE
2347 5133 2380 5172 I.
2411 5130 2654 5172 VESSIIJIO
2680 5129 2781 5170 FOB

938 5212 1144 5252 TVNATO
1171 5213 1234 5258 QQ
1261 5201 1620 5251 VNIVERSORV'
1651 5207 1916 5249 CONCENSV
1951 5205 2122 5248 VERBA
2151 5205 2286 5246 SVNT
2317 5202 2483 5244 FACTA

870 5309 1082 5357 QVANTO
1108 5309 1290 5349 AMORE
1316 5307 1632 5356 QVANTAQVE
1664 5305 2054 5348 MVNIFICENTIA
2084 5304 2196 5345 MNN
2225 5302 2468 5343 CARENVS
2497 5301 2612 5342 VIBI

914 5380 1084 5421 .ANVS
1106 5380 1346 5421 ORNASSE
1378 5369 1527 5420 PAL'A
1560 5379 1655 5418 EST
1692 5377 1840 5418 CVIVS
1874 5375 2110 5418 IMPABES
2131 5374 2434 5414 BENEFICIIS
2462 5374 2530 5413 AI)

942 5451 1387 5493 REMVNERANDAM
1426 5449 1551 5490 EIVS
1577 5447 1947 5490 ADFECTIONEM
1979 5438 2251 5494 QV'ERERE
2284 5445 2525 5486 REMEDIA

943 5523 1154 5564 DEBERE
1178 5523 1274 5564 SED
1305 5519 1604 5564 PRECIPVVM
1632 5510 1792 5566 A'QVE
1818 5518 2156 5560 LAVDABILEM
2178 5516 2452 5558 COMMVNIS
2476 5514 2598 5555 VOTI

947 5594 1234 5636 REPEBTVM
1267 5590 1548 5633 CONCILIVM
1582 5591 1644 5631 VT
1673 5590 1939 5632 COBETIVM
1971 5588 2298 5630 VICTORINVM
2329 5588 2398 5628 AD
2427 5587 2601 5628 GENVS
2619 5575 2708 5627 ἈΕ

946 5666 1034 5708 IVS
1057 5666 1122 5706 ET
1150 5663 1398 5706 IIONOBES
1423 5661 1805 5704 PEBTINENTEM
1829 5653 2016 5704 VEL'AC
2041 5651 2395 5702 OB'BLATIONE
2426 5655 2764 5700 MVNEREMVS

945 5737 1011 5780 ET
1033 5735 1321 5780 PATRONVM
1349 5725 1514 5778 ἈΕνΜ
1547 5733 1824 5777 IAMDVDVH
1851 5732 2053 5776 LECTVM
2082 5731 2302 5774 PVBLICA
2330 5730 2698 5772 TESTIFICATIO
