3994 6168
530 353 636 410 943

1329 356 1422 410 ΑΙ)
1459 355 1890 410 ANASTASIUM
1931 351 2442 408 PROLEGOMENA
2480 355 2654 410 EDIT.
2699 354 3126 411 ROM.-VATIC.

3824 357 3922 415 944

539 479 811 536 ﬁdelibus
833 493 1189 551 quaecunque
1227 479 1294 534 ad
1339 479 1734 551 sustinendam
1765 480 1943 551 vitam
1974 491 2178 532 neces—
2207 477 2458 537 Acausa
2513 480 2612 548 qui
2657 480 2890 534 sibimet
2931 478 3355 551 objiciebantur
3395 477 3469 549 (ι).
3505 479 3663 534 Hunc
3719 485 3926 551 pariter

530 552 685 606 saria
724 559 934 605 essent.
984 550 1082 604 ubi
1131 551 1386 618 gentium
1439 564 1539 618 pro
1589 550 1874 605 catholica
1920 549 2028 604 ﬁde
2080 551 2177 604 in-

533 622 914 678 sectationum
951 621 1330 676 incommodis
1361 628 1720 676 vexarentur.

601 693 932 748 Eleutherio
963 692 1228 758 pontifice
1260 694 1322 744 D.
1357 695 1602 746 lrenaeus
1629 691 2030 758 Lugdunensis
2060 691 2174 760 epi-

531 778 742 833 scopus
773 769 1016 818 testatur
1043 762 1114 831 (α)
1140 763 1288 831 quod
1325 763 1391 817 ad
1430 763 1639 816 incitas
1675 763 1968 832 redigendi
1999 775 2171 818 causa

532 835 592 890 in
623 834 935 903 provinciis
962 834 1359 888 haereticorum
1385 846 1451 887 ac
1473 833 1974 888 schismaticorum
2002 834 2174 888 auda-

530 907 700 971 ciam,
750 913 921 974 atque
980 905 1326 974 impediendi
1363 905 1678 972 quominus
1723 906 2175 972 depravarentur

531 990 733 1044 mores,
788 973 929 1030 itum
980 973 1094 1030 fuit
1133 976 1199 1030 ad
1247 975 1623 1042 apostolicam
1665 975 1852 1030 sedem
1899 981 2171 1044 tauquam

527 1049 807 1104 doctrina:
828 1046 940 1100 sibi
969 1046 1311 1101 concreditae
1336 1053 1706 1114 sequestrem,
1742 1046 1892 1101 unde
1918 1046 2172 1117 integer-

531 1122 677 1173 rima
709 1123 899 1172 manat
928 1117 994 1170 ad
1041 1122 1295 1186 posteros
1329 1130 1426 1186 per
1456 1129 1810 1172 summorum
1844 1119 2174 1172 successio-

527 1204 654 1246 nem
679 1189 1039 1258 pontiﬁcum:
1065 1188 1331 1257 quodque
1346 1187 1634 1243 constanti
1655 1188 1911 1241 omnium
1933 1189 2066 1256 opin
2083 1189 2176 1243 io—

527 1275 598 1316 ne
619 1260 938 1331 singularis
961 1272 1022 1312 ea
1043 1266 1099 1313 et
1117 1273 1382 1331 suprema
1406 1259 1566 1331 sedes
1583 1259 1901 1312 constituta
1923 1258 2033 1313 fuit
2056 1267 2174 1313 tan-

528 1346 698 1403 quam
725 1329 1061 1400 perpetuum
1088 1343 1153 1382 ac
1182 1329 1686 1403 praeclarissimum
1715 1338 2166 1403 monumentum,

527 1400 691 1458 nullo
732 1414 981 1470 unquam
1030 1407 1279 1468 tempore
1319 1400 1574 1454 futuram
1626 1403 1681 1453 in
1718 1401 1968 1454 Ecclesia
2000 1401 2166 1456 ﬁdem

525 1474 698 1529 aliam
734 1479 936 1540 praeter
965 1484 1082 1525 eam
1118 1486 1286 1540 quam
1320 1473 1564 1540 apostoli
1600 1471 1984 1526 tradiderunt.

599 1543 980 1605 Montanistze,
1027 1556 1269 1610 quorum
1312 1543 1490 1610 pestis
1520 1542 1888 1613 grassabatur
1932 1544 1989 1598 in
2034 1544 2168 1598 Asia

529 1616 640 1670 iter
685 1617 753 1669 ad
801 1613 1050 1668 eamdem
1101 1613 1288 1668 sedem
1342 1614 1679 1681 instituunt,
1739 1615 2169 1669 communionis

526 1687 842 1754 diplomata
883 1685 1273 1754 impetraturi,
1321 1690 1384 1738 ut
1416 1683 1698 1753 quibusve
1730 1684 1801 1738 ab
1841 1687 2171 1754 aggressio-

527 1703 584 1742 αι
635 1703 842 1742 lomata
884 1703 1273 1752 Impetraturl,
1321 1703 1384 1738 υι
1416 1703 1698 1753 (ιιιιυυδνθ
1730 1703 1801 1738 {ID
1841 1703 2170 1754 aggressm—

527 1703 703 1812 nitus
749 1768 872 1811 sese
923 1755 1000 1808 ita
1047 1753 1448 1818 defenderent;
1500 1763 1556 1809 et
1609 1768 1803 1824 reapse
1853 1756 2170 1810 catholicos

2289 551 2611 617 pontiﬁcem
2638 557 2728 605 est
2748 551 2848 619 qui
2878 551 3087 605 asserit
3110 549 3377 622 Philippo
3404 549 3736 619 imperatori
3759 559 3923 622 pinni-

2289 622 2524 693 tentiam
2572 623 2918 693 injunxisse,
2971 635 3135 690 quem
3181 621 3556 689 antiquorum
3604 637 3716 678 non
3761 621 3918 693 pauci

2286 690 2635 746 Christianis
2681 699 3002 747 accensent.

2361 764 2490 817 Post
2521 763 2753 817 Fabiani
2787 764 3008 818 obitum
3043 763 3265 817 vacavit
3293 767 3491 817 sancta
3522 764 3681 819 sedes
3722 768 3918 822 sexde-

2287 832 2396 887 cim
2433 847 2652 888 menses
2679 848 2807 889 rum
2839 834 3108 897 dimidio,
3147 833 3218 888 ob
3250 847 3531 888 summam
3565 836 3919 903 Imperatoris

2285 903 2442 975 Decii
2462 904 2760 972 saevitiam,
2783 905 3201 974 qui,Cypriano
3222 909 3364 975 teste
3386 904 3495 975 (m),
3517 907 3747 974 imperii
3766 923 3914 964 aemu-

2285 973 2427 1042 lum,
2475 990 2645 1044 quam
2681 973 3002 1051 pontiﬁcem
3037 976 3097 1051 i_n_
3150 974 3294 1051 Orbe
3326 973 3498 1030 Rema
3546 973 3744 1033 minus
3786 994 3918 1051 aegre

2283 1053 2433 1100 esset
2462 1060 2664 1114 passus
2707 1047 2800 1116 (η).
2849 1048 2962 1101 Hoc
3005 1046 3312 1100 viduitatis
3345 1060 3462 1101 suae
3507 1052 3764 1116 tempore
3817 1046 3920 1106 Ro-

2285 1129 2448 1172 mana
2475 1119 2636 1172 sedes
2665 1115 2726 1172 ea
2759 1117 3001 1186 praebuit
3043 1115 3382 1186 vigilantiae,
3430 1115 3802 1175 auctoritatis
3832 1135 3920 1176 ar-

2281 1189 2588 1258 dentisque
2609 1189 2790 1243 studii
2815 1187 3165 1249 testimonia,
3199 1201 3324 1256 qute
3349 1201 3706 1244 communem
3733 1193 3920 1248 decent

2285 1257 2592 1327 parentem,
2613 1260 2971 1314 Christianos
2993 1264 3105 1312 tam
3133 1257 3322 1312 Romae
3349 1272 3516 1327 quam
3545 1259 3684 1315 aliis
3715 1263 3775 1317 in
3806 1264 3916 1318 Pro-

2282 1331 2494 1384 vinciis
2537 1331 2823 1401 degentes,
2873 1329 3112 1397 optimis
3142 1341 3342 1398 regens
3371 1329 3658 1385 consiliis.
3713 1335 3915 1389 Interea

2282 1415 2552 1474 sponsum
2578 1400 3056 1474 opperiens‘leges
3086 1400 3679 1474 condidit‘salutares,
3713 1419 3841 1474 quae
3867 1407 3913 1460 in

2280 1471 2562 1526 catholica
2595 1469 2847 1526 Ecclesia
2879 1469 3114 1525 fuerunt
3147 1469 3516 1542 promulgatae
3544 1471 3630 1542 (ο).

2355 1543 2851 1614 Yerumenimvero
2899 1542 3123 1614 tametsi
3162 1541 3252 1614 nil
3297 1541 3640 1614 intentatum
3694 1546 3910 1614 tyranni

2283 1612 2626 1682 reliquerint
2649 1620 2710 1685 ut
2733 1614 2985 1682 supremi
3009 1612 3344 1685 electionem
3369 1613 3662 1685 pontiﬁcis
3691 1612 3911 1685 impedi-

2281 1691 2426 1748 rent,
2459 1684 2762 1755 Cornelius
2792 1691 2978 1738 tamen
3023 1684 3114 1755 ad,
3139 1683 3289 1736 Petri
3322 1684 3672 1755 cathedram,
3704 1683 3907 1755 nempe,

2282 1761 2346 1809 ut
2364 1755 2632 1824 Cypriani
2654 1754 2846 1809 verbis
2881 1759 3026 1818 utar,
3049 1754 3118 1808 ad
3143 1754 3451 1808 sacerdotii
3481 1754 3735 1811 sublime
3757 1754 3909 1813 fasti-

526 1827 868 1903 simulantes
896 1825 1276 1903 obtinuerunt
1302 1823 1392 1895 (ὸ).
1421 1823 1997 1903 Atdemum,_fraude
2029 1827 2165 1903 illo-
2200 1841 2256 1903 B
2281 1823 2830 1903 gium’estevectus
2871 1823 2964 1895 (p).
3012 1826 3072 1903 In
3099 1825 3260 1903 hunc
3300 1825 3627 1903 pontiﬁcem
3672 1827 3906 1903 schisma

531 1913 656 1956 rum
708 1898 948 1966 detecta,
1012 1897 1266 1966 pontifex
1297 1903 1352 1950 et
1403 1898 1647 1953 traditas
1699 1898 1977 1965 epistolas
2035 1897 2171 1953 fecit

528 1971 749 2036 irritas,
768 1978 823 2023 et
842 1967 1142 2023 anathema
1165 1966 1406 2022 nefariis
1428 1967 1719 2036 capitibus
1744 1968 1981 2023 inflixit.
2007 1969 2170 2023 Hunc

2280 1893 2557 1952 excitavit
2576 1893 2948 1962 Novatianus‘,
2971 1895 3072 1964 qui
3094 1893 3209 1949 fuit
3229 1895 3448 1966 primus
3463 1897 3760 1966 antipapa.
3782 1899 3902 1954 Cum

2279 1967 2608 2032 schismate,
2629 1968 2778 2037 quod
2812 1966 3187 2035 pleurumque
3217 1964 3309 2037 ﬁt,
3333 1964 3608 2022 haeresim
3631 1964 3742 2023 iste
3776 1983 3902 2024 con-

528 2041 718 2110 ipsum
741 2035 1092 2094 'Pontiﬁcem
1137 2039 1365 2094 misisse
1399 2035 1636 2110 tradunt
1666 2039 1731 2092 ad
1774 2039 2006 2108 Majoris
2037 2041 2172 2094 Bri—
2273 2039 2510 2106 junxit;
2535 2035 2744 2094 docens
2766 2038 2913 2107 quod
2940 2038 3128 2104 lapsos
3152 2045 3277 2104 post
3297 2035 3645 2110 baptismum
3673 2040 3899 2094 Ecclesia

528 2109 740 2165 tannize
787 2112 987 2181 Regem
1029 2110 1176 2165 duos
1214 2109 1506 2181 Evangelii
1545 2123 1851 2178 praacones,
1883 2124 1914 2164 a
1955 2111 2170 2179 quibus

528 2183 676 2237 idem
729 2187 1037 2252 gentesque
1085 2194 1279 2236 omnes
1326 2181 1441 2235 sibi
1493 2181 1739 2236 subditae
1778 2181 2166 2236 Christianam

524 2252 688 2306 ﬁdem
721 2253 1098 2321 susceperint.

598 2322 858 2378 Pontifex
881 2324 1072 2378 Victor
1090 2337 1119 2377 a
1149 2323 1404 2379 ﬁdelium
1425 2323 1828 2379 communione
1842 2323 2165 2379 Coriarium

523 2393 880 2448 Theodorum
911 2395 1168 2464 removit,
1201 2396 1440 2464 ejusque
1461 2394 1780 2449 doctrinam
1811 2396 2165 2450 condemna—

525 2464 608 2519 vit
636 2464 719 2534 (c).
752 2464 956 2518 Eadem
987 2465 1076 2518 usi
1105 2463 1527 2520 fortuna’erant
1556 2465 1824 2521 Florinus
1853 2471 1909 2520 et
1939 2467 2163 2520 Blastus

520 2536 790 2592 Ecclesia:
821 2536 1084 2590 Romanae
1119 2535 1430 2604 presbyteri
1457 2554 1469 2587 ε
1503 2549 1818 2605 eorumque
1851 2539 2068 2591 erroris
2097 2550 2163 2590 ac

523 2607 854 2662 schismatis
872 2607 1191 2669 occasione,
1214 2606 1679 2660 contendentium
1701 2607 1977 2660 celebrari
2002 2621 2163 2675 opor-

522 2684 640 2732 tere
670 2679 881 2732 Pascha
904 2683 1105 2746 quarta
1129 2677 1349 2746 decima
1383 2676 1517 2746 luna
1547 2678 1735 2730 Martii
1762 2691 1890 2730 cum
1921 2678 2154 2745 Judmis,

521 2748 598 2819 (d)
619 2745 962 2818 quacunque
982 2746 1124 2819 illud
1144 2746 1240 2799 die
1255 2745 1975 2819 obtigissethebdomadis,
1999 2763 2159 2803 cons-

520 2815 686 2874 tituit
711 2815 908 2873 Victor
931 2818 1166 2873 omnino
1193 2821 1477 2870 servatum
1509 2815 1581 2869 iri
1608 2816 1691 2870 Pii
1723 2819 2158 2884 praadecessoris

517 2891 808 2945 decretum
856 2890 927 2944 de
977 2886 1314 2942 celebrando
1376 2887 1646 2940 Paschate
1697 2888 1792 2942 die
1855 2890 2154 2945 Dominica

518 2967 780 3030 quartam
828 2959 1106 3015 decimam
1162 2957 1311 3011 lunae
1361 2957 1616 3030 proxime
1663 2965 2044 3030 consequente
2094 2961 2152 3014 in

517 3027 792 3086 universo
819 3030 1279 3086 Christianorum
1311 3027 1465 3082 orbe.
1497 3028 1648 3082 Asiae
1672 3027 1951 3084 duntaXat
1977 3032 2153 3086 Mino-

517 3103 600 3156 ris
645 3103 922 3172 episcopi,
979 3100 1735 3172 studentesconsuetudini
1787 3100 1858 3172 ab
1915 3101 2152 3156 Aniceto

513 3169 781 3241 pontiﬁce
810 3173 1081 3238 toleratae,
1117 3184 1270 3225 novae
1299 3169 1433 3223 huic
1465 3170 1574 3242 legi
1611 3170 1856 3225 Victoris
1889 3180 2152 3226 recusant

508 3257 580 3298 ne
603 3245 992 3310 obtemperent
1016 3242 1098 3312 (e).
1131 3242 1314 3310 Quare
1346 3241 1602 3310 pontifex
1628 3242 1986 3296 anathemate
2018 3243 2152 3298 illos

507 3315 702 3368 statim
732 3320 1106 3382 percusserat,
1135 3313 1247 3366 nisi
1273 3313 1332 3365 D.
1358 3313 1604 3364 fremens
1627 3313 1803 3366 ictum
1825 3315 2143 3369 avertisset.

504 3385 682 3452 Quam
715 3391 864 3440 recte
912 3385 1292 3439 Asiaticorum
1321 3382 1690 3450 disciplinam
1726 3384 1828 3436 hac
1855 3384 1910 3437 in
1942 3398 2000 3438 re
2025 3399 2147 3452 pro-

508 3455 760 3525 scribere
793 3454 1045 3525 pontifex
1083 3453 1372 3522 cogitarit,
1403 3453 1690 3525 Nicaenum
1729 3461 1918 3521 postea
1945 3457 2145 3510 conci-

502 3523 647 3596 lium
678 3522 1040 3596 apertissime
1065 3523 1476 3596 demonstravit
1497 3522 1581 3592 (Γ).
1618 3525 1818 3578 Eadem
1847 3527 2146 3581 occasione

502 3595 981 3666 locupletissimis
1031 3601 1357 3651 sanctorum
1418 3595 1644 3666 Patrum
1702 3597 2146 3652 auctoritatibus

503 3665 830 3738 ostenditur
856 3667 928 3738 (g)
953 3674 1150 3722 contra
1178 3681 1345 3738 quam
1379 3665 1564 3738 aliqui
1594 3667 1974 3722 recentiorum
2006 3681 2146 3722 sen-

501 3737 678 3805 tiunt,
703 3736 952 3809 quod'a'b
973 3737 1301 3809 apostolicae
1319 3736 1476 3809 sedis
1500 3739 1902 3809 communione
1919 3738 2139 3793 secludi

501 3805 737 3873 perinde
792 3814 880 3862 est
915 3805 1087 3877 atque
1136 3805 1206 3860 ab
1266 3806 1529 3860 Ecclesiae
1571 3807 1867 3862 catholicae
1921 3810 2142 3862 unitate

490 3881 761 3933 amoveri.

564 3948 920 4018 Zephyrinus
949 3946 1245 4001 damnavit
1273 3945 1514 4001 haereses
1537 3948 1864 4012 Marcionis,
1889 3950 2132 4017 Praxeae,

490 4017 728 4074 Sabellii
749 4018 1112 4083 aliorumque
1143 4018 1562 4083 haereticorum,
1595 4018 1652 4072 in
1681 4033 1824 4087 quos
1847 4020 2138 4074 declama-

488 4089 573 4142 vit
597 4089 988 4144 Tertullianus
1011 4086 1120 4156 (h);
1148 4090 1248 4156 qui
1281 4088 1612 4156 propediem
1636 4086 1886 4144 Mentani
1913 4091 2135 4145 delira-

489 4165 681 4214 menta
714 4159 1025 4230 professus,
1069 4159 1321 4230 eamdem
1370 4159 1707 4230 implicitus
1741 4160 2133 4217 damnationis

485 4228 768 4284 sententia
799 4237 903 4286 est.
941 4243 1106 4298 quam
1143 4229 1202 4282 in
1236 4228 1626 4298 haeresiarcha:
1653 4229 1814 4284 illius
1843 4234 2128 4287 vesaniam

484 4299 740 4374 pontifex
775 4297 1188 4374 pronuntiavit.
1235 4297 1384 4374 Quin
1430 4299 1601 4374 etiam
1640 4300 2034 4374 Tertullianus
2069 4303 2128 4374 (ἱ)

482 4371 632 4426 idem
683 4371 885 4443 rigida:
928 4369 1184 4443 nimium
1234 4370 1577 4443 innocentiae
1623 4377 1873 4426 assertor
1917 4369 2120 4443 factus,

477 4455 606 4496 cum
638 4439 889 4498 eﬁ‘utiret
920 4439 1325 4495 fornicationis
1348 4446 1404 4493 et
1431 4441 1702 4495 adulterii
1737 4444 1980 4498 crimina
2012 4439 2121 4500 ma;

469 4512 597 4581 jora
628 4527 751 4568 esse
781 4526 947 4581 quam
983 4510 1197 4580 quibus
1224 4510 1442 4566 absolvi
1474 4510 1544 4564 ab
1575 4511 1826 4568 Ecclesia
1859 4514 2118 4571 homines

2282 2110 2654 2164 reconciliare
2721 2122 2831 2163 non
2874 2114 3075 2176 potest,
3123 2120 3306 2176 neque
3340 2108 3407 2162 ad
3460 2112 3898 2166 communionem

2279 2193 2571 2236 sacrorum
2667 2179 3067 2248 mysteriorum
3143 2177 3462 2246 admittere,
3542 2185 3893 2249 quantumvis

2277 2252 2501 2306 eosdem
2536 2251 2778 2306 maxime
2811 2252 3153 2318 paeniteret;
3185 2263 3313 2320 cum
3358 2250 3510 2304 Deus
3543 2251 3598 2305 id
3628 2253 3894 2320 judicium

2276 2321 2389 2377 sibi
2427 2322 2594 2377 unice
2625 2321 3013 2388 reservaverit,
3049 2333 3230 2390 neque
3252 2319 3374 2390 hac
3406 2321 3464 2374 in
3501 2335 3560 2375 re
3591 2319 3754 2377 suam
3788 2336 3896 2377 cum

2275 2393 2393 2447 alio
2417 2394 2537 2448 ullo
2557 2393 2955 2448 auctoritatem
2974 2389 3503 2446 communicaverit.
3538 2390 3892 2458 Quamobrem

2271 2464 2576 2520 Cornelius
2634 2463 2999 2533 congregavit
3052 2461 3326 2516 adversus
3378 2475 3509 2533 eum
3571 2465 3889 2526 concilium,

2271 2536 2511 2605 ejusque
2561 2532 2766 2588 hzeresi
2795 2546 2861 2588 ac
2904 2533 3217 2588 schismate
3257 2532 3676 2605 condemnatis,
3726 2535 3890 2604 ipsum

2271 2602 2579 2675 secumque
2621 2605 2935 2675 sentientes
2975 2615 3175 2675 omnes
3204 2602 3610 2675 abEcclesiae
3653 2602 3895 2660 commu-

2273 2677 2442 2731 nione
2473 2672 2747 2744 sejunxit.
2770 2675 2844 2744 (q)
2866 2674 3044 2743 Cujus
3076 2672 3408 2744 Iaiijudicii
3440 2675 3787 2730 universalis
3811 2676 3893 2729 Ec-

2266 2748 2458 2801 clesi:e
2491 2742 2996 2816 praesules’partici
3009 2758 3105 2814 pes
3135 2742 3292 2813 facti,
3329 2747 3594 2801 unanimi
3629 2759 3889 2802 consensu

2265 2831 2460 2872 omnes
2484 2819 2538 2872 id
2571 2817 2902 2886 probarunt.

2332 2884 2654 2958 Cyprianus
2681 2886 2747 2958 (-r)
2773 2901 2902 2941 vero
2939 2899 3051 2958 prie
3093 2884 3317 2958 caeteris
3349 2885 3408 2958 in
3442 2887 3889 2958 pseudopontiﬁ-

2263 2955 2652 3028 cem'stylum
2689 2955 3046 3028 distrinxit,
3103 2955 3545 3028 luculentissme
3604 2955 3889 3014 ostendens

2263 3029 2437 3098 quod,
2460 3027 2588 3084 cum
2611 3043 2779 3084 unam
2799 3031 2962 3084 .Iesus
2981 3027 3247 3082 Christus
3277 3028 3586 3082 Ecclesiam
3613 3040 3888 3098 unumque

2261 3101 2502 3154 omnino
2542 3101 2930 3168 episcopatum
2981 3098 3324 3171 instituerit,
3364 3099 3540 3171 cujus
3585 3099 3886 3171 funguntur

2176 3195 2224 3256 ρ
2264 3184 2496 3226 munere
2518 3171 2774 3256 variisin
2801 3168 3884 3256 provinciis‘dispertitiApraasulesgua-

2260 3257 2386 3296 rum
2432 3257 2568 3297 cura
2602 3242 2804 3296 iisdem
2859 3239 3173 3306 incumbit;
3211 3252 3454 3308 cumque
3485 3241 3707 3297 electus
3729 3251 3883 3309 atque

2262 3313 2644 3383 inauguratus
2690 3313 2740 3366 is
2772 3311 2946 3368 fuerit
2989 3312 3282 3383 cui‘Deus
3330 3311 3684 3367 universalis
3728 3313 3877 3379 hujus

2259 3381 2524 3438 Ecclesiae
2557 3383 2805 3453 regimen
2833 3381 3268 3453 commendavit,
3299 3387 3356 3453 e_t
3388 3394 3486 3453 per
3511 3397 3685 3451 quem
3714 3384 3879 3438 unitas

2256 3461 2311 3508 et
2341 3451 2675 3523 conjunctio
2703 3453 2957 3520 ejusdem
2988 3452 3192 3506 existit
3218 3451 3504 3517 Ecclesiae,
3541 3466 3871 3523 nequaquam

2257 3524 2379 3580 ﬁeri
2412 3530 2483 3580 ab
2511 3525 2628 3580 alio
2657 3531 2893 3594 poterat,
2929 3523 3044 3578 nisi
3078 3523 3444 3577 schismatica
3472 3526 3740 3592 societas,
3769 3536 3871 3594 qua

2255 3598 2527 3664 quoniam
2561 3593 2882 3665 nil’praeter
2918 3594 3230 3648 humanum
3271 3600 3510 3661 saperet,
3544 3597 3738 3650 eadem
3768 3593 3870 3648 for-

2254 3673 2394 3722 tuna
2424 3669 2506 3724 uti
2539 3680 2649 3737 qua
2675 3666 2860 3722 solent
2884 3665 3532 3737 schismata‘oporteret,
3566 3680 3697 3734 quae
3723 3667 3868 3737 maxi-

2254 3751 2374 3793 mas
2404 3733 2633 3808 quidem
2668 3743 2895 3806 repente
2949 3735 3146 3790 turbas
3178 3733 3434 3808 faciunt.
3465 3742 3526 3790 at
3567 3733 3865 3808 propediem

2252 3804 2435 3864 ruunt
2460 3823 2527 3863 ac
2564 3804 2982 3863 dissolvuntur.
3015 3808 3146 3861 Post
3176 3804 3295 3861 haec
3323 3804 3690 3862 demonstrat
3704 3805 3868 3860 nemi—

2249 3893 2375 3934 nem
2429 3894 2526 3950 per
2570 3880 2733 3934 ﬁdem
2783 3884 2838 3932 et
2879 3877 3214 3931 charitatem
3253 3890 3385 3950 cum
3436 3878 3691 3950 Ecclesia
3727 3888 3867 3946 posse

2248 3946 2545 4022 conjungi,
2582 3951 2696 4022 qui
2747 3950 3070 4022 a‘Romano
3109 3946 3376 4022 pontiﬁce
3414 3949 3493 4001 sit
3531 3949 3863 4022 disjunctus.

2247 4017 2448 4090 nempe
2470 4017 2904 4090 'qui‘pontiﬁci
2952 4020 3276 4073 earumdem
3323 4019 3608 4074 virtutum
3662 4017 3866 4072 vinculo

2247 4091 2646 4147 indissolubili
2669 4106 2736 4146 ac
2765 4091 3142 4160 perseveranti
3165 4103 3274 4144 non
3296 4091 3363 4160 ad
3376 4091 3565 4144 haeret.
3594 4091 3861 4145 Postremo

2244 4163 2548 4218 Romanam
2603 4159 2912 4218 Ecclesiam
2946 4161 3199 4216 declarat
3244 4159 3556 4214 habendam
3603 4174 3728 4215 esse
3767 4168 3866 4213 tan-

2243 4247 2411 4303 quam
2437 4233 2685 4288 radicem
2715 4240 2769 4288 et
2795 4240 3026 4287 matrem
3051 4232 3308 4287 omnium
3343 4231 3748 4301 Ecclesiarum,
3778 4242 3864 4284 ne—

2243 4318 2353 4374 que
2380 4304 2451 4358 ab
2480 4305 2603 4372 ipsa
2633 4304 2750 4360 ullo
2780 4311 2942 4373 pacto
2972 4303 3284 4358 abscedeud
3297 4317 3386 4357 um
3414 4315 3558 4374 esse.

2310 4377 2515 4430 Sancto
2567 4375 2751 4430 eidem
2803 4375 3090 4444 episcopo,
3146 4381 3206 4428 ut
3254 4387 3441 4428 rerum
3479 4373 3858 4444 humanarum

2240 4446 2584 4502 vicissitudo
2613 4452 2717 4510 est,
2764 4442 2936 4500 causa
2977 4442 3203 4499 demum
3239 4459 3339 4512 pro
3369 4457 3430 4499 se
3473 4443 3602 4512 ipso
3637 4442 3862 4498 dicenda

2240 4518 2352 4572 fuit
2373 4524 2567 4573 contra
2591 4523 2764 4586 caput
2791 4517 2934 4571 illud
2966 4515 3402 4570 insanissimum
3433 4517 3666 4586 nomine
3685 4516 3864 4569 Fortu-

476 4563 946 4657 basiatn‘eaae
984 4563 1383 4651 statim;
1410 4563 2117 4651 vestigatirai‘t‘assae;
2145 4563 2198 4624 Ι)
2237 4563 3858 4657 sanguiue;sua:iBEuiii'asaagaa“castigatam

469 4655 901 4709 condemnatus.

542 4725 826 4780 Callixtus
852 4729 1100 4794 quatuor
1119 4724 1259 4777 anni
1290 4730 1606 4792 temporum
1634 4725 1921 4794 jejunium
1954 4727 2116 4782 insti-

471 4797 586 4851 tuit
611 4796 693 4866 (j).
728 4795 1011 4851 Fabianus
1041 4794 1208 4848 latam
1236 4795 1295 4848 in
1323 4797 1591 4849 Africano
1616 4797 1866 4852 concilio
1897 4806 2117 4854 senten-

469 4868 608 4941 tiam
651 4866 1245 4941 adversusPrivatum
1283 4867 1615 4941 hiereticum
1643 4868 2109 4941 co_nﬁrmavit(k).

464 4939 834 5012 Adeumdem
854 4939 1129 5012 Origenes
1149 4949 1309 5012 suam
1331 4937 1461 5012 ﬁdei
1485 4937 1894 5012 professionem
1920 4937 2106 5012 misit;

466 5009 610 5080 quin
631 5011 825 5077 etiam,
849 5008 1115 5064 nonnulli
1141 5008 1228 5080 uti
1248 5008 1482 5062 tradunt
1500 5008 1786 5078 historici,
1802 5014 1869 5064 ad
1888 5008 2112 5080 aposto-

462 5078 633 5134 licam
675 5081 864 5135 sedem
913 5091 974 5134 se
1015 5078 1281 5145 contulit,
1339 5091 1561 5134 errores
1599 5092 1788 5134 coram
1839 5078 2106 5138 diluendi

552 5327 602 5384 bl
639 5330 786 5384 Tert.
825 5327 924 5382 lib.
957 5328 1084 5382 adv.
1116 5328 1278 5382 Prax.

549 5396 594 5471 c)
632 5400 755 5456 Lib.
802 5396 1010 5455 Pontif.
1056 5399 1215 5454 Bedze
1247 5398 1305 5453 in
1340 5411 1391 5453 Vl
1430 5398 1628 5455 mundi
1655 5403 1806 5455 :etat.
1849 5400 2010 5459 Adon
2039 5404 2098 5458 in

452 5470 1196 5622 Chainjheodoreuhteret.
1229 5541 1363 5597 Fab.
1398 5542 1503 5598 lib.
1533 5555 1595 5596 ιι.

628 5613 836 5667 Pontif.
872 5613 931 5666 in
958 5612 1201 5666 Victore.

536 5613 570 5666 'e
628 5613 836 5667 Pontif.
872 5613 931 5666 in
958 5613 1201 5666 Victore.

627 5683 830 5737 Euseb.
859 5698 890 5737 v
917 5683 1066 5738 Hist.
1097 5696 1148 5736 c.
1179 5679 1252 5737 2'2
1277 5686 1334 5736 et
1356 5695 1474 5753 seq.

523 5759 574 5824 (g
632 5752 838 5807 Ruﬁin.
866 5754 1011 5808 Hist.
1046 5754 1090 5808 l.
1122 5767 1184 5818 ll,
1207 5767 1256 5808 c.
1289 5752 1343 5807 6.

523 5825 578 5893 (ἡ
631 5823 818 5893 Optat.
846 5823 1034 5893 Milev.
1068 5823 1171 5877 lib.
1203 5839 1242 5877 ι.

551 5256 604 5399 ag
640 5258 695 5312 S.
728 5258 875 5313 Iren.
920 5255 957 5310 l.
995 5268 1084 5324 tu,
1112 5270 1162 5311 c.
1194 5254 1249 5311 3.

552 5331 582 5383 b
639 5330 786 5384 Tert.
825 5327 924 5382 lib.
957 5328 1084 5382 adv.
1116 5328 1249 5381 Prax

529 5256 594 5471 go)
632 5400 755 5456 Lib.
802 5396 1010 5455 Pontif.
1056 5399 1249 5454 Bedze:

632 5752 1011 5835 Buﬁin._l_l.i_st.
1046 5754 1184 5835 l_.__n,
1207 5767 1256 5808 c.
1289 5752 1343 5807 6.

532 5823 596 5893 ἡ)
631 5823 818 5891 Optat.
846 5823 1034 5878 Milev.
1068 5823 1171 5877 lib.
1203 5839 1242 5877 ι.

520 5829 581 5964 ii)
615 5891 834 5948 Tertul.
859 5891 931 5946 de
951 5893 1135 5960 Jejun.
1161 5900 1218 5949 et
1243 5895 1316 5950 de
1338 5893 1534 5950 Pudic.

2231 4654 2563 4715 sedem's'ui
2619 4659 2742 4714 loco
2797 4657 3105 4726 provehere
3159 4655 3523 4712 moliebatur.
3577 4654 3760 4724 Quare
3809 4654 3857 4706 in

2227 4731 2678 4799 expostulatoria
2722 4729 2790 4783 ad
2837 4728 3166 4784 Cornelium
3215 4727 3459 4799 epistola
3506 4726 3562 4799 id
3617 4726 3860 4799 apprime

2225 4797 2490 4871 queritur
2518 4801 2580 4872 (ς)
2609 4801 2757 4869 quod
2786 4800 3156 4872 schismatica
3187 4798 3285 4852 illa
3317 4811 3389 4872 ac
3409 4798 3646 4872 scelesta
3671 4797 3858 4872 socie-

2223 4868 2310 4927 fas
2341 4868 2659 4941 impudenti
2695 4872 2835 4925 adeo
2860 4885 2958 4925 ore
2998 4868 3194 4933 fuerit,
3231 4876 3294 4923 ut
3323 4869 3391 4941 ad
3425 4870 3554 4941 divi
3591 4869 3736 4922 Petri
3762 4881 3854 4941 caf

2221 4935 2504 5006 thedrain,
2547 4945 2615 4997 ad
2665 4943 2925 4996 omnium
2971 4941 3288 5010 principem
3343 4940 3748 5003 Ecclesiarum,
3790 4935 3849 4989 ad

2217 5015 2564 5084 episcopalis
2593 5013 2845 5087 unitatis
2869 5013 3151 5087 originem
3178 5011 3527 5087 temeritatis
3549 5017 3721 5087 atque
3748 5010 3850 5087 im‘

2217 5082 2505 5154 pudentis:
2531 5098 2650 5139 suae
2681 5084 2953 5139 nuntium
2987 5083 3212 5138 mittere
3239 5095 3352 5137 non
3377 5082 3685 5149 dubitarit,
3719 5082 3844 5133 ani—

2280 5258 2344 5332 σ)
2382 5261 2505 5316 Lib.
2534 5262 2696 5318 Pont.

2280 5330 2349 5403 (k’)
2386 5333 2438 5388 S.
2473 5333 2635 5402 Cypr.
2668 5347 2758 5403 ep.
2788 5330 2880 5389 59.

2279 5403 2335 5474 (ι)
2372 5405 2575 5458 Euseb.
2606 5404 2748 5459 Hist.
2774 5419 2849 5472 v1,
2877 5403 2962 5459 49.

2299 5473 2367 5545 m)
2394 5475 2450 5530 S.
2480 5475 2645 5544 Cypr.
2679 5489 2768 5544 ep.
2799 5475 2892 5531 55.

2297 5544 2354 5617 η)
2387 5548 2550 5615 Apud
2581 5546 2771 5617 eumd.
2798 5560 2887 5616 ep.
2913 5544 2969 5600 8.

2295 5615 2342 5688 ο)
2380 5619 2486 5684 Id.,
2515 5630 2604 5687 ep.
2637 5615 2726 5672 55.

2295 5690 2348 5744 to)
2386 5688 2528 5744 Ibid.

2270 5694 2348 5834 ((3;
2381 5694 2585 5834 {£13m
2613 5758 2867 5834 Risisti],
2899 5757 2988 5816 35.

2269 5829 2336 5972 (νζ
2378 5830 2542 5898 Cypr.
2579 5830 2730 5898 epist
2765 5829 2854 5887 55.

2269 5905 2312 5971 (s
2369 5900 2473 5970 Id.,
2506 5914 2594 5970 ep.
2627 5899 2718 5956 59.

2267 5899 2333 5971 (s)
2369 5900 2473 5970 Id.,
2506 5914 2594 5970 ep.
2627 5899 2718 5956 59.
