3994 6168
171 297 285 356 949

1068 300 1158 355 DE
1195 301 1731 358 PRIEEMINENTIA
1769 301 1857 358 ET
1892 301 2368 358 AUCTORITATE
2405 301 2459 355 S.
2502 300 2709 356 SEDIS.

3480 296 3588 358 950

168 426 444 500 gmentis,
467 426 702 500 inserta,
741 429 1093 497 conspicuus
1132 431 1226 485 hic
1275 431 1576 486 sanctitate
1617 429 1816 484 doctor
1843 424 1898 483 A
1925 426 2053 484 dem
2085 431 2202 485 veri
2225 431 2478 500 episcopi
2503 428 2738 485 fuerunt
2761 427 2966 492 habiti,
2990 442 3135 500 quos
3155 429 3364 486 electos
3386 437 3583 487 sancta

171 498 496 566 scripserit,
549 499 648 566 qui
696 513 798 554 sua
837 500 1175 556 conﬁciebat
1204 510 1374 572 atque
1417 500 1618 556 edebat
1647 511 1816 568 opera

171 579 458 642 tanquam
488 582 748 642 reversus
787 571 902 639 jam
946 573 1174 627 Romam
1226 573 1481 629 Liberiur
1521 586 1618 642 per
1655 584 1823 642 sum—

173 641 463 714 manrsui
511 641 766 714 nominis
813 642 1055 712 gloriam
1107 643 1373 699 tuebatur
1419 641 1543 714 quae
1590 643 1660 697 de
1714 641 1823 696 ﬁde

168 711 551 785 constituerat
571 713 796 785 Nicaena
819 711 993 782 Synod
1005 730 1086 769 us.
1117 711 1493 785 Hieronymus
1509 716 1590 783 (α)
1613 714 1827 785 pariter

168 797 300 838 cum
325 782 538 855 haeresi
569 796 700 838 eum
733 784 816 838 ait
859 785 1295 855 subscripsisse,
1330 782 1631 841 'rumorem
1663 784 1821 854 vulgi

169 854 480 922 sequitur:
517 868 648 909 cum
693 868 892 924 nempe
933 854 1231 912 Athanasii
1277 858 1636 912 damnationi
1678 854 1824 910 sub-

168 925 448 998 scripsit,
465 939 631 998 quem
679 927 878 981 Ariani
912 929 1100 996 specie
1143 929 1372 997 quidem
1404 928 1474 984 ob
1509 927 1822 998 peculiaria

167 996 418 1050 crimina
471 995 872 1066 deposuerant,
931 995 990 1053 re
1036 995 1225 1055 autem
1275 1001 1347 1056 ob
1398 995 1670 1055 invidiam
1721 1012 1825 1052 ar—

166 1067 362 1138 dentis
395 1066 561 1122 illius
591 1069 771 1123 studii
801 1083 914 1138 quo
944 1071 1230 1126 Niczenam
1264 1071 1428 1126 ﬁdem
1463 1071 1746 1126 tuebatur.

235 1137 382 1193 Cum
435 1138 700 1212 Liberius
742 1137 1148 1198 ecclesiastica:
1197 1142 1529 1212 reipublicm
1578 1141 1824 1212 habenas

167 1210 383 1264 iterum
409 1210 749 1283 cepit,qua_s
769 1212 967 1268 exsilii
991 1215 1084 1268 sui
1108 1210 1358 1283 tempore
1380 1213 1534 1268 Felix
1559 1213 1680 1281 ipse
1696 1211 1826 1266 sub-

168 1282 671 1362 rogatuspaciﬁce
703 1281 889 1338 fuerat
921 1281 1267 1362 moderatus.
1301 1284 1616 1362 apostolica
1648 1283 1820 1362 simul

162 1353 494 1425 constantia
517 1367 577 1425 se
600 1353 808 1408 iterum
833 1356 1064 1423 muniit,
1093 1370 1205 1425 qua
1231 1353 1412 1411 coetus
1437 1353 1823 1410 Ariminensis

161 1436 226 1496 ca
236 1424 483 1496 ptiosam
505 1423 810 1480 formulam
833 1423 1169 1496 exsecravit,
1192 1428 1270 1482 ita
1289 1434 1352 1481 ut
1368 1427 1612 1483 excitata
1633 1425 1822 1496 denuo

161 1494 512 1549 Arianorum
549 1496 925 1552 insectatione
958 1494 1191 1554 coactus
1221 1497 1399 1553 fuerit
1427 1497 1617 1552 adhuc
1647 1495 1818 1550 semel

162 1564 354 1619 solum
411 1572 628 1638 vertere
655 1567 735 1635 (b)
787 1581 852 1622 ac
902 1568 1076 1623 latere
1135 1569 1390 1638 quandiu
1447 1567 1820 1638 Constantius

161 1649 368 1710 eurum
400 1637 592 1710 fautor
629 1638 801 1692 vitam
832 1639 1062 1710 degeret
1091 1637 1182 1710 (ej.
1215 1640 1319 1694 Ubi
1359 1641 1584 1695 tandem
1619 1637 1818 1692 Eccle-

162 1707 254 1762 sia
290 1708 596 1774 pristinam
628 1707 1108 1779 tranquillitatem
1135 1707 1344 1780 adepta
1386 1718 1490 1780 est,
1529 1710 1812 1780 publicam

161 1780 507 1853 amnestiam
552 1780 701 1835 edici
759 1783 987 1837 mandat
1042 1784 1297 1853 pontifex
1353 1799 1454 1853 pro
1503 1786 1580 1838 iis
1622 1781 1819 1838 omni-

163 1849 275 1924 bus
297 1850 403 1924 (cl),
429 1851 478 1904 si
504 1853 604 1921 qui
632 1853 850 1922 decepti
877 1849 1146 1922 captiosze
1167 1849 1819 1924 alicui—subscripserunt

163 1919 476 1994 formulae;
515 1919 789 1978 mandans
834 1919 1104 1994 praiterea
1155 1941 1378 1982 summo
1435 1927 1492 1982 in
1545 1919 1641 1981 eos
1686 1926 1818 1994 jure

160 1993 572 2074 animadverti,
615 1995 715 2064 qui
750 1993 986 2074 minime
1018 1998 1320 2074 abierrore
1352 1993 1699 2074 recesserint
1721 1995 1814 2074 (c).

158 2065 511 2145 Semiariani
544 2072 659 2145 tres
704 2068 984 2145 miserunt
1025 2070 1322 2145 episcopos
1361 2069 1710 2145 ab_0riente,
1758 2072 1819 2145 ut

160 2148 272 2208 suo
328 2137 558 2190 nomine
589 2137 643 2192 S.
693 2139 846 2194 sedis
882 2137 1160 2196 doctrinae
1205 2137 1634 2198 subscriberent
1667 2157 1682 2208 ;
1716 2139 1814 2194 ubi

160 2205 336 2282 ﬁdem
371 2214 650 2282 noverant
688 2210 1074 2280 incorruptam
1119 2221 1390 2282 perpetuo
1433 2205 1678 2278 servari,
1704 2223 1817 2265 au-

157 2278 608 2359 ctoritatemque
641 2281 825 2359 inesse
845 2278 1163 2359 Ecclesium
1196 2278 1550 2359 gubernandi
1584 2283 1671 2352 (ἢ.
1705 2282 1813 2336 ΡΘ-

158 2354 390 2424 tierunt
413 2354 612 2424 utique
632 2354 857 2408 restitui
874 2355 1172 2424 episcopos
1191 2354 1498 2410 nonnullos
1516 2356 1571 2409 in
1587 2365 1813 2409 suasse-

155 2420 281 2494 des,
304 2421 465 2494 funde
486 2421 710 2494 aliquot
735 2426 790 2478 in
818 2420 1088 2480 Orientis
1104 2427 1374 2482 conciliis
1399 2427 1562 2494 ejecti
1588 2425 1813 2480 fuerant

154 2491 583 2572 (g)._.Pontifex,
631 2495 958 2572 orthodoxae
1003 2497 1132 2572 ﬁdei
1162 2491 1518 2572 professione
1563 2497 1634 2551 ab
1666 2496 1812 2572 ipsis

156 2562 388 2643 audita,
427 2563 483 2643 in
516 2569 970 2643 communionem
1001 2562 1226 2643 recipit,
1252 2569 1544 2643 datquein
1573 2562 1815 2643 manda-

156 2636 241 2714 tis
270 2641 337 2714 ut
365 2636 465 2714 qui
494 2637 721 2714 expulsi
750 2646 885 2693 sunt
912 2636 1183 2714 praesules
1214 2636 1566 2714 quantocius
1583 2639 1652 2693 ad
1680 2652 1815 2693 suas

157 2704 463 2778 Ecclesias
487 2706 830 2764 reducantur
857 2729 869 2763 :
905 2704 966 2764 ut
997 2710 1208 2765 factum
1231 2704 1351 2766 fuit
1383 2713 1480 2778 (Ιι).
1514 2711 1660 2765 Idem
1688 2722 1819 2778 pon-

157 2773 506 2857 tifextulit
539 2780 878 2857 sententiam
933 2782 1004 2857 in
1042 2782 1325 2848 hieresim,
1377 2773 1814 2857 quae‘paracleti

154 2847 422 2927 Spiritus
451 2848 812 2927 divinitatem
847 2853 1089 2927 negabat
1115 2871 1129 2916 ς
1163 2847 1500 2927 θρηδιίιῐέιιιθ
1528 2847 1600 2927 ex
1624 2853 1810 2927 moni-

158 2923 378 2999 mentis
403 2925 654 3000 veterum
685 2923 967 3000 Ecclesias
993 2937 1189 2980 omnes
1217 2924 1353 2980 huic
1377 2925 1434 2980 S.
1485 2924 1638 2979 sedis
1665 2923 1818 2992 judi-

154 2994 253 3042 cio
307 2994 587 3044 continuo
645 2994 894 3049 stetisse.

229 3060 478 3115 Damaso
511 3064 778 3130 pontiﬁce
821 3065 1134 3123 Gratianus
1192 3073 1248 3123 et
1280 3067 1717 3123 Valentinianus
1768 3061 1813 3114 Il

1931 501 2091 555 sedes
2121 503 2498 557 conﬁrmavit.

2004 573 2136 626 Post
2167 574 2282 628 haec
2311 587 2530 628 omnem
2566 572 2836 626 adhibuit
2865 584 3058 626 curam
3094 577 3156 626 ut
3188 571 3438 625 schisma
3464 573 3582 627 Do—

1937 644 2278 698 natistarum
2316 645 2542 714 penitus
2568 649 2979 714 exstingueret,
3027 643 3177 710 quod
3212 642 3411 714 multis
3447 643 3584 714 inde

1937 715 2108 770 annis
2164 712 2470 771 Africanas
2522 712 2787 770 turbavit
2845 713 3127 768 Ecclesias
3182 713 3268 782 (0).
3305 712 3583 768 -Profecto

1943 787 2310 854 prmstantius
2341 801 2406 842 eo
2436 786 2832 840 testimonium
2875 784 3190 839 desiderari
3229 795 3338 838 non
3377 789 3578 852 poteSt,

1941 857 2090 925 quod
2121 871 2344 913 cozevus
2369 857 2573 923 praesul
2597 858 2766 912 divus
2787 858 3028 924 Optatus
3051 854 3131 924 (ρ)
3157 854 3321 909 ﬁdem
3343 868 3581 910 suorum

1941 933 2259 997 temporum
2287 929 2689 984 commendans
2719 927 2950 989 litteris,
2981 926 3309 980 tradiditde
3334 925 3581 997 apostoli

1931 996 2082 1054 Petri
2115 1001 2397 1055 cathedrae
2421 999 2740 1062 attributis,
2770 999 3016 1065 primatu
3043 1011 3108 1051 ac
3135 996 3588 1066 praeminentia,

1931 1069 2114 1139 deque
2141 1073 2541 1126 communione
2563 1084 2676 1139 qua
2705 1083 2899 1124 omnes
2929 1069 3107 1124 totius
3137 1069 3296 1122 orbis
3318 1068 3583 1123 Ecclesiae

1935 1142 2056 1196 sedi
2104 1143 2289 1198 eidem
2345 1148 2613 1197 tenentur
2654 1141 2960 1203 adhaerere,
2998 1142 3287 1196 servanda:
3337 1141 3584 1197 unitatis

1935 1213 2140 1282 gratia,
2173 1215 2313 1269 adeo
2363 1213 2704 1273 necessaria,
2755 1218 2818 1266 ut
2847 1225 3039 1266 earum
3099 1213 3374 1268 immunis
3421 1213 3581 1267 nulla

1934 1297 2058 1338 esse
2113 1285 2314 1353 possit.
2365 1286 2443 1339 Ne
2493 1285 2598 1340 ulli
2654 1284 2886 1352 quidem
2935 1283 3344 1351 apostolorum,
3398 1284 3482 1338 ait
3523 1284 3578 1338 S.

1933 1355 2132 1411 doctor
2170 1356 2399 1412 licitum
2418 1368 2668 1424 unquam
2686 1353 2999 1408 fuitsedem
3027 1354 3279 1424 aliquam
3298 1354 3582 1424 stabilire,

1936 1440 2060 1494 quae
2094 1441 2204 1483 non
2235 1440 2267 1482 a
2292 1428 2411 1482 divi
2446 1429 2591 1480 Petri
2625 1425 2895 1480 cathedra
2946 1427 3135 1479 Romae
3168 1424 3404 1480 fundata
3436 1439 3583 1494 pen-

1931 1495 2109 1552 deret.
2163 1499 2314 1554 Ilanc
2367 1497 2636 1553 Ecclesiae
2680 1497 2944 1552 Romana:
2993 1497 3393 1552 auctoritatem
3454 1497 3580 1552 suis

1935 1568 2302 1636 imperatores
2343 1569 2569 1639 legibus
2595 1567 2733 1624 fassi
2768 1576 2942 1635 sunt;
2977 1581 3262 1639 quamque
3290 1568 3394 1639 hac
3431 1570 3502 1624 de
3522 1582 3582 1623 re

1931 1639 2069 1694 tulit
2092 1637 2690 1710 Gratianuslantiquae
2712 1639 2948 1694 tradunt
2971 1637 3228 1694 historize
3249 1637 3324 1708 (q)
3357 1640 3585 1710 insigne

1929 1719 2327 1779 argumentum
2355 1713 2586 1780 pietatis
2605 1712 2731 1781 ejus
2754 1711 2811 1764 in
2836 1712 3010 1764 Deum
3033 1711 3346 1780 exstitisse,
3373 1713 3585 1781 quippe

1850 1793 1901 1853 Β
1930 1783 2046 1848 cui,
2085 1783 2312 1838 Valente
2366 1790 2609 1845 mortuo,
2647 1796 2832 1837 rerum
2875 1782 3035 1837 solus
3068 1783 3303 1850 potitus,
3353 1783 3584 1852 imperii

1933 1855 2111 1909 totius
2147 1855 2311 1924 quasi
2349 1855 2638 1922 primitias
2667 1853 2904 1908 obtulit.
2952 1854 3314 1908 Theodoseus
3346 1855 3583 1925 Magnus

1929 1926 2298 1980 celeberrima
2345 1940 2408 1980 ea
2465 1925 2603 1994 lege,
2646 1926 2873 1978 Cunctos
2925 1926 3174 1994 populos,
3223 1926 3476 1980 decrevit
3523 1933 3585 1981 ut

1925 1996 2268 2064 Christiani,
2295 1999 2393 2066 qui
2419 2010 2538 2051 eam
2574 1997 2736 2051 ﬁdem
2773 1994 3260 2067 proﬁterentur(r)
3287 1997 3453 2065 cujus
3475 1995 3582 2051 de-

1932 2070 2180 2136 positum
2213 2071 2276 2122 D.
2302 2069 2502 2123 Petrus
2529 2069 2654 2123 suis
2681 2068 3113 2123 successoribus
3139 2067 3581 2123 custodiendum

1930 2141 2187 2210 reliquit,
2222 2140 2495 2194 catholici
2553 2145 3064 2208 nuncuparentur;
3121 2140 3346 2195 caeteris
3381 2144 3574 2194 autem

1927 2213 2332 2280 turpissimum
2362 2211 2762 2266 haereticorum
2793 2224 2995 2266 nomen
3026 2211 3437 2266 ascriberetur.

1998 2279 2076 2338 lta
2107 2285 2372 2350 majorem
2421 2283 2478 2338 in
2509 2284 2635 2338 dies
2662 2282 3083 2337 venerationem
3110 2284 3164 2335 S.
3202 2282 3323 2336 sedi
3376 2279 3580 2336 conci-

1925 2354 2089 2408 liavit
2117 2355 2317 2409 divina
2335 2354 2717 2424 providentia,
2748 2353 3118 2420 temporalem
3144 2355 3312 2424 etiam
3345 2359 3583 2422 potesta-

1923 2433 2029 2480 tem
2054 2426 2528 2495 splendoremque
2561 2423 2723 2480 illius
2763 2425 2821 2478 in
2858 2424 3117 2479 omnium
3149 2423 3336 2479 oculis
3363 2437 3586 2493 augen-

1923 2497 2015 2553 do.
2044 2497 2388 2552 ldololatriie
2414 2496 2709 2551 studentes
2741 2496 3015 2550 invidiam
3046 2509 3180 2550 sane
3206 2509 3270 2550 ac
3300 2495 3574 2550 sollicitu-

1925 2569 2116 2624 dinem
2182 2582 2295 2638 qua
2326 2566 2660 2622 aﬁiciuntur
2707 2580 2817 2622 non
2877 2566 3066 2621 celant
3113 2565 3194 2636 (ε)⁷
3236 2567 3470 2635 perinde
3517 2580 3582 2621 ac

1930 2639 2146 2694 nostris
2197 2637 2353 2694 hisce
2396 2637 2752 2707 temporibus
2811 2639 3087 2692 haereseos
3139 2644 3196 2692 et
3247 2638 3580 2694 schismatis

1931 2717 2258 2766 assertores.
2312 2709 2534 2764 Fideles
2581 2723 2743 2766 reque
2791 2723 2856 2763 ac
2904 2722 3006 2764 nos
3037 2708 3302 2764 divinum
3337 2708 3580 2765 summis

1933 2781 2206 2836 laudibus
2238 2781 2548 2835 consilium
2590 2780 2917 2843 efferebant,
2957 2794 3070 2850 quo
3107 2786 3381 2849 perpetuo
3419 2781 3584 2834 stetit

1934 2853 2216 2922 hodieque
2237 2858 2351 2906 stat
2375 2851 2643 2920 Ecclesia,
2663 2853 2789 2919 ejus
2811 2852 3164 2905 admirantes
3189 2851 3474 2906 inﬁnitam
3495 2864 3582 2905 sa-

1931 2921 2228 2992 pientiam,
2284 2923 2431 2992 quod
2463 2923 2588 2976 sine
2617 2922 2933 2992 offensione
2959 2921 3064 2976 alii
3119 2935 3228 2976 non
3257 2923 3572 2992 accipiunt.

1928 2991 2147 3064 Exigua
2180 2991 2444 3048 Ecclesiae
2479 2993 2798 3064 primordia
2826 2991 3199 3064 oﬁ'endebant
3220 2994 3465 3061 Judteos,
3513 3006 3579 3048 ac

1931 3062 2113 3120 risum
2149 3063 2417 3134 gentibus
2447 3063 2877 3118 commovebant
2924 3062 2999 3132 (t).
3032 3063 3294 3132 Ejusdem
3327 3069 3578 3134 potestas

157 3130 616 3214 imperatoresa.)
638 3133 748 3214 lata
779 3137 900 3206 lege
917 3138 1596 3214 declararuntpontiﬁcis
1615 3138 1814 3214 aucto;
1847 3153 1894 3214 ο
1930 3130 2402 3214 hacteuilpestate
2425 3135 2726 3214 haereticos
2761 3130 3051 3214 malosque
3074 3130 3578 3214 Christianosof—

158 3202 335 3278 ritate
367 3202 425 3256 in
449 3202 1045 3278 causisepiscoporum
1075 3216 1129 3264 et
1157 3202 1646 3278 appellationibus
1665 3206 1731 3262 ad
1757 3205 1813 3278 S.

157 3273 380 3350 sedem,
414 3277 569 3350 quod
615 3273 699 3331 abi
737 3273 989 3334 Ecclesia
1019 3273 1319 3336 deﬁnitum
1367 3283 1482 3350 jam
1515 3280 1700 3334 fuerat
1753 3276 1811 3329 in

158 3343 731 3425 synodosardicensi
895 3352 1065 3425 Hunc
1089 3366 1224 3425 sane
1247 3343 1522 3425 fructum
1549 3351 1814 3406 excitatae

159 3414 528 3493 calamitates
549 3417 618 3471 ab
647 3414 917 3490 antipapa
946 3422 1213 3478 Ursicino
1243 3424 1300 3477 in
1329 3423 1653 3492 legitimum
1685 3431 1816 3493 pou-

160 3484 376 3567 tiiicem
417 3484 865 3567 pepererunthf
888 3493 1136 3567 Basilius
1166 3493 1234 3563 (li)
1271 3496 1328 3548 in
1359 3484 1626 3567 epistolis
1656 3484 1725 3545 ab
1754 3490 1811 3542 B.

159 3555 546 3635 Athanasium
577 3569 637 3635 et
654 3563 722 3635 ad
760 3564 1080 3635 pontiﬁcem
1097 3555 1407 3620 Damasum
1427 3567 1495 3619 de
1508 3564 1815 3635 schismate

165 3627 494 3681 Antiochiae
523 3637 579 3684 et
602 3627 846 3687 Ecclesia
859 3650 981 3690 rum
1005 3637 1258 3691 Orientis
1286 3637 1538 3690 tumultu
1557 3633 1811 3697 traditis,

167 3702 433 3776 testatur
449 3714 509 3754 se
539 3701 605 3754 ad
642 3703 954 3760 Romanum
988 3707 1311 3774 pontiﬁcem
1339 3705 1664 3776 confugere,
1687 3711 1810 3776 tan-

166 3781 334 3846 quam
365 3770 593 3846 ad__eum
631 3787 797 3840 penes
819 3770 1331 3846 quem-auctoritas
1360 3784 1446 3833 est
1476 3770 1810 3840 deﬁniendi,

166 3840 478 3917 mandandi
499 3846 816 3918 uterumina
835 3840 1273 3918 c0gnoscantur,
1298 3847 1810 3918 animadvertendi.

168 3915 227 3988 in
259 3923 411 3978 reos,
439 3925 506 3966 ac
534 3915 874 3990 discrimina
906 3915 1104 3974 eorum
1136 3919 1384 3974 faciendi
1413 3921 1512 3990 qui
1541 3919 1597 3973 in
1627 3917 1811 3972 Eccle-

166 3986 266 4060 sia:
294 3986 702 4060 communione
732 3988 974 4044 debeant
1003 3992 1258 4046 retineri.
1293 3993 1370 4046 De
1404 3986 1606 4047 iisdem
1643 3991 1812 4045 rebus

166 4050 550 4133 Hieronymus
595 4056 680 4133 (li
712 4062 1068 4127 perscribens
1131 4064 1368 4118 Damaso
1401 4063 1700 4133 proﬁtetur
1753 4076 1812 4116 se

168 4135 411 4187 prorsus
439 4124 512 4178 ab
561 4124 724 4204 nullo
746 4144 844 4185 seu
885 4133 1361 4204 presbyterorum,
1387 4124 1487 4190 seu
1520 4133 1814 4187 monacho-

169 4205 316 4259 rum,
347 4200 837 4275 seu‘praesu‘lum,
882 4200 983 4259 Seu
1035 4200 1361 4275 principum
1391 4207 1564 4274 hujus
1612 4203 1810 4258 mundi

169 4275 335 4350 £9558
367 4280 400 4346 ξι
452 4267 516 4320 Ι).
564 4269 711 4350 Petri
773 4267 926 4329 sedis
977 4267 1378 4350 communione
1420 4267 1601 4350 avelli
1637 4289 1703 4330 ac
1734 4289 1812 4329 re-

167 4347 430 4411 moverr;
464 4349 576 4392 non
611 4347 872 4411 ignorare
920 4360 982 4401 se
1013 4348 1236 4402 nullum
1267 4356 1425 4404 extra
1450 4349 1702 4404 eamdem
1729 4359 1813 4401 se-

163 4404 294 4487 dem
329 4407 551 4462 salvum
586 4404 730 4487 ﬁcri,
759 4417 1118 4474 Antichristo
1143 4433 1343 4475 nomen
1361 4421 1431 4475 ab
1451 4421 1527 4476 iis
1555 4420 1682 4475 dari
1707 4417 1806 4487 qui

161 4476 560 4565 Humanoinon
584 4485 654 4565 ad
665 4476 875 4565 haerent
901 4490 1180 4565 pontiﬁci,
1196 4493 1352 4565 quod
1389 4476 1812 4565 perindeestiac

164 4552 447 4633 nuntium
470 4552 846 4633 ChristoiJesu
879 4552 1166 4616 remittere
1187 4552 1274 4633 (in)
1307 4552 1563 4617 Pontifex
1586 4564 1642 4616 id
1668 4561 1808 4616 schi-

160 4631 288 4700 gma
319 4621 961 4700 damnavittnmliaque
989 4621 1270 4700 praeterea
1297 4633 1354 4687 in
1385 4633 1742 4688 Alexandrize
1765 4636 1822 4686 et

155 4688 746 4764 ConstantinOpoleos
775 4688 1047 4758 Ecclesi'is
1076 4704 1310 4775 oborta;
1347 4718 1589 4775 quarum
1632 4705 1674 4759 ii
1706 4710 1826 4758 tan-

229 4951 312 5026 (Λα)
348 4953 402 5026 S_.
441 4953 669 5010 Hieron.
705 4956 776 5011 de
803 4957 1017 5026 Script.
1048 4955 1199 5026 Eccl.
1233 4963 1286 5013 et
1317 4957 1378 5012 in
1407 4955 1615 5013 Chron.

234 5023 316 5098 (ὁ)
347 5024 516 5098 Apud
543 5026 750 5082 Theod.
778 5026 826 5098 il.
856 5023 1014 5098 u,'c.
1044 5025 1133 5084 22.

250 5097 302 5164 c)
336 5095 461 5151 Soz.
499 5097 538 5150 l.
569 5111 646 5158 IV,
683 5114 734 5153 c.
766 5095 853 5153 l8.

250 5170 312 5249 ιζ)
332 5167 438 5249 Ep.
470 5169 593 5249 Lib.
616 5170 685 5224 ad
710 5170 937 5249 PP_._ap_.
963 5170 1142 5249 Hilar.
1175 5171 1232 5226 in
1256 5169 1457 5249 fragm:

250 5097 302 5164 c)
336 5097 461 5151 Soz.
499 5097 538 5150 l.
569 5111 646 5158 IV,
683 5114 734 5153 c.
766 5097 853 5153 l8.

250 5167 438 5249 djEp.
470 5169 593 5223 Lib.
616 5170 685 5224 ad
710 5170 810 5223 PP.
842 5183 933 5238 ap.
963 5170 1142 5226 Hilar.
1175 5171 1232 5226 in
1256 5169 1457 5242 fragm.

226 5097 836 5383 ἕξουᾶἑδιῄινέριιῆῗ
863 5259 876 5313 ;
905 5241 1026 5296 Soz.
1057 5241 1098 5298 l.
1129 5255 1359 5313 v1,cap.
1394 5235 1460 5298 40

247 5385 306 5452 g)
336 5385 418 5440 Id.
459 5381 601 5440 ibid.

247 5402 286 5452 g
336 5385 418 5440 Id.
459 5383 601 5440 ibid.
855 5383 865 5385 “

225 5383 309 5594 git;
342 5456 469 5510 Soz.
508 5454 607 5536 lib.
643 5469 859 5524 v1,cap.
886 5453 976 5524 21.

252 5531 298 5594 i)
343 5528 604 5594 Rescrip.
650 5527 808 5582 Grat.
829 5531 885 5580 et
914 5529 976 5581 Va

227 5597 270 5668 (ί

287 5385 309 5525 l

343 5526 604 5604 Hescrip.
650 5527 885 5604 Gratinet
914 5528 1135 5604 Ya_len_t.
1165 5527 1284 5604 ᾼᾼ.
1318 5527 1616 5604 Aquilino.

324 5597 389 5670 S;
422 5593 618 5670 embr-
652 5612 738 5668 ep»
780 5593 953 5670 43..»ad
981 5595 1202 5670 Valenti
1245 5593 1250 5600 ⁷

293 5675 306 5737 )
342 5668 401 5722 s.
432 5667 605 5722 Basil.
636 5666 806 5737 epist.
830 5666 903 5723 55
931 5666 1140 5728 eteae.

328 5741 392 5794 S.
425 5739 578 5793 Hier.
607 5735 694 5809 ep.
738 5735 892 5809 ﬁdet
918 5739 1008 5796 58.

313 5812 332 5884 )
367 5809 424 5864 S.
448 5809 621 5865 Basil.
645 5805 744 5880 'ep.
781 5805 908 5863 272.

266 5532 298 5664 ,

237 5671 244 5678 ρ

229 5679 250 5880 ἓ

254 5673 306 5738 λ)

257 5742 298 5812 ι)

255 5831 311 5867 m

1927 3205 2131 3261 fendit.
2160 3207 2502 3274 Quicunque
2521 3211 2708 3260 autem
2725 3204 2908 3258 studii
2934 3218 3136 3259 causas
3166 3205 3363 3272 procul
3385 3204 3572 3273 habet,

1926 3279 2181 3332 divinam
2202 3289 2331 3330 cum
2362 3276 2533 3329 Paulo
2559 3275 2866 3344 potentiam
2891 3282 3064 3343 atque
3094 3275 3435 3342 sapientiam
3475 3275 3585 3329 mi-

1928 3345 2200 3416 ratur(u).
2231 3346 2568 3416 Ubicunque
2595 3345 2874 3410 locorum,
2894 3345 3062 3400 aiunt
3089 3347 3300 3410 Patres,
3325 3346 3574 3416 reperire

1924 3425 2012 3473 est
2031 3418 2301 3487 prodigos
2317 3416 2467 3471 ﬁlios
2483 3417 2582 3486 qui
2621 3416 2767 3484 patri
2781 3416 2970 3487 monia
2986 3417 3333 3487 dilapidant,
3355 3430 3573 3472 necnon

1925 3485 2144 3544 zizania
2177 3485 2324 3543 b'ono
2349 3485 2599 3558 admista
2618 3487 2904 3542 frumento
2925 3485 3012 3556 (υ).
3048 3485 3386 3558 Ubicunque
3417 3487 3579 3542 Luci-

1925 3559 2074 3616 feros
2100 3561 2290 3615 videre
2318 3566 2406 3613 est
2432 3566 2494 3630 ut
2524 3557 2754 3630 fulgura
2806 3558 3070 3630 cadentes
3095 3560 3164 3614 de
3193 3557 3354 3627 coelo,
3388 3559 3577 3630 lignea

1927 3632 2057 3686 item
2079 3645 2210 3686 vasa
2226 3637 2398 3700 atque
2422 3627 2641 3697 ﬁctilia,
2667 3644 2794 3698 qua:
2807 3627 3155 3698 franguntur
3177 3645 3243 3686 ac
3267 3627 3578 3700 projic'iun-

1925 3710 2020 3758 tur
2065 3704 2122 3756 in
2158 3703 2364 3772 ignem.
2419 3700 2747 3772 Apostolica
2779 3706 2969 3754 autem
3016 3701 3178 3755 sedes
3207 3716 3238 3756 e
3283 3701 3574 3756 contrario

1966 3779 2220 3828 aternam
2281 3785 2502 3840 semper
2533 3771 2920 3826 haereditatem
2966 3785 3094 3826 cum
3153 3772 3262 3828 ﬁde
3292 3772 3573 3838 servavit;

1951 3848 2274 3900 rumentum
2298 3844 2354 3897 in
2378 3855 2442 3896 ea
2463 3841 2852 3911 centuplicato
2882 3849 3142 3896 coactum
3167 3861 3182 3912 ;
3215 3843 3300 3898 sol
3328 3843 3576 3911 justitize

1925 3916 2186 3985 quotidie
2214 3914 2424 3968 ibidem
2458 3913 2680 3981 oritur;
2733 3926 2833 3968 nec
2855 3927 2986 3985 vasa
3023 3913 3146 3968 illic
3175 3921 3376 3984 praeter
3404 3927 3576 3970 aurea

1922 3984 1977 4042 et
2002 3993 2265 4058 argentea
2292 3986 2582 4058 visuntur,
2616 3991 2844 4054 propter
2867 3984 3262 4058 intemeratam
3299 3986 3578 4040 doctrinae

1925 4056 2231 4127 puritatem
2264 4056 2553 4110 nullonon
2578 4065 2828 4124 tempore
2863 4057 2920 4111 in
2952 4069 3014 4111 ea
3046 4064 3344 4112 servatam.
3377 4057 3580 4126 Hujus-

1924 4130 2075 4185 modi
2103 4127 2387 4193 doctrina,
2405 4129 2502 4181 PP.
2527 4133 2972 4197 prosequuntur,
2999 4128 3179 4184 nullis
3206 4134 3290 4184 est
3311 4128 3582 4186 obnoxiis

1922 4199 2236 4270 praestigiis
2259 4197 2748 4270 (ac).Quamobrem
2780 4199 3002 4254 tametsi
3034 4202 3303 4269 prudens,
3355 4201 3582 4256 tametsi

1922 4273 2151 4340 sapiens
2177 4271 2314 4340 quis
2341 4270 2454 4324 sibi
2488 4283 2615 4326 esse
2640 4270 2924 4338 videatur,
2942 4277 3136 4326 caveat
3165 4287 3322 4335 sane,
3366 4279 3581 4334 caveat,

1921 4355 1990 4396 ne
2009 4342 2362 4412 peregrinam
2377 4342 3012 4410 suscipiatdoctrinam.
3028 4344 3382 4400 Tutissimus
3409 4343 3585 4400 maxi-

1921 4427 2120 4487 meque
2152 4413 2339 4467 ﬁdelis
2371 4412 2533 4468 illius
2546 4419 2747 4487 custos
2764 4414 3065 4487 iRomanus
3093 4423 3181 4469 est
3203 4414 3459 4484 pontifex
3488 4415 3582 4487 (y).

1924 4485 2190 4552 Idemque
2212 4491 2296 4538 est
2329 4492 2512 4538 rector
2527 4484 2734 4538 domus
2762 4484 2862 4537 Dei
2899 4489 2955 4537 et
2984 4491 3176 4552 pastor
3233 4484 3583 4542 universalis

1929 4555 2213 4609 Dominici
2231 4555 2439 4624 gregis,
2455 4555 2852 4622 episcoporum
2867 4553 3117 4622 denique
3130 4557 3578 4612 etconciliorum

1932 4627 2199 4696 magister
2217 4633 2274 4678 et
2291 4626 2514 4696 doctor.
2544 4624 2621 4678 ita
2638 4638 2766 4696 eum
2783 4626 3384 4696 appelatAmbrosius.
3405 4627 3587 4683 Eccle-

1930 4694 2180 4754 siae'ﬁdei
2198 4694 2714 4764 conﬁrmandae,ait
2732 4696 2797 4749 D.
2813 4695 3160 4752 Athanasius
3171 4697 3235 4768 (ι)
3247 4698 3583 4768 pontiﬁcum

2030 4953 2086 5022 η)
2112 4954 2233 5008 Soz.
2263 4962 2366 5022 vn,
2396 4946 2454 5022 ll
2480 4968 2521 5022 ;i
2542 4948 2808 5022 S_ocr._iv,
2845 4943 2948 5018 30;
2976 4946 3256 5004 Theodor.
3307 4960 3385 5022 tv,
3417 4949 3471 5006 9.

2032 4971 2066 5007 η
2112 4954 2233 5008 Soz.
2263 4962 2366 5018 vn,
2396 4953 2497 5014 M;
2542 4953 2696 5004 Socr.
2731 4960 2808 5010 iv,
2845 4953 2860 5002 ἒ

2032 4953 2086 5092 οξ
2109 5019 2282 5078 Bonif
2306 5021 2450 5092 l._ad
2484 5019 2671 5087 Episc.
2707 5017 2860 5086 Illyr.

2115 5094 2244 5149 Opt.
2273 5090 2393 5145 Mil.
2423 5091 2462 5144 l.
2494 5095 2587 5144 iet
2618 5103 2655 5144 ιι
2685 5095 2868 5143 contr.
2901 5089 3088 5145 Parm.

2040 5157 2090 5236 'qj
2119 5157 2306 5220 Theod
2367 5162 2416 5236 l.
2439 5157 2646 5236 v,_c_._2
2669 5166 2726 5214 et
2755 5157 2831 5236 _3.

2038 5231 2085 5291 ἱιῖ
2128 5237 2244 5291 Lib.
2308 5247 2346 5288 ιι
2386 5235 2456 5289 de
2504 5231 2623 5286 Fid.
2657 5231 2808 5286 cath.
2841 5231 2976 5288 Cod.
3005 5231 3287 5290 Theodos.

2119 5311 2302 5362 Amm.
2332 5303 2564 5360 Marce].
2599 5302 2638 5358 l.
2668 5315 2848 5357 xxvn.

2071 5095 2092 5380 ἐ

2027 5310 2070 5379 (ε

2033 5382 2072 5449 ί)

2145 5381 2184 5460 ς

2188 5393 2220 5434 0

2226 5393 2270 5432 ι’.

2295 5394 2343 5456 εἰ,

2375 5373 2464 5431 23.

2011 5380 2032 5665 Ξ

2034 5588 2091 5660 ai)
2118 5594 2195 5648 Id.
2230 5605 2318 5660 ep.
2358 5588 2412 5658 8,
2448 5589 2516 5643 ad
2545 5589 2789 5660 Demetr.

2018 5658 2105 5738 (yi
2141 5665 2196 5719 S.
2229 5658 2425 5717 Ambr.
2462 5661 2520 5714 in
2552 5660 2574 5730 ι
2624 5658 2769 5726 Tim.
2806 5674 2857 5715 c.
2895 5661 3000 5738 in;
3055 5662 3189 5738 item
3243 5663 3413 5738 θρίδε,
3465 5664 3505 5732 ι,
3557 5680 3597 5735 ι,

1947 5737 2183 5880 ep(3's.
2215 5808 2423 5864 Athan.
2448 5818 2533 5873 ep.
2562 5801 2629 5858 ad
2664 5801 2916 5868 African.
