  <div class='ocr_page' id='page_1' title='image "/cluster/home/n/w/nwhite01/storage/ocr_20150623/127/hvd.32044054759881/482.png"; bbox 0 0 3994 6172; ppageno 0'>
   <div class='ocr_carea' id='block_1_1' title="bbox 209 344 320 401">
    <p class='ocr_par' dir='ltr' id='par_1_1' title="bbox 209 344 320 401">
     <span class='ocr_line' id='line_1_1' title="bbox 209 344 320 401; baseline 0 0"><span class='ocrx_word' id='word_1_1' title='bbox 209 344 320 401; x_wconf 76' lang='grc'><strong>953</strong></span> 
     </span>
    </p>
   </div>
   <div class='ocr_carea' id='block_1_2' title="bbox 1090 344 2752 407">
    <p class='ocr_par' dir='ltr' id='par_1_2' title="bbox 1090 344 2752 407">
     <span class='ocr_line' id='line_1_2' title="bbox 1090 344 2752 407; baseline 0 -3"><span class='ocrx_word' id='word_1_2' title='bbox 1090 349 1180 404; x_wconf 85' lang='lat' dir='ltr'><strong>DE</strong></span> <span class='ocrx_word' id='word_1_3' title='bbox 1220 344 1755 405; x_wconf 67' lang='lat' dir='ltr'><strong>PREEMINENTIA</strong></span> <span class='ocrx_word' id='word_1_4' title='bbox 1791 350 1876 405; x_wconf 86' lang='lat' dir='ltr'><strong>ET</strong></span> <span class='ocrx_word' id='word_1_5' title='bbox 1912 348 2390 405; x_wconf 79' lang='lat' dir='ltr'><strong>AUCTORITATE</strong></span> <span class='ocrx_word' id='word_1_6' title='bbox 2430 350 2484 406; x_wconf 91' lang='lat' dir='ltr'><strong>S.</strong></span> <span class='ocrx_word' id='word_1_7' title='bbox 2536 350 2752 407; x_wconf 91' lang='lat' dir='ltr'><strong>SEDIS.</strong></span> 
     </span>
    </p>
   </div>
   <div class='ocr_carea' id='block_1_3' title="bbox 3524 349 3631 408">
    <p class='ocr_par' dir='ltr' id='par_1_3' title="bbox 3524 349 3631 408">
     <span class='ocr_line' id='line_1_3' title="bbox 3524 349 3631 408; baseline 0 0"><span class='ocrx_word' id='word_1_8' title='bbox 3524 349 3631 408; x_wconf 72' lang='grc'><strong>954</strong></span> 
     </span>
    </p>
   </div>
   <div class='ocr_carea' id='block_1_4' title="bbox 210 468 3626 544">
    <p class='ocr_par' dir='ltr' id='par_1_4' title="bbox 210 468 3626 544">
     <span class='ocr_line' id='line_1_4' title="bbox 210 468 3626 544; baseline 0.001 -19"><span class='ocrx_word' id='word_1_9' title='bbox 210 468 406 538; x_wconf 81' lang='lat' dir='ltr'><strong>Quare</strong></span> <span class='ocrx_word' id='word_1_10' title='bbox 435 469 689 544; x_wconf 81' lang='lat' dir='ltr'><strong>pontifex</strong></span> <span class='ocrx_word' id='word_1_11' title='bbox 730 477 813 527; x_wconf 87' lang='lat' dir='ltr'><strong>tot</strong></span> <span class='ocrx_word' id='word_1_12' title='bbox 855 472 1146 542; x_wconf 91' lang='lat' dir='ltr'><strong>tantisque</strong></span> <span class='ocrx_word' id='word_1_13' title='bbox 1202 473 1392 529; x_wconf 81' lang='lat' dir='ltr'><strong>turbis</strong></span> <span class='ocrx_word' id='word_1_14' title='bbox 1442 474 1868 544; x_wconf 89' lang='lat' dir='ltr'><strong>compescendis</strong></span> <span class='ocrx_word' id='word_1_15' title='bbox 1898 478 1951 534; x_wconf 89' lang='lat' dir='ltr'><strong>A</strong></span> <span class='ocrx_word' id='word_1_16' title='bbox 1980 475 2172 530; x_wconf 91' lang='lat' dir='ltr'><strong>varios</strong></span> <span class='ocrx_word' id='word_1_17' title='bbox 2192 475 2371 531; x_wconf 91' lang='lat' dir='ltr'><strong>Italia</strong></span> <span class='ocrx_word' id='word_1_18' title='bbox 2391 474 2951 544; x_wconf 82' lang='lat' dir='ltr'><strong>Prasules,duaque</strong></span> <span class='ocrx_word' id='word_1_19' title='bbox 2976 473 3045 529; x_wconf 89' lang='lat' dir='ltr'><strong>ad</strong></span> <span class='ocrx_word' id='word_1_20' title='bbox 3070 474 3321 543; x_wconf 92' lang='lat' dir='ltr'><strong>privatos</strong></span> <span class='ocrx_word' id='word_1_21' title='bbox 3343 475 3626 533; x_wconf 89' lang='lat' dir='ltr'><strong>homines.</strong></span> 
     </span>
    </p>
   </div>
   <div class='ocr_carea' id='block_1_5' title="bbox 209 543 1870 614">
    <p class='ocr_par' dir='ltr' id='par_1_5' title="bbox 209 543 1870 614">
     <span class='ocr_line' id='line_1_5' title="bbox 209 543 1870 614; baseline 0.002 -18"><span class='ocrx_word' id='word_1_22' title='bbox 209 543 631 597; x_wconf 70' lang='lat' dir='ltr'><strong>mcumenicam</strong></span> <span class='ocrx_word' id='word_1_23' title='bbox 664 544 945 613; x_wconf 77' lang='lat' dir='ltr'><strong>synodum</strong></span> <span class='ocrx_word' id='word_1_24' title='bbox 974 544 1303 614; x_wconf 74' lang='lat' dir='ltr'><strong>intelligens</strong></span> <span class='ocrx_word' id='word_1_25' title='bbox 1327 560 1472 613; x_wconf 91' lang='lat' dir='ltr'><strong>opus</strong></span> <span class='ocrx_word' id='word_1_26' title='bbox 1497 543 1637 613; x_wconf 85' lang='lat' dir='ltr'><strong>fore,</strong></span> <span class='ocrx_word' id='word_1_27' title='bbox 1689 545 1870 601; x_wconf 84' lang='lat' dir='ltr'><strong>Hono-</strong></span> 
     </span>
    </p>
   </div>
   <div class='ocr_carea' id='block_1_6' title="bbox 210 614 1873 685">
    <p class='ocr_par' dir='ltr' id='par_1_6' title="bbox 210 614 1873 685">
     <span class='ocr_line' id='line_1_6' title="bbox 210 614 1873 685; baseline 0.002 -18"><span class='ocrx_word' id='word_1_28' title='bbox 210 614 373 685; x_wconf 84' lang='lat' dir='ltr'><strong>rium</strong></span> <span class='ocrx_word' id='word_1_29' title='bbox 406 614 803 685; x_wconf 76' lang='lat' dir='ltr'><strong>imperatorem</strong></span> <span class='ocrx_word' id='word_1_30' title='bbox 835 615 903 669; x_wconf 92' lang='lat' dir='ltr'><strong>ad</strong></span> <span class='ocrx_word' id='word_1_31' title='bbox 934 615 1297 670; x_wconf 89' lang='lat' dir='ltr'><strong>scribendum</strong></span> <span class='ocrx_word' id='word_1_32' title='bbox 1334 617 1567 671; x_wconf 78' lang='lat' dir='ltr'><strong>induxit</strong></span> <span class='ocrx_word' id='word_1_33' title='bbox 1618 617 1873 685; x_wconf 89' lang='lat' dir='ltr'><strong>impera-</strong></span> 
     </span>
    </p>
   </div>
   <div class='ocr_carea' id='block_1_7' title="bbox 210 682 1868 756">
    <p class='ocr_par' dir='ltr' id='par_1_7' title="bbox 210 682 1868 756">
     <span class='ocr_line' id='line_1_7' title="bbox 210 682 1868 756; baseline 0.002 -18"><span class='ocrx_word' id='word_1_34' title='bbox 210 684 331 738; x_wconf 88' lang='lat' dir='ltr'><strong>tori</strong></span> <span class='ocrx_word' id='word_1_35' title='bbox 365 684 611 738; x_wconf 86' lang='lat' dir='ltr'><strong>Arcadio</strong></span> <span class='ocrx_word' id='word_1_36' title='bbox 650 682 837 751; x_wconf 80' lang='lat' dir='ltr'><strong>fratri,</strong></span> <span class='ocrx_word' id='word_1_37' title='bbox 898 692 959 739; x_wconf 88' lang='lat' dir='ltr'><strong>ut</strong></span> <span class='ocrx_word' id='word_1_38' title='bbox 1010 700 1199 740; x_wconf 80' lang='lat' dir='ltr'><strong>secum</strong></span> <span class='ocrx_word' id='word_1_39' title='bbox 1251 688 1601 756; x_wconf 81' lang='lat' dir='ltr'><strong>impenderet</strong></span> <span class='ocrx_word' id='word_1_40' title='bbox 1649 682 1868 742; x_wconf 84' lang='lat' dir='ltr'><strong>omnem</strong></span> 
     </span>
    </p>
   </div>
   <div class='ocr_carea' id='block_1_8' title="bbox 208 756 1871 878">
    <p class='ocr_par' dir='ltr' id='par_1_8' title="bbox 208 756 1871 878">
     <span class='ocr_line' id='line_1_8' title="bbox 208 756 1871 878; baseline 0.002 -68"><span class='ocrx_word' id='word_1_41' title='bbox 208 768 447 824; x_wconf 89' lang='lat' dir='ltr'><strong>operam</strong></span> <span class='ocrx_word' id='word_1_42' title='bbox 484 756 542 808; x_wconf 92' lang='lat' dir='ltr'><strong>in</strong></span> <span class='ocrx_word' id='word_1_43' title='bbox 575 768 634 809; x_wconf 88' lang='lat' dir='ltr'><strong>re</strong></span> <span class='ocrx_word' id='word_1_44' title='bbox 666 770 791 878; x_wconf 75' lang='lat' dir='ltr'><strong>qua</strong></span> <span class='ocrx_word' id='word_1_45' title='bbox 843 756 913 809; x_wconf 91' lang='lat' dir='ltr'><strong>ad</strong></span> <span class='ocrx_word' id='word_1_46' title='bbox 949 763 1258 824; x_wconf 88' lang='lat' dir='ltr'><strong>utrumque</strong></span> <span class='ocrx_word' id='word_1_47' title='bbox 1289 758 1600 826; x_wconf 79' lang='lat' dir='ltr'><strong>spectabat.</strong></span> <span class='ocrx_word' id='word_1_48' title='bbox 1636 760 1871 828; x_wconf 81' lang='lat' dir='ltr'><strong>Legatos</strong></span> 
     </span>
     <span class='ocr_line' id='line_1_9' title="bbox 212 826 1869 878; baseline 0 0"><span class='ocrx_word' id='word_1_49' title='bbox 212 826 266 878; x_wconf 87' lang='lat' dir='ltr'><strong>is</strong></span> <span class='ocrx_word' id='word_1_50' title='bbox 332 826 494 878; x_wconf 89' lang='lat' dir='ltr'><strong>misit</strong></span> <span class='ocrx_word' id='word_1_51' title='bbox 519 840 648 878; x_wconf 90' lang='lat' dir='ltr'><strong>cum</strong></span> <span class='ocrx_word' id='word_1_52' title='bbox 707 826 912 878; x_wconf 87' lang='lat' dir='ltr'><strong>ittcris.</strong></span> <span class='ocrx_word' id='word_1_53' title='bbox 945 830 1041 878; x_wconf 83' lang='lat' dir='ltr'><strong>qui</strong></span> <span class='ocrx_word' id='word_1_54' title='bbox 1076 841 1107 878; x_wconf 90' lang='lat' dir='ltr'><strong>a</strong></span> <span class='ocrx_word' id='word_1_55' title='bbox 1155 828 1457 878; x_wconf 79' lang='lat' dir='ltr'><strong>Theophili</strong></span> <span class='ocrx_word' id='word_1_56' title='bbox 1513 829 1759 878; x_wconf 74' lang='lat' dir='ltr'><strong>factione</strong></span> <span class='ocrx_word' id='word_1_57' title='bbox 1812 832 1869 878; x_wconf 90' lang='lat' dir='ltr'><strong>in</strong></span> 
     </span>
    </p>
   </div>
   <div class='ocr_carea' id='block_1_9' title="bbox 212 826 1871 897">
    <p class='ocr_par' dir='ltr' id='par_1_9' title="bbox 212 826 1871 897">
     <span class='ocr_line' id='line_1_10' title="bbox 212 826 1871 897; baseline 0.003 -18"><span class='ocrx_word' id='word_1_58' title='bbox 212 826 266 881; x_wconf 87' lang='lat' dir='ltr'><strong>is</strong></span> <span class='ocrx_word' id='word_1_59' title='bbox 332 826 494 880; x_wconf 87' lang='lat' dir='ltr'><strong>misit</strong></span> <span class='ocrx_word' id='word_1_60' title='bbox 519 840 648 880; x_wconf 91' lang='lat' dir='ltr'><strong>cum</strong></span> <span class='ocrx_word' id='word_1_61' title='bbox 681 826 913 895; x_wconf 82' lang='lat' dir='ltr'><strong>litteris,</strong></span> <span class='ocrx_word' id='word_1_62' title='bbox 945 830 1041 897; x_wconf 89' lang='lat' dir='ltr'><strong>qui</strong></span> <span class='ocrx_word' id='word_1_63' title='bbox 1076 841 1107 881; x_wconf 88' lang='lat' dir='ltr'><strong>a</strong></span> <span class='ocrx_word' id='word_1_64' title='bbox 1155 828 1457 897; x_wconf 79' lang='lat' dir='ltr'><strong>TheOphili</strong></span> <span class='ocrx_word' id='word_1_65' title='bbox 1513 826 1759 884; x_wconf 76' lang='lat' dir='ltr'><strong>factione</strong></span> <span class='ocrx_word' id='word_1_66' title='bbox 1812 832 1871 884; x_wconf 91' lang='lat' dir='ltr'><strong>in</strong></span> 
     </span>
    </p>
   </div>
   <div class='ocr_carea' id='block_1_10' title="bbox 212 897 1874 971">
    <p class='ocr_par' dir='ltr' id='par_1_10' title="bbox 212 897 1874 971">
     <span class='ocr_line' id='line_1_11' title="bbox 212 897 1874 971; baseline 0.002 -19"><span class='ocrx_word' id='word_1_67' title='bbox 212 897 432 971; x_wconf 79' lang='lat' dir='ltr'><strong>itinere</strong></span> <span class='ocrx_word' id='word_1_68' title='bbox 461 897 714 971; x_wconf 77' lang='lat' dir='ltr'><strong>aggressi</strong></span> <span class='ocrx_word' id='word_1_69' title='bbox 746 902 918 971; x_wconf 79' lang='lat' dir='ltr'><strong>atque</strong></span> <span class='ocrx_word' id='word_1_70' title='bbox 935 898 1151 971; x_wconf 62' lang='lat' dir='ltr'><strong>reject],</strong></span> <span class='ocrx_word' id='word_1_71' title='bbox 1181 913 1381 971; x_wconf 81' lang='lat' dir='ltr'><strong>vanam</strong></span> <span class='ocrx_word' id='word_1_72' title='bbox 1396 907 1453 955; x_wconf 91' lang='lat' dir='ltr'><strong>et</strong></span> <span class='ocrx_word' id='word_1_73' title='bbox 1484 901 1705 955; x_wconf 89' lang='lat' dir='ltr'><strong>irritam</strong></span> <span class='ocrx_word' id='word_1_74' title='bbox 1731 900 1874 971; x_wconf 87' lang='lat' dir='ltr'><strong>lega-</strong></span> 
     </span>
    </p>
   </div>
   <div class='ocr_carea' id='block_1_11' title="bbox 211 966 1869 1053">
    <p class='ocr_par' dir='ltr' id='par_1_11' title="bbox 211 966 1869 1053">
     <span class='ocr_line' id='line_1_12' title="bbox 211 966 1869 1053; baseline 0.001 -30"><span class='ocrx_word' id='word_1_75' title='bbox 211 966 742 1053; x_wconf 38' lang='lat' dir='ltr'><strong>tionem‘fecerunt.</strong></span> <span class='ocrx_word' id='word_1_76' title='bbox 780 966 931 1023; x_wconf 84' lang='lat' dir='ltr'><strong>[nter</strong></span> <span class='ocrx_word' id='word_1_77' title='bbox 958 969 1074 1023; x_wconf 78' lang='lat' dir='ltr'><strong>hac</strong></span> <span class='ocrx_word' id='word_1_78' title='bbox 1093 970 1155 1022; x_wconf 93' lang='lat' dir='ltr'><strong>D.</strong></span> <span class='ocrx_word' id='word_1_79' title='bbox 1184 970 1642 1053; x_wconf 46' lang='lat' dir='ltr'><strong>C‘hrysosAtomus,</strong></span> <span class='ocrx_word' id='word_1_80' title='bbox 1674 966 1869 1053; x_wconf 69' lang='lat' dir='ltr'><strong>exsilii</strong></span> 
     </span>
    </p>
   </div>
   <div class='ocr_carea' id='block_1_12' title="bbox 208 1039 1877 1111">
    <p class='ocr_par' dir='ltr' id='par_1_12' title="bbox 208 1039 1877 1111">
     <span class='ocr_line' id='line_1_13' title="bbox 208 1039 1877 1111; baseline 0.001 -16"><span class='ocrx_word' id='word_1_81' title='bbox 208 1039 654 1111; x_wconf 84' lang='lat' dir='ltr'><strong>calamitatibus</strong></span> <span class='ocrx_word' id='word_1_82' title='bbox 696 1052 1024 1111; x_wconf 90' lang='lat' dir='ltr'><strong>oppressus,</strong></span> <span class='ocrx_word' id='word_1_83' title='bbox 1072 1039 1363 1096; x_wconf 87' lang='lat' dir='ltr'><strong>occubuit.</strong></span> <span class='ocrx_word' id='word_1_84' title='bbox 1413 1041 1591 1111; x_wconf 88' lang='lat' dir='ltr'><strong>Quam</strong></span> <span class='ocrx_word' id='word_1_85' title='bbox 1629 1056 1743 1097; x_wconf 90' lang='lat' dir='ltr'><strong>rem</strong></span> <span class='ocrx_word' id='word_1_86' title='bbox 1775 1044 1877 1097; x_wconf 92' lang='lat' dir='ltr'><strong>In-</strong></span> 
     </span>
    </p>
   </div>
   <div class='ocr_carea' id='block_1_13' title="bbox 210 1110 1876 1178">
    <p class='ocr_par' dir='ltr' id='par_1_13' title="bbox 210 1110 1876 1178">
     <span class='ocr_line' id='line_1_14' title="bbox 210 1110 1876 1178; baseline 0.002 -13"><span class='ocrx_word' id='word_1_87' title='bbox 210 1110 866 1178; x_wconf 80' lang='lat' dir='ltr'><strong>nocentiusaccipiens,</strong></span> <span class='ocrx_word' id='word_1_88' title='bbox 908 1117 1131 1165; x_wconf 83' lang='lat' dir='ltr'><strong>aterna</strong></span> <span class='ocrx_word' id='word_1_89' title='bbox 1162 1118 1275 1168; x_wconf 92' lang='lat' dir='ltr'><strong>tam</strong></span> <span class='ocrx_word' id='word_1_90' title='bbox 1307 1110 1489 1169; x_wconf 82' lang='lat' dir='ltr'><strong>sancti</strong></span> <span class='ocrx_word' id='word_1_91' title='bbox 1520 1114 1629 1169; x_wconf 89' lang='lat' dir='ltr'><strong>viri</strong></span> <span class='ocrx_word' id='word_1_92' title='bbox 1657 1127 1876 1168; x_wconf 87' lang='lat' dir='ltr'><strong>memo-</strong></span> 
     </span>
    </p>
   </div>
   <div class='ocr_carea' id='block_1_14' title="bbox 212 1176 1873 1254">
    <p class='ocr_par' dir='ltr' id='par_1_14' title="bbox 212 1176 1873 1254">
     <span class='ocr_line' id='line_1_15' title="bbox 212 1176 1873 1254; baseline 0.002 -19"><span class='ocrx_word' id='word_1_93' title='bbox 212 1182 322 1235; x_wconf 82' lang='lat' dir='ltr'><strong>ria</strong></span> <span class='ocrx_word' id='word_1_94' title='bbox 342 1182 440 1254; x_wconf 83' lang='lat' dir='ltr'><strong>jus</strong></span> <span class='ocrx_word' id='word_1_95' title='bbox 458 1176 643 1235; x_wconf 91' lang='lat' dir='ltr'><strong>voluit</strong></span> <span class='ocrx_word' id='word_1_96' title='bbox 663 1176 1057 1254; x_wconf 82' lang='lat' dir='ltr'><strong>aquissimum</strong></span> <span class='ocrx_word' id='word_1_97' title='bbox 1078 1182 1257 1251; x_wconf 88' lang='lat' dir='ltr'><strong>reddi,</strong></span> <span class='ocrx_word' id='word_1_98' title='bbox 1293 1185 1441 1254; x_wconf 90' lang='lat' dir='ltr'><strong>quod</strong></span> <span class='ocrx_word' id='word_1_99' title='bbox 1464 1186 1670 1239; x_wconf 90' lang='lat' dir='ltr'><strong>nevivo</strong></span> <span class='ocrx_word' id='word_1_100' title='bbox 1691 1184 1873 1239; x_wconf 86' lang='lat' dir='ltr'><strong>eidem</strong></span> 
     </span>
    </p>
   </div>
   <div class='ocr_carea' id='block_1_15' title="bbox 209 1251 1874 1325">
    <p class='ocr_par' dir='ltr' id='par_1_15' title="bbox 209 1251 1874 1325">
     <span class='ocr_line' id='line_1_16' title="bbox 209 1251 1874 1325; baseline 0.001 -19"><span class='ocrx_word' id='word_1_101' title='bbox 209 1258 270 1325; x_wconf 78' lang='lat' dir='ltr'><strong>et</strong></span> <span class='ocrx_word' id='word_1_102' title='bbox 320 1251 514 1306; x_wconf 88' lang='lat' dir='ltr'><strong>adhuc</strong></span> <span class='ocrx_word' id='word_1_103' title='bbox 533 1253 859 1325; x_wconf 32' lang='lat' dir='ltr'><strong>‘superstit‘i</strong></span> <span class='ocrx_word' id='word_1_104' title='bbox 895 1253 1227 1325; x_wconf 83' lang='lat' dir='ltr'><strong>redderetur</strong></span> <span class='ocrx_word' id='word_1_105' title='bbox 1278 1251 1562 1325; x_wconf 81' lang='lat' dir='ltr'><strong>angustia</strong></span> <span class='ocrx_word' id='word_1_106' title='bbox 1601 1255 1874 1323; x_wconf 89' lang='lat' dir='ltr'><strong>temporis</strong></span> 
     </span>
    </p>
   </div>
   <div class='ocr_carea' id='block_1_16' title="bbox 213 1320 1876 1391">
    <p class='ocr_par' dir='ltr' id='par_1_16' title="bbox 213 1320 1876 1391">
     <span class='ocr_line' id='line_1_17' title="bbox 213 1320 1876 1391; baseline 0.001 -14"><span class='ocrx_word' id='word_1_107' title='bbox 213 1322 496 1377; x_wconf 83' lang='lat' dir='ltr'><strong>fecerant.</strong></span> <span class='ocrx_word' id='word_1_108' title='bbox 522 1320 632 1389; x_wconf 89' lang='lat' dir='ltr'><strong>Qui</strong></span> <span class='ocrx_word' id='word_1_109' title='bbox 664 1336 792 1376; x_wconf 90' lang='lat' dir='ltr'><strong>eum</strong></span> <span class='ocrx_word' id='word_1_110' title='bbox 826 1320 1056 1378; x_wconf 86' lang='lat' dir='ltr'><strong>fuerant</strong></span> <span class='ocrx_word' id='word_1_111' title='bbox 1102 1320 1387 1391; x_wconf 57' lang='lat' dir='ltr'><strong>insectati&#39;,</strong></span> <span class='ocrx_word' id='word_1_112' title='bbox 1415 1340 1444 1380; x_wconf 91' lang='lat' dir='ltr'><strong>a</strong></span> <span class='ocrx_word' id='word_1_113' title='bbox 1473 1320 1876 1380; x_wconf 82' lang='lat' dir='ltr'><strong>communione</strong></span> 
     </span>
    </p>
   </div>
   <div class='ocr_carea' id='block_1_17' title="bbox 210 1391 1874 1466">
    <p class='ocr_par' dir='ltr' id='par_1_17' title="bbox 210 1391 1874 1466">
     <span class='ocr_line' id='line_1_18' title="bbox 210 1391 1874 1466; baseline 0.001 -18"><span class='ocrx_word' id='word_1_114' title='bbox 210 1407 420 1466; x_wconf 85' lang='lat' dir='ltr'><strong>omnes</strong></span> <span class='ocrx_word' id='word_1_115' title='bbox 448 1391 644 1466; x_wconf 86' lang='lat' dir='ltr'><strong>rejecit</strong></span> <span class='ocrx_word' id='word_1_116' title='bbox 666 1391 741 1461; x_wconf 90' lang='lat' dir='ltr'><strong>(a)</strong></span> <span class='ocrx_word' id='word_1_117' title='bbox 780 1407 1091 1466; x_wconf 89' lang='lat' dir='ltr'><strong>omnesque</strong></span> <span class='ocrx_word' id='word_1_118' title='bbox 1110 1395 1274 1449; x_wconf 89' lang='lat' dir='ltr'><strong>venia</strong></span> <span class='ocrx_word' id='word_1_119' title='bbox 1309 1396 1580 1466; x_wconf 91' lang='lat' dir='ltr'><strong>indignos</strong></span> <span class='ocrx_word' id='word_1_120' title='bbox 1608 1396 1874 1450; x_wconf 86' lang='lat' dir='ltr'><strong>declara-</strong></span> 
     </span>
    </p>
   </div>
   <div class='ocr_carea' id='block_1_18' title="bbox 209 1464 1871 1533">
    <p class='ocr_par' dir='ltr' id='par_1_18' title="bbox 209 1464 1871 1533">
     <span class='ocr_line' id='line_1_19' title="bbox 209 1464 1871 1533; baseline 0.001 -14"><span class='ocrx_word' id='word_1_121' title='bbox 209 1464 302 1519; x_wconf 90' lang='lat' dir='ltr'><strong>vit</strong></span> <span class='ocrx_word' id='word_1_122' title='bbox 334 1464 653 1532; x_wconf 81' lang='lat' dir='ltr'><strong>usquedum</strong></span> <span class='ocrx_word' id='word_1_123' title='bbox 708 1465 888 1517; x_wconf 86' lang='lat' dir='ltr'><strong>sancti</strong></span> <span class='ocrx_word' id='word_1_124' title='bbox 937 1466 1189 1533; x_wconf 78' lang='lat' dir='ltr'><strong>episcopi</strong></span> <span class='ocrx_word' id='word_1_125' title='bbox 1230 1464 1465 1521; x_wconf 61' lang='lat' dir='ltr'><strong>nomen&#39;</strong></span> <span class='ocrx_word' id='word_1_126' title='bbox 1494 1466 1767 1522; x_wconf 88' lang='lat' dir='ltr'><strong>referrent</strong></span> <span class='ocrx_word' id='word_1_127' title='bbox 1815 1466 1871 1520; x_wconf 89' lang='lat' dir='ltr'><strong>in</strong></span> 
     </span>
    </p>
   </div>
   <div class='ocr_carea' id='block_1_19' title="bbox 210 1534 1871 1608">
    <p class='ocr_par' dir='ltr' id='par_1_19' title="bbox 210 1534 1871 1608">
     <span class='ocr_line' id='line_1_20' title="bbox 210 1534 1871 1608; baseline 0.002 -19"><span class='ocrx_word' id='word_1_128' title='bbox 210 1549 418 1608; x_wconf 85' lang='lat' dir='ltr'><strong>sacras</strong></span> <span class='ocrx_word' id='word_1_129' title='bbox 443 1534 781 1608; x_wconf 87' lang='lat' dir='ltr'><strong>_dipt_vchas.</strong></span> <span class='ocrx_word' id='word_1_130' title='bbox 831 1534 989 1608; x_wconf 79' lang='lat' dir='ltr'><strong>Citra</strong></span> <span class='ocrx_word' id='word_1_131' title='bbox 1041 1537 1184 1590; x_wconf 85' lang='lat' dir='ltr'><strong>hanc</strong></span> <span class='ocrx_word' id='word_1_132' title='bbox 1241 1537 1415 1608; x_wconf 82' lang='lat' dir='ltr'><strong>legem</strong></span> <span class='ocrx_word' id='word_1_133' title='bbox 1482 1538 1871 1607; x_wconf 82' lang='lat' dir='ltr'><strong>nequidquam</strong></span> 
     </span>
    </p>
   </div>
   <div class='ocr_carea' id='block_1_20' title="bbox 210 1604 1875 1664">
    <p class='ocr_par' dir='ltr' id='par_1_20' title="bbox 210 1604 1875 1664">
     <span class='ocr_line' id='line_1_21' title="bbox 210 1604 1875 1664; baseline 0.001 -4"><span class='ocrx_word' id='word_1_134' title='bbox 210 1606 413 1660; x_wconf 85' lang='lat' dir='ltr'><strong>conati</strong></span> <span class='ocrx_word' id='word_1_135' title='bbox 436 1604 667 1659; x_wconf 89' lang='lat' dir='ltr'><strong>fuerunt</strong></span> <span class='ocrx_word' id='word_1_136' title='bbox 691 1605 1166 1662; x_wconf 90' lang='lat' dir='ltr'><strong>nonnullieorum</strong></span> <span class='ocrx_word' id='word_1_137' title='bbox 1188 1608 1252 1662; x_wconf 87' lang='lat' dir='ltr'><strong>ad</strong></span> <span class='ocrx_word' id='word_1_138' title='bbox 1348 1610 1503 1663; x_wconf 87' lang='lat' dir='ltr'><strong>sedis</strong></span> <span class='ocrx_word' id='word_1_139' title='bbox 1523 1604 1875 1664; x_wconf 79' lang='lat' dir='ltr'><strong>communio-</strong></span> 
     </span>
    </p>
   </div>
   <div class='ocr_carea' id='block_1_21' title="bbox 212 1676 1874 1749">
    <p class='ocr_par' dir='ltr' id='par_1_21' title="bbox 212 1676 1874 1749">
     <span class='ocr_line' id='line_1_22' title="bbox 212 1676 1874 1749; baseline 0.003 -20"><span class='ocrx_word' id='word_1_140' title='bbox 212 1689 351 1730; x_wconf 88' lang='lat' dir='ltr'><strong>nem</strong></span> <span class='ocrx_word' id='word_1_141' title='bbox 381 1676 587 1749; x_wconf 80' lang='lat' dir='ltr'><strong>redire.</strong></span> <span class='ocrx_word' id='word_1_142' title='bbox 620 1678 815 1745; x_wconf 85' lang='lat' dir='ltr'><strong>Itaque</strong></span> <span class='ocrx_word' id='word_1_143' title='bbox 841 1678 1072 1733; x_wconf 90' lang='lat' dir='ltr'><strong>nomine</strong></span> <span class='ocrx_word' id='word_1_144' title='bbox 1112 1693 1346 1747; x_wconf 89' lang='lat' dir='ltr'><strong>prorsus</strong></span> <span class='ocrx_word' id='word_1_145' title='bbox 1367 1686 1599 1749; x_wconf 85' lang='lat' dir='ltr'><strong>excepto</strong></span> <span class='ocrx_word' id='word_1_146' title='bbox 1622 1680 1874 1734; x_wconf 86' lang='lat' dir='ltr'><strong>eamdem</strong></span> 
     </span>
    </p>
   </div>
   <div class='ocr_carea' id='block_1_22' title="bbox 213 1747 769 1815">
    <p class='ocr_par' dir='ltr' id='par_1_22' title="bbox 213 1747 769 1815">
     <span class='ocr_line' id='line_1_23' title="bbox 213 1747 769 1815; baseline -0.002 -14"><span class='ocrx_word' id='word_1_147' title='bbox 213 1760 422 1801; x_wconf 88' lang='lat' dir='ltr'><strong>omnes</strong></span> <span class='ocrx_word' id='word_1_148' title='bbox 445 1747 769 1815; x_wconf 79' lang='lat' dir='ltr'><strong>explcrunt.</strong></span> 
     </span>
    </p>
   </div>
   <div class='ocr_carea' id='block_1_23' title="bbox 1980 545 3629 616">
    <p class='ocr_par' dir='ltr' id='par_1_23' title="bbox 1980 545 3629 616">
     <span class='ocr_line' id='line_1_24' title="bbox 1980 545 3629 616; baseline 0.002 -17"><span class='ocrx_word' id='word_1_149' title='bbox 1980 548 2041 600; x_wconf 93' lang='lat' dir='ltr'><strong>In</strong></span> <span class='ocrx_word' id='word_1_150' title='bbox 2063 545 2335 601; x_wconf 89' lang='lat' dir='ltr'><strong>decretali</strong></span> <span class='ocrx_word' id='word_1_151' title='bbox 2359 547 2427 601; x_wconf 89' lang='lat' dir='ltr'><strong>ad</strong></span> <span class='ocrx_word' id='word_1_152' title='bbox 2460 545 2828 616; x_wconf 91' lang='lat' dir='ltr'><strong>Eugubinum</strong></span> <span class='ocrx_word' id='word_1_153' title='bbox 2860 546 3191 614; x_wconf 84' lang='lat' dir='ltr'><strong>episcopum</strong></span> <span class='ocrx_word' id='word_1_154' title='bbox 3223 546 3434 601; x_wconf 89' lang='lat' dir='ltr'><strong>tradita</strong></span> <span class='ocrx_word' id='word_1_155' title='bbox 3484 561 3629 602; x_wconf 85' lang='lat' dir='ltr'><strong>con-</strong></span> 
     </span>
    </p>
   </div>
   <div class='ocr_carea' id='block_1_24' title="bbox 1980 616 3631 686">
    <p class='ocr_par' dir='ltr' id='par_1_24' title="bbox 1980 616 3631 686">
     <span class='ocr_line' id='line_1_25' title="bbox 1980 616 3631 686; baseline 0.001 -16"><span class='ocrx_word' id='word_1_156' title='bbox 1980 616 2168 671; x_wconf 88' lang='lat' dir='ltr'><strong>cludit</strong></span> <span class='ocrx_word' id='word_1_157' title='bbox 2194 618 2342 686; x_wconf 91' lang='lat' dir='ltr'><strong>quod</strong></span> <span class='ocrx_word' id='word_1_158' title='bbox 2370 632 2499 672; x_wconf 89' lang='lat' dir='ltr'><strong>cum</strong></span> <span class='ocrx_word' id='word_1_159' title='bbox 2530 617 2798 672; x_wconf 85' lang='lat' dir='ltr'><strong>Ecclesia</strong></span> <span class='ocrx_word' id='word_1_160' title='bbox 2823 630 3017 672; x_wconf 90' lang='lat' dir='ltr'><strong>omnes</strong></span> <span class='ocrx_word' id='word_1_161' title='bbox 3039 616 3238 679; x_wconf 84' lang='lat' dir='ltr'><strong>Italia,</strong></span> <span class='ocrx_word' id='word_1_162' title='bbox 3274 616 3493 685; x_wconf 85' lang='lat' dir='ltr'><strong>Gallia,</strong></span> <span class='ocrx_word' id='word_1_163' title='bbox 3526 618 3631 672; x_wconf 79' lang='lat' dir='ltr'><strong>ili—</strong></span> 
     </span>
    </p>
   </div>
   <div class='ocr_carea' id='block_1_25' title="bbox 1983 686 3631 756">
    <p class='ocr_par' dir='ltr' id='par_1_25' title="bbox 1983 686 3631 756">
     <span class='ocr_line' id='line_1_26' title="bbox 1983 686 3631 756; baseline 0.001 -15"><span class='ocrx_word' id='word_1_164' title='bbox 1983 689 2215 755; x_wconf 80' lang='lat' dir='ltr'><strong>spania,</strong></span> <span class='ocrx_word' id='word_1_165' title='bbox 2242 686 2447 743; x_wconf 85' lang='lat' dir='ltr'><strong>Africa</strong></span> <span class='ocrx_word' id='word_1_166' title='bbox 2472 694 2527 743; x_wconf 88' lang='lat' dir='ltr'><strong>et</strong></span> <span class='ocrx_word' id='word_1_167' title='bbox 2556 688 2946 756; x_wconf 90' lang='lat' dir='ltr'><strong>adjacentium</strong></span> <span class='ocrx_word' id='word_1_168' title='bbox 2979 686 3326 755; x_wconf 89' lang='lat' dir='ltr'><strong>insularum,</strong></span> <span class='ocrx_word' id='word_1_169' title='bbox 3352 693 3473 741; x_wconf 92' lang='lat' dir='ltr'><strong>tum</strong></span> <span class='ocrx_word' id='word_1_170' title='bbox 3503 701 3631 742; x_wconf 83' lang='lat' dir='ltr'><strong>con-</strong></span> 
     </span>
    </p>
   </div>
   <div class='ocr_carea' id='block_1_26' title="bbox 1982 757 3631 828">
    <p class='ocr_par' dir='ltr' id='par_1_26' title="bbox 1982 757 3631 828">
     <span class='ocr_line' id='line_1_27' title="bbox 1982 757 3631 828; baseline -0.001 -15"><span class='ocrx_word' id='word_1_171' title='bbox 1982 758 2201 813; x_wconf 88' lang='lat' dir='ltr'><strong>stituta</strong></span> <span class='ocrx_word' id='word_1_172' title='bbox 2228 758 2466 828; x_wconf 82' lang='lat' dir='ltr'><strong>fuerint,</strong></span> <span class='ocrx_word' id='word_1_173' title='bbox 2531 765 2651 813; x_wconf 90' lang='lat' dir='ltr'><strong>tum</strong></span> <span class='ocrx_word' id='word_1_174' title='bbox 2683 759 2898 827; x_wconf 90' lang='lat' dir='ltr'><strong>primos</strong></span> <span class='ocrx_word' id='word_1_175' title='bbox 2928 758 3255 827; x_wconf 86' lang='lat' dir='ltr'><strong>acceperint</strong></span> <span class='ocrx_word' id='word_1_176' title='bbox 3302 757 3574 825; x_wconf 84' lang='lat' dir='ltr'><strong>prasules</strong></span> <span class='ocrx_word' id='word_1_177' title='bbox 3599 771 3631 812; x_wconf 87' lang='lat' dir='ltr'><strong>a</strong></span> 
     </span>
    </p>
   </div>
   <div class='ocr_carea' id='block_1_27' title="bbox 1982 827 3629 899">
    <p class='ocr_par' dir='ltr' id='par_1_27' title="bbox 1982 827 3629 899">
     <span class='ocr_line' id='line_1_28' title="bbox 1982 827 3629 899; baseline -0.001 -15"><span class='ocrx_word' id='word_1_178' title='bbox 1982 831 2232 885; x_wconf 84' lang='lat' dir='ltr'><strong>Romano</strong></span> <span class='ocrx_word' id='word_1_179' title='bbox 2262 827 2528 899; x_wconf 80' lang='lat' dir='ltr'><strong>pontifice</strong></span> <span class='ocrx_word' id='word_1_180' title='bbox 2560 831 2792 899; x_wconf 87' lang='lat' dir='ltr'><strong>perinde</strong></span> <span class='ocrx_word' id='word_1_181' title='bbox 2839 843 3065 899; x_wconf 88' lang='lat' dir='ltr'><strong>aquum</strong></span> <span class='ocrx_word' id='word_1_182' title='bbox 3097 834 3219 883; x_wconf 91' lang='lat' dir='ltr'><strong>erat</strong></span> <span class='ocrx_word' id='word_1_183' title='bbox 3254 833 3321 899; x_wconf 88' lang='lat' dir='ltr'><strong>ut</strong></span> <span class='ocrx_word' id='word_1_184' title='bbox 3340 827 3413 882; x_wconf 91' lang='lat' dir='ltr'><strong>ab</strong></span> <span class='ocrx_word' id='word_1_185' title='bbox 3436 828 3629 882; x_wconf 88' lang='lat' dir='ltr'><strong>eodem</strong></span> 
     </span>
    </p>
   </div>
   <div class='ocr_carea' id='block_1_28' title="bbox 1982 898 3631 971">
    <p class='ocr_par' dir='ltr' id='par_1_28' title="bbox 1982 898 3631 971">
     <span class='ocr_line' id='line_1_29' title="bbox 1982 898 3631 971; baseline -0.001 -15"><span class='ocrx_word' id='word_1_186' title='bbox 1982 898 2312 969; x_wconf 82' lang='lat' dir='ltr'><strong>disciplina</strong></span> <span class='ocrx_word' id='word_1_187' title='bbox 2348 901 2572 971; x_wconf 88' lang='lat' dir='ltr'><strong>regulas</strong></span> <span class='ocrx_word' id='word_1_188' title='bbox 2597 898 2940 968; x_wconf 85' lang='lat' dir='ltr'><strong>acciperent,</strong></span> <span class='ocrx_word' id='word_1_189' title='bbox 2978 900 3214 954; x_wconf 91' lang='lat' dir='ltr'><strong>minime</strong></span> <span class='ocrx_word' id='word_1_190' title='bbox 3249 898 3420 971; x_wconf 89' lang='lat' dir='ltr'><strong>rebus</strong></span> <span class='ocrx_word' id='word_1_191' title='bbox 3466 900 3631 971; x_wconf 83' lang='lat' dir='ltr'><strong>novis</strong></span> 
     </span>
    </p>
   </div>
   <div class='ocr_carea' id='block_1_29' title="bbox 1984 970 3633 1040">
    <p class='ocr_par' dir='ltr' id='par_1_29' title="bbox 1984 970 3633 1040">
     <span class='ocr_line' id='line_1_30' title="bbox 1984 970 3633 1040; baseline -0.002 -13"><span class='ocrx_word' id='word_1_192' title='bbox 1984 976 2133 1027; x_wconf 89' lang='lat' dir='ltr'><strong>citra</strong></span> <span class='ocrx_word' id='word_1_193' title='bbox 2167 971 2354 1040; x_wconf 91' lang='lat' dir='ltr'><strong>ipsius</strong></span> <span class='ocrx_word' id='word_1_194' title='bbox 2379 970 2780 1027; x_wconf 88' lang='lat' dir='ltr'><strong>auctoritatem</strong></span> <span class='ocrx_word' id='word_1_195' title='bbox 2833 972 3149 1027; x_wconf 89' lang='lat' dir='ltr'><strong>studentes.</strong></span> <span class='ocrx_word' id='word_1_196' title='bbox 3198 970 3505 1025; x_wconf 91' lang='lat' dir='ltr'><strong>Genuinus</strong></span> <span class='ocrx_word' id='word_1_197' title='bbox 3538 970 3633 1025; x_wconf 93' lang='lat' dir='ltr'><strong>hic</strong></span> 
     </span>
    </p>
   </div>
   <div class='ocr_carea' id='block_1_30' title="bbox 1984 1041 3634 1110">
    <p class='ocr_par' dir='ltr' id='par_1_30' title="bbox 1984 1041 3634 1110">
     <span class='ocr_line' id='line_1_31' title="bbox 1984 1041 3634 1110; baseline -0.001 -13"><span class='ocrx_word' id='word_1_198' title='bbox 1984 1056 2188 1098; x_wconf 88' lang='lat' dir='ltr'><strong>sensus</strong></span> <span class='ocrx_word' id='word_1_199' title='bbox 2219 1043 2515 1098; x_wconf 87' lang='lat' dir='ltr'><strong>habendus</strong></span> <span class='ocrx_word' id='word_1_200' title='bbox 2536 1049 2622 1097; x_wconf 75' lang='lat' dir='ltr'><strong>est</strong></span> <span class='ocrx_word' id='word_1_201' title='bbox 2641 1042 2945 1098; x_wconf 87' lang='lat' dir='ltr'><strong>decretalis</strong></span> <span class='ocrx_word' id='word_1_202' title='bbox 2973 1041 3234 1106; x_wconf 87' lang='lat' dir='ltr'><strong>laudata,</strong></span> <span class='ocrx_word' id='word_1_203' title='bbox 3257 1053 3440 1110; x_wconf 89' lang='lat' dir='ltr'><strong>neque</strong></span> <span class='ocrx_word' id='word_1_204' title='bbox 3463 1054 3634 1096; x_wconf 89' lang='lat' dir='ltr'><strong>aures</strong></span> 
     </span>
    </p>
   </div>
   <div class='ocr_carea' id='block_1_31' title="bbox 1982 1111 3631 1169">
    <p class='ocr_par' dir='ltr' id='par_1_31' title="bbox 1982 1111 3631 1169">
     <span class='ocr_line' id='line_1_32' title="bbox 1982 1111 3631 1169; baseline -0.001 -1"><span class='ocrx_word' id='word_1_205' title='bbox 1982 1113 2473 1169; x_wconf 77' lang='lat' dir='ltr'><strong>accommodanda</strong></span> <span class='ocrx_word' id='word_1_206' title='bbox 2503 1114 2736 1168; x_wconf 88' lang='lat' dir='ltr'><strong>omnino</strong></span> <span class='ocrx_word' id='word_1_207' title='bbox 2758 1119 2893 1168; x_wconf 91' lang='lat' dir='ltr'><strong>sunt</strong></span> <span class='ocrx_word' id='word_1_208' title='bbox 2912 1127 2942 1168; x_wconf 90' lang='lat' dir='ltr'><strong>e</strong></span> <span class='ocrx_word' id='word_1_209' title='bbox 2964 1111 3381 1168; x_wconf 88' lang='lat' dir='ltr'><strong>recentioribus</strong></span> <span class='ocrx_word' id='word_1_210' title='bbox 3401 1111 3631 1167; x_wconf 87' lang='lat' dir='ltr'><strong>cuidam</strong></span> 
     </span>
    </p>
   </div>
   <div class='ocr_carea' id='block_1_32' title="bbox 1987 1183 3175 1254">
    <p class='ocr_par' dir='ltr' id='par_1_32' title="bbox 1987 1183 3175 1254">
     <span class='ocr_line' id='line_1_33' title="bbox 1987 1183 3175 1254; baseline -0.002 -14"><span class='ocrx_word' id='word_1_211' title='bbox 1987 1199 2085 1254; x_wconf 89' lang='lat' dir='ltr'><strong>per</strong></span> <span class='ocrx_word' id='word_1_212' title='bbox 2114 1183 2437 1239; x_wconf 87' lang='lat' dir='ltr'><strong>ludibrium</strong></span> <span class='ocrx_word' id='word_1_213' title='bbox 2470 1197 2635 1239; x_wconf 88' lang='lat' dir='ltr'><strong>sensa</strong></span> <span class='ocrx_word' id='word_1_214' title='bbox 2660 1185 2786 1252; x_wconf 89' lang='lat' dir='ltr'><strong>ejus</strong></span> <span class='ocrx_word' id='word_1_215' title='bbox 2808 1184 3175 1253; x_wconf 86' lang='lat' dir='ltr'><strong>exprimenti.</strong></span> 
     </span>
    </p>
   </div>
   <div class='ocr_carea' id='block_1_33' title="bbox 2057 1251 3631 1324">
    <p class='ocr_par' dir='ltr' id='par_1_33' title="bbox 2057 1251 3631 1324">
     <span class='ocr_line' id='line_1_34' title="bbox 2057 1251 3631 1324; baseline -0.002 -15"><span class='ocrx_word' id='word_1_216' title='bbox 2057 1258 2193 1310; x_wconf 89' lang='lat' dir='ltr'><strong>Item</strong></span> <span class='ocrx_word' id='word_1_217' title='bbox 2224 1254 2598 1324; x_wconf 89' lang='lat' dir='ltr'><strong>patriarchali</strong></span> <span class='ocrx_word' id='word_1_218' title='bbox 2644 1251 2714 1309; x_wconf 84' lang='lat' dir='ltr'><strong>ex</strong></span> <span class='ocrx_word' id='word_1_219' title='bbox 2758 1251 3101 1310; x_wconf 87' lang='lat' dir='ltr'><strong>auctoritate</strong></span> <span class='ocrx_word' id='word_1_220' title='bbox 3146 1251 3631 1324; x_wconf 27' lang='lat' dir='ltr'><strong>lnnocentiusﬂin</strong></span> 
     </span>
    </p>
   </div>
   <div class='ocr_carea' id='block_1_34' title="bbox 1982 1322 3634 1395">
    <p class='ocr_par' dir='ltr' id='par_1_34' title="bbox 1982 1322 3634 1395">
     <span class='ocr_line' id='line_1_35' title="bbox 1982 1322 3634 1395; baseline -0.002 -15"><span class='ocrx_word' id='word_1_221' title='bbox 1982 1322 2312 1381; x_wconf 86' lang='lat' dir='ltr'><strong>Occidentis</strong></span> <span class='ocrx_word' id='word_1_222' title='bbox 2351 1325 2601 1381; x_wconf 87' lang='lat' dir='ltr'><strong>Ecclesia</strong></span> <span class='ocrx_word' id='word_1_223' title='bbox 2628 1324 2697 1395; x_wconf 86' lang='lat' dir='ltr'><strong>(h)</strong></span> <span class='ocrx_word' id='word_1_224' title='bbox 2721 1325 3214 1381; x_wconf 88' lang='lat' dir='ltr'><strong>Thessalonicensi</strong></span> <span class='ocrx_word' id='word_1_225' title='bbox 3260 1322 3634 1395; x_wconf 83' lang='lat' dir='ltr'><strong>metropolita</strong></span> 
     </span>
    </p>
   </div>
   <div class='ocr_carea' id='block_1_35' title="bbox 1982 1393 3631 1466">
    <p class='ocr_par' dir='ltr' id='par_1_35' title="bbox 1982 1393 3631 1466">
     <span class='ocr_line' id='line_1_36' title="bbox 1982 1393 3631 1466; baseline -0.002 -15"><span class='ocrx_word' id='word_1_226' title='bbox 1982 1398 2197 1466; x_wconf 85' lang='lat' dir='ltr'><strong>Anysio</strong></span> <span class='ocrx_word' id='word_1_227' title='bbox 2238 1397 2554 1466; x_wconf 88' lang='lat' dir='ltr'><strong>Apostolici</strong></span> <span class='ocrx_word' id='word_1_228' title='bbox 2614 1393 2819 1451; x_wconf 85' lang='lat' dir='ltr'><strong>vicarii</strong></span> <span class='ocrx_word' id='word_1_229' title='bbox 2868 1396 3209 1466; x_wconf 90' lang='lat' dir='ltr'><strong>dignitatem</strong></span> <span class='ocrx_word' id='word_1_230' title='bbox 3272 1396 3329 1450; x_wconf 94' lang='lat' dir='ltr'><strong>in</strong></span> <span class='ocrx_word' id='word_1_231' title='bbox 3378 1393 3631 1463; x_wconf 90' lang='lat' dir='ltr'><strong>Illyrico,</strong></span> 
     </span>
    </p>
   </div>
   <div class='ocr_carea' id='block_1_36' title="bbox 1986 1466 3631 1537">
    <p class='ocr_par' dir='ltr' id='par_1_36' title="bbox 1986 1466 3631 1537">
     <span class='ocr_line' id='line_1_37' title="bbox 1986 1466 3631 1537; baseline -0.001 -17"><span class='ocrx_word' id='word_1_232' title='bbox 1986 1482 2154 1537; x_wconf 86' lang='lat' dir='ltr'><strong>quam</strong></span> <span class='ocrx_word' id='word_1_233' title='bbox 2196 1468 2561 1536; x_wconf 89' lang='lat' dir='ltr'><strong>superiorum</strong></span> <span class='ocrx_word' id='word_1_234' title='bbox 2608 1467 2783 1522; x_wconf 91' lang='lat' dir='ltr'><strong>trium</strong></span> <span class='ocrx_word' id='word_1_235' title='bbox 2836 1468 3172 1535; x_wconf 90' lang='lat' dir='ltr'><strong>pontiﬁcum</strong></span> <span class='ocrx_word' id='word_1_236' title='bbox 3226 1474 3477 1535; x_wconf 91' lang='lat' dir='ltr'><strong>tempore</strong></span> <span class='ocrx_word' id='word_1_237' title='bbox 3512 1466 3631 1537; x_wconf 79' lang='lat' dir='ltr'><strong>jam</strong></span> 
     </span>
    </p>
   </div>
   <div class='ocr_carea' id='block_1_37' title="bbox 2024 1536 3636 1608">
    <p class='ocr_par' dir='ltr' id='par_1_37' title="bbox 2024 1536 3636 1608">
     <span class='ocr_line' id='line_1_38' title="bbox 2024 1536 3636 1608; baseline -0.001 -16"><span class='ocrx_word' id='word_1_238' title='bbox 2024 1544 2258 1605; x_wconf 76' lang='lat' dir='ltr'><strong>esserat,</strong></span> <span class='ocrx_word' id='word_1_239' title='bbox 2283 1538 2664 1593; x_wconf 85' lang='lat' dir='ltr'><strong>conﬁrmavit.</strong></span> <span class='ocrx_word' id='word_1_240' title='bbox 2693 1539 2905 1608; x_wconf 86' lang='lat' dir='ltr'><strong>Anysio</strong></span> <span class='ocrx_word' id='word_1_241' title='bbox 2932 1545 3123 1607; x_wconf 85' lang='lat' dir='ltr'><strong>postea</strong></span> <span class='ocrx_word' id='word_1_242' title='bbox 3155 1539 3381 1603; x_wconf 91' lang='lat' dir='ltr'><strong>denato,</strong></span> <span class='ocrx_word' id='word_1_243' title='bbox 3411 1537 3467 1590; x_wconf 91' lang='lat' dir='ltr'><strong>in</strong></span> <span class='ocrx_word' id='word_1_244' title='bbox 3509 1536 3636 1608; x_wconf 83' lang='lat' dir='ltr'><strong>Ru-</strong></span> 
     </span>
    </p>
   </div>
   <div class='ocr_carea' id='block_1_38' title="bbox 2015 1607 3633 1677">
    <p class='ocr_par' dir='ltr' id='par_1_38' title="bbox 2015 1607 3633 1677">
     <span class='ocr_line' id='line_1_39' title="bbox 2015 1607 3633 1677; baseline -0.001 -15"><span class='ocrx_word' id='word_1_245' title='bbox 2015 1623 2108 1662; x_wconf 90' lang='lat' dir='ltr'><strong>um</strong></span> <span class='ocrx_word' id='word_1_246' title='bbox 2136 1610 2260 1676; x_wconf 90' lang='lat' dir='ltr'><strong>ejus</strong></span> <span class='ocrx_word' id='word_1_247' title='bbox 2283 1622 2671 1664; x_wconf 85' lang='lat' dir='ltr'><strong>successorem</strong></span> <span class='ocrx_word' id='word_1_248' title='bbox 2708 1607 2888 1677; x_wconf 81' lang='lat' dir='ltr'><strong>ipsam</strong></span> <span class='ocrx_word' id='word_1_249' title='bbox 2924 1608 3079 1663; x_wconf 85' lang='lat' dir='ltr'><strong>illam</strong></span> <span class='ocrx_word' id='word_1_250' title='bbox 3108 1608 3357 1664; x_wconf 88' lang='lat' dir='ltr'><strong>contulit</strong></span> <span class='ocrx_word' id='word_1_251' title='bbox 3386 1607 3633 1675; x_wconf 87' lang='lat' dir='ltr'><strong>dignita-</strong></span> 
     </span>
    </p>
   </div>
   <div class='ocr_carea' id='block_1_39' title="bbox 1988 1677 3638 1750">
    <p class='ocr_par' dir='ltr' id='par_1_39' title="bbox 1988 1677 3638 1750">
     <span class='ocr_line' id='line_1_40' title="bbox 1988 1677 3638 1750; baseline -0.001 -17"><span class='ocrx_word' id='word_1_252' title='bbox 1988 1685 2096 1733; x_wconf 90' lang='lat' dir='ltr'><strong>tem</strong></span> <span class='ocrx_word' id='word_1_253' title='bbox 2127 1680 2350 1748; x_wconf 82' lang='lat' dir='ltr'><strong>;decem</strong></span> <span class='ocrx_word' id='word_1_254' title='bbox 2371 1680 2587 1749; x_wconf 90' lang='lat' dir='ltr'><strong>Illyrici</strong></span> <span class='ocrx_word' id='word_1_255' title='bbox 2616 1679 2941 1747; x_wconf 89' lang='lat' dir='ltr'><strong>provincias</strong></span> <span class='ocrx_word' id='word_1_256' title='bbox 2967 1680 3019 1734; x_wconf 91' lang='lat' dir='ltr'><strong>ei</strong></span> <span class='ocrx_word' id='word_1_257' title='bbox 3040 1678 3387 1750; x_wconf 84' lang='lat' dir='ltr'><strong>singillatim</strong></span> <span class='ocrx_word' id='word_1_258' title='bbox 3408 1677 3638 1750; x_wconf 89' lang='lat' dir='ltr'><strong>deman-</strong></span> 
     </span>
    </p>
   </div>
   <div class='ocr_carea' id='block_1_40' title="bbox 1988 1749 3637 1819">
    <p class='ocr_par' dir='ltr' id='par_1_40' title="bbox 1988 1749 3637 1819">
     <span class='ocr_line' id='line_1_41' title="bbox 1988 1749 3637 1819; baseline -0.001 -15"><span class='ocrx_word' id='word_1_259' title='bbox 1988 1750 2151 1815; x_wconf 90' lang='lat' dir='ltr'><strong>dans,</strong></span> <span class='ocrx_word' id='word_1_260' title='bbox 2184 1759 2386 1818; x_wconf 85' lang='lat' dir='ltr'><strong>prater</strong></span> <span class='ocrx_word' id='word_1_261' title='bbox 2415 1751 2702 1819; x_wconf 89' lang='lat' dir='ltr'><strong>propriam</strong></span> <span class='ocrx_word' id='word_1_262' title='bbox 2748 1750 2903 1805; x_wconf 90' lang='lat' dir='ltr'><strong>sedis</strong></span> <span class='ocrx_word' id='word_1_263' title='bbox 2942 1764 3059 1805; x_wconf 83' lang='lat' dir='ltr'><strong>sua</strong></span> <span class='ocrx_word' id='word_1_264' title='bbox 3111 1762 3386 1819; x_wconf 86' lang='lat' dir='ltr'><strong>suamque</strong></span> <span class='ocrx_word' id='word_1_265' title='bbox 3415 1749 3473 1802; x_wconf 93' lang='lat' dir='ltr'><strong>in</strong></span> <span class='ocrx_word' id='word_1_266' title='bbox 3504 1761 3637 1819; x_wconf 88' lang='lat' dir='ltr'><strong>eas-</strong></span> 
     </span>
    </p>
   </div>
   <div class='ocr_carea' id='block_1_41' title="bbox 294 1818 3637 1896">
    <p class='ocr_par' dir='ltr' id='par_1_41' title="bbox 294 1818 3637 1896">
     <span class='ocr_line' id='line_1_42' title="bbox 294 1818 3637 1896; baseline 0.001 -24"><span class='ocrx_word' id='word_1_267' title='bbox 294 1820 388 1896; x_wconf 60' lang='lat' dir='ltr'><strong>II.</strong></span> <span class='ocrx_word' id='word_1_268' title='bbox 418 1818 631 1896; x_wconf 81' lang='lat' dir='ltr'><strong>I_)eind_e</strong></span> <span class='ocrx_word' id='word_1_269' title='bbox 657 1819 1026 1896; x_wconf 80' lang='lat' dir='ltr'><strong>Innocentius</strong></span> <span class='ocrx_word' id='word_1_270' title='bbox 1063 1820 1234 1896; x_wconf 84' lang='lat' dir='ltr'><strong>idem,</strong></span> <span class='ocrx_word' id='word_1_271' title='bbox 1278 1826 1561 1896; x_wconf 74' lang='lat' dir='ltr'><strong>tanquam</strong></span> <span class='ocrx_word' id='word_1_272' title='bbox 1607 1820 1875 1896; x_wconf 75' lang='lat' dir='ltr'><strong>Ecclesia</strong></span> <span class='ocrx_word' id='word_1_273' title='bbox 1908 1838 1957 1896; x_wconf 79' lang='grc' dir='ltr'>Β</span> <span class='ocrx_word' id='word_1_274' title='bbox 1986 1822 2112 1896; x_wconf 84' lang='lat' dir='ltr'><strong>dem</strong></span> <span class='ocrx_word' id='word_1_275' title='bbox 2161 1823 2580 1896; x_wconf 78' lang='lat' dir='ltr'><strong>auctoritatem,</strong></span> <span class='ocrx_word' id='word_1_276' title='bbox 2612 1820 2915 1896; x_wconf 72' lang='lat' dir='ltr'><strong>delegavit,</strong></span> <span class='ocrx_word' id='word_1_277' title='bbox 2955 1827 3165 1896; x_wconf 72' lang='lat' dir='ltr'><strong>utpote</strong></span> <span class='ocrx_word' id='word_1_278' title='bbox 3194 1820 3266 1896; x_wconf 83' lang='lat' dir='ltr'><strong>ab</strong></span> <span class='ocrx_word' id='word_1_279' title='bbox 3300 1818 3637 1896; x_wconf 75' lang='lat' dir='ltr'><strong>apostolica</strong></span> 
     </span>
    </p>
   </div>
   <div class='ocr_carea' id='block_1_42' title="bbox 214 1888 1875 1962">
    <p class='ocr_par' dir='ltr' id='par_1_42' title="bbox 214 1888 1875 1962">
     <span class='ocr_line' id='line_1_43' title="bbox 214 1888 1875 1962; baseline 0.001 -18"><span class='ocrx_word' id='word_1_280' title='bbox 214 1894 399 1962; x_wconf 81' lang='lat' dir='ltr'><strong>caput</strong></span> <span class='ocrx_word' id='word_1_281' title='bbox 420 1888 904 1962; x_wconf 69' lang='lat' dir='ltr'><strong>Pelagianismum</strong></span> <span class='ocrx_word' id='word_1_282' title='bbox 943 1891 1238 1946; x_wconf 85' lang='lat' dir='ltr'><strong>damnavit</strong></span> <span class='ocrx_word' id='word_1_283' title='bbox 1268 1892 1361 1962; x_wconf 75' lang='grc' dir='ltr'><strong>(ὁ).</strong></span> <span class='ocrx_word' id='word_1_284' title='bbox 1410 1888 1739 1956; x_wconf 71' lang='grc' dir='ltr'><strong>Εωιθειὶιιε,</strong></span> <span class='ocrx_word' id='word_1_285' title='bbox 1770 1891 1875 1946; x_wconf 89' lang='lat' dir='ltr'><strong>Pe—</strong></span> 
     </span>
    </p>
   </div>
   <div class='ocr_carea' id='block_1_43' title="bbox 227 1958 1877 2033">
    <p class='ocr_par' dir='ltr' id='par_1_43' title="bbox 227 1958 1877 2033">
     <span class='ocr_line' id='line_1_44' title="bbox 227 1958 1877 2033; baseline 0.002 -19"><span class='ocrx_word' id='word_1_286' title='bbox 227 1959 377 2033; x_wconf 82' lang='lat' dir='ltr'><strong>lagii</strong></span> <span class='ocrx_word' id='word_1_287' title='bbox 399 1958 822 2033; x_wconf 81' lang='lat' dir='ltr'><strong>discipulorum</strong></span> <span class='ocrx_word' id='word_1_288' title='bbox 845 1959 1017 2033; x_wconf 82' lang='lat' dir='ltr'><strong>facile</strong></span> <span class='ocrx_word' id='word_1_289' title='bbox 1042 1958 1331 2031; x_wconf 73' lang='lat' dir='ltr'><strong>princeps,</strong></span> <span class='ocrx_word' id='word_1_290' title='bbox 1355 1963 1681 2033; x_wconf 75' lang='lat' dir='ltr'><strong>vindquue</strong></span> <span class='ocrx_word' id='word_1_291' title='bbox 1709 1976 1877 2033; x_wconf 86' lang='lat' dir='ltr'><strong>acer-</strong></span> 
     </span>
    </p>
   </div>
   <div class='ocr_carea' id='block_1_44' title="bbox 216 2029 1877 2102">
    <p class='ocr_par' dir='ltr' id='par_1_44' title="bbox 216 2029 1877 2102">
     <span class='ocr_line' id='line_1_45' title="bbox 216 2029 1877 2102; baseline 0.002 -18"><span class='ocrx_word' id='word_1_292' title='bbox 216 2029 415 2085; x_wconf 82' lang='lat' dir='ltr'><strong>rimus</strong></span> <span class='ocrx_word' id='word_1_293' title='bbox 446 2030 622 2084; x_wconf 88' lang='lat' dir='ltr'><strong>istius</strong></span> <span class='ocrx_word' id='word_1_294' title='bbox 657 2029 912 2099; x_wconf 78' lang='lat' dir='ltr'><strong>haresis,</strong></span> <span class='ocrx_word' id='word_1_295' title='bbox 936 2029 1381 2102; x_wconf 39' lang='lat' dir='ltr'><strong>damnatus—jam</strong></span> <span class='ocrx_word' id='word_1_296' title='bbox 1414 2029 1602 2090; x_wconf 79' lang='lat' dir='ltr'><strong>fuerat</strong></span> <span class='ocrx_word' id='word_1_297' title='bbox 1627 2035 1686 2089; x_wconf 90' lang='lat' dir='ltr'><strong>in</strong></span> <span class='ocrx_word' id='word_1_298' title='bbox 1712 2032 1877 2088; x_wconf 85' lang='lat' dir='ltr'><strong>Afri-</strong></span> 
     </span>
    </p>
   </div>
   <div class='ocr_carea' id='block_1_45' title="bbox 210 2102 1878 2171">
    <p class='ocr_par' dir='ltr' id='par_1_45' title="bbox 210 2102 1878 2171">
     <span class='ocr_line' id='line_1_46' title="bbox 210 2102 1878 2171; baseline 0.002 -15"><span class='ocrx_word' id='word_1_299' title='bbox 210 2116 367 2156; x_wconf 89' lang='lat' dir='ltr'><strong>cano</strong></span> <span class='ocrx_word' id='word_1_300' title='bbox 393 2102 643 2157; x_wconf 91' lang='lat' dir='ltr'><strong>concilio</strong></span> <span class='ocrx_word' id='word_1_301' title='bbox 665 2103 753 2171; x_wconf 87' lang='lat' dir='ltr'><strong>(c),</strong></span> <span class='ocrx_word' id='word_1_302' title='bbox 780 2102 929 2157; x_wconf 89' lang='lat' dir='ltr'><strong>unde</strong></span> <span class='ocrx_word' id='word_1_303' title='bbox 956 2105 1287 2169; x_wconf 80' lang='lat' dir='ltr'><strong>provocavit</strong></span> <span class='ocrx_word' id='word_1_304' title='bbox 1333 2105 1401 2160; x_wconf 91' lang='lat' dir='ltr'><strong>ad</strong></span> <span class='ocrx_word' id='word_1_305' title='bbox 1430 2105 1484 2160; x_wconf 92' lang='lat' dir='ltr'><strong>S.</strong></span> <span class='ocrx_word' id='word_1_306' title='bbox 1514 2106 1725 2161; x_wconf 89' lang='lat' dir='ltr'><strong>sedem.</strong></span> <span class='ocrx_word' id='word_1_307' title='bbox 1771 2106 1878 2159; x_wconf 88' lang='lat' dir='ltr'><strong>Pe-</strong></span> 
     </span>
    </p>
   </div>
   <div class='ocr_carea' id='block_1_46' title="bbox 212 2173 1878 2246">
    <p class='ocr_par' dir='ltr' id='par_1_46' title="bbox 212 2173 1878 2246">
     <span class='ocr_line' id='line_1_47' title="bbox 212 2173 1878 2246; baseline 0.002 -20"><span class='ocrx_word' id='word_1_308' title='bbox 212 2173 419 2246; x_wconf 76' lang='lat' dir='ltr'><strong>lagius</strong></span> <span class='ocrx_word' id='word_1_309' title='bbox 447 2185 578 2228; x_wconf 92' lang='lat' dir='ltr'><strong>vero</strong></span> <span class='ocrx_word' id='word_1_310' title='bbox 607 2174 1143 2246; x_wconf 68' lang='lat' dir='ltr'><strong>canonicaspanas</strong></span> <span class='ocrx_word' id='word_1_311' title='bbox 1174 2175 1505 2243; x_wconf 86' lang='lat' dir='ltr'><strong>declinavit,</strong></span> <span class='ocrx_word' id='word_1_312' title='bbox 1542 2178 1729 2245; x_wconf 90' lang='lat' dir='ltr'><strong>specie</strong></span> <span class='ocrx_word' id='word_1_313' title='bbox 1752 2177 1878 2246; x_wconf 89' lang='lat' dir='ltr'><strong>qui-</strong></span> 
     </span>
    </p>
   </div>
   <div class='ocr_carea' id='block_1_47' title="bbox 208 2243 1875 2316">
    <p class='ocr_par' dir='ltr' id='par_1_47' title="bbox 208 2243 1875 2316">
     <span class='ocr_line' id='line_1_48' title="bbox 208 2243 1875 2316; baseline 0.002 -19"><span class='ocrx_word' id='word_1_314' title='bbox 208 2243 353 2298; x_wconf 89' lang='lat' dir='ltr'><strong>dem</strong></span> <span class='ocrx_word' id='word_1_315' title='bbox 401 2258 537 2299; x_wconf 86' lang='lat' dir='ltr'><strong>suos</strong></span> <span class='ocrx_word' id='word_1_316' title='bbox 582 2257 805 2299; x_wconf 88' lang='lat' dir='ltr'><strong>errores</strong></span> <span class='ocrx_word' id='word_1_317' title='bbox 857 2243 1151 2316; x_wconf 9' lang='lat' dir='ltr'><strong>dgiﬁitendo</strong></span> <span class='ocrx_word' id='word_1_318' title='bbox 1210 2247 1269 2299; x_wconf 93' lang='lat' dir='ltr'><strong>in</strong></span> <span class='ocrx_word' id='word_1_319' title='bbox 1314 2247 1526 2316; x_wconf 81' lang='lat' dir='ltr'><strong>synodo</strong></span> <span class='ocrx_word' id='word_1_320' title='bbox 1557 2243 1875 2301; x_wconf 63' lang='lat' dir='ltr'><strong>Palaestina.</strong></span> 
     </span>
    </p>
   </div>
   <div class='ocr_carea' id='block_1_48' title="bbox 210 2314 1879 2386">
    <p class='ocr_par' dir='ltr' id='par_1_48' title="bbox 210 2314 1879 2386">
     <span class='ocr_line' id='line_1_49' title="bbox 210 2314 1879 2386; baseline 0.002 -18"><span class='ocrx_word' id='word_1_321' title='bbox 210 2316 426 2369; x_wconf 88' lang='lat' dir='ltr'><strong>Postea</strong></span> <span class='ocrx_word' id='word_1_322' title='bbox 458 2328 586 2369; x_wconf 83' lang='lat' dir='ltr'><strong>vero</strong></span> <span class='ocrx_word' id='word_1_323' title='bbox 619 2320 732 2386; x_wconf 88' lang='lat' dir='ltr'><strong>tam</strong></span> <span class='ocrx_word' id='word_1_324' title='bbox 790 2314 1093 2370; x_wconf 81' lang='lat' dir='ltr'><strong>Calestius</strong></span> <span class='ocrx_word' id='word_1_325' title='bbox 1132 2316 1203 2370; x_wconf 91' lang='lat' dir='ltr'><strong>ab</strong></span> <span class='ocrx_word' id='word_1_326' title='bbox 1256 2314 1641 2386; x_wconf 81' lang='lat' dir='ltr'><strong>appellatione</strong></span> <span class='ocrx_word' id='word_1_327' title='bbox 1680 2318 1879 2373; x_wconf 90' lang='lat' dir='ltr'><strong>desci-</strong></span> 
     </span>
    </p>
   </div>
   <div class='ocr_carea' id='block_1_49' title="bbox 211 2385 1873 2457">
    <p class='ocr_par' dir='ltr' id='par_1_49' title="bbox 211 2385 1873 2457">
     <span class='ocr_line' id='line_1_50' title="bbox 211 2385 1873 2457; baseline 0.002 -17"><span class='ocrx_word' id='word_1_328' title='bbox 211 2399 413 2452; x_wconf 88' lang='lat' dir='ltr'><strong>scens,</strong></span> <span class='ocrx_word' id='word_1_329' title='bbox 439 2399 607 2457; x_wconf 90' lang='lat' dir='ltr'><strong>quam</strong></span> <span class='ocrx_word' id='word_1_330' title='bbox 641 2385 923 2457; x_wconf 82' lang='lat' dir='ltr'><strong>Pelagius,</strong></span> <span class='ocrx_word' id='word_1_331' title='bbox 957 2388 1124 2453; x_wconf 90' lang='lat' dir='ltr'><strong>cujus</strong></span> <span class='ocrx_word' id='word_1_332' title='bbox 1144 2387 1263 2441; x_wconf 90' lang='lat' dir='ltr'><strong>doli</strong></span> <span class='ocrx_word' id='word_1_333' title='bbox 1299 2385 1356 2441; x_wconf 85' lang='lat' dir='ltr'><strong>in</strong></span> <span class='ocrx_word' id='word_1_334' title='bbox 1380 2389 1638 2454; x_wconf 86' lang='lat' dir='ltr'><strong>apricum</strong></span> <span class='ocrx_word' id='word_1_335' title='bbox 1668 2389 1873 2457; x_wconf 90' lang='lat' dir='ltr'><strong>prolati</strong></span> 
     </span>
    </p>
   </div>
   <div class='ocr_carea' id='block_1_50' title="bbox 214 2455 1880 2527">
    <p class='ocr_par' dir='ltr' id='par_1_50' title="bbox 214 2455 1880 2527">
     <span class='ocr_line' id='line_1_51' title="bbox 214 2455 1880 2527; baseline 0.001 -15"><span class='ocrx_word' id='word_1_336' title='bbox 214 2462 413 2525; x_wconf 88' lang='lat' dir='ltr'><strong>erant,</strong></span> <span class='ocrx_word' id='word_1_337' title='bbox 439 2456 667 2511; x_wconf 90' lang='lat' dir='ltr'><strong>duobus</strong></span> <span class='ocrx_word' id='word_1_338' title='bbox 702 2456 761 2510; x_wconf 90' lang='lat' dir='ltr'><strong>in</strong></span> <span class='ocrx_word' id='word_1_339' title='bbox 786 2455 1003 2510; x_wconf 80' lang='lat' dir='ltr'><strong>Africa</strong></span> <span class='ocrx_word' id='word_1_340' title='bbox 1041 2458 1278 2512; x_wconf 89' lang='lat' dir='ltr'><strong>concilii</strong></span> <span class='ocrx_word' id='word_1_341' title='bbox 1317 2465 1552 2527; x_wconf 90' lang='lat' dir='ltr'><strong>uterque</strong></span> <span class='ocrx_word' id='word_1_342' title='bbox 1595 2455 1722 2514; x_wconf 82' lang='lat' dir='ltr'><strong>cum</strong></span> <span class='ocrx_word' id='word_1_343' title='bbox 1763 2475 1880 2526; x_wconf 45' lang='lat' dir='ltr'><strong>per.</strong></span> 
     </span>
    </p>
   </div>
   <div class='ocr_carea' id='block_1_51' title="bbox 216 2527 1874 2598">
    <p class='ocr_par' dir='ltr' id='par_1_51' title="bbox 216 2527 1874 2598">
     <span class='ocr_line' id='line_1_52' title="bbox 216 2527 1874 2598; baseline 0.002 -16"><span class='ocrx_word' id='word_1_344' title='bbox 216 2528 650 2593; x_wconf 83' lang='lat' dir='ltr'><strong>niciosissima,</strong></span> <span class='ocrx_word' id='word_1_345' title='bbox 672 2540 837 2595; x_wconf 91' lang='lat' dir='ltr'><strong>quam</strong></span> <span class='ocrx_word' id='word_1_346' title='bbox 871 2527 1304 2598; x_wconf 88' lang='lat' dir='ltr'><strong>proﬁtebantur,</strong></span> <span class='ocrx_word' id='word_1_347' title='bbox 1332 2530 1594 2583; x_wconf 89' lang='lat' dir='ltr'><strong>doctrina</strong></span> <span class='ocrx_word' id='word_1_348' title='bbox 1620 2531 1874 2585; x_wconf 89' lang='lat' dir='ltr'><strong>damnati</strong></span> 
     </span>
    </p>
   </div>
   <div class='ocr_carea' id='block_1_52' title="bbox 212 2598 1874 2668">
    <p class='ocr_par' dir='ltr' id='par_1_52' title="bbox 212 2598 1874 2668">
     <span class='ocr_line' id='line_1_53' title="bbox 212 2598 1874 2668; baseline 0.001 -15"><span class='ocrx_word' id='word_1_349' title='bbox 212 2598 470 2668; x_wconf 82' lang='lat' dir='ltr'><strong>sunt(d)</strong></span> <span class='ocrx_word' id='word_1_350' title='bbox 541 2599 750 2651; x_wconf 84' lang='lat' dir='ltr'><strong>Harum</strong></span> <span class='ocrx_word' id='word_1_351' title='bbox 802 2598 1149 2667; x_wconf 77' lang='lat' dir='ltr'><strong>synodnrum</strong></span> <span class='ocrx_word' id='word_1_352' title='bbox 1208 2600 1397 2654; x_wconf 87' lang='lat' dir='ltr'><strong>Patres</strong></span> <span class='ocrx_word' id='word_1_353' title='bbox 1446 2601 1513 2655; x_wconf 89' lang='lat' dir='ltr'><strong>ad</strong></span> <span class='ocrx_word' id='word_1_354' title='bbox 1551 2601 1874 2668; x_wconf 90' lang='lat' dir='ltr'><strong>pontiﬁcem</strong></span> 
     </span>
    </p>
   </div>
   <div class='ocr_carea' id='block_1_53' title="bbox 216 2668 1879 2738">
    <p class='ocr_par' dir='ltr' id='par_1_53' title="bbox 216 2668 1879 2738">
     <span class='ocr_line' id='line_1_54' title="bbox 216 2668 1879 2738; baseline 0.001 -14"><span class='ocrx_word' id='word_1_355' title='bbox 216 2670 515 2738; x_wconf 83' lang='lat' dir='ltr'><strong>legarunt,</strong></span> <span class='ocrx_word' id='word_1_356' title='bbox 549 2670 648 2738; x_wconf 88' lang='lat' dir='ltr'><strong>qui</strong></span> <span class='ocrx_word' id='word_1_357' title='bbox 677 2668 745 2722; x_wconf 91' lang='lat' dir='ltr'><strong>de</strong></span> <span class='ocrx_word' id='word_1_358' title='bbox 778 2670 949 2723; x_wconf 89' lang='lat' dir='ltr'><strong>rebus</strong></span> <span class='ocrx_word' id='word_1_359' title='bbox 976 2683 1008 2723; x_wconf 91' lang='lat' dir='ltr'><strong>a</strong></span> <span class='ocrx_word' id='word_1_360' title='bbox 1056 2670 1418 2737; x_wconf 87' lang='lat' dir='ltr'><strong>sejudicatis</strong></span> <span class='ocrx_word' id='word_1_361' title='bbox 1442 2671 1693 2725; x_wconf 88' lang='lat' dir='ltr'><strong>rationes</strong></span> <span class='ocrx_word' id='word_1_362' title='bbox 1744 2672 1879 2725; x_wconf 84' lang='lat' dir='ltr'><strong>red—</strong></span> 
     </span>
    </p>
   </div>
   <div class='ocr_carea' id='block_1_54' title="bbox 214 2738 1878 2811">
    <p class='ocr_par' dir='ltr' id='par_1_54' title="bbox 214 2738 1878 2811">
     <span class='ocr_line' id='line_1_55' title="bbox 214 2738 1878 2811; baseline 0.002 -16"><span class='ocrx_word' id='word_1_363' title='bbox 214 2742 451 2811; x_wconf 86' lang='lat' dir='ltr'><strong>derent,</strong></span> <span class='ocrx_word' id='word_1_364' title='bbox 478 2738 883 2808; x_wconf 76' lang='lat' dir='ltr'><strong>supplicesque</strong></span> <span class='ocrx_word' id='word_1_365' title='bbox 916 2746 1170 2807; x_wconf 90' lang='lat' dir='ltr'><strong>peterent</strong></span> <span class='ocrx_word' id='word_1_366' title='bbox 1220 2747 1282 2795; x_wconf 91' lang='lat' dir='ltr'><strong>ut</strong></span> <span class='ocrx_word' id='word_1_367' title='bbox 1314 2741 1598 2811; x_wconf 87' lang='lat' dir='ltr'><strong>quidquid</strong></span> <span class='ocrx_word' id='word_1_368' title='bbox 1635 2742 1744 2811; x_wconf 89' lang='lat' dir='ltr'><strong>ipsi</strong></span> <span class='ocrx_word' id='word_1_369' title='bbox 1778 2755 1878 2811; x_wconf 89' lang='lat' dir='ltr'><strong>pro</strong></span> 
     </span>
    </p>
   </div>
   <div class='ocr_carea' id='block_1_55' title="bbox 215 2810 1879 2880">
    <p class='ocr_par' dir='ltr' id='par_1_55' title="bbox 215 2810 1879 2880">
     <span class='ocr_line' id='line_1_56' title="bbox 215 2810 1879 2880; baseline 0.001 -14"><span class='ocrx_word' id='word_1_370' title='bbox 215 2824 340 2866; x_wconf 90' lang='lat' dir='ltr'><strong>sua</strong></span> <span class='ocrx_word' id='word_1_371' title='bbox 364 2810 684 2880; x_wconf 80' lang='lat' dir='ltr'><strong>exiguitate</strong></span> <span class='ocrx_word' id='word_1_372' title='bbox 709 2816 1036 2877; x_wconf 84' lang='lat' dir='ltr'><strong>sanxerant,</strong></span> <span class='ocrx_word' id='word_1_373' title='bbox 1069 2810 1401 2879; x_wconf 89' lang='lat' dir='ltr'><strong>apostolica</strong></span> <span class='ocrx_word' id='word_1_374' title='bbox 1445 2814 1600 2867; x_wconf 89' lang='lat' dir='ltr'><strong>sedis</strong></span> <span class='ocrx_word' id='word_1_375' title='bbox 1630 2810 1879 2868; x_wconf 87' lang='lat' dir='ltr'><strong>auctori-</strong></span> 
     </span>
    </p>
   </div>
   <div class='ocr_carea' id='block_1_56' title="bbox 216 2882 1875 2953">
    <p class='ocr_par' dir='ltr' id='par_1_56' title="bbox 216 2882 1875 2953">
     <span class='ocr_line' id='line_1_57' title="bbox 216 2882 1875 2953; baseline 0.001 -18"><span class='ocrx_word' id='word_1_376' title='bbox 216 2889 320 2935; x_wconf 85' lang='lat' dir='ltr'><strong>tas</strong></span> <span class='ocrx_word' id='word_1_377' title='bbox 364 2882 767 2953; x_wconf 67' lang='lat' dir='ltr'><strong>conﬁrmaret.</strong></span> <span class='ocrx_word' id='word_1_378' title='bbox 808 2882 1064 2951; x_wconf 89' lang='lat' dir='ltr'><strong>Namque</strong></span> <span class='ocrx_word' id='word_1_379' title='bbox 1097 2883 1296 2937; x_wconf 80' lang='lat' dir='ltr'><strong>isthac</strong></span> <span class='ocrx_word' id='word_1_380' title='bbox 1339 2883 1520 2943; x_wconf 87' lang='lat' dir='ltr'><strong>sedes,</strong></span> <span class='ocrx_word' id='word_1_381' title='bbox 1577 2884 1875 2953; x_wconf 84' lang='lat' dir='ltr'><strong>inquiunt,</strong></span> 
     </span>
    </p>
   </div>
   <div class='ocr_carea' id='block_1_57' title="bbox 218 2952 1884 3022">
    <p class='ocr_par' dir='ltr' id='par_1_57' title="bbox 218 2952 1884 3022">
     <span class='ocr_line' id='line_1_58' title="bbox 218 2952 1884 3022; baseline 0.002 -16"><span class='ocrx_word' id='word_1_382' title='bbox 218 2952 601 3022; x_wconf 89' lang='lat' dir='ltr'><strong>potissimum</strong></span> <span class='ocrx_word' id='word_1_383' title='bbox 631 2952 834 3006; x_wconf 81' lang='lat' dir='ltr'><strong>sortita</strong></span> <span class='ocrx_word' id='word_1_384' title='bbox 867 2959 954 3006; x_wconf 89' lang='lat' dir='ltr'><strong>est</strong></span> <span class='ocrx_word' id='word_1_385' title='bbox 988 2966 1198 3008; x_wconf 89' lang='lat' dir='ltr'><strong>munus</strong></span> <span class='ocrx_word' id='word_1_386' title='bbox 1218 2953 1459 3008; x_wconf 90' lang='lat' dir='ltr'><strong>docendi</strong></span> <span class='ocrx_word' id='word_1_387' title='bbox 1488 2953 1636 3008; x_wconf 91' lang='lat' dir='ltr'><strong>alios</strong></span> <span class='ocrx_word' id='word_1_388' title='bbox 1663 2952 1677 3021; x_wconf 65' lang='grc' dir='ltr'><strong>ζ</strong></span> <span class='ocrx_word' id='word_1_389' title='bbox 1711 2955 1884 3009; x_wconf 89' lang='lat' dir='ltr'><strong>valet-</strong></span> 
     </span>
    </p>
   </div>
   <div class='ocr_carea' id='block_1_58' title="bbox 217 3024 1877 3093">
    <p class='ocr_par' dir='ltr' id='par_1_58' title="bbox 217 3024 1877 3093">
     <span class='ocr_line' id='line_1_59' title="bbox 217 3024 1877 3093; baseline 0.002 -17"><span class='ocrx_word' id='word_1_390' title='bbox 217 3036 343 3093; x_wconf 86' lang='lat' dir='ltr'><strong>que</strong></span> <span class='ocrx_word' id='word_1_391' title='bbox 367 3024 737 3088; x_wconf 82' lang='lat' dir='ltr'><strong>auctoritate,</strong></span> <span class='ocrx_word' id='word_1_392' title='bbox 766 3035 933 3091; x_wconf 87' lang='lat' dir='ltr'><strong>quam</strong></span> <span class='ocrx_word' id='word_1_393' title='bbox 985 3036 1142 3078; x_wconf 90' lang='lat' dir='ltr'><strong>sacra</strong></span> <span class='ocrx_word' id='word_1_394' title='bbox 1179 3024 1475 3093; x_wconf 87' lang='lat' dir='ltr'><strong>Scriptura</strong></span> <span class='ocrx_word' id='word_1_395' title='bbox 1523 3024 1790 3092; x_wconf 89' lang='lat' dir='ltr'><strong>pluribus</strong></span> <span class='ocrx_word' id='word_1_396' title='bbox 1819 3027 1877 3080; x_wconf 92' lang='lat' dir='ltr'><strong>in</strong></span> 
     </span>
    </p>
   </div>
   <div class='ocr_carea' id='block_1_59' title="bbox 218 3093 1876 3161">
    <p class='ocr_par' dir='ltr' id='par_1_59' title="bbox 218 3093 1876 3161">
     <span class='ocr_line' id='line_1_60' title="bbox 218 3093 1876 3161; baseline 0.001 -11"><span class='ocrx_word' id='word_1_397' title='bbox 218 3094 377 3150; x_wconf 89' lang='lat' dir='ltr'><strong>locis</strong></span> <span class='ocrx_word' id='word_1_398' title='bbox 403 3094 587 3149; x_wconf 87' lang='lat' dir='ltr'><strong>eidem</strong></span> <span class='ocrx_word' id='word_1_399' title='bbox 618 3098 808 3161; x_wconf 90' lang='lat' dir='ltr'><strong>aperte</strong></span> <span class='ocrx_word' id='word_1_400' title='bbox 830 3093 1058 3157; x_wconf 87' lang='lat' dir='ltr'><strong>tribuit,</strong></span> <span class='ocrx_word' id='word_1_401' title='bbox 1104 3094 1171 3149; x_wconf 88' lang='lat' dir='ltr'><strong>ad</strong></span> <span class='ocrx_word' id='word_1_402' title='bbox 1208 3103 1424 3149; x_wconf 89' lang='lat' dir='ltr'><strong>rectum</strong></span> <span class='ocrx_word' id='word_1_403' title='bbox 1459 3096 1742 3149; x_wconf 90' lang='lat' dir='ltr'><strong>tramitem</strong></span> <span class='ocrx_word' id='word_1_404' title='bbox 1788 3095 1876 3151; x_wconf 92' lang='lat' dir='ltr'><strong>de-</strong></span> 
     </span>
    </p>
   </div>
   <div class='ocr_carea' id='block_1_60' title="bbox 216 3164 1249 3229">
    <p class='ocr_par' dir='ltr' id='par_1_60' title="bbox 216 3164 1249 3229">
     <span class='ocr_line' id='line_1_61' title="bbox 216 3164 1249 3229; baseline 0 -10"><span class='ocrx_word' id='word_1_405' title='bbox 216 3166 356 3220; x_wconf 90' lang='lat' dir='ltr'><strong>vios</strong></span> <span class='ocrx_word' id='word_1_406' title='bbox 406 3167 674 3219; x_wconf 90' lang='lat' dir='ltr'><strong>reducere</strong></span> <span class='ocrx_word' id='word_1_407' title='bbox 698 3164 885 3218; x_wconf 90' lang='lat' dir='ltr'><strong>tutius</strong></span> <span class='ocrx_word' id='word_1_408' title='bbox 927 3178 990 3218; x_wconf 89' lang='lat' dir='ltr'><strong>ac</strong></span> <span class='ocrx_word' id='word_1_409' title='bbox 1022 3164 1249 3229; x_wconf 87' lang='lat' dir='ltr'><strong>melius,</strong></span> 
     </span>
    </p>
   </div>
   <div class='ocr_carea' id='block_1_61' title="bbox 218 3233 1878 3305">
    <p class='ocr_par' dir='ltr' id='par_1_61' title="bbox 218 3233 1878 3305">
     <span class='ocr_line' id='line_1_62' title="bbox 218 3233 1878 3305; baseline 0.001 -16"><span class='ocrx_word' id='word_1_410' title='bbox 218 3249 580 3305; x_wconf 82' lang='lat' dir='ltr'><strong>quocunque</strong></span> <span class='ocrx_word' id='word_1_411' title='bbox 631 3235 878 3289; x_wconf 91' lang='lat' dir='ltr'><strong>consilio</strong></span> <span class='ocrx_word' id='word_1_412' title='bbox 925 3235 1163 3290; x_wconf 89' lang='lat' dir='ltr'><strong>aliunde</strong></span> <span class='ocrx_word' id='word_1_413' title='bbox 1215 3233 1445 3303; x_wconf 88' lang='lat' dir='ltr'><strong>sumpto</strong></span> <span class='ocrx_word' id='word_1_414' title='bbox 1500 3233 1584 3305; x_wconf 75' lang='grc' dir='ltr'><strong>(ε).</strong></span> <span class='ocrx_word' id='word_1_415' title='bbox 1618 3236 1878 3291; x_wconf 87' lang='lat' dir='ltr'><strong>Pontifex</strong></span> 
     </span>
    </p>
   </div>
   <div class='ocr_carea' id='block_1_62' title="bbox 217 3305 1879 3386">
    <p class='ocr_par' dir='ltr' id='par_1_62' title="bbox 217 3305 1879 3386">
     <span class='ocr_line' id='line_1_63' title="bbox 217 3305 1879 3386; baseline 0.002 -27"><span class='ocrx_word' id='word_1_416' title='bbox 217 3308 378 3386; x_wconf 70' lang='lat' dir='ltr'><strong>banc</strong></span> <span class='ocrx_word' id='word_1_417' title='bbox 408 3305 782 3386; x_wconf 64' lang='lat' dir='ltr'><strong>observantia</strong></span> <span class='ocrx_word' id='word_1_418' title='bbox 812 3305 1293 3386; x_wconf 76' lang='lat' dir='ltr'><strong>signiﬁcationem</strong></span> <span class='ocrx_word' id='word_1_419' title='bbox 1332 3320 1476 3386; x_wconf 38' lang='lat' dir='ltr'><strong>erga.</strong></span> <span class='ocrx_word' id='word_1_420' title='bbox 1504 3313 1756 3386; x_wconf 78' lang='lat' dir='ltr'><strong>sanctam</strong></span> <span class='ocrx_word' id='word_1_421' title='bbox 1797 3320 1879 3386; x_wconf 84' lang='lat' dir='ltr'><strong>_s_e_-</strong></span> 
     </span>
    </p>
   </div>
   <div class='ocr_carea' id='block_1_63' title="bbox 215 3375 1875 3448">
    <p class='ocr_par' dir='ltr' id='par_1_63' title="bbox 215 3375 1875 3448">
     <span class='ocr_line' id='line_1_64' title="bbox 215 3375 1875 3448; baseline 0.001 -16"><span class='ocrx_word' id='word_1_422' title='bbox 215 3377 353 3432; x_wconf 90' lang='lat' dir='ltr'><strong>dem</strong></span> <span class='ocrx_word' id='word_1_423' title='bbox 387 3376 711 3448; x_wconf 84' lang='lat' dir='ltr'><strong>gratulatus</strong></span> <span class='ocrx_word' id='word_1_424' title='bbox 740 3375 1006 3430; x_wconf 87' lang='lat' dir='ltr'><strong>Patribus</strong></span> <span class='ocrx_word' id='word_1_425' title='bbox 1037 3376 1186 3431; x_wconf 90' lang='lat' dir='ltr'><strong>unde</strong></span> <span class='ocrx_word' id='word_1_426' title='bbox 1220 3377 1727 3445; x_wconf 88' lang='lat' dir='ltr'><strong>persuasissimum</strong></span> <span class='ocrx_word' id='word_1_427' title='bbox 1761 3377 1875 3433; x_wconf 90' lang='lat' dir='ltr'><strong>sibi</strong></span> 
     </span>
    </p>
   </div>
   <div class='ocr_carea' id='block_1_64' title="bbox 215 3448 1878 3517">
    <p class='ocr_par' dir='ltr' id='par_1_64' title="bbox 215 3448 1878 3517">
     <span class='ocr_line' id='line_1_65' title="bbox 215 3448 1878 3517; baseline 0.001 -13"><span class='ocrx_word' id='word_1_428' title='bbox 215 3450 537 3504; x_wconf 88' lang='lat' dir='ltr'><strong>esseaiunt</strong></span> <span class='ocrx_word' id='word_1_429' title='bbox 564 3452 718 3502; x_wconf 89' lang='lat' dir='ltr'><strong>certa</strong></span> <span class='ocrx_word' id='word_1_430' title='bbox 744 3459 965 3515; x_wconf 90' lang='lat' dir='ltr'><strong>semper</strong></span> <span class='ocrx_word' id='word_1_431' title='bbox 989 3448 1213 3502; x_wconf 71' lang='lat' dir='ltr'><strong>decreta</strong></span> <span class='ocrx_word' id='word_1_432' title='bbox 1256 3460 1539 3515; x_wconf 87' lang='lat' dir='ltr'><strong>emanare,</strong></span> <span class='ocrx_word' id='word_1_433' title='bbox 1593 3449 1878 3517; x_wconf 85' lang='lat' dir='ltr'><strong>pracipue</strong></span> 
     </span>
    </p>
   </div>
   <div class='ocr_carea' id='block_1_65' title="bbox 221 3518 1881 3587">
    <p class='ocr_par' dir='ltr' id='par_1_65' title="bbox 221 3518 1881 3587">
     <span class='ocr_line' id='line_1_66' title="bbox 221 3518 1881 3587; baseline 0.002 -17"><span class='ocrx_word' id='word_1_434' title='bbox 221 3531 365 3574; x_wconf 74' lang='lat' dir='ltr'><strong>vero</strong></span> <span class='ocrx_word' id='word_1_435' title='bbox 398 3519 449 3573; x_wconf 92' lang='lat' dir='ltr'><strong>si</strong></span> <span class='ocrx_word' id='word_1_436' title='bbox 474 3532 584 3587; x_wconf 90' lang='lat' dir='ltr'><strong>qua</strong></span> <span class='ocrx_word' id='word_1_437' title='bbox 609 3518 679 3572; x_wconf 91' lang='lat' dir='ltr'><strong>de</strong></span> <span class='ocrx_word' id='word_1_438' title='bbox 706 3518 835 3572; x_wconf 92' lang='lat' dir='ltr'><strong>ﬁdei</strong></span> <span class='ocrx_word' id='word_1_439' title='bbox 862 3518 1124 3587; x_wconf 89' lang='lat' dir='ltr'><strong>d0gmate</strong></span> <span class='ocrx_word' id='word_1_440' title='bbox 1153 3520 1446 3573; x_wconf 91' lang='lat' dir='ltr'><strong>contentio</strong></span> <span class='ocrx_word' id='word_1_441' title='bbox 1490 3524 1575 3573; x_wconf 91' lang='lat' dir='ltr'><strong>est</strong></span> <span class='ocrx_word' id='word_1_442' title='bbox 1607 3537 1624 3582; x_wconf 88' lang='lat'><strong><em>;</em></strong></span> <span class='ocrx_word' id='word_1_443' title='bbox 1679 3520 1881 3574; x_wconf 90' lang='lat' dir='ltr'><strong>simul-</strong></span> 
     </span>
    </p>
   </div>
   <div class='ocr_carea' id='block_1_66' title="bbox 219 3588 1878 3660">
    <p class='ocr_par' dir='ltr' id='par_1_66' title="bbox 219 3588 1878 3660">
     <span class='ocr_line' id='line_1_67' title="bbox 219 3588 1878 3660; baseline 0.001 -16"><span class='ocrx_word' id='word_1_444' title='bbox 219 3603 341 3660; x_wconf 89' lang='lat' dir='ltr'><strong>que</strong></span> <span class='ocrx_word' id='word_1_445' title='bbox 370 3596 619 3658; x_wconf 70' lang='lat' dir='ltr'><strong>cueptum</strong></span> <span class='ocrx_word' id='word_1_446' title='bbox 650 3588 720 3643; x_wconf 88' lang='lat' dir='ltr'><strong>ab</strong></span> <span class='ocrx_word' id='word_1_447' title='bbox 767 3589 843 3643; x_wconf 90' lang='lat' dir='ltr'><strong>iis</strong></span> <span class='ocrx_word' id='word_1_448' title='bbox 885 3589 1198 3643; x_wconf 91' lang='lat' dir='ltr'><strong>consilium</strong></span> <span class='ocrx_word' id='word_1_449' title='bbox 1242 3590 1407 3656; x_wconf 88' lang='lat' dir='ltr'><strong>juxta</strong></span> <span class='ocrx_word' id='word_1_450' title='bbox 1437 3589 1779 3644; x_wconf 91' lang='lat' dir='ltr'><strong>traditonem</strong></span> <span class='ocrx_word' id='word_1_451' title='bbox 1822 3597 1878 3646; x_wconf 91' lang='lat' dir='ltr'><strong>et</strong></span> 
     </span>
    </p>
   </div>
   <div class='ocr_carea' id='block_1_67' title="bbox 219 3660 1878 3729">
    <p class='ocr_par' dir='ltr' id='par_1_67' title="bbox 219 3660 1878 3729">
     <span class='ocr_line' id='line_1_68' title="bbox 219 3660 1878 3729; baseline 0.001 -15"><span class='ocrx_word' id='word_1_452' title='bbox 219 3660 703 3715; x_wconf 90' lang='lat' dir='ltr'><strong>consuetudinem</strong></span> <span class='ocrx_word' id='word_1_453' title='bbox 732 3661 988 3714; x_wconf 84' lang='lat' dir='ltr'><strong>omnium</strong></span> <span class='ocrx_word' id='word_1_454' title='bbox 1019 3665 1124 3713; x_wconf 89' lang='lat' dir='ltr'><strong>tem</strong></span> <span class='ocrx_word' id='word_1_455' title='bbox 1138 3673 1359 3728; x_wconf 90' lang='lat' dir='ltr'><strong>porum,</strong></span> <span class='ocrx_word' id='word_1_456' title='bbox 1392 3660 1619 3729; x_wconf 89' lang='lat' dir='ltr'><strong>petendi</strong></span> <span class='ocrx_word' id='word_1_457' title='bbox 1651 3660 1878 3715; x_wconf 91' lang='lat' dir='ltr'><strong>scilicet</strong></span> 
     </span>
    </p>
   </div>
   <div class='ocr_carea' id='block_1_68' title="bbox 215 3730 1875 3799">
    <p class='ocr_par' dir='ltr' id='par_1_68' title="bbox 215 3730 1875 3799">
     <span class='ocr_line' id='line_1_69' title="bbox 215 3730 1875 3799; baseline 0.001 -14"><span class='ocrx_word' id='word_1_458' title='bbox 215 3730 515 3799; x_wconf 83' lang='lat' dir='ltr'><strong>judicium</strong></span> <span class='ocrx_word' id='word_1_459' title='bbox 553 3745 667 3799; x_wconf 92' lang='lat' dir='ltr'><strong>quo</strong></span> <span class='ocrx_word' id='word_1_460' title='bbox 698 3744 802 3784; x_wconf 90' lang='lat' dir='ltr'><strong>sua</strong></span> <span class='ocrx_word' id='word_1_461' title='bbox 835 3730 1091 3798; x_wconf 85' lang='lat' dir='ltr'><strong>ipsorum</strong></span> <span class='ocrx_word' id='word_1_462' title='bbox 1134 3731 1417 3785; x_wconf 86' lang='lat' dir='ltr'><strong>sententia</strong></span> <span class='ocrx_word' id='word_1_463' title='bbox 1451 3730 1751 3786; x_wconf 90' lang='lat' dir='ltr'><strong>roboretur</strong></span> <span class='ocrx_word' id='word_1_464' title='bbox 1800 3732 1875 3786; x_wconf 84' lang='lat' dir='ltr'><strong>vi-</strong></span> 
     </span>
    </p>
   </div>
   <div class='ocr_carea' id='block_1_69' title="bbox 222 3801 1878 3872">
    <p class='ocr_par' dir='ltr' id='par_1_69' title="bbox 222 3801 1878 3872">
     <span class='ocr_line' id='line_1_70' title="bbox 222 3801 1878 3872; baseline 0.001 -17"><span class='ocrx_word' id='word_1_465' title='bbox 222 3809 476 3872; x_wconf 86' lang='lat' dir='ltr'><strong>geatque</strong></span> <span class='ocrx_word' id='word_1_466' title='bbox 506 3808 694 3869; x_wconf 90' lang='lat' dir='ltr'><strong>postea</strong></span> <span class='ocrx_word' id='word_1_467' title='bbox 724 3802 781 3855; x_wconf 90' lang='lat' dir='ltr'><strong>in</strong></span> <span class='ocrx_word' id='word_1_468' title='bbox 808 3808 930 3872; x_wconf 86' lang='lat' dir='ltr'><strong>tota</strong></span> <span class='ocrx_word' id='word_1_469' title='bbox 961 3801 1207 3856; x_wconf 86' lang='lat' dir='ltr'><strong>Ecclesia</strong></span> <span class='ocrx_word' id='word_1_470' title='bbox 1233 3820 1245 3865; x_wconf 82' lang='lat'><strong>;</strong></span> <span class='ocrx_word' id='word_1_471' title='bbox 1279 3807 1453 3856; x_wconf 89' lang='lat' dir='ltr'><strong>ratam</strong></span> <span class='ocrx_word' id='word_1_472' title='bbox 1485 3802 1621 3855; x_wconf 89' lang='lat' dir='ltr'><strong>fecit</strong></span> <span class='ocrx_word' id='word_1_473' title='bbox 1642 3807 1878 3857; x_wconf 91' lang='lat' dir='ltr'><strong>senten-</strong></span> 
     </span>
    </p>
   </div>
   <div class='ocr_carea' id='block_1_70' title="bbox 223 3870 1876 3940">
    <p class='ocr_par' dir='ltr' id='par_1_70' title="bbox 223 3870 1876 3940">
     <span class='ocr_line' id='line_1_71' title="bbox 223 3870 1876 3940; baseline 0.001 -13"><span class='ocrx_word' id='word_1_474' title='bbox 223 3870 368 3927; x_wconf 81' lang='lat' dir='ltr'><strong>tiam</strong></span> <span class='ocrx_word' id='word_1_475' title='bbox 394 3870 467 3925; x_wconf 88' lang='lat' dir='ltr'><strong>ab</strong></span> <span class='ocrx_word' id='word_1_476' title='bbox 501 3872 577 3926; x_wconf 91' lang='lat' dir='ltr'><strong>iis</strong></span> <span class='ocrx_word' id='word_1_477' title='bbox 602 3871 773 3925; x_wconf 83' lang='lat' dir='ltr'><strong>latam</strong></span> <span class='ocrx_word' id='word_1_478' title='bbox 803 3871 858 3925; x_wconf 91' lang='lat' dir='ltr'><strong>in</strong></span> <span class='ocrx_word' id='word_1_479' title='bbox 886 3872 1127 3926; x_wconf 83' lang='lat' dir='ltr'><strong>hareses</strong></span> <span class='ocrx_word' id='word_1_480' title='bbox 1148 3885 1458 3940; x_wconf 87' lang='lat' dir='ltr'><strong>earumque</strong></span> <span class='ocrx_word' id='word_1_481' title='bbox 1483 3872 1737 3927; x_wconf 90' lang='lat' dir='ltr'><strong>artiﬁces</strong></span> <span class='ocrx_word' id='word_1_482' title='bbox 1760 3873 1876 3928; x_wconf 90' lang='lat' dir='ltr'><strong>fau-</strong></span> 
     </span>
    </p>
   </div>
   <div class='ocr_carea' id='block_1_71' title="bbox 224 3941 1876 4081">
    <p class='ocr_par' dir='ltr' id='par_1_71' title="bbox 224 3941 1876 4081">
     <span class='ocr_line' id='line_1_72' title="bbox 224 3941 1876 4081; baseline 0.001 -84"><span class='ocrx_word' id='word_1_483' title='bbox 224 3950 500 4081; x_wconf 47' lang='grc' dir='ltr'><strong>ἷοῖθῆίκιθ</strong></span> <span class='ocrx_word' id='word_1_484' title='bbox 544 3960 561 4011; x_wconf 79' lang='grc'><strong>;</strong></span> <span class='ocrx_word' id='word_1_485' title='bbox 612 3943 716 4010; x_wconf 84' lang='lat' dir='ltr'><strong>sic,</strong></span> <span class='ocrx_word' id='word_1_486' title='bbox 756 3941 1082 4012; x_wconf 83' lang='lat' dir='ltr'><strong>Augustino</strong></span> <span class='ocrx_word' id='word_1_487' title='bbox 1132 3949 1293 4011; x_wconf 90' lang='lat' dir='ltr'><strong>teste,</strong></span> <span class='ocrx_word' id='word_1_488' title='bbox 1348 3955 1518 3998; x_wconf 87' lang='lat' dir='ltr'><strong>causa</strong></span> <span class='ocrx_word' id='word_1_489' title='bbox 1561 3941 1676 3997; x_wconf 92' lang='lat' dir='ltr'><strong>fuit</strong></span> <span class='ocrx_word' id='word_1_490' title='bbox 1718 3943 1876 3999; x_wconf 89' lang='lat' dir='ltr'><strong>abso-</strong></span> 
     </span>
     <span class='ocr_line' id='line_1_73' title="bbox 250 4028 463 4068; baseline -0.009 0"><span class='ocrx_word' id='word_1_491' title='bbox 250 4028 350 4068; x_wconf 93' lang='lat' dir='ltr'><strong>ua</strong></span> <span class='ocrx_word' id='word_1_492' title='bbox 452 4053 463 4066; x_wconf 94' lang='lat'><strong>.</strong></span> 
     </span>
    </p>
   </div>
   <div class='ocr_carea' id='block_1_72' title="bbox 250 4021 463 4068">
    <p class='ocr_par' dir='ltr' id='par_1_72' title="bbox 250 4021 463 4068">
     <span class='ocr_line' id='line_1_74' title="bbox 250 4021 463 4068; baseline -0.009 0"><span class='ocrx_word' id='word_1_493' title='bbox 250 4021 350 4068; x_wconf 92' lang='lat' dir='ltr'><strong>uta</strong></span> <span class='ocrx_word' id='word_1_494' title='bbox 378 4021 463 4068; x_wconf 77' lang='grc' dir='ltr'><strong>(Π.</strong></span> 
     </span>
    </p>
   </div>
   <div class='ocr_carea' id='block_1_73' title="bbox 298 4083 1873 4155">
    <p class='ocr_par' dir='ltr' id='par_1_73' title="bbox 298 4083 1873 4155">
     <span class='ocr_line' id='line_1_75' title="bbox 298 4083 1873 4155; baseline 0.002 -17"><span class='ocrx_word' id='word_1_495' title='bbox 298 4086 392 4138; x_wconf 82' lang='grc' dir='ltr'><strong>ιιι.</strong></span> <span class='ocrx_word' id='word_1_496' title='bbox 428 4083 685 4153; x_wconf 90' lang='lat' dir='ltr'><strong>Denique</strong></span> <span class='ocrx_word' id='word_1_497' title='bbox 717 4084 1085 4139; x_wconf 89' lang='lat' dir='ltr'><strong>Innocentius</strong></span> <span class='ocrx_word' id='word_1_498' title='bbox 1130 4084 1200 4155; x_wconf 85' lang='lat' dir='ltr'><strong>(g)</strong></span> <span class='ocrx_word' id='word_1_499' title='bbox 1254 4091 1524 4153; x_wconf 88' lang='lat' dir='ltr'><strong>tanquam</strong></span> <span class='ocrx_word' id='word_1_500' title='bbox 1572 4084 1873 4141; x_wconf 87' lang='lat' dir='ltr'><strong>catholica</strong></span> 
     </span>
    </p>
   </div>
   <div class='ocr_carea' id='block_1_74' title="bbox 229 4155 1879 4223">
    <p class='ocr_par' dir='ltr' id='par_1_74' title="bbox 229 4155 1879 4223">
     <span class='ocr_line' id='line_1_76' title="bbox 229 4155 1879 4223; baseline 0.001 -14"><span class='ocrx_word' id='word_1_501' title='bbox 229 4155 501 4210; x_wconf 74' lang='lat' dir='ltr'><strong>Ecclesia</strong></span> <span class='ocrx_word' id='word_1_502' title='bbox 530 4163 701 4223; x_wconf 86' lang='lat' dir='ltr'><strong>caput</strong></span> <span class='ocrx_word' id='word_1_503' title='bbox 731 4170 891 4211; x_wconf 88' lang='lat' dir='ltr'><strong>suam</strong></span> <span class='ocrx_word' id='word_1_504' title='bbox 928 4155 1232 4211; x_wconf 90' lang='lat' dir='ltr'><strong>minitatur</strong></span> <span class='ocrx_word' id='word_1_505' title='bbox 1262 4156 1663 4210; x_wconf 87' lang='lat' dir='ltr'><strong>auctoritatem</strong></span> <span class='ocrx_word' id='word_1_506' title='bbox 1688 4156 1879 4210; x_wconf 87' lang='lat' dir='ltr'><strong>Hiero-</strong></span> 
     </span>
    </p>
   </div>
   <div class='ocr_carea' id='block_1_75' title="bbox 224 4226 1879 4296">
    <p class='ocr_par' dir='ltr' id='par_1_75' title="bbox 224 4226 1879 4296">
     <span class='ocr_line' id='line_1_77' title="bbox 224 4226 1879 4296; baseline -0.001 -14"><span class='ocrx_word' id='word_1_507' title='bbox 224 4227 584 4296; x_wconf 85' lang='lat' dir='ltr'><strong>solymorum</strong></span> <span class='ocrx_word' id='word_1_508' title='bbox 625 4227 913 4295; x_wconf 88' lang='lat' dir='ltr'><strong>episcopo,</strong></span> <span class='ocrx_word' id='word_1_509' title='bbox 959 4226 1073 4281; x_wconf 91' lang='lat' dir='ltr'><strong>nisi</strong></span> <span class='ocrx_word' id='word_1_510' title='bbox 1108 4241 1218 4296; x_wconf 89' lang='lat' dir='ltr'><strong>qua</strong></span> <span class='ocrx_word' id='word_1_511' title='bbox 1274 4228 1419 4282; x_wconf 89' lang='lat' dir='ltr'><strong>idem</strong></span> <span class='ocrx_word' id='word_1_512' title='bbox 1477 4232 1752 4295; x_wconf 87' lang='lat' dir='ltr'><strong>potestate</strong></span> <span class='ocrx_word' id='word_1_513' title='bbox 1793 4232 1879 4281; x_wconf 89' lang='lat' dir='ltr'><strong>est</strong></span> 
     </span>
    </p>
   </div>
   <div class='ocr_carea' id='block_1_76' title="bbox 227 4296 1875 4367">
    <p class='ocr_par' dir='ltr' id='par_1_76' title="bbox 227 4296 1875 4367">
     <span class='ocr_line' id='line_1_78' title="bbox 227 4296 1875 4367; baseline -0.001 -15"><span class='ocrx_word' id='word_1_514' title='bbox 227 4298 512 4367; x_wconf 64' lang='lat' dir='ltr'><strong>praeditus</strong></span> <span class='ocrx_word' id='word_1_515' title='bbox 531 4297 928 4352; x_wconf 88' lang='lat' dir='ltr'><strong>hareticorum</strong></span> <span class='ocrx_word' id='word_1_516' title='bbox 950 4298 1250 4352; x_wconf 90' lang='lat' dir='ltr'><strong>audaciam</strong></span> <span class='ocrx_word' id='word_1_517' title='bbox 1278 4298 1573 4366; x_wconf 89' lang='lat' dir='ltr'><strong>reprimat,</strong></span> <span class='ocrx_word' id='word_1_518' title='bbox 1594 4298 1694 4367; x_wconf 88' lang='lat' dir='ltr'><strong>qui</strong></span> <span class='ocrx_word' id='word_1_519' title='bbox 1720 4296 1875 4352; x_wconf 90' lang='lat' dir='ltr'><strong>omni</strong></span> 
     </span>
    </p>
   </div>
   <div class='ocr_carea' id='block_1_77' title="bbox 224 4368 1875 4439">
    <p class='ocr_par' dir='ltr' id='par_1_77' title="bbox 224 4368 1875 4439">
     <span class='ocr_line' id='line_1_79' title="bbox 224 4368 1875 4439; baseline -0.001 -15"><span class='ocrx_word' id='word_1_520' title='bbox 224 4368 477 4424; x_wconf 83' lang='lat' dir='ltr'><strong>ludibrii</strong></span> <span class='ocrx_word' id='word_1_521' title='bbox 503 4381 706 4439; x_wconf 89' lang='lat' dir='ltr'><strong>genere</strong></span> <span class='ocrx_word' id='word_1_522' title='bbox 724 4369 1123 4437; x_wconf 83' lang='lat' dir='ltr'><strong>Hieronymum</strong></span> <span class='ocrx_word' id='word_1_523' title='bbox 1142 4374 1197 4423; x_wconf 91' lang='lat' dir='ltr'><strong>et</strong></span> <span class='ocrx_word' id='word_1_524' title='bbox 1216 4369 1522 4423; x_wconf 87' lang='lat' dir='ltr'><strong>monachos</strong></span> <span class='ocrx_word' id='word_1_525' title='bbox 1540 4369 1875 4436; x_wconf 84' lang='lat' dir='ltr'><strong>Palastina,</strong></span> 
     </span>
    </p>
   </div>
   <div class='ocr_carea' id='block_1_78' title="bbox 225 4438 1056 4510">
    <p class='ocr_par' dir='ltr' id='par_1_78' title="bbox 225 4438 1056 4510">
     <span class='ocr_line' id='line_1_80' title="bbox 225 4438 1056 4510; baseline -0.005 -15"><span class='ocrx_word' id='word_1_526' title='bbox 225 4438 449 4510; x_wconf 86' lang='lat' dir='ltr'><strong>quibus</strong></span> <span class='ocrx_word' id='word_1_527' title='bbox 474 4438 731 4507; x_wconf 72' lang='lat' dir='ltr'><strong>praeerat,</strong></span> <span class='ocrx_word' id='word_1_528' title='bbox 762 4439 1056 4493; x_wconf 80' lang='lat' dir='ltr'><strong>ladebant.</strong></span> 
     </span>
    </p>
   </div>
   <div class='ocr_carea' id='block_1_79' title="bbox 298 4508 1879 4579">
    <p class='ocr_par' dir='ltr' id='par_1_79' title="bbox 298 4508 1879 4579">
     <span class='ocr_line' id='line_1_81' title="bbox 298 4508 1879 4579; baseline 0.001 -16"><span class='ocrx_word' id='word_1_529' title='bbox 298 4512 618 4579; x_wconf 79' lang='lat' dir='ltr'><strong>Supremas</strong></span> <span class='ocrx_word' id='word_1_530' title='bbox 669 4511 815 4564; x_wconf 90' lang='lat' dir='ltr'><strong>idem</strong></span> <span class='ocrx_word' id='word_1_531' title='bbox 888 4508 1161 4577; x_wconf 82' lang='lat' dir='ltr'><strong>pontifex,</strong></span> <span class='ocrx_word' id='word_1_532' title='bbox 1237 4515 1504 4578; x_wconf 90' lang='lat' dir='ltr'><strong>tanquam</strong></span> <span class='ocrx_word' id='word_1_533' title='bbox 1548 4510 1879 4566; x_wconf 85' lang='lat' dir='ltr'><strong>Occidentis</strong></span> 
     </span>
    </p>
   </div>
   <div class='ocr_carea' id='block_1_80' title="bbox 1988 1889 3637 1960">
    <p class='ocr_par' dir='ltr' id='par_1_80' title="bbox 1988 1889 3637 1960">
     <span class='ocr_line' id='line_1_82' title="bbox 1988 1889 3637 1960; baseline -0.001 -14"><span class='ocrx_word' id='word_1_534' title='bbox 1988 1893 2119 1947; x_wconf 91' lang='lat' dir='ltr'><strong>sede</strong></span> <span class='ocrx_word' id='word_1_535' title='bbox 2137 1892 2382 1947; x_wconf 90' lang='lat' dir='ltr'><strong>nimium</strong></span> <span class='ocrx_word' id='word_1_536' title='bbox 2399 1892 2662 1947; x_wconf 89' lang='lat' dir='ltr'><strong>dissitas.</strong></span> <span class='ocrx_word' id='word_1_537' title='bbox 2685 1889 2909 1946; x_wconf 87' lang='lat' dir='ltr'><strong>Interea</strong></span> <span class='ocrx_word' id='word_1_538' title='bbox 2926 1893 3117 1960; x_wconf 87' lang='lat' dir='ltr'><strong>plures</strong></span> <span class='ocrx_word' id='word_1_539' title='bbox 3133 1891 3294 1946; x_wconf 91' lang='lat' dir='ltr'><strong>dedit</strong></span> <span class='ocrx_word' id='word_1_540' title='bbox 3318 1889 3637 1960; x_wconf 82' lang='lat' dir='ltr'><strong>encyclicas</strong></span> 
     </span>
    </p>
   </div>
   <div class='ocr_carea' id='block_1_81' title="bbox 1988 1961 3638 2031">
    <p class='ocr_par' dir='ltr' id='par_1_81' title="bbox 1988 1961 3638 2031">
     <span class='ocr_line' id='line_1_83' title="bbox 1988 1961 3638 2031; baseline -0.001 -14"><span class='ocrx_word' id='word_1_541' title='bbox 1988 1962 2215 2018; x_wconf 90' lang='lat' dir='ltr'><strong>litteras</strong></span> <span class='ocrx_word' id='word_1_542' title='bbox 2256 1963 2325 2018; x_wconf 90' lang='lat' dir='ltr'><strong>ad</strong></span> <span class='ocrx_word' id='word_1_543' title='bbox 2371 1976 2565 2018; x_wconf 90' lang='lat' dir='ltr'><strong>earum</strong></span> <span class='ocrx_word' id='word_1_544' title='bbox 2612 1962 3011 2031; x_wconf 80' lang='lat' dir='ltr'><strong>metmpolitas</strong></span> <span class='ocrx_word' id='word_1_545' title='bbox 3061 1961 3515 2030; x_wconf 88' lang='lat' dir='ltr'><strong>provinciarum,</strong></span> <span class='ocrx_word' id='word_1_546' title='bbox 3571 1965 3638 2016; x_wconf 92' lang='lat' dir='ltr'><strong>ut</strong></span> 
     </span>
    </p>
   </div>
   <div class='ocr_carea' id='block_1_82' title="bbox 1989 2031 3637 2116">
    <p class='ocr_par' dir='ltr' id='par_1_82' title="bbox 1989 2031 3637 2116">
     <span class='ocr_line' id='line_1_84' title="bbox 1989 2031 3637 2116; baseline -0.001 -28"><span class='ocrx_word' id='word_1_547' title='bbox 1989 2035 2247 2116; x_wconf 75' lang='lat' dir='ltr'><strong>ipsorum</strong></span> <span class='ocrx_word' id='word_1_548' title='bbox 2267 2034 2480 2089; x_wconf 92' lang='lat' dir='ltr'><strong>nemini</strong></span> <span class='ocrx_word' id='word_1_549' title='bbox 2504 2033 2749 2090; x_wconf 89' lang='lat' dir='ltr'><strong>obscura</strong></span> <span class='ocrx_word' id='word_1_550' title='bbox 2761 2040 2909 2089; x_wconf 90' lang='lat' dir='ltr'><strong>esset</strong></span> <span class='ocrx_word' id='word_1_551' title='bbox 2927 2032 3192 2089; x_wconf 88' lang='lat' dir='ltr'><strong>voluntas</strong></span> <span class='ocrx_word' id='word_1_552' title='bbox 3215 2031 3509 2101; x_wconf 88' lang='lat' dir='ltr'><strong>pontiﬁcis</strong></span> <span class='ocrx_word' id='word_1_553' title='bbox 3530 2031 3637 2087; x_wconf 90' lang='lat' dir='ltr'><strong>hac</strong></span> 
     </span>
    </p>
   </div>
   <div class='ocr_carea' id='block_1_83' title="bbox 1989 2118 2155 2159">
    <p class='ocr_par' dir='ltr' id='par_1_83' title="bbox 1989 2118 2155 2159">
     <span class='ocr_line' id='line_1_85' title="bbox 1989 2118 2155 2159; baseline -0.012 0"><span class='ocrx_word' id='word_1_554' title='bbox 1989 2118 2049 2159; x_wconf 82' lang='grc' dir='ltr'><strong>ιη</strong></span> <span class='ocrx_word' id='word_1_555' title='bbox 2079 2118 2155 2159; x_wconf 88' lang='lat' dir='ltr'><strong>re.</strong></span> 
     </span>
    </p>
   </div>
   <div class='ocr_carea' id='block_1_84' title="bbox 2060 2174 3638 2244">
    <p class='ocr_par' dir='ltr' id='par_1_84' title="bbox 2060 2174 3638 2244">
     <span class='ocr_line' id='line_1_86' title="bbox 2060 2174 3638 2244; baseline 0 -15"><span class='ocrx_word' id='word_1_556' title='bbox 2060 2175 2331 2231; x_wconf 88' lang='lat' dir='ltr'><strong>Pontiﬁce</strong></span> <span class='ocrx_word' id='word_1_557' title='bbox 2360 2177 2581 2232; x_wconf 91' lang='lat' dir='ltr'><strong>Zosimo</strong></span> <span class='ocrx_word' id='word_1_558' title='bbox 2631 2176 2937 2232; x_wconf 85' lang='lat' dir='ltr'><strong>hareticus</strong></span> <span class='ocrx_word' id='word_1_559' title='bbox 2959 2175 3263 2233; x_wconf 72' lang='lat' dir='ltr'><strong>Caelestius</strong></span> <span class='ocrx_word' id='word_1_560' title='bbox 3287 2174 3638 2244; x_wconf 90' lang='lat' dir='ltr'><strong>appellatio—</strong></span> 
     </span>
    </p>
   </div>
   <div class='ocr_carea' id='block_1_85' title="bbox 1990 2245 3636 2317">
    <p class='ocr_par' dir='ltr' id='par_1_85' title="bbox 1990 2245 3636 2317">
     <span class='ocr_line' id='line_1_87' title="bbox 1990 2245 3636 2317; baseline -0.001 -17"><span class='ocrx_word' id='word_1_561' title='bbox 1990 2260 2114 2301; x_wconf 92' lang='lat' dir='ltr'><strong>nem</strong></span> <span class='ocrx_word' id='word_1_562' title='bbox 2152 2248 2359 2303; x_wconf 89' lang='lat' dir='ltr'><strong>iterum</strong></span> <span class='ocrx_word' id='word_1_563' title='bbox 2411 2248 2742 2313; x_wconf 81' lang='lat' dir='ltr'><strong>meditatur,</strong></span> <span class='ocrx_word' id='word_1_564' title='bbox 2792 2261 2904 2317; x_wconf 90' lang='lat' dir='ltr'><strong>qua</strong></span> <span class='ocrx_word' id='word_1_565' title='bbox 2957 2247 3029 2301; x_wconf 92' lang='lat' dir='ltr'><strong>ab</strong></span> <span class='ocrx_word' id='word_1_566' title='bbox 3072 2246 3343 2302; x_wconf 87' lang='lat' dir='ltr'><strong>Africano</strong></span> <span class='ocrx_word' id='word_1_567' title='bbox 3383 2245 3636 2301; x_wconf 89' lang='lat' dir='ltr'><strong>concilio</strong></span> 
     </span>
    </p>
   </div>
   <div class='ocr_carea' id='block_1_86' title="bbox 1991 2317 3639 2387">
    <p class='ocr_par' dir='ltr' id='par_1_86' title="bbox 1991 2317 3639 2387">
     <span class='ocr_line' id='line_1_88' title="bbox 1991 2317 3639 2387; baseline -0.001 -16"><span class='ocrx_word' id='word_1_568' title='bbox 1991 2317 2202 2373; x_wconf 91' lang='lat' dir='ltr'><strong>multos</strong></span> <span class='ocrx_word' id='word_1_569' title='bbox 2232 2325 2362 2372; x_wconf 90' lang='lat' dir='ltr'><strong>ante</strong></span> <span class='ocrx_word' id='word_1_570' title='bbox 2386 2332 2567 2373; x_wconf 89' lang='lat' dir='ltr'><strong>annos</strong></span> <span class='ocrx_word' id='word_1_571' title='bbox 2593 2319 2659 2373; x_wconf 89' lang='lat' dir='ltr'><strong>ad</strong></span> <span class='ocrx_word' id='word_1_572' title='bbox 2684 2318 3058 2387; x_wconf 87' lang='lat' dir='ltr'><strong>apostolicam</strong></span> <span class='ocrx_word' id='word_1_573' title='bbox 3086 2318 3275 2372; x_wconf 88' lang='lat' dir='ltr'><strong>sedem</strong></span> <span class='ocrx_word' id='word_1_574' title='bbox 3310 2328 3639 2387; x_wconf 83' lang='lat' dir='ltr'><strong>provocave-</strong></span> 
     </span>
    </p>
   </div>
   <div class='ocr_carea' id='block_1_87' title="bbox 1992 2386 3639 2457">
    <p class='ocr_par' dir='ltr' id='par_1_87' title="bbox 1992 2386 3639 2457">
     <span class='ocr_line' id='line_1_89' title="bbox 1992 2386 3639 2457; baseline -0.001 -15"><span class='ocrx_word' id='word_1_575' title='bbox 1992 2394 2079 2442; x_wconf 87' lang='lat' dir='ltr'><strong>rat</strong></span> <span class='ocrx_word' id='word_1_576' title='bbox 2106 2387 2183 2457; x_wconf 75' lang='grc' dir='ltr'><strong>(ἰ).</strong></span> <span class='ocrx_word' id='word_1_577' title='bbox 2216 2388 2591 2456; x_wconf 89' lang='lat' dir='ltr'><strong>Quamobrem</strong></span> <span class='ocrx_word' id='word_1_578' title='bbox 2639 2386 2868 2444; x_wconf 83' lang='lat' dir='ltr'><strong>Romam</strong></span> <span class='ocrx_word' id='word_1_579' title='bbox 2910 2401 2969 2443; x_wconf 92' lang='lat' dir='ltr'><strong>se</strong></span> <span class='ocrx_word' id='word_1_580' title='bbox 3008 2388 3248 2453; x_wconf 87' lang='lat' dir='ltr'><strong>confert,</strong></span> <span class='ocrx_word' id='word_1_581' title='bbox 3306 2399 3515 2456; x_wconf 89' lang='lat' dir='ltr'><strong>perque</strong></span> <span class='ocrx_word' id='word_1_582' title='bbox 3555 2386 3639 2441; x_wconf 91' lang='lat' dir='ltr'><strong>li—</strong></span> 
     </span>
    </p>
   </div>
   <div class='ocr_carea' id='block_1_88' title="bbox 1987 2458 3641 2529">
    <p class='ocr_par' dir='ltr' id='par_1_88' title="bbox 1987 2458 3641 2529">
     <span class='ocr_line' id='line_1_90' title="bbox 1987 2458 3641 2529; baseline -0.001 -17"><span class='ocrx_word' id='word_1_583' title='bbox 1987 2458 2201 2513; x_wconf 91' lang='lat' dir='ltr'><strong>bellum</strong></span> <span class='ocrx_word' id='word_1_584' title='bbox 2222 2459 2539 2528; x_wconf 90' lang='lat' dir='ltr'><strong>supplicem</strong></span> <span class='ocrx_word' id='word_1_585' title='bbox 2571 2461 2911 2529; x_wconf 90' lang='lat' dir='ltr'><strong>deprecatur</strong></span> <span class='ocrx_word' id='word_1_586' title='bbox 2937 2459 3260 2528; x_wconf 87' lang='lat' dir='ltr'><strong>pontiﬁcem</strong></span> <span class='ocrx_word' id='word_1_587' title='bbox 3286 2473 3344 2512; x_wconf 90' lang='lat' dir='ltr'><strong>se</strong></span> <span class='ocrx_word' id='word_1_588' title='bbox 3377 2463 3440 2512; x_wconf 90' lang='lat' dir='ltr'><strong>ut</strong></span> <span class='ocrx_word' id='word_1_589' title='bbox 3456 2470 3641 2529; x_wconf 85' lang='lat' dir='ltr'><strong>emen-</strong></span> 
     </span>
    </p>
   </div>
   <div class='ocr_carea' id='block_1_89' title="bbox 1986 2527 3641 2599">
    <p class='ocr_par' dir='ltr' id='par_1_89' title="bbox 1986 2527 3641 2599">
     <span class='ocr_line' id='line_1_91' title="bbox 1986 2527 3641 2599; baseline -0.001 -16"><span class='ocrx_word' id='word_1_590' title='bbox 1986 2530 2081 2583; x_wconf 91' lang='lat' dir='ltr'><strong>det</strong></span> <span class='ocrx_word' id='word_1_591' title='bbox 2111 2530 2160 2584; x_wconf 91' lang='lat' dir='ltr'><strong>si</strong></span> <span class='ocrx_word' id='word_1_592' title='bbox 2195 2543 2361 2599; x_wconf 92' lang='lat' dir='ltr'><strong>quem</strong></span> <span class='ocrx_word' id='word_1_593' title='bbox 2393 2527 2733 2585; x_wconf 44' lang='lat' dir='ltr'><strong>insciens‘in</strong></span> <span class='ocrx_word' id='word_1_594' title='bbox 2756 2527 3005 2585; x_wconf 89' lang='lat' dir='ltr'><strong>errorem</strong></span> <span class='ocrx_word' id='word_1_595' title='bbox 3038 2530 3235 2598; x_wconf 89' lang='lat' dir='ltr'><strong>lapsus</strong></span> <span class='ocrx_word' id='word_1_596' title='bbox 3256 2533 3424 2584; x_wconf 88' lang='lat' dir='ltr'><strong>esset.</strong></span> <span class='ocrx_word' id='word_1_597' title='bbox 3448 2527 3641 2583; x_wconf 88' lang='lat' dir='ltr'><strong>Ponti-</strong></span> 
     </span>
    </p>
   </div>
   <div class='ocr_carea' id='block_1_90' title="bbox 1989 2598 3639 2666">
    <p class='ocr_par' dir='ltr' id='par_1_90' title="bbox 1989 2598 3639 2666">
     <span class='ocr_line' id='line_1_92' title="bbox 1989 2598 3639 2666; baseline 0 -13"><span class='ocrx_word' id='word_1_598' title='bbox 1989 2599 2100 2666; x_wconf 90' lang='lat' dir='ltr'><strong>fex,</strong></span> <span class='ocrx_word' id='word_1_599' title='bbox 2149 2598 2227 2654; x_wconf 40' lang='lat' dir='ltr'><strong>eo’</strong></span> <span class='ocrx_word' id='word_1_600' title='bbox 2269 2601 2506 2654; x_wconf 90' lang='lat' dir='ltr'><strong>minime</strong></span> <span class='ocrx_word' id='word_1_601' title='bbox 2555 2601 2841 2665; x_wconf 86' lang='lat' dir='ltr'><strong>absoluto,</strong></span> <span class='ocrx_word' id='word_1_602' title='bbox 2896 2614 3129 2656; x_wconf 87' lang='lat' dir='ltr'><strong>causam</strong></span> <span class='ocrx_word' id='word_1_603' title='bbox 3180 2598 3375 2655; x_wconf 86' lang='lat' dir='ltr'><strong>diﬁ‘ert</strong></span> <span class='ocrx_word' id='word_1_604' title='bbox 3417 2611 3639 2653; x_wconf 88' lang='lat' dir='ltr'><strong>menses</strong></span> 
     </span>
    </p>
   </div>
   <div class='ocr_carea' id='block_1_91' title="bbox 1986 2669 3639 2742">
    <p class='ocr_par' dir='ltr' id='par_1_91' title="bbox 1986 2669 3639 2742">
     <span class='ocr_line' id='line_1_93' title="bbox 1986 2669 3639 2742; baseline -0.001 -18"><span class='ocrx_word' id='word_1_605' title='bbox 1986 2670 2134 2724; x_wconf 91' lang='lat' dir='ltr'><strong>duos</strong></span> <span class='ocrx_word' id='word_1_606' title='bbox 2154 2670 2237 2741; x_wconf 61' lang='lat'><strong>(1&#39;).</strong></span> <span class='ocrx_word' id='word_1_607' title='bbox 2272 2672 2507 2726; x_wconf 92' lang='lat' dir='ltr'><strong>Interim</strong></span> <span class='ocrx_word' id='word_1_608' title='bbox 2521 2671 2679 2727; x_wconf 89' lang='lat' dir='ltr'><strong>Afris</strong></span> <span class='ocrx_word' id='word_1_609' title='bbox 2695 2673 2876 2727; x_wconf 90' lang='lat' dir='ltr'><strong>edicit</strong></span> <span class='ocrx_word' id='word_1_610' title='bbox 2898 2677 2960 2727; x_wconf 92' lang='lat' dir='ltr'><strong>ut</strong></span> <span class='ocrx_word' id='word_1_611' title='bbox 2985 2672 3210 2742; x_wconf 86' lang='lat' dir='ltr'><strong>vigente</strong></span> <span class='ocrx_word' id='word_1_612' title='bbox 3234 2672 3338 2725; x_wconf 90' lang='lat' dir='ltr'><strong>hac</strong></span> <span class='ocrx_word' id='word_1_613' title='bbox 3357 2669 3639 2724; x_wconf 87' lang='lat' dir='ltr'><strong>dilatione</strong></span> 
     </span>
    </p>
   </div>
   <div class='ocr_carea' id='block_1_92' title="bbox 1990 2741 3641 2813">
    <p class='ocr_par' dir='ltr' id='par_1_92' title="bbox 1990 2741 3641 2813">
     <span class='ocr_line' id='line_1_94' title="bbox 1990 2741 3641 2813; baseline -0.001 -18"><span class='ocrx_word' id='word_1_614' title='bbox 1990 2741 2221 2813; x_wconf 81' lang='lat' dir='ltr'><strong>mittant</strong></span> <span class='ocrx_word' id='word_1_615' title='bbox 2259 2742 2491 2813; x_wconf 83' lang='lat' dir='ltr'><strong>Romam</strong></span> <span class='ocrx_word' id='word_1_616' title='bbox 2518 2749 2900 2813; x_wconf 88' lang='lat' dir='ltr'><strong>accusatores,</strong></span> <span class='ocrx_word' id='word_1_617' title='bbox 2934 2741 3063 2811; x_wconf 85' lang='lat' dir='ltr'><strong>qui</strong></span> <span class='ocrx_word' id='word_1_618' title='bbox 3090 2742 3243 2813; x_wconf 89' lang='lat' dir='ltr'><strong>ﬁdei,</strong></span> <span class='ocrx_word' id='word_1_619' title='bbox 3286 2747 3388 2813; x_wconf 12' lang='lat' dir='ltr'><strong>rut_</strong></span> <span class='ocrx_word' id='word_1_620' title='bbox 3412 2753 3641 2813; x_wconf 82' lang='lat' dir='ltr'><strong>assere—</strong></span> 
     </span>
    </p>
   </div>
   <div class='ocr_carea' id='block_1_93' title="bbox 1989 2810 3636 2883">
    <p class='ocr_par' dir='ltr' id='par_1_93' title="bbox 1989 2810 3636 2883">
     <span class='ocr_line' id='line_1_95' title="bbox 1989 2810 3636 2883; baseline 0.001 -19"><span class='ocrx_word' id='word_1_621' title='bbox 1989 2810 2145 2883; x_wconf 82' lang='lat' dir='ltr'><strong>bant,</strong></span> <span class='ocrx_word' id='word_1_622' title='bbox 2179 2810 2451 2881; x_wconf 87' lang='lat' dir='ltr'><strong>improba</strong></span> <span class='ocrx_word' id='word_1_623' title='bbox 2483 2815 2671 2882; x_wconf 89' lang='lat' dir='ltr'><strong>ipsum</strong></span> <span class='ocrx_word' id='word_1_624' title='bbox 2717 2810 3059 2868; x_wconf 85' lang='lat' dir='ltr'><strong>insimulent</strong></span> <span class='ocrx_word' id='word_1_625' title='bbox 3086 2812 3173 2883; x_wconf 83' lang='lat' dir='ltr'><strong>(k).</strong></span> <span class='ocrx_word' id='word_1_626' title='bbox 3209 2811 3469 2883; x_wconf 82' lang='lat' dir='ltr'><strong>Pelagius</strong></span> <span class='ocrx_word' id='word_1_627' title='bbox 3502 2811 3636 2883; x_wconf 90' lang='lat' dir='ltr'><strong>item</strong></span> 
     </span>
    </p>
   </div>
   <div class='ocr_carea' id='block_1_94' title="bbox 1990 2880 3645 2953">
    <p class='ocr_par' dir='ltr' id='par_1_94' title="bbox 1990 2880 3645 2953">
     <span class='ocr_line' id='line_1_96' title="bbox 1990 2880 3645 2953; baseline 0.001 -17"><span class='ocrx_word' id='word_1_628' title='bbox 1990 2881 2103 2936; x_wconf 90' lang='lat' dir='ltr'><strong>sibi</strong></span> <span class='ocrx_word' id='word_1_629' title='bbox 2134 2880 2284 2952; x_wconf 86' lang='lat' dir='ltr'><strong>apud</strong></span> <span class='ocrx_word' id='word_1_630' title='bbox 2315 2884 2370 2939; x_wconf 93' lang='lat' dir='ltr'><strong>S.</strong></span> <span class='ocrx_word' id='word_1_631' title='bbox 2403 2880 2590 2939; x_wconf 83' lang='lat' dir='ltr'><strong>sedem</strong></span> <span class='ocrx_word' id='word_1_632' title='bbox 2619 2889 3005 2953; x_wconf 88' lang='lat' dir='ltr'><strong>prospexerat,</strong></span> <span class='ocrx_word' id='word_1_633' title='bbox 3034 2880 3149 2938; x_wconf 83' lang='lat' dir='ltr'><strong>huc</strong></span> <span class='ocrx_word' id='word_1_634' title='bbox 3181 2883 3310 2938; x_wconf 90' lang='lat' dir='ltr'><strong>ﬁdei</strong></span> <span class='ocrx_word' id='word_1_635' title='bbox 3337 2880 3645 2953; x_wconf 86' lang='lat' dir='ltr'><strong>professio-</strong></span> 
     </span>
    </p>
   </div>
   <div class='ocr_carea' id='block_1_95' title="bbox 1992 2952 3635 3023">
    <p class='ocr_par' dir='ltr' id='par_1_95' title="bbox 1992 2952 3635 3023">
     <span class='ocr_line' id='line_1_97' title="bbox 1992 2952 3635 3023; baseline 0 -17"><span class='ocrx_word' id='word_1_636' title='bbox 1992 2966 2118 3007; x_wconf 87' lang='lat' dir='ltr'><strong>nem</strong></span> <span class='ocrx_word' id='word_1_637' title='bbox 2153 2954 2385 3009; x_wconf 91' lang='lat' dir='ltr'><strong>mittens</strong></span> <span class='ocrx_word' id='word_1_638' title='bbox 2415 2952 2732 3010; x_wconf 83' lang='lat' dir='ltr'><strong>contestata</strong></span> <span class='ocrx_word' id='word_1_639' title='bbox 2758 2952 3226 3017; x_wconf 83' lang='lat' dir='ltr'><strong>denuntiatione,</strong></span> <span class='ocrx_word' id='word_1_640' title='bbox 3275 2960 3359 3009; x_wconf 90' lang='lat' dir='ltr'><strong>ut.</strong></span> <span class='ocrx_word' id='word_1_641' title='bbox 3393 2953 3445 3007; x_wconf 91' lang='lat' dir='ltr'><strong>si</strong></span> <span class='ocrx_word' id='word_1_642' title='bbox 3497 2952 3635 3023; x_wconf 82' lang='lat' dir='ltr'><strong>quid</strong></span> 
     </span>
    </p>
   </div>
   <div class='ocr_carea' id='block_1_96' title="bbox 1992 3022 3638 3093">
    <p class='ocr_par' dir='ltr' id='par_1_96' title="bbox 1992 3022 3638 3093">
     <span class='ocr_line' id='line_1_98' title="bbox 1992 3022 3638 3093; baseline 0 -16"><span class='ocrx_word' id='word_1_643' title='bbox 1992 3024 2245 3090; x_wconf 88' lang='lat' dir='ltr'><strong>ineptum</strong></span> <span class='ocrx_word' id='word_1_644' title='bbox 2275 3031 2631 3093; x_wconf 89' lang='lat' dir='ltr'><strong>proponeret.</strong></span> <span class='ocrx_word' id='word_1_645' title='bbox 2664 3025 3019 3093; x_wconf 91' lang='lat' dir='ltr'><strong>imprudenti</strong></span> <span class='ocrx_word' id='word_1_646' title='bbox 3039 3024 3150 3079; x_wconf 88' lang='lat' dir='ltr'><strong>sibi</strong></span> <span class='ocrx_word' id='word_1_647' title='bbox 3174 3024 3464 3079; x_wconf 85' lang='lat' dir='ltr'><strong>excidisse</strong></span> <span class='ocrx_word' id='word_1_648' title='bbox 3484 3022 3638 3093; x_wconf 86' lang='lat' dir='ltr'><strong>judi-</strong></span> 
     </span>
    </p>
   </div>
   <div class='ocr_carea' id='block_1_97' title="bbox 1990 3092 3640 3164">
    <p class='ocr_par' dir='ltr' id='par_1_97' title="bbox 1990 3092 3640 3164">
     <span class='ocr_line' id='line_1_99' title="bbox 1990 3092 3640 3164; baseline 0.001 -18"><span class='ocrx_word' id='word_1_649' title='bbox 1990 3100 2237 3162; x_wconf 87' lang='lat' dir='ltr'><strong>caretur,</strong></span> <span class='ocrx_word' id='word_1_650' title='bbox 2272 3092 2502 3164; x_wconf 85' lang='lat' dir='ltr'><strong>sibique</strong></span> <span class='ocrx_word' id='word_1_651' title='bbox 2527 3092 2764 3150; x_wconf 88' lang='lat' dir='ltr'><strong>daretur</strong></span> <span class='ocrx_word' id='word_1_652' title='bbox 2790 3097 2977 3157; x_wconf 83' lang='lat' dir='ltr'><strong>venia,</strong></span> <span class='ocrx_word' id='word_1_653' title='bbox 3005 3096 3155 3164; x_wconf 91' lang='lat' dir='ltr'><strong>quod</strong></span> <span class='ocrx_word' id='word_1_654' title='bbox 3180 3095 3352 3150; x_wconf 88' lang='lat' dir='ltr'><strong>enixe</strong></span> <span class='ocrx_word' id='word_1_655' title='bbox 3380 3092 3640 3164; x_wconf 88' lang='lat' dir='ltr'><strong>precaba-</strong></span> 
     </span>
    </p>
   </div>
   <div class='ocr_carea' id='block_1_98' title="bbox 1302 3164 3638 3241">
    <p class='ocr_par' dir='ltr' id='par_1_98' title="bbox 1302 3164 3638 3241">
     <span class='ocr_line' id='line_1_100' title="bbox 1302 3164 3638 3241; baseline -0.001 -22"><span class='ocrx_word' id='word_1_656' title='bbox 1302 3178 1472 3234; x_wconf 90' lang='lat' dir='ltr'><strong>quam</strong></span> <span class='ocrx_word' id='word_1_657' title='bbox 1508 3164 1880 3241; x_wconf 75' lang='lat' dir='ltr'><strong>alii_possi_nt</strong></span> <span class='ocrx_word' id='word_1_658' title='bbox 1906 3178 1955 3241; x_wconf 72' lang='grc' dir='ltr'>ο</span> <span class='ocrx_word' id='word_1_659' title='bbox 1990 3164 2208 3241; x_wconf 80' lang='lat' dir='ltr'><strong>tur._ab</strong></span> <span class='ocrx_word' id='word_1_660' title='bbox 2233 3178 2298 3220; x_wconf 92' lang='lat' dir='ltr'><strong>eo</strong></span> <span class='ocrx_word' id='word_1_661' title='bbox 2316 3169 2419 3234; x_wconf 86' lang='lat' dir='ltr'><strong>qui</strong></span> <span class='ocrx_word' id='word_1_662' title='bbox 2451 3179 2561 3219; x_wconf 92' lang='lat' dir='ltr'><strong>non</strong></span> <span class='ocrx_word' id='word_1_663' title='bbox 2585 3180 2753 3241; x_wconf 81' lang='lat' dir='ltr'><strong>secus</strong></span> <span class='ocrx_word' id='word_1_664' title='bbox 2785 3165 3070 3241; x_wconf 78' lang='lat' dir='ltr'><strong>ﬁd_ei_divi</strong></span> <span class='ocrx_word' id='word_1_665' title='bbox 3104 3166 3254 3241; x_wconf 83' lang='lat' dir='ltr'><strong>Petri</strong></span> <span class='ocrx_word' id='word_1_666' title='bbox 3280 3177 3345 3220; x_wconf 89' lang='lat' dir='ltr'><strong>ac</strong></span> <span class='ocrx_word' id='word_1_667' title='bbox 3374 3166 3638 3241; x_wconf 37' lang='lat' dir='ltr'><strong>ejus.c_a-</strong></span> 
     </span>
    </p>
   </div>
   <div class='ocr_carea' id='block_1_99' title="bbox 1990 3232 3636 3305">
    <p class='ocr_par' dir='ltr' id='par_1_99' title="bbox 1990 3232 3636 3305">
     <span class='ocr_line' id='line_1_101' title="bbox 1990 3232 3636 3305; baseline 0 -18"><span class='ocrx_word' id='word_1_668' title='bbox 1990 3234 2204 3305; x_wconf 85' lang='lat' dir='ltr'><strong>thedra</strong></span> <span class='ocrx_word' id='word_1_669' title='bbox 2224 3232 2350 3289; x_wconf 78' lang='lat' dir='ltr'><strong>erat</strong></span> <span class='ocrx_word' id='word_1_670' title='bbox 2366 3249 2685 3290; x_wconf 89' lang='lat' dir='ltr'><strong>successor.</strong></span> <span class='ocrx_word' id='word_1_671' title='bbox 2712 3238 2821 3289; x_wconf 89' lang='lat' dir='ltr'><strong>Hac</strong></span> <span class='ocrx_word' id='word_1_672' title='bbox 2850 3235 3061 3305; x_wconf 86' lang='lat' dir='ltr'><strong>Pelagii</strong></span> <span class='ocrx_word' id='word_1_673' title='bbox 3103 3237 3348 3305; x_wconf 82' lang='lat' dir='ltr'><strong>sincera,</strong></span> <span class='ocrx_word' id='word_1_674' title='bbox 3375 3232 3439 3289; x_wconf 90' lang='lat' dir='ltr'><strong>ut</strong></span> <span class='ocrx_word' id='word_1_675' title='bbox 3469 3232 3636 3305; x_wconf 82' lang='lat' dir='ltr'><strong>vide-</strong></span> 
     </span>
    </p>
   </div>
   <div class='ocr_carea' id='block_1_100' title="bbox 1987 3303 3637 3376">
    <p class='ocr_par' dir='ltr' id='par_1_100' title="bbox 1987 3303 3637 3376">
     <span class='ocr_line' id='line_1_102' title="bbox 1987 3303 3637 3376; baseline 0 -19"><span class='ocrx_word' id='word_1_676' title='bbox 1987 3304 2177 3368; x_wconf 89' lang='lat' dir='ltr'><strong>batur,</strong></span> <span class='ocrx_word' id='word_1_677' title='bbox 2234 3305 2675 3376; x_wconf 83' lang='lat' dir='ltr'><strong>signiﬁcatione</strong></span> <span class='ocrx_word' id='word_1_678' title='bbox 2708 3313 2959 3373; x_wconf 82' lang='lat' dir='ltr'><strong>accepta,</strong></span> <span class='ocrx_word' id='word_1_679' title='bbox 2988 3303 3003 3305; x_wconf 65' lang='lat'>&#39;</span> <span class='ocrx_word' id='word_1_680' title='bbox 3036 3304 3293 3373; x_wconf 87' lang='lat' dir='ltr'><strong>pontifex</strong></span> <span class='ocrx_word' id='word_1_681' title='bbox 3346 3311 3403 3376; x_wconf 87' lang='lat' dir='ltr'><strong>et</strong></span> <span class='ocrx_word' id='word_1_682' title='bbox 3446 3303 3637 3358; x_wconf 87' lang='lat' dir='ltr'><strong>clerus</strong></span> 
     </span>
    </p>
   </div>
   <div class='ocr_carea' id='block_1_101' title="bbox 1987 3374 3635 3445">
    <p class='ocr_par' dir='ltr' id='par_1_101' title="bbox 1987 3374 3635 3445">
     <span class='ocr_line' id='line_1_103' title="bbox 1987 3374 3635 3445; baseline -0.001 -16"><span class='ocrx_word' id='word_1_683' title='bbox 1987 3376 2175 3445; x_wconf 80' lang='lat' dir='ltr'><strong>Roma</strong></span> <span class='ocrx_word' id='word_1_684' title='bbox 2200 3374 2313 3429; x_wconf 68' lang='lat' dir='ltr'><strong>vix&#39;</strong></span> <span class='ocrx_word' id='word_1_685' title='bbox 2351 3374 2620 3431; x_wconf 89' lang='lat' dir='ltr'><strong>cohibere</strong></span> <span class='ocrx_word' id='word_1_686' title='bbox 2666 3375 2945 3445; x_wconf 89' lang='lat' dir='ltr'><strong>lacrymas</strong></span> <span class='ocrx_word' id='word_1_687' title='bbox 2985 3381 3315 3445; x_wconf 87' lang='lat' dir='ltr'><strong>potuerunt,</strong></span> <span class='ocrx_word' id='word_1_688' title='bbox 3365 3375 3635 3443; x_wconf 88' lang='lat' dir='ltr'><strong>dequeea</strong></span> 
     </span>
    </p>
   </div>
   <div class='ocr_carea' id='block_1_102' title="bbox 1989 3442 3635 3515">
    <p class='ocr_par' dir='ltr' id='par_1_102' title="bbox 1989 3442 3635 3515">
     <span class='ocr_line' id='line_1_104' title="bbox 1989 3442 3635 3515; baseline -0.002 -15"><span class='ocrx_word' id='word_1_689' title='bbox 1989 3459 2047 3501; x_wconf 91' lang='lat' dir='ltr'><strong>re</strong></span> <span class='ocrx_word' id='word_1_690' title='bbox 2076 3444 2199 3499; x_wconf 87' lang='lat' dir='ltr'><strong>Afri</strong></span> <span class='ocrx_word' id='word_1_691' title='bbox 2231 3447 2505 3501; x_wconf 91' lang='lat' dir='ltr'><strong>certiores</strong></span> <span class='ocrx_word' id='word_1_692' title='bbox 2537 3452 2601 3501; x_wconf 94' lang='lat' dir='ltr'><strong>ut</strong></span> <span class='ocrx_word' id='word_1_693' title='bbox 2633 3442 2833 3502; x_wconf 81' lang='lat' dir='ltr'><strong>ﬁerent</strong></span> <span class='ocrx_word' id='word_1_694' title='bbox 2888 3442 3194 3500; x_wconf 86' lang='lat' dir='ltr'><strong>voluerunt</strong></span> <span class='ocrx_word' id='word_1_695' title='bbox 3230 3442 3308 3515; x_wconf 85' lang='grc' dir='ltr'><strong>(ι).</strong></span> <span class='ocrx_word' id='word_1_696' title='bbox 3337 3445 3404 3499; x_wconf 87' lang='lat' dir='ltr'><strong>Hi</strong></span> <span class='ocrx_word' id='word_1_697' title='bbox 3446 3442 3635 3515; x_wconf 83' lang='lat' dir='ltr'><strong>autem</strong></span> 
     </span>
    </p>
   </div>
   <div class='ocr_carea' id='block_1_103' title="bbox 1986 3513 3636 3588">
    <p class='ocr_par' dir='ltr' id='par_1_103' title="bbox 1986 3513 3636 3588">
     <span class='ocr_line' id='line_1_105' title="bbox 1986 3513 3636 3588; baseline -0.002 -17"><span class='ocrx_word' id='word_1_698' title='bbox 1986 3523 2184 3588; x_wconf 87' lang='lat' dir='ltr'><strong>contra</strong></span> <span class='ocrx_word' id='word_1_699' title='bbox 2213 3517 2497 3586; x_wconf 91' lang='lat' dir='ltr'><strong>quidquid</strong></span> <span class='ocrx_word' id='word_1_700' title='bbox 2521 3518 2589 3571; x_wconf 89' lang='lat' dir='ltr'><strong>ad</strong></span> <span class='ocrx_word' id='word_1_701' title='bbox 2616 3517 2984 3588; x_wconf 88' lang='lat' dir='ltr'><strong>detegendam</strong></span> <span class='ocrx_word' id='word_1_702' title='bbox 3024 3513 3244 3588; x_wconf 79' lang='lat' dir='ltr'><strong>Pelagii</strong></span> <span class='ocrx_word' id='word_1_703' title='bbox 3273 3513 3355 3570; x_wconf 65' lang='lat' dir='ltr'><strong>&#39;ac</strong></span> <span class='ocrx_word' id='word_1_704' title='bbox 3384 3513 3636 3588; x_wconf 77' lang='lat' dir='ltr'><strong>Calestii</strong></span> 
     </span>
    </p>
   </div>
   <div class='ocr_carea' id='block_1_104' title="bbox 1986 3584 3638 3658">
    <p class='ocr_par' dir='ltr' id='par_1_104' title="bbox 1986 3584 3638 3658">
     <span class='ocr_line' id='line_1_106' title="bbox 1986 3584 3638 3658; baseline -0.002 -16"><span class='ocrx_word' id='word_1_705' title='bbox 1986 3584 2625 3644; x_wconf 36' lang='lat' dir='ltr'><strong>calliditatem‘necesse</strong></span> <span class='ocrx_word' id='word_1_706' title='bbox 2652 3584 2794 3647; x_wconf 73' lang='lat' dir='ltr'><strong>erat.</strong></span> <span class='ocrx_word' id='word_1_707' title='bbox 2824 3584 3181 3658; x_wconf 78' lang='lat' dir='ltr'><strong>quantocius</strong></span> <span class='ocrx_word' id='word_1_708' title='bbox 3214 3587 3441 3641; x_wconf 81' lang='lat' dir='ltr'><strong>Romam</strong></span> <span class='ocrx_word' id='word_1_709' title='bbox 3494 3584 3638 3658; x_wconf 84' lang='lat' dir='ltr'><strong>mit-</strong></span> 
     </span>
    </p>
   </div>
   <div class='ocr_carea' id='block_1_105' title="bbox 1988 3655 3637 3727">
    <p class='ocr_par' dir='ltr' id='par_1_105' title="bbox 1988 3655 3637 3727">
     <span class='ocr_line' id='line_1_107' title="bbox 1988 3655 3637 3727; baseline -0.003 -14"><span class='ocrx_word' id='word_1_710' title='bbox 1988 3664 2137 3713; x_wconf 87' lang='lat' dir='ltr'><strong>tunt.</strong></span> <span class='ocrx_word' id='word_1_711' title='bbox 2172 3658 2239 3711; x_wconf 88' lang='lat' dir='ltr'><strong>Et</strong></span> <span class='ocrx_word' id='word_1_712' title='bbox 2261 3659 2534 3727; x_wconf 88' lang='lat' dir='ltr'><strong>quoniam</strong></span> <span class='ocrx_word' id='word_1_713' title='bbox 2567 3655 2890 3725; x_wconf 70' lang='lat' dir='ltr'><strong>Caelestius,</strong></span> <span class='ocrx_word' id='word_1_714' title='bbox 2926 3671 3091 3727; x_wconf 91' lang='lat' dir='ltr'><strong>quem</strong></span> <span class='ocrx_word' id='word_1_715' title='bbox 3125 3659 3312 3713; x_wconf 82' lang='lat' dir='ltr'><strong>Roma</strong></span> <span class='ocrx_word' id='word_1_716' title='bbox 3357 3655 3637 3727; x_wconf 87' lang='lat' dir='ltr'><strong>urgebant</strong></span> 
     </span>
    </p>
   </div>
   <div class='ocr_carea' id='block_1_106' title="bbox 1991 3726 3639 3798">
    <p class='ocr_par' dir='ltr' id='par_1_106' title="bbox 1991 3726 3639 3798">
     <span class='ocr_line' id='line_1_108' title="bbox 1991 3726 3639 3798; baseline 0 -18"><span class='ocrx_word' id='word_1_717' title='bbox 1991 3735 2052 3783; x_wconf 85' lang='lat' dir='ltr'><strong>ut</strong></span> <span class='ocrx_word' id='word_1_718' title='bbox 2074 3726 2421 3798; x_wconf 87' lang='lat' dir='ltr'><strong>simpliciter</strong></span> <span class='ocrx_word' id='word_1_719' title='bbox 2437 3735 2493 3783; x_wconf 92' lang='lat' dir='ltr'><strong>et</strong></span> <span class='ocrx_word' id='word_1_720' title='bbox 2508 3735 2701 3797; x_wconf 89' lang='lat' dir='ltr'><strong>aperte</strong></span> <span class='ocrx_word' id='word_1_721' title='bbox 2720 3726 3083 3797; x_wconf 81' lang='lat' dir='ltr'><strong>proﬁteretur</strong></span> <span class='ocrx_word' id='word_1_722' title='bbox 3102 3727 3385 3798; x_wconf 90' lang='lat' dir='ltr'><strong>quomodo</strong></span> <span class='ocrx_word' id='word_1_723' title='bbox 3398 3726 3639 3798; x_wconf 86' lang='lat' dir='ltr'><strong>sentiret</strong></span> 
     </span>
    </p>
   </div>
   <div class='ocr_carea' id='block_1_107' title="bbox 1985 3796 3640 3869">
    <p class='ocr_par' dir='ltr' id='par_1_107' title="bbox 1985 3796 3640 3869">
     <span class='ocr_line' id='line_1_109' title="bbox 1985 3796 3640 3869; baseline -0.003 -15"><span class='ocrx_word' id='word_1_724' title='bbox 1985 3799 2055 3854; x_wconf 92' lang='lat' dir='ltr'><strong>de</strong></span> <span class='ocrx_word' id='word_1_725' title='bbox 2076 3796 2205 3866; x_wconf 80' lang='lat' dir='ltr'><strong>ﬁde,</strong></span> <span class='ocrx_word' id='word_1_726' title='bbox 2241 3796 2563 3869; x_wconf 80' lang='lat' dir='ltr'><strong>aufugerat,</strong></span> <span class='ocrx_word' id='word_1_727' title='bbox 2589 3796 2787 3855; x_wconf 77' lang='lat' dir='ltr'><strong>contra</strong></span> <span class='ocrx_word' id='word_1_728' title='bbox 2821 3799 3009 3867; x_wconf 90' lang='lat' dir='ltr'><strong>ipsum</strong></span> <span class='ocrx_word' id='word_1_729' title='bbox 3040 3807 3096 3854; x_wconf 91' lang='lat' dir='ltr'><strong>et</strong></span> <span class='ocrx_word' id='word_1_730' title='bbox 3122 3796 3640 3869; x_wconf 27' lang='lat' dir='ltr'><strong>PelagiumUZosif</strong></span> 
     </span>
    </p>
   </div>
   <div class='ocr_carea' id='block_1_108' title="bbox 1987 3865 3635 3939">
    <p class='ocr_par' dir='ltr' id='par_1_108' title="bbox 1987 3865 3635 3939">
     <span class='ocr_line' id='line_1_110' title="bbox 1987 3865 3635 3939; baseline -0.002 -15"><span class='ocrx_word' id='word_1_731' title='bbox 1987 3884 2115 3924; x_wconf 92' lang='lat' dir='ltr'><strong>mus</strong></span> <span class='ocrx_word' id='word_1_732' title='bbox 2147 3870 2258 3925; x_wconf 91' lang='lat' dir='ltr'><strong>rite</strong></span> <span class='ocrx_word' id='word_1_733' title='bbox 2288 3865 2576 3937; x_wconf 77' lang='lat' dir='ltr'><strong>judicium</strong></span> <span class='ocrx_word' id='word_1_734' title='bbox 2621 3865 3045 3939; x_wconf 86' lang='lat' dir='ltr'><strong>pronuntiavit,</strong></span> <span class='ocrx_word' id='word_1_735' title='bbox 3075 3869 3226 3939; x_wconf 88' lang='lat' dir='ltr'><strong>quod</strong></span> <span class='ocrx_word' id='word_1_736' title='bbox 3253 3865 3544 3939; x_wconf 81' lang='lat' dir='ltr'><strong>encyclica</strong></span> <span class='ocrx_word' id='word_1_737' title='bbox 3565 3865 3635 3939; x_wconf 83' lang='lat' dir='ltr'><strong>ad</strong></span> 
     </span>
    </p>
   </div>
   <div class='ocr_carea' id='block_1_109' title="bbox 1986 3937 3645 4011">
    <p class='ocr_par' dir='ltr' id='par_1_109' title="bbox 1986 3937 3645 4011">
     <span class='ocr_line' id='line_1_111' title="bbox 1986 3937 3645 4011; baseline -0.002 -17"><span class='ocrx_word' id='word_1_738' title='bbox 1986 3942 2169 3996; x_wconf 91' lang='lat' dir='ltr'><strong>totius</strong></span> <span class='ocrx_word' id='word_1_739' title='bbox 2187 3940 2453 3995; x_wconf 88' lang='lat' dir='ltr'><strong>Ecclesia</strong></span> <span class='ocrx_word' id='word_1_740' title='bbox 2486 3937 2759 4009; x_wconf 78' lang='lat' dir='ltr'><strong>prasules</strong></span> <span class='ocrx_word' id='word_1_741' title='bbox 2802 3937 3189 4011; x_wconf 76' lang='lat' dir='ltr'><strong>conﬁrmavit</strong></span> <span class='ocrx_word' id='word_1_742' title='bbox 3216 3937 3325 4011; x_wconf 73' lang='lat' dir='ltr'><strong>(ni).</strong></span> <span class='ocrx_word' id='word_1_743' title='bbox 3357 3939 3483 4011; x_wconf 81' lang='lat' dir='ltr'><strong>Qua</strong></span> <span class='ocrx_word' id='word_1_744' title='bbox 3508 3937 3601 4006; x_wconf 89' lang='lat' dir='ltr'><strong>epi</strong></span> <span class='ocrx_word' id='word_1_745' title='bbox 3624 3960 3645 3973; x_wconf 85' lang='lat'><strong>-</strong></span> 
     </span>
    </p>
   </div>
   <div class='ocr_carea' id='block_1_110' title="bbox 1988 4009 3641 4082">
    <p class='ocr_par' dir='ltr' id='par_1_110' title="bbox 1988 4009 3641 4082">
     <span class='ocr_line' id='line_1_112' title="bbox 1988 4009 3641 4082; baseline -0.002 -17"><span class='ocrx_word' id='word_1_746' title='bbox 1988 4011 2151 4078; x_wconf 90' lang='lat' dir='ltr'><strong>stola,</strong></span> <span class='ocrx_word' id='word_1_747' title='bbox 2184 4012 2268 4066; x_wconf 92' lang='lat' dir='ltr'><strong>uti</strong></span> <span class='ocrx_word' id='word_1_748' title='bbox 2293 4013 2621 4066; x_wconf 85' lang='lat' dir='ltr'><strong>testaturD.</strong></span> <span class='ocrx_word' id='word_1_749' title='bbox 2652 4013 2890 4079; x_wconf 87' lang='lat' dir='ltr'><strong>Prosper</strong></span> <span class='ocrx_word' id='word_1_750' title='bbox 2918 4010 3013 4082; x_wconf 85' lang='grc' dir='ltr'><strong>(η).</strong></span> <span class='ocrx_word' id='word_1_751' title='bbox 3047 4010 3197 4066; x_wconf 90' lang='lat' dir='ltr'><strong>Petri</strong></span> <span class='ocrx_word' id='word_1_752' title='bbox 3219 4009 3411 4081; x_wconf 84' lang='lat' dir='ltr'><strong>gladio</strong></span> <span class='ocrx_word' id='word_1_753' title='bbox 3452 4009 3641 4082; x_wconf 82' lang='lat' dir='ltr'><strong>dexte-</strong></span> 
     </span>
    </p>
   </div>
   <div class='ocr_carea' id='block_1_111' title="bbox 1987 4078 3642 4149">
    <p class='ocr_par' dir='ltr' id='par_1_111' title="bbox 1987 4078 3642 4149">
     <span class='ocr_line' id='line_1_113' title="bbox 1987 4078 3642 4149; baseline -0.004 -11"><span class='ocrx_word' id='word_1_754' title='bbox 1987 4098 2081 4138; x_wconf 89' lang='lat' dir='ltr'><strong>ras</strong></span> <span class='ocrx_word' id='word_1_755' title='bbox 2109 4085 2365 4136; x_wconf 77' lang='lat' dir='ltr'><strong>nmnium</strong></span> <span class='ocrx_word' id='word_1_756' title='bbox 2393 4078 3014 4147; x_wconf 72' lang='lat' dir='ltr'><strong>armavitantiStitum,</strong></span> <span class='ocrx_word' id='word_1_757' title='bbox 3072 4082 3138 4136; x_wconf 90' lang='lat' dir='ltr'><strong>ad</strong></span> <span class='ocrx_word' id='word_1_758' title='bbox 3175 4078 3389 4149; x_wconf 81' lang='lat' dir='ltr'><strong>impios</strong></span> <span class='ocrx_word' id='word_1_759' title='bbox 3440 4078 3642 4149; x_wconf 38' lang='lat' dir='ltr'><strong>elimi:</strong></span> 
     </span>
    </p>
   </div>
   <div class='ocr_carea' id='block_1_112' title="bbox 1990 4147 3642 4220">
    <p class='ocr_par' dir='ltr' id='par_1_112' title="bbox 1990 4147 3642 4220">
     <span class='ocr_line' id='line_1_114' title="bbox 1990 4147 3642 4220; baseline -0.002 -13"><span class='ocrx_word' id='word_1_760' title='bbox 1990 4155 2225 4208; x_wconf 91' lang='lat' dir='ltr'><strong>nandos.</strong></span> <span class='ocrx_word' id='word_1_761' title='bbox 2272 4154 2487 4209; x_wconf 88' lang='lat' dir='ltr'><strong>Marius</strong></span> <span class='ocrx_word' id='word_1_762' title='bbox 2520 4156 2815 4220; x_wconf 87' lang='lat' dir='ltr'><strong>Mercator,</strong></span> <span class='ocrx_word' id='word_1_763' title='bbox 2859 4159 2916 4207; x_wconf 80' lang='lat' dir='ltr'><strong>et</strong></span> <span class='ocrx_word' id='word_1_764' title='bbox 2946 4153 3226 4208; x_wconf 87' lang='lat' dir='ltr'><strong>Paulinus</strong></span> <span class='ocrx_word' id='word_1_765' title='bbox 3250 4147 3532 4207; x_wconf 88' lang='lat' dir='ltr'><strong>diaconus</strong></span> <span class='ocrx_word' id='word_1_766' title='bbox 3574 4147 3642 4220; x_wconf 92' lang='grc' dir='ltr'><strong>(ο)</strong></span> 
     </span>
    </p>
   </div>
   <div class='ocr_carea' id='block_1_113' title="bbox 1988 4222 3644 4292">
    <p class='ocr_par' dir='ltr' id='par_1_113' title="bbox 1988 4222 3644 4292">
     <span class='ocr_line' id='line_1_115' title="bbox 1988 4222 3644 4292; baseline -0.004 -12"><span class='ocrx_word' id='word_1_767' title='bbox 1988 4225 2454 4289; x_wconf 85' lang='lat' dir='ltr'><strong>Mediolanensis,</strong></span> <span class='ocrx_word' id='word_1_768' title='bbox 2505 4222 2814 4279; x_wconf 90' lang='lat' dir='ltr'><strong>referentes</strong></span> <span class='ocrx_word' id='word_1_769' title='bbox 2845 4224 3019 4291; x_wconf 88' lang='lat' dir='ltr'><strong>hujus</strong></span> <span class='ocrx_word' id='word_1_770' title='bbox 3055 4237 3241 4279; x_wconf 89' lang='lat' dir='ltr'><strong>causa</strong></span> <span class='ocrx_word' id='word_1_771' title='bbox 3265 4223 3413 4292; x_wconf 90' lang='lat' dir='ltr'><strong>apud</strong></span> <span class='ocrx_word' id='word_1_772' title='bbox 3442 4222 3499 4276; x_wconf 91' lang='lat' dir='ltr'><strong>S.</strong></span> <span class='ocrx_word' id='word_1_773' title='bbox 3544 4233 3644 4275; x_wconf 88' lang='lat' dir='ltr'><strong>se-</strong></span> 
     </span>
    </p>
   </div>
   <div class='ocr_carea' id='block_1_114' title="bbox 1988 4293 3643 4365">
    <p class='ocr_par' dir='ltr' id='par_1_114' title="bbox 1988 4293 3643 4365">
     <span class='ocr_line' id='line_1_116' title="bbox 1988 4293 3643 4365; baseline -0.004 -14"><span class='ocrx_word' id='word_1_774' title='bbox 1988 4297 2114 4351; x_wconf 91' lang='lat' dir='ltr'><strong>dem</strong></span> <span class='ocrx_word' id='word_1_775' title='bbox 2147 4295 2477 4351; x_wconf 85' lang='lat' dir='ltr'><strong>constituta</strong></span> <span class='ocrx_word' id='word_1_776' title='bbox 2521 4297 2804 4351; x_wconf 88' lang='lat' dir='ltr'><strong>actionem</strong></span> <span class='ocrx_word' id='word_1_777' title='bbox 2839 4293 3133 4365; x_wconf 86' lang='lat' dir='ltr'><strong>latumque</strong></span> <span class='ocrx_word' id='word_1_778' title='bbox 3158 4294 3471 4364; x_wconf 89' lang='lat' dir='ltr'><strong>judicium,</strong></span> <span class='ocrx_word' id='word_1_779' title='bbox 3506 4299 3643 4347; x_wconf 91' lang='lat' dir='ltr'><strong>tan-</strong></span> 
     </span>
    </p>
   </div>
   <div class='ocr_carea' id='block_1_115' title="bbox 1990 4365 3642 4447">
    <p class='ocr_par' dir='ltr' id='par_1_115' title="bbox 1990 4365 3642 4447">
     <span class='ocr_line' id='line_1_117' title="bbox 1990 4365 3642 4447; baseline -0.003 -26"><span class='ocrx_word' id='word_1_780' title='bbox 1990 4382 2165 4447; x_wconf 78' lang='lat' dir='ltr'><strong>quam</strong></span> <span class='ocrx_word' id='word_1_781' title='bbox 2204 4368 2495 4447; x_wconf 68' lang='lat' dir='ltr'><strong>axiomata</strong></span> <span class='ocrx_word' id='word_1_782' title='bbox 2548 4372 2872 4447; x_wconf 79' lang='lat' dir='ltr'><strong>proponunt</strong></span> <span class='ocrx_word' id='word_1_783' title='bbox 2902 4366 3121 4447; x_wconf 73' lang='lat' dir='ltr'><strong>quibus</strong></span> <span class='ocrx_word' id='word_1_784' title='bbox 3152 4365 3430 4447; x_wconf 80' lang='lat' dir='ltr'><strong>refragari</strong></span> <span class='ocrx_word' id='word_1_785' title='bbox 3478 4375 3642 4447; x_wconf 91' lang='lat' dir='ltr'><strong>nemo</strong></span> 
     </span>
    </p>
   </div>
   <div class='ocr_carea' id='block_1_116' title="bbox 1992 4435 3639 4507">
    <p class='ocr_par' dir='ltr' id='par_1_116' title="bbox 1992 4435 3639 4507">
     <span class='ocr_line' id='line_1_118' title="bbox 1992 4435 3639 4507; baseline -0.002 -16"><span class='ocrx_word' id='word_1_786' title='bbox 1992 4435 2194 4507; x_wconf 87' lang='lat' dir='ltr'><strong>possit.</strong></span> <span class='ocrx_word' id='word_1_787' title='bbox 2220 4451 2405 4493; x_wconf 89' lang='lat' dir='ltr'><strong>veram</strong></span> <span class='ocrx_word' id='word_1_788' title='bbox 2425 4437 2591 4492; x_wconf 91' lang='lat' dir='ltr'><strong>ﬁdem</strong></span> <span class='ocrx_word' id='word_1_789' title='bbox 2612 4439 2674 4491; x_wconf 85' lang='lat' dir='ltr'><strong>in</strong></span> <span class='ocrx_word' id='word_1_790' title='bbox 2696 4435 3011 4504; x_wconf 88' lang='lat' dir='ltr'><strong>apostolica</strong></span> <span class='ocrx_word' id='word_1_791' title='bbox 3028 4437 3158 4492; x_wconf 90' lang='lat' dir='ltr'><strong>sede</strong></span> <span class='ocrx_word' id='word_1_792' title='bbox 3199 4436 3370 4507; x_wconf 89' lang='lat' dir='ltr'><strong>nullo</strong></span> <span class='ocrx_word' id='word_1_793' title='bbox 3388 4446 3639 4504; x_wconf 88' lang='lat' dir='ltr'><strong>unquam</strong></span> 
     </span>
    </p>
   </div>
   <div class='ocr_carea' id='block_1_117' title="bbox 1993 4505 3642 4578">
    <p class='ocr_par' dir='ltr' id='par_1_117' title="bbox 1993 4505 3642 4578">
     <span class='ocr_line' id='line_1_119' title="bbox 1993 4505 3642 4578; baseline -0.003 -14"><span class='ocrx_word' id='word_1_794' title='bbox 1993 4505 2148 4564; x_wconf 82' lang='lat' dir='ltr'><strong>navo</strong></span> <span class='ocrx_word' id='word_1_795' title='bbox 2172 4509 2425 4578; x_wconf 76' lang='lat' dir='ltr'><strong>inspergi</strong></span> <span class='ocrx_word' id='word_1_796' title='bbox 2458 4527 2471 4572; x_wconf 86' lang='lat'><strong>;</strong></span> <span class='ocrx_word' id='word_1_797' title='bbox 2500 4509 2556 4561; x_wconf 91' lang='lat' dir='ltr'><strong>in</strong></span> <span class='ocrx_word' id='word_1_798' title='bbox 2585 4521 2647 4562; x_wconf 89' lang='lat' dir='ltr'><strong>ea</strong></span> <span class='ocrx_word' id='word_1_799' title='bbox 2693 4508 2905 4561; x_wconf 91' lang='lat' dir='ltr'><strong>donum</strong></span> <span class='ocrx_word' id='word_1_800' title='bbox 2931 4507 2960 4578; x_wconf 93' lang='lat' dir='ltr'><strong>i_</strong></span> <span class='ocrx_word' id='word_1_801' title='bbox 2996 4505 3448 4578; x_wconf 83' lang='lat' dir='ltr'><strong>esse__sectarios</strong></span> <span class='ocrx_word' id='word_1_802' title='bbox 3474 4507 3642 4559; x_wconf 80' lang='lat' dir='ltr'><strong>dete-</strong></span> 
     </span>
    </p>
   </div>
   <div class='ocr_carea' id='block_1_118' title="bbox 229 4557 3637 4653">
    <p class='ocr_par' dir='ltr' id='par_1_118' title="bbox 229 4557 3637 4653">
     <span class='ocr_line' id='line_1_120' title="bbox 229 4557 3637 4653; baseline -0.002 -18"><span class='ocrx_word' id='word_1_803' title='bbox 229 4557 846 4653; x_wconf 41' lang='lat' dir='ltr'><strong>patiriarchajvre-g-ulas</strong></span> <span class='ocrx_word' id='word_1_804' title='bbox 864 4557 1189 4653; x_wconf 67' lang='lat' dir='ltr'><strong>disciplina</strong></span> <span class='ocrx_word' id='word_1_805' title='bbox 1223 4557 1586 4653; x_wconf 63' lang='lat' dir='ltr'><strong>praescripsit</strong></span> <span class='ocrx_word' id='word_1_806' title='bbox 1604 4557 1880 4637; x_wconf 59' lang='lat' dir='ltr'><strong>iic&#39;éié&#39;éiié</strong></span> <span class='ocrx_word' id='word_1_807' title='bbox 1913 4557 1965 4617; x_wconf 82' lang='lat' dir='ltr'><strong>D</strong></span> <span class='ocrx_word' id='word_1_808' title='bbox 1994 4557 2185 4653; x_wconf 78' lang='lat' dir='ltr'><strong>gendi,</strong></span> <span class='ocrx_word' id='word_1_809' title='bbox 2222 4557 2298 4653; x_wconf 53' lang='lat' dir='ltr'><strong>ac</strong></span> <span class='ocrx_word' id='word_1_810' title='bbox 2312 4557 2501 4633; x_wconf 49' lang='lat' dir='ltr'><strong>derbita</strong></span> <span class='ocrx_word' id='word_1_811' title='bbox 2531 4589 2818 4653; x_wconf 38' lang='lat' dir='ltr'><strong>eos‘pana</strong></span> <span class='ocrx_word' id='word_1_812' title='bbox 2848 4576 3161 4653; x_wconf 78' lang='lat' dir='ltr'><strong>mulctandi</strong></span> <span class='ocrx_word' id='word_1_813' title='bbox 3192 4574 3594 4653; x_wconf 76' lang='lat' dir='ltr'><strong>auctoritatem</strong></span> <span class='ocrx_word' id='word_1_814' title='bbox 3622 4590 3637 4641; x_wconf 86' lang='lat'><strong>;</strong></span> 
     </span>
    </p>
   </div>
   <div class='ocr_carea' id='block_1_119' title="bbox 222 4650 1877 4721">
    <p class='ocr_par' dir='ltr' id='par_1_119' title="bbox 222 4650 1877 4721">
     <span class='ocr_line' id='line_1_121' title="bbox 222 4650 1877 4721; baseline -0.001 -14"><span class='ocrx_word' id='word_1_815' title='bbox 222 4650 581 4718; x_wconf 82' lang='lat' dir='ltr'><strong>Galliarum,</strong></span> <span class='ocrx_word' id='word_1_816' title='bbox 616 4650 1017 4720; x_wconf 78' lang='lat' dir='ltr'><strong>Hispaniarum</strong></span> <span class='ocrx_word' id='word_1_817' title='bbox 1052 4650 1291 4721; x_wconf 85' lang='lat' dir='ltr'><strong>Illyrici,</strong></span> <span class='ocrx_word' id='word_1_818' title='bbox 1342 4650 1549 4706; x_wconf 86' lang='lat' dir='ltr'><strong>Africa</strong></span> <span class='ocrx_word' id='word_1_819' title='bbox 1575 4659 1630 4705; x_wconf 92' lang='lat' dir='ltr'><strong>et</strong></span> <span class='ocrx_word' id='word_1_820' title='bbox 1677 4654 1877 4707; x_wconf 86' lang='lat' dir='ltr'><strong>Italia.</strong></span> 
     </span>
    </p>
   </div>
   <div class='ocr_carea' id='block_1_120' title="bbox 226 4721 1878 4790">
    <p class='ocr_par' dir='ltr' id='par_1_120' title="bbox 226 4721 1878 4790">
     <span class='ocr_line' id='line_1_122' title="bbox 226 4721 1878 4790; baseline -0.001 -11"><span class='ocrx_word' id='word_1_821' title='bbox 226 4727 386 4780; x_wconf 87' lang='lat' dir='ltr'><strong>Duas</strong></span> <span class='ocrx_word' id='word_1_822' title='bbox 412 4721 551 4778; x_wconf 91' lang='lat' dir='ltr'><strong>fecit</strong></span> <span class='ocrx_word' id='word_1_823' title='bbox 579 4723 893 4777; x_wconf 90' lang='lat' dir='ltr'><strong>decretales</strong></span> <span class='ocrx_word' id='word_1_824' title='bbox 925 4736 1023 4790; x_wconf 92' lang='lat' dir='ltr'><strong>pro</strong></span> <span class='ocrx_word' id='word_1_825' title='bbox 1049 4722 1278 4790; x_wconf 85' lang='lat' dir='ltr'><strong>Galliis,</strong></span> <span class='ocrx_word' id='word_1_826' title='bbox 1333 4723 1573 4789; x_wconf 91' lang='lat' dir='ltr'><strong>primam</strong></span> <span class='ocrx_word' id='word_1_827' title='bbox 1606 4724 1878 4778; x_wconf 91' lang='lat' dir='ltr'><strong>tredecim</strong></span> 
     </span>
    </p>
   </div>
   <div class='ocr_carea' id='block_1_121' title="bbox 223 4793 1883 4862">
    <p class='ocr_par' dir='ltr' id='par_1_121' title="bbox 223 4793 1883 4862">
     <span class='ocr_line' id='line_1_123' title="bbox 223 4793 1883 4862; baseline -0.001 -13"><span class='ocrx_word' id='word_1_828' title='bbox 223 4808 501 4854; x_wconf 84' lang='lat' dir='ltr'><strong>canones,</strong></span> <span class='ocrx_word' id='word_1_829' title='bbox 531 4794 768 4848; x_wconf 89' lang='lat' dir='ltr'><strong>alteram</strong></span> <span class='ocrx_word' id='word_1_830' title='bbox 819 4799 1031 4862; x_wconf 90' lang='lat' dir='ltr'><strong>septem</strong></span> <span class='ocrx_word' id='word_1_831' title='bbox 1076 4793 1637 4861; x_wconf 90' lang='lat' dir='ltr'><strong>comprehendentes.</strong></span> <span class='ocrx_word' id='word_1_832' title='bbox 1667 4796 1727 4847; x_wconf 91' lang='lat' dir='ltr'><strong>In</strong></span> <span class='ocrx_word' id='word_1_833' title='bbox 1776 4808 1883 4862; x_wconf 92' lang='lat' dir='ltr'><strong>po-</strong></span> 
     </span>
    </p>
   </div>
   <div class='ocr_carea' id='block_1_122' title="bbox 223 4863 1881 4935">
    <p class='ocr_par' dir='ltr' id='par_1_122' title="bbox 223 4863 1881 4935">
     <span class='ocr_line' id='line_1_124' title="bbox 223 4863 1881 4935; baseline -0.002 -15"><span class='ocrx_word' id='word_1_834' title='bbox 223 4866 466 4920; x_wconf 86' lang='lat' dir='ltr'><strong>steriori</strong></span> <span class='ocrx_word' id='word_1_835' title='bbox 500 4865 821 4935; x_wconf 87' lang='lat' dir='ltr'><strong>catalogum</strong></span> <span class='ocrx_word' id='word_1_836' title='bbox 866 4866 1099 4918; x_wconf 77' lang='lat' dir='ltr'><strong>exhibet</strong></span> <span class='ocrx_word' id='word_1_837' title='bbox 1140 4866 1448 4935; x_wconf 86' lang='lat' dir='ltr'><strong>Scriptura</strong></span> <span class='ocrx_word' id='word_1_838' title='bbox 1474 4878 1648 4935; x_wconf 83' lang='lat' dir='ltr'><strong>sacra</strong></span> <span class='ocrx_word' id='word_1_839' title='bbox 1694 4863 1881 4918; x_wconf 86' lang='lat' dir='ltr'><strong>libro-</strong></span> 
     </span>
    </p>
   </div>
   <div class='ocr_carea' id='block_1_123' title="bbox 226 4934 1881 5004">
    <p class='ocr_par' dir='ltr' id='par_1_123' title="bbox 226 4934 1881 5004">
     <span class='ocr_line' id='line_1_125' title="bbox 226 4934 1881 5004; baseline -0.002 -12"><span class='ocrx_word' id='word_1_840' title='bbox 226 4950 383 4992; x_wconf 84' lang='lat' dir='ltr'><strong>rnm.</strong></span> <span class='ocrx_word' id='word_1_841' title='bbox 418 4934 826 5004; x_wconf 79' lang='lat' dir='ltr'><strong>Hispaniarum</strong></span> <span class='ocrx_word' id='word_1_842' title='bbox 856 4935 1125 4989; x_wconf 83' lang='lat' dir='ltr'><strong>Ecclesia</strong></span> <span class='ocrx_word' id='word_1_843' title='bbox 1160 4936 1342 5002; x_wconf 82' lang='lat' dir='ltr'><strong>prima</strong></span> <span class='ocrx_word' id='word_1_844' title='bbox 1395 4934 1454 4988; x_wconf 92' lang='lat' dir='ltr'><strong>in</strong></span> <span class='ocrx_word' id='word_1_845' title='bbox 1480 4934 1745 4988; x_wconf 90' lang='lat' dir='ltr'><strong>Toletana</strong></span> <span class='ocrx_word' id='word_1_846' title='bbox 1778 4950 1881 5003; x_wconf 89' lang='lat' dir='ltr'><strong>sy-</strong></span> 
     </span>
    </p>
   </div>
   <div class='ocr_carea' id='block_1_124' title="bbox 225 5004 1875 5075">
    <p class='ocr_par' dir='ltr' id='par_1_124' title="bbox 225 5004 1875 5075">
     <span class='ocr_line' id='line_1_126' title="bbox 225 5004 1875 5075; baseline -0.001 -14"><span class='ocrx_word' id='word_1_847' title='bbox 225 5006 384 5061; x_wconf 91' lang='lat' dir='ltr'><strong>nodo</strong></span> <span class='ocrx_word' id='word_1_848' title='bbox 414 5006 672 5075; x_wconf 85' lang='lat' dir='ltr'><strong>quadam</strong></span> <span class='ocrx_word' id='word_1_849' title='bbox 729 5012 1070 5067; x_wconf 83' lang='lat' dir='ltr'><strong>statuerant,</strong></span> <span class='ocrx_word' id='word_1_850' title='bbox 1104 5006 1326 5059; x_wconf 85' lang='lat' dir='ltr'><strong>volente</strong></span> <span class='ocrx_word' id='word_1_851' title='bbox 1381 5004 1692 5073; x_wconf 86' lang='lat' dir='ltr'><strong>apostolica</strong></span> <span class='ocrx_word' id='word_1_852' title='bbox 1726 5006 1875 5073; x_wconf 89' lang='lat' dir='ltr'><strong>sede,</strong></span> 
     </span>
    </p>
   </div>
   <div class='ocr_carea' id='block_1_125' title="bbox 224 5075 1882 5147">
    <p class='ocr_par' dir='ltr' id='par_1_125' title="bbox 224 5075 1882 5147">
     <span class='ocr_line' id='line_1_127' title="bbox 224 5075 1882 5147; baseline -0.002 -15"><span class='ocrx_word' id='word_1_853' title='bbox 224 5090 361 5147; x_wconf 86' lang='lat' dir='ltr'><strong>qua</strong></span> <span class='ocrx_word' id='word_1_854' title='bbox 389 5075 760 5132; x_wconf 90' lang='lat' dir='ltr'><strong>Innocentius</strong></span> <span class='ocrx_word' id='word_1_855' title='bbox 790 5076 1062 5147; x_wconf 86' lang='lat' dir='ltr'><strong>decretali</strong></span> <span class='ocrx_word' id='word_1_856' title='bbox 1095 5077 1164 5131; x_wconf 92' lang='lat' dir='ltr'><strong>ad</strong></span> <span class='ocrx_word' id='word_1_857' title='bbox 1192 5076 1469 5144; x_wconf 90' lang='lat' dir='ltr'><strong>synodum</strong></span> <span class='ocrx_word' id='word_1_858' title='bbox 1498 5076 1641 5147; x_wconf 87' lang='lat' dir='ltr'><strong>data</strong></span> <span class='ocrx_word' id='word_1_859' title='bbox 1663 5075 1882 5147; x_wconf 83' lang='lat' dir='ltr'><strong>contir-</strong></span> 
     </span>
    </p>
   </div>
   <div class='ocr_carea' id='block_1_126' title="bbox 226 5146 1880 5215">
    <p class='ocr_par' dir='ltr' id='par_1_126' title="bbox 226 5146 1880 5215">
     <span class='ocr_line' id='line_1_128' title="bbox 226 5146 1880 5215; baseline -0.001 -13"><span class='ocrx_word' id='word_1_860' title='bbox 226 5146 432 5202; x_wconf 86' lang='lat' dir='ltr'><strong>mavit.</strong></span> <span class='ocrx_word' id='word_1_861' title='bbox 472 5148 794 5203; x_wconf 89' lang='lat' dir='ltr'><strong>Decretales</strong></span> <span class='ocrx_word' id='word_1_862' title='bbox 823 5146 1080 5215; x_wconf 85' lang='lat' dir='ltr'><strong>epistola</strong></span> <span class='ocrx_word' id='word_1_863' title='bbox 1107 5147 1296 5215; x_wconf 88' lang='lat' dir='ltr'><strong>ipsius</strong></span> <span class='ocrx_word' id='word_1_864' title='bbox 1334 5153 1559 5200; x_wconf 89' lang='lat' dir='ltr'><strong>exstant</strong></span> <span class='ocrx_word' id='word_1_865' title='bbox 1582 5146 1651 5200; x_wconf 89' lang='lat' dir='ltr'><strong>ad</strong></span> <span class='ocrx_word' id='word_1_866' title='bbox 1680 5146 1880 5201; x_wconf 88' lang='lat' dir='ltr'><strong>Eccle-</strong></span> 
     </span>
    </p>
   </div>
   <div class='ocr_carea' id='block_1_127' title="bbox 224 5217 1877 5287">
    <p class='ocr_par' dir='ltr' id='par_1_127' title="bbox 224 5217 1877 5287">
     <span class='ocr_line' id='line_1_129' title="bbox 224 5217 1877 5287; baseline -0.002 -13"><span class='ocrx_word' id='word_1_867' title='bbox 224 5219 358 5275; x_wconf 89' lang='lat' dir='ltr'><strong>sias</strong></span> <span class='ocrx_word' id='word_1_868' title='bbox 386 5218 608 5287; x_wconf 86' lang='lat' dir='ltr'><strong>Illyrici</strong></span> <span class='ocrx_word' id='word_1_869' title='bbox 632 5226 749 5273; x_wconf 90' lang='lat' dir='ltr'><strong>tres</strong></span> <span class='ocrx_word' id='word_1_870' title='bbox 779 5219 846 5273; x_wconf 90' lang='lat' dir='ltr'><strong>ad</strong></span> <span class='ocrx_word' id='word_1_871' title='bbox 869 5217 1080 5273; x_wconf 76' lang='lat' dir='ltr'><strong>Africa</strong></span> <span class='ocrx_word' id='word_1_872' title='bbox 1107 5218 1426 5287; x_wconf 85' lang='lat' dir='ltr'><strong>primatem,</strong></span> <span class='ocrx_word' id='word_1_873' title='bbox 1457 5230 1569 5272; x_wconf 91' lang='lat' dir='ltr'><strong>una</strong></span> <span class='ocrx_word' id='word_1_874' title='bbox 1600 5229 1666 5271; x_wconf 91' lang='lat' dir='ltr'><strong>ac</strong></span> <span class='ocrx_word' id='word_1_875' title='bbox 1685 5229 1782 5271; x_wconf 87' lang='lat' dir='ltr'><strong>sex</strong></span> <span class='ocrx_word' id='word_1_876' title='bbox 1808 5217 1877 5272; x_wconf 90' lang='lat' dir='ltr'><strong>ad</strong></span> 
     </span>
    </p>
   </div>
   <div class='ocr_carea' id='block_1_128' title="bbox 299 5323 1078 5397">
    <p class='ocr_par' dir='ltr' id='par_1_128' title="bbox 299 5323 1078 5397">
     <span class='ocr_line' id='line_1_130' title="bbox 299 5323 1078 5397; baseline 0 -18"><span class='ocrx_word' id='word_1_877' title='bbox 299 5323 377 5397; x_wconf 88' lang='lat' dir='ltr'><strong>(a)</strong></span> <span class='ocrx_word' id='word_1_878' title='bbox 400 5324 662 5379; x_wconf 89' lang='lat' dir='ltr'><strong>Theodor</strong></span> <span class='ocrx_word' id='word_1_879' title='bbox 692 5325 728 5379; x_wconf 92' lang='grc' dir='ltr'><strong>Ι.</strong></span> <span class='ocrx_word' id='word_1_880' title='bbox 762 5323 816 5397; x_wconf 78' lang='grc'><strong>5,</strong></span> <span class='ocrx_word' id='word_1_881' title='bbox 840 5338 963 5394; x_wconf 89' lang='lat' dir='ltr'><strong>cap.</strong></span> <span class='ocrx_word' id='word_1_882' title='bbox 991 5324 1078 5397; x_wconf 75' lang='lat'><strong>35.</strong></span> 
     </span>
    </p>
   </div>
   <div class='ocr_carea' id='block_1_129' title="bbox 299 5395 1344 5468">
    <p class='ocr_par' dir='ltr' id='par_1_129' title="bbox 299 5395 1344 5468">
     <span class='ocr_line' id='line_1_131' title="bbox 299 5395 1344 5468; baseline -0.003 -17"><span class='ocrx_word' id='word_1_883' title='bbox 299 5395 376 5468; x_wconf 76' lang='grc' dir='ltr'><strong>(ὁ)</strong></span> <span class='ocrx_word' id='word_1_884' title='bbox 405 5398 584 5463; x_wconf 83' lang='lat' dir='ltr'><strong>Epist.</strong></span> <span class='ocrx_word' id='word_1_885' title='bbox 616 5397 748 5465; x_wconf 91' lang='lat' dir='ltr'><strong>Syn,</strong></span> <span class='ocrx_word' id='word_1_886' title='bbox 772 5396 963 5451; x_wconf 87' lang='lat' dir='ltr'><strong>Carth.</strong></span> <span class='ocrx_word' id='word_1_887' title='bbox 991 5396 1059 5450; x_wconf 93' lang='lat' dir='ltr'><strong>ad</strong></span> <span class='ocrx_word' id='word_1_888' title='bbox 1088 5397 1211 5450; x_wconf 92' lang='lat' dir='ltr'><strong>Inn.</strong></span> <span class='ocrx_word' id='word_1_889' title='bbox 1242 5395 1344 5448; x_wconf 88' lang='lat' dir='ltr'><strong>PP.</strong></span> 
     </span>
    </p>
   </div>
   <div class='ocr_carea' id='block_1_130' title="bbox 300 5468 1383 5591">
    <p class='ocr_par' dir='ltr' id='par_1_130' title="bbox 300 5468 1383 5591">
     <span class='ocr_line' id='line_1_132' title="bbox 300 5468 1383 5591; baseline -0.004 -70"><span class='ocrx_word' id='word_1_890' title='bbox 300 5469 369 5591; x_wconf 56' lang='lat'><strong>(:2</strong></span> <span class='ocrx_word' id='word_1_891' title='bbox 399 5470 540 5521; x_wconf 86' lang='lat' dir='ltr'><strong>Item</strong></span> <span class='ocrx_word' id='word_1_892' title='bbox 573 5468 791 5521; x_wconf 86' lang='lat' dir='ltr'><strong>Marius</strong></span> <span class='ocrx_word' id='word_1_893' title='bbox 813 5469 979 5521; x_wconf 79' lang='lat' dir='ltr'><strong>Merc.</strong></span> <span class='ocrx_word' id='word_1_894' title='bbox 1012 5468 1071 5521; x_wconf 91' lang='lat' dir='ltr'><strong>in</strong></span> <span class='ocrx_word' id='word_1_895' title='bbox 1092 5470 1383 5521; x_wconf 76' lang='lat' dir='ltr'><strong>Eommon.</strong></span> 
     </span>
     <span class='ocr_line' id='line_1_133' title="bbox 300 5535 1378 5591; baseline -0.002 0"><span class='ocrx_word' id='word_1_896' title='bbox 300 5548 309 5591; x_wconf 75' lang='grc' dir='ltr'>ί</span> <span class='ocrx_word' id='word_1_897' title='bbox 367 5538 379 5591; x_wconf 77' lang='lat' dir='ltr'><strong>l</strong></span> <span class='ocrx_word' id='word_1_898' title='bbox 412 5540 512 5591; x_wconf 86' lang='lat' dir='ltr'><strong>En.</strong></span> <span class='ocrx_word' id='word_1_899' title='bbox 538 5535 608 5591; x_wconf 89' lang='lat'><strong>90</strong></span> <span class='ocrx_word' id='word_1_900' title='bbox 639 5544 695 5591; x_wconf 91' lang='lat' dir='ltr'><strong>et</strong></span> <span class='ocrx_word' id='word_1_901' title='bbox 714 5535 786 5591; x_wconf 79' lang='lat'><strong>92</strong></span> <span class='ocrx_word' id='word_1_902' title='bbox 819 5538 967 5591; x_wconf 91' lang='lat' dir='ltr'><strong>inter</strong></span> <span class='ocrx_word' id='word_1_903' title='bbox 992 5537 1378 5591; x_wconf 76' lang='lat' dir='ltr'><strong>Augustinian</strong></span> 
     </span>
    </p>
   </div>
   <div class='ocr_carea' id='block_1_131' title="bbox 299 5535 1397 5610">
    <p class='ocr_par' dir='ltr' id='par_1_131' title="bbox 299 5535 1397 5610">
     <span class='ocr_line' id='line_1_134' title="bbox 299 5535 1397 5610; baseline -0.003 -19"><span class='ocrx_word' id='word_1_904' title='bbox 299 5535 379 5610; x_wconf 75' lang='grc' dir='ltr'><strong>(ά)</strong></span> <span class='ocrx_word' id='word_1_905' title='bbox 412 5540 512 5610; x_wconf 83' lang='lat' dir='ltr'><strong>Ep.</strong></span> <span class='ocrx_word' id='word_1_906' title='bbox 538 5535 608 5592; x_wconf 88' lang='lat'><strong>90</strong></span> <span class='ocrx_word' id='word_1_907' title='bbox 639 5544 695 5610; x_wconf 88' lang='lat' dir='ltr'><strong>et</strong></span> <span class='ocrx_word' id='word_1_908' title='bbox 714 5535 786 5592; x_wconf 80' lang='lat'><strong>92</strong></span> <span class='ocrx_word' id='word_1_909' title='bbox 819 5537 1397 5610; x_wconf 82' lang='lat' dir='ltr'><strong>interAugustinian.</strong></span> 
     </span>
    </p>
   </div>
   <div class='ocr_carea' id='block_1_132' title="bbox 298 5606 1045 5679">
    <p class='ocr_par' dir='ltr' id='par_1_132' title="bbox 298 5606 1045 5679">
     <span class='ocr_line' id='line_1_135' title="bbox 298 5606 1045 5679; baseline 0.001 -16"><span class='ocrx_word' id='word_1_910' title='bbox 298 5606 369 5679; x_wconf 67' lang='grc' dir='ltr'><strong>(ε)</strong></span> <span class='ocrx_word' id='word_1_911' title='bbox 398 5606 544 5664; x_wconf 85' lang='lat' dir='ltr'><strong>Ibid.</strong></span> <span class='ocrx_word' id='word_1_912' title='bbox 577 5609 743 5677; x_wconf 90' lang='lat' dir='ltr'><strong>epist.</strong></span> <span class='ocrx_word' id='word_1_913' title='bbox 776 5608 837 5664; x_wconf 78' lang='grc'><strong>91</strong></span> <span class='ocrx_word' id='word_1_914' title='bbox 876 5615 932 5662; x_wconf 91' lang='lat' dir='ltr'><strong>et</strong></span> <span class='ocrx_word' id='word_1_915' title='bbox 954 5606 1045 5664; x_wconf 83' lang='lat'><strong>93.</strong></span> 
     </span>
    </p>
   </div>
   <div class='ocr_carea' id='block_1_133' title="bbox 298 5674 1493 5751">
    <p class='ocr_par' dir='ltr' id='par_1_133' title="bbox 298 5674 1493 5751">
     <span class='ocr_line' id='line_1_136' title="bbox 298 5674 1493 5751; baseline -0.006 -15"><span class='ocrx_word' id='word_1_916' title='bbox 298 5674 370 5751; x_wconf 63' lang='grc' dir='ltr'><strong>(ἴ)</strong></span> <span class='ocrx_word' id='word_1_917' title='bbox 399 5682 455 5734; x_wconf 85' lang='lat' dir='ltr'><strong>S.</strong></span> <span class='ocrx_word' id='word_1_918' title='bbox 485 5674 709 5749; x_wconf 80' lang='lat' dir='ltr'><strong>August</strong></span> <span class='ocrx_word' id='word_1_919' title='bbox 732 5682 802 5734; x_wconf 90' lang='lat' dir='ltr'><strong>de</strong></span> <span class='ocrx_word' id='word_1_920' title='bbox 827 5679 980 5751; x_wconf 75' lang='lat' dir='ltr'><strong>verb.</strong></span> <span class='ocrx_word' id='word_1_921' title='bbox 1013 5682 1213 5751; x_wconf 84' lang='lat' dir='ltr'><strong>Apost.</strong></span> <span class='ocrx_word' id='word_1_922' title='bbox 1251 5689 1419 5733; x_wconf 88' lang='lat' dir='ltr'><strong>serm.</strong></span> <span class='ocrx_word' id='word_1_923' title='bbox 1439 5674 1493 5731; x_wconf 74' lang='grc'><em>2.</em></span> 
     </span>
    </p>
   </div>
   <div class='ocr_carea' id='block_1_134' title="bbox 300 5748 1127 5820">
    <p class='ocr_par' dir='ltr' id='par_1_134' title="bbox 300 5748 1127 5820">
     <span class='ocr_line' id='line_1_137' title="bbox 300 5748 1127 5820; baseline -0.024 3"><span class='ocrx_word' id='word_1_924' title='bbox 300 5748 375 5820; x_wconf 75' lang='grc'><strong>(9)</strong></span> <span class='ocrx_word' id='word_1_925' title='bbox 402 5748 703 5805; x_wconf 76' lang='grc' dir='ltr'><strong>ΙηηοοΡΡ.</strong></span> <span class='ocrx_word' id='word_1_926' title='bbox 737 5764 843 5819; x_wconf 88' lang='lat' dir='ltr'><strong>cap</strong></span> <span class='ocrx_word' id='word_1_927' title='bbox 869 5748 940 5805; x_wconf 72' lang='lat'>32</span> <span class='ocrx_word' id='word_1_928' title='bbox 963 5750 1127 5805; x_wconf 89' lang='lat' dir='ltr'><strong>et</strong></span> 
     </span>
    </p>
   </div>
   <div class='ocr_carea' id='block_1_135' title="bbox 300 5756 1342 5893">
    <p class='ocr_par' dir='ltr' id='par_1_135' title="bbox 300 5756 1342 5893">
     <span class='ocr_line' id='line_1_138' title="bbox 300 5756 1127 5820; baseline -0.002 -15"><span class='ocrx_word' id='word_1_929' title='bbox 300 5758 355 5820; x_wconf 90' lang='lat' dir='ltr'><strong>(g</strong></span> <span class='ocrx_word' id='word_1_930' title='bbox 402 5756 579 5805; x_wconf 90' lang='lat' dir='ltr'><strong>lnnoc</strong></span> <span class='ocrx_word' id='word_1_931' title='bbox 607 5756 703 5803; x_wconf 85' lang='lat' dir='ltr'><strong>PP.</strong></span> <span class='ocrx_word' id='word_1_932' title='bbox 737 5764 843 5819; x_wconf 85' lang='lat' dir='ltr'><strong>cap</strong></span> <span class='ocrx_word' id='word_1_933' title='bbox 869 5756 940 5805; x_wconf 74' lang='lat'>32</span> <span class='ocrx_word' id='word_1_934' title='bbox 963 5759 1019 5805; x_wconf 87' lang='lat' dir='ltr'><strong>et</strong></span> 
     </span>
     <span class='ocr_line' id='line_1_139' title="bbox 300 5756 1342 5893; baseline -0.003 -18"><span class='ocrx_word' id='word_1_935' title='bbox 300 5756 378 5893; x_wconf 46' lang='lat' dir='ltr'><strong>(hi</strong></span> <span class='ocrx_word' id='word_1_936' title='bbox 402 5823 513 5890; x_wconf 88' lang='lat' dir='ltr'><strong>Ap.</strong></span> <span class='ocrx_word' id='word_1_937' title='bbox 551 5821 718 5876; x_wconf 84' lang='lat' dir='ltr'><strong>Cone.</strong></span> <span class='ocrx_word' id='word_1_938' title='bbox 752 5822 911 5878; x_wconf 85' lang='lat' dir='ltr'><strong>Rom.</strong></span> <span class='ocrx_word' id='word_1_939' title='bbox 944 5823 1134 5876; x_wconf 85' lang='lat' dir='ltr'><strong>iitsub</strong></span> <span class='ocrx_word' id='word_1_940' title='bbox 1160 5818 1342 5875; x_wconf 90' lang='lat' dir='ltr'><strong>Bonif.</strong></span> 
     </span>
    </p>
   </div>
   <div class='ocr_carea' id='block_1_136' title="bbox 1987 4644 3642 4720">
    <p class='ocr_par' dir='ltr' id='par_1_136' title="bbox 1987 4644 3642 4720">
     <span class='ocr_line' id='line_1_140' title="bbox 1987 4644 3642 4720; baseline -0.004 -17"><span class='ocrx_word' id='word_1_941' title='bbox 1987 4644 2207 4720; x_wconf 81' lang='lat' dir='ltr'><strong>judicia</strong></span> <span class='ocrx_word' id='word_1_942' title='bbox 2242 4650 2368 4717; x_wconf 80' lang='lat' dir='ltr'><strong>ejus</strong></span> <span class='ocrx_word' id='word_1_943' title='bbox 2396 4661 2519 4702; x_wconf 86' lang='lat' dir='ltr'><strong>esse</strong></span> <span class='ocrx_word' id='word_1_944' title='bbox 2544 4647 2880 4720; x_wconf 83' lang='lat' dir='ltr'><strong>deﬁnitiva:</strong></span> <span class='ocrx_word' id='word_1_945' title='bbox 2914 4648 3208 4720; x_wconf 83' lang='lat' dir='ltr'><strong>totiusque</strong></span> <span class='ocrx_word' id='word_1_946' title='bbox 3238 4644 3398 4720; x_wconf 84' lang='lat' dir='ltr'><strong>orbis</strong></span> <span class='ocrx_word' id='word_1_947' title='bbox 3426 4645 3642 4712; x_wconf 89' lang='lat' dir='ltr'><strong>episco-</strong></span> 
     </span>
    </p>
   </div>
   <div class='ocr_carea' id='block_1_137' title="bbox 1994 4716 3642 4791">
    <p class='ocr_par' dir='ltr' id='par_1_137' title="bbox 1994 4716 3642 4791">
     <span class='ocr_line' id='line_1_141' title="bbox 1994 4716 3642 4791; baseline -0.005 -16"><span class='ocrx_word' id='word_1_948' title='bbox 1994 4716 2095 4791; x_wconf 85' lang='lat' dir='ltr'><strong>pos</strong></span> <span class='ocrx_word' id='word_1_949' title='bbox 2125 4716 2333 4791; x_wconf 85' lang='lat' dir='ltr'><strong>Zosimi</strong></span> <span class='ocrx_word' id='word_1_950' title='bbox 2376 4720 2675 4791; x_wconf 82' lang='lat' dir='ltr'><strong>sententia</strong></span> <span class='ocrx_word' id='word_1_951' title='bbox 2714 4717 3133 4784; x_wconf 89' lang='lat' dir='ltr'><strong>subscripsisse</strong></span> <span class='ocrx_word' id='word_1_952' title='bbox 3171 4716 3346 4791; x_wconf 90' lang='lat' dir='ltr'><strong>quod_</strong></span> <span class='ocrx_word' id='word_1_953' title='bbox 3376 4719 3443 4768; x_wconf 90' lang='lat' dir='ltr'><strong>ut</strong></span> <span class='ocrx_word' id='word_1_954' title='bbox 3487 4727 3642 4791; x_wconf 70' lang='lat' dir='ltr'><strong>pra-</strong></span> 
     </span>
    </p>
   </div>
   <div class='ocr_carea' id='block_1_138' title="bbox 1992 4784 3640 4856">
    <p class='ocr_par' dir='ltr' id='par_1_138' title="bbox 1992 4784 3640 4856">
     <span class='ocr_line' id='line_1_142' title="bbox 1992 4784 3640 4856; baseline -0.007 -9"><span class='ocrx_word' id='word_1_955' title='bbox 1992 4784 2211 4847; x_wconf 78' lang='lat' dir='ltr'><strong>starent</strong></span> <span class='ocrx_word' id='word_1_956' title='bbox 2244 4790 2445 4844; x_wconf 90' lang='lat' dir='ltr'><strong>iisdem</strong></span> <span class='ocrx_word' id='word_1_957' title='bbox 2482 4789 2866 4847; x_wconf 84' lang='lat' dir='ltr'><strong>mandaverat.</strong></span> <span class='ocrx_word' id='word_1_958' title='bbox 2926 4784 3264 4856; x_wconf 68' lang='lat' dir='ltr'><strong>poenamque</strong></span> <span class='ocrx_word' id='word_1_959' title='bbox 3315 4784 3640 4856; x_wconf 86' lang='lat' dir='ltr'><strong>depositio-</strong></span> 
     </span>
    </p>
   </div>
   <div class='ocr_carea' id='block_1_139' title="bbox 1993 4854 3640 4934">
    <p class='ocr_par' dir='ltr' id='par_1_139' title="bbox 1993 4854 3640 4934">
     <span class='ocr_line' id='line_1_143' title="bbox 1993 4854 3640 4934; baseline -0.006 -17"><span class='ocrx_word' id='word_1_960' title='bbox 1993 4864 2086 4917; x_wconf 91' lang='lat' dir='ltr'><strong>nis</strong></span> <span class='ocrx_word' id='word_1_961' title='bbox 2118 4858 2584 4934; x_wconf 74' lang='lat' dir='ltr'><strong>dctrectantibus</strong></span> <span class='ocrx_word' id='word_1_962' title='bbox 2615 4857 2802 4934; x_wconf 79' lang='lat' dir='ltr'><strong>fuerat</strong></span> <span class='ocrx_word' id='word_1_963' title='bbox 2853 4854 3293 4934; x_wconf 29' lang='lat' dir='ltr'><strong>mi‘nitatus:(p).</strong></span> <span class='ocrx_word' id='word_1_964' title='bbox 3353 4854 3640 4934; x_wconf 77' lang='lat' dir='ltr'><strong>Honorius</strong></span> 
     </span>
    </p>
   </div>
   <div class='ocr_carea' id='block_1_140' title="bbox 1994 4925 3636 5000">
    <p class='ocr_par' dir='ltr' id='par_1_140' title="bbox 1994 4925 3636 5000">
     <span class='ocr_line' id='line_1_144' title="bbox 1994 4925 3636 5000; baseline -0.007 -13"><span class='ocrx_word' id='word_1_965' title='bbox 1994 4934 2302 5000; x_wconf 89' lang='lat' dir='ltr'><strong>imperator</strong></span> <span class='ocrx_word' id='word_1_966' title='bbox 2331 4930 2622 4999; x_wconf 81' lang='lat' dir='ltr'><strong>pontiﬁcis</strong></span> <span class='ocrx_word' id='word_1_967' title='bbox 2659 4931 2947 5000; x_wconf 86' lang='lat' dir='ltr'><strong>decretum</strong></span> <span class='ocrx_word' id='word_1_968' title='bbox 2996 4928 3110 4983; x_wconf 89' lang='lat' dir='ltr'><strong>lata</strong></span> <span class='ocrx_word' id='word_1_969' title='bbox 3156 4925 3277 4997; x_wconf 87' lang='lat' dir='ltr'><strong>lege</strong></span> <span class='ocrx_word' id='word_1_970' title='bbox 3326 4925 3636 4987; x_wconf 88' lang='lat' dir='ltr'><strong>roboravit,</strong></span> 
     </span>
    </p>
   </div>
   <div class='ocr_carea' id='block_1_141' title="bbox 1991 4999 3640 5070">
    <p class='ocr_par' dir='ltr' id='par_1_141' title="bbox 1991 4999 3640 5070">
     <span class='ocr_line' id='line_1_145' title="bbox 1991 4999 3640 5070; baseline -0.005 -12"><span class='ocrx_word' id='word_1_971' title='bbox 1991 4999 2343 5070; x_wconf 88' lang='lat' dir='ltr'><strong>depositioni</strong></span> <span class='ocrx_word' id='word_1_972' title='bbox 2389 5001 2558 5054; x_wconf 89' lang='lat' dir='ltr'><strong>exsili</strong></span> <span class='ocrx_word' id='word_1_973' title='bbox 2603 5012 2819 5066; x_wconf 70' lang='lat' dir='ltr'><strong>poenam</strong></span> <span class='ocrx_word' id='word_1_974' title='bbox 2859 4999 3197 5070; x_wconf 88' lang='lat' dir='ltr'><strong>adjungens,</strong></span> <span class='ocrx_word' id='word_1_975' title='bbox 3247 5008 3393 5067; x_wconf 88' lang='lat' dir='ltr'><strong>quas</strong></span> <span class='ocrx_word' id='word_1_976' title='bbox 3445 5007 3640 5064; x_wconf 80' lang='lat' dir='ltr'><strong>poenas</strong></span> 
     </span>
    </p>
   </div>
   <div class='ocr_carea' id='block_1_142' title="bbox 1989 5069 3241 5142">
    <p class='ocr_par' dir='ltr' id='par_1_142' title="bbox 1989 5069 3241 5142">
     <span class='ocr_line' id='line_1_146' title="bbox 1989 5069 3241 5142; baseline -0.006 -14"><span class='ocrx_word' id='word_1_977' title='bbox 1989 5069 2386 5142; x_wconf 88' lang='lat' dir='ltr'><strong>duodeviginti</strong></span> <span class='ocrx_word' id='word_1_978' title='bbox 2410 5083 2478 5124; x_wconf 86' lang='lat' dir='ltr'><strong>ex</strong></span> <span class='ocrx_word' id='word_1_979' title='bbox 2509 5069 2967 5142; x_wconf 83' lang='lat' dir='ltr'><strong>Italiaprasules</strong></span> <span class='ocrx_word' id='word_1_980' title='bbox 2992 5069 3241 5142; x_wconf 76' lang='lat' dir='ltr'><strong>subiere.</strong></span> 
     </span>
    </p>
   </div>
   <div class='ocr_carea' id='block_1_143' title="bbox 2061 5139 3639 5198">
    <p class='ocr_par' dir='ltr' id='par_1_143' title="bbox 2061 5139 3639 5198">
     <span class='ocr_line' id='line_1_147' title="bbox 2061 5139 3639 5198; baseline -0.006 0"><span class='ocrx_word' id='word_1_981' title='bbox 2061 5139 2347 5198; x_wconf 74' lang='lat' dir='ltr'><strong>Ecclesias</strong></span> <span class='ocrx_word' id='word_1_982' title='bbox 2382 5143 2531 5195; x_wconf 89' lang='lat' dir='ltr'><strong>inter</strong></span> <span class='ocrx_word' id='word_1_983' title='bbox 2572 5140 2956 5195; x_wconf 88' lang='lat' dir='ltr'><strong>Arelatensem</strong></span> <span class='ocrx_word' id='word_1_984' title='bbox 2982 5148 3037 5195; x_wconf 92' lang='lat' dir='ltr'><strong>et</strong></span> <span class='ocrx_word' id='word_1_985' title='bbox 3072 5139 3440 5193; x_wconf 82' lang='lat' dir='ltr'><strong>Viennensem</strong></span> <span class='ocrx_word' id='word_1_986' title='bbox 3492 5148 3639 5191; x_wconf 92' lang='lat' dir='ltr'><strong>con—</strong></span> 
     </span>
    </p>
   </div>
   <div class='ocr_carea' id='block_1_144' title="bbox 1992 5206 3637 5281">
    <p class='ocr_par' dir='ltr' id='par_1_144' title="bbox 1992 5206 3637 5281">
     <span class='ocr_line' id='line_1_148' title="bbox 1992 5206 3637 5281; baseline -0.006 -11"><span class='ocrx_word' id='word_1_987' title='bbox 1992 5215 2246 5270; x_wconf 88' lang='lat' dir='ltr'><strong>tentione</strong></span> <span class='ocrx_word' id='word_1_988' title='bbox 2283 5212 2526 5268; x_wconf 86' lang='lat' dir='ltr'><strong>excitata</strong></span> <span class='ocrx_word' id='word_1_989' title='bbox 2560 5212 2631 5267; x_wconf 90' lang='lat' dir='ltr'><strong>de</strong></span> <span class='ocrx_word' id='word_1_990' title='bbox 2660 5211 2913 5281; x_wconf 87' lang='lat' dir='ltr'><strong>primatu</strong></span> <span class='ocrx_word' id='word_1_991' title='bbox 2940 5211 2999 5265; x_wconf 91' lang='lat' dir='ltr'><strong>in</strong></span> <span class='ocrx_word' id='word_1_992' title='bbox 3038 5210 3267 5280; x_wconf 90' lang='lat' dir='ltr'><strong>aliquot</strong></span> <span class='ocrx_word' id='word_1_993' title='bbox 3317 5206 3637 5263; x_wconf 90' lang='lat' dir='ltr'><strong>Galliarum</strong></span> 
     </span>
    </p>
   </div>
   <div class='ocr_carea' id='block_1_145' title="bbox 2060 5315 3036 5400">
    <p class='ocr_par' dir='ltr' id='par_1_145' title="bbox 2060 5315 3036 5400">
     <span class='ocr_line' id='line_1_149' title="bbox 2060 5315 3036 5400; baseline -0.003 -26"><span class='ocrx_word' id='word_1_994' title='bbox 2060 5320 2190 5400; x_wconf 54' lang='lat' dir='ltr'><strong>(QE:</strong></span> <span class='ocrx_word' id='word_1_995' title='bbox 2216 5320 2446 5400; x_wconf 68' lang='lat' dir='ltr'><strong>August</strong></span> <span class='ocrx_word' id='word_1_996' title='bbox 2472 5318 2543 5373; x_wconf 91' lang='lat' dir='ltr'><strong>de</strong></span> <span class='ocrx_word' id='word_1_997' title='bbox 2574 5331 2694 5388; x_wconf 90' lang='lat' dir='ltr'><strong>pec.</strong></span> <span class='ocrx_word' id='word_1_998' title='bbox 2726 5318 2871 5388; x_wconf 89' lang='lat' dir='ltr'><strong>orig.</strong></span> <span class='ocrx_word' id='word_1_999' title='bbox 2898 5330 2949 5372; x_wconf 91' lang='lat' dir='ltr'><strong>c.</strong></span> <span class='ocrx_word' id='word_1_1000' title='bbox 2983 5315 3036 5372; x_wconf 91' lang='lat'><strong>6.</strong></span> 
     </span>
    </p>
   </div>
   <div class='ocr_carea' id='block_1_146' title="bbox 2061 5389 2455 5459">
    <p class='ocr_par' dir='ltr' id='par_1_146' title="bbox 2061 5389 2455 5459">
     <span class='ocr_line' id='line_1_150' title="bbox 2061 5389 2455 5459; baseline -0.01 -14"><span class='ocrx_word' id='word_1_1001' title='bbox 2061 5389 2124 5459; x_wconf 87' lang='lat' dir='ltr'><strong>(j)</strong></span> <span class='ocrx_word' id='word_1_1002' title='bbox 2152 5390 2291 5445; x_wconf 93' lang='lat' dir='ltr'><strong>lbid.</strong></span> <span class='ocrx_word' id='word_1_1003' title='bbox 2322 5389 2371 5444; x_wconf 63' lang='grc' dir='ltr'><em>ε.</em></span> <span class='ocrx_word' id='word_1_1004' title='bbox 2400 5389 2455 5443; x_wconf 76' lang='grc' dir='ltr'><em>δ.</em></span> 
     </span>
    </p>
   </div>
   <div class='ocr_carea' id='block_1_147' title="bbox 2062 5460 2742 5527">
    <p class='ocr_par' dir='ltr' id='par_1_147' title="bbox 2062 5460 2742 5527">
     <span class='ocr_line' id='line_1_151' title="bbox 2062 5460 2742 5527; baseline -0.001 -11"><span class='ocrx_word' id='word_1_1005' title='bbox 2062 5464 2133 5527; x_wconf 69' lang='lat' dir='ltr'><strong>(Isi</strong></span> <span class='ocrx_word' id='word_1_1006' title='bbox 2167 5464 2243 5516; x_wconf 86' lang='lat' dir='ltr'><strong>Ex</strong></span> <span class='ocrx_word' id='word_1_1007' title='bbox 2274 5467 2381 5514; x_wconf 89' lang='lat' dir='ltr'><strong>vet.</strong></span> <span class='ocrx_word' id='word_1_1008' title='bbox 2413 5460 2537 5514; x_wconf 90' lang='lat' dir='ltr'><strong>cod.</strong></span> <span class='ocrx_word' id='word_1_1009' title='bbox 2561 5460 2742 5515; x_wconf 87' lang='lat' dir='ltr'><strong>Vatic.</strong></span> 
     </span>
    </p>
   </div>
   <div class='ocr_carea' id='block_1_148' title="bbox 2062 5530 2601 5603">
    <p class='ocr_par' dir='ltr' id='par_1_148' title="bbox 2062 5530 2601 5603">
     <span class='ocr_line' id='line_1_152' title="bbox 2062 5530 2601 5603; baseline -0.002 -17"><span class='ocrx_word' id='word_1_1010' title='bbox 2062 5535 2120 5603; x_wconf 72' lang='grc' dir='ltr'><strong>(Ι)</strong></span> <span class='ocrx_word' id='word_1_1011' title='bbox 2149 5535 2269 5588; x_wconf 91' lang='lat' dir='ltr'><strong>Zos.</strong></span> <span class='ocrx_word' id='word_1_1012' title='bbox 2306 5533 2404 5586; x_wconf 92' lang='lat' dir='ltr'><strong>PP.</strong></span> <span class='ocrx_word' id='word_1_1013' title='bbox 2435 5545 2521 5600; x_wconf 90' lang='lat' dir='ltr'><strong>ep.</strong></span> <span class='ocrx_word' id='word_1_1014' title='bbox 2553 5530 2601 5586; x_wconf 76' lang='grc'><em>4.</em></span> 
     </span>
    </p>
   </div>
   <div class='ocr_carea' id='block_1_149' title="bbox 2055 5598 2960 5672">
    <p class='ocr_par' dir='ltr' id='par_1_149' title="bbox 2055 5598 2960 5672">
     <span class='ocr_line' id='line_1_153' title="bbox 2055 5598 2960 5672; baseline -0.002 -15"><span class='ocrx_word' id='word_1_1015' title='bbox 2055 5598 2144 5672; x_wconf 64' lang='grc' dir='ltr'><strong>(ἰὴ)</strong></span> <span class='ocrx_word' id='word_1_1016' title='bbox 2172 5605 2231 5657; x_wconf 82' lang='lat' dir='ltr'><strong>S.</strong></span> <span class='ocrx_word' id='word_1_1017' title='bbox 2271 5598 2513 5672; x_wconf 77' lang='lat' dir='ltr'><strong>August.</strong></span> <span class='ocrx_word' id='word_1_1018' title='bbox 2546 5616 2634 5671; x_wconf 75' lang='lat' dir='ltr'><strong>cp.</strong></span> <span class='ocrx_word' id='word_1_1019' title='bbox 2659 5599 2727 5658; x_wconf 75' lang='grc'>47</span> <span class='ocrx_word' id='word_1_1020' title='bbox 2755 5607 2813 5658; x_wconf 90' lang='lat' dir='ltr'><strong>et</strong></span> <span class='ocrx_word' id='word_1_1021' title='bbox 2839 5598 2960 5659; x_wconf 71' lang='grc'><strong>457.</strong></span> 
     </span>
    </p>
   </div>
   <div class='ocr_carea' id='block_1_150' title="bbox 2055 5674 2840 5745">
    <p class='ocr_par' dir='ltr' id='par_1_150' title="bbox 2055 5674 2840 5745">
     <span class='ocr_line' id='line_1_154' title="bbox 2055 5674 2840 5745; baseline -0.001 -18"><span class='ocrx_word' id='word_1_1022' title='bbox 2055 5682 2131 5745; x_wconf 80' lang='grc' dir='ltr'><strong>(η)</strong></span> <span class='ocrx_word' id='word_1_1023' title='bbox 2155 5677 2210 5727; x_wconf 85' lang='lat' dir='ltr'><strong>S.</strong></span> <span class='ocrx_word' id='word_1_1024' title='bbox 2238 5675 2417 5740; x_wconf 88' lang='lat' dir='ltr'><strong>Prosp</strong></span> <span class='ocrx_word' id='word_1_1025' title='bbox 2444 5680 2601 5728; x_wconf 90' lang='lat' dir='ltr'><strong>cont.</strong></span> <span class='ocrx_word' id='word_1_1026' title='bbox 2642 5674 2840 5729; x_wconf 89' lang='lat' dir='ltr'><strong>Collat.</strong></span> 
     </span>
    </p>
   </div>
   <div class='ocr_carea' id='block_1_151' title="bbox 2054 5745 3624 5815">
    <p class='ocr_par' dir='ltr' id='par_1_151' title="bbox 2054 5745 3624 5815">
     <span class='ocr_line' id='line_1_155' title="bbox 2054 5745 3624 5815; baseline 0 -16"><span class='ocrx_word' id='word_1_1027' title='bbox 2054 5748 2120 5815; x_wconf 81' lang='grc' dir='ltr'><strong>(ο)</strong></span> <span class='ocrx_word' id='word_1_1028' title='bbox 2138 5746 2352 5800; x_wconf 83' lang='lat' dir='ltr'><strong>Marius</strong></span> <span class='ocrx_word' id='word_1_1029' title='bbox 2369 5746 2535 5815; x_wconf 80' lang='lat' dir='ltr'><strong>Merc.</strong></span> <span class='ocrx_word' id='word_1_1030' title='bbox 2560 5746 2618 5799; x_wconf 89' lang='lat' dir='ltr'><strong>in</strong></span> <span class='ocrx_word' id='word_1_1031' title='bbox 2632 5745 2920 5802; x_wconf 87' lang='lat' dir='ltr'><strong>Common.</strong></span> <span class='ocrx_word' id='word_1_1032' title='bbox 2940 5745 3163 5802; x_wconf 89' lang='lat' dir='ltr'><strong>Paulin.</strong></span> <span class='ocrx_word' id='word_1_1033' title='bbox 3185 5745 3349 5801; x_wconf 83' lang='lat' dir='ltr'><strong>Diac.</strong></span> <span class='ocrx_word' id='word_1_1034' title='bbox 3381 5748 3444 5802; x_wconf 90' lang='lat' dir='ltr'><strong>in</strong></span> <span class='ocrx_word' id='word_1_1035' title='bbox 3465 5745 3624 5801; x_wconf 89' lang='lat' dir='ltr'><strong>libel.</strong></span> 
     </span>
    </p>
   </div>
   <div class='ocr_carea' id='block_1_152' title="bbox 2054 5814 2561 5885">
    <p class='ocr_par' dir='ltr' id='par_1_152' title="bbox 2054 5814 2561 5885">
     <span class='ocr_line' id='line_1_156' title="bbox 2054 5814 2561 5885; baseline -0.008 -14"><span class='ocrx_word' id='word_1_1036' title='bbox 2054 5814 2113 5885; x_wconf 70' lang='grc' dir='ltr'><strong>(ρ</strong></span> <span class='ocrx_word' id='word_1_1037' title='bbox 2156 5818 2382 5871; x_wconf 83' lang='lat' dir='ltr'><strong>Mercat.</strong></span> <span class='ocrx_word' id='word_1_1038' title='bbox 2418 5814 2561 5870; x_wconf 89' lang='lat' dir='ltr'><strong>ibid.</strong></span> 
     </span>
    </p>
   </div>
  </div>
