3994 6168
384 282 489 341 955

1184 281 1278 336 AD
1313 277 1745 336 ANASTASIUM
1783 269 2297 331 PROLEGOMENA
2339 273 2516 330 EDlT.
2556 274 2984 332 ROM.—VATIC.

3680 272 3788 333 956

387 408 730 480 provincias,
774 407 1036 480 Zosimus
1062 404 1133 475 (α)
1162 419 1264 480 pro
1312 405 1630 480 Arelatensi
1664 399 2030 480 metropolita
2065 399 2123 457 A
2147 397 2362 480 vicario
2386 400 2442 480 in
2487 399 2709 470 Illyrici
2742 400 3064 480 proyinciis
3089 398 3185 480 (ii).
3216 399 3352 480 Jura
3401 406 3608 480 sanctae
3632 405 3787 460 sedis

386 472 524 537 tulit
543 472 907 542 sententiam,
937 472 1311 547 quem—etiam
1345 477 1652 531 constituit
1681 487 1848 530 suum
1869 472 2032 547 vicaf

386 555 538 609 rium
569 552 624 606 in
645 549 866 624 Galliis
895 542 1078 624 ipsis._
1112 550 1320 603 Harum
1366 549 1659 624 episcopis
1691 542 2034 624 perscripsit

387 625 610 678 litteras
645 623 748 676 hac
797 621 867 675 de
923 613 1006 682 re,
1067 621 1316 686 itemque
1359 613 1424 672 ad
1455 613 1756 687 epiScopbs
1803 613 2029 687 Africae,

385 695 790 764 Hispaniarum
811 699 866 766 et
898 683 1336 766 provinciarum
1368 683 1713 766 Viennensis
1743 693 1798 742 et
1823 683 2035 766 Narbo-

388 758 588 821 nen'sis
619 758 914 829 secundm,
936 763 1004 817 ad
1041 760 1459 830 metropolitam
1487 758 1876 815 Narbonensis
1905 758 2033 825 pri-

388 851 511 902 mae,
539 836 606 891 ad
641 835 962 889 Patroclum
995 833 1428 902 Arelatensem,
1460 831 1527 884 ad
1578 831 1818 902 clerum,
1847 840 2037 902 popu—

389 897 622 976 lumque
646 905 1060 980 Massiliensem
1068 903 1178 980 ,_ad
1203 901 1350 980 al_io_s
1380 897 1528 980 alias
1549 902 1709 980 dedit
1733 897 2030 980 epistolas.

387 981 449 1034 In
477 973 743 1034 decretali
775 977 843 1031 ad
875 975 1208 1030 Hesichium
1239 973 1633 1029 Salonitanum
1670 973 2030 1026 interstitio-

386 1064 512 1105 rum
547 1054 770 1117 tempus
799 1047 1066 1116 praeﬁnit,
1097 1045 1266 1115 eique
1297 1050 1628 1117 potestatem
1676 1042 1815 1117 facit
1843 1039 2031 1117 suain

387 1111 685 1187 provincia
711 1131 772 1174 se
798 1111 1340 1189 gerendi'tanquam
1363 1115 1686 1189 delegatum
1712 1128 1744 1169 a
1769 1115 1825 1169 S.
1861 1111 2027 1189 sede,

387 1181 450 1246 iit
475 1192 726 1244 sancitas
746 1181 974 1256 regulas
1005 1181 1298 1243 observari
1323 1181 1518 1255 curet,
1527 1187 1576 1240 si
1599 1181 2031 1256 metropolitani

383 1261 725 1334 auctoritati
741 1253 936 1334 deesse
965 1258 1190 1334 aliquid
1224 1253 1504 1334 crederet.
1537 1258 1596 1310 ln
1618 1253 1734 1334 alia
1757 1256 1824 1309 ad
1855 1256 2035 1334 Byza:

384 1346 536 1387 cenae
569 1331 880 1400 provincia:
919 1332 978 1386 in
1001 1327 1195 1384 Africa
1226 1329 1547 1400 episcopos,
1573 1327 1798 1400 eosdem
1840 1327 2035 1400 arguit

386 1404 536 1472 quod
562 1395 741 1457 laicos
771 1415 962 1455 secum
999 1395 1306 1454 admittant
1328 1399 1395 1454 ad
1425 1395 1713 1472 judicium
1738 1395 2035 1472 ferendum

388 1466 446 1527 i'n
470 1472 664 1528 causis
687 1473 1108 1541 episcoporum.
1131 1471 1334 1524 Divum
1369 1466 1754 1541 Augustinum
1781 1467 1851 1541 (ὸ)
1868 1466 2036 1521 alios-

387 1557 497 1612 que
530 1543 800 1610 praesules
821 1539 897 1596 ex'
919 1540 1076 1597 Afris
1097 1541 1318 1610 delegat
1347 1548 1409 1596 ut
1439 1539 1506 1596 de
1531 1539 1922 1595 ecclesiastica
1975 1549 2035 1594 re

388 1614 446 1668 in
475 1613 812 1669 Caasariensi
850 1613 1142 1677 provincia
1175 1612 1535 1667 Mauritania:
1561 1613 1887 1666 decernant.

453 1685 729 1753 Apiarius
757 1684 1048 1753 presbyter
1081 1684 1367 1738 Siccensis
1419 1683 1689 1737 dioecesis
1740 1695 1805 1736 ex
1837 1679 2030 1735 eadem

389 1757 705 1826 provincia,
729 1769 760 1810 a
781 1756 1012 1824 proprio
1030 1756 1296 1823 episcopo
1324 1768 1628 1821 percussus
1648 1753 2027 1826 anathemate,

383 1821 452 1883 ad
484 1828 538 1882 S.
567 1821 755 1882 sedem
782 1821 1134 1895 provocavit.
1171 1821 1431 1880 ZOsimus
1466 1838 1594 1880 eum
1627 1823 1893 1892 absolvit,
1929 1821 2031 1895 in:

382 1899 567 1968 deque
596 1891 952 1973 occasionem
976 1897 1362 1973 cepitlegatos
1391 1898 1449 1950 in
1479 1895 1727 1973 Africam
1759 1891 2026 1973 mittendi

383 1975 446 2025 ut
474 1965 488 1968 ’
515 1970 874 2024 exsecutioni
911 1965 1318 2023 mandarentur
1369 1968 1818 2022 constitutiones
1881 1965 2028 2033 ipsis

385 2041 611 2095 tradita:
657 2039 747 2111 (c),
808 2041 1122 2114 praesertim
1173 2039 1360 2114 quoad
1391 2037 1829 2114 appellationes.
1887 2047 2028 2114 quas

385 2116 504 2166 tum
535 2107 911 2178 consuetudo,
956 2117 1076 2165 tum
1135 2110 1283 2164 sacri
1324 2122 1574 2164 canones
1617 2107 2030 2178 ecclesiasticis

388 2182 793 2251 permittebant
821 2195 852 2235 a
886 2175 1140 2250 propriis
1167 2180 1488 2251 judicibus.
1513 2180 1610 2233 Ha:
1633 2185 1843 2251 sanctae
1873 2175 2030 2251 se_dis

385 2247 832 2308 constitutiones
867 2247 1303 2306 cum'nationali
1329 2250 1580 2304 concilio
1608 2248 1875 2303 Africano
1905 2247 2030 2300 Car-

386 2323 623 2393 thagine
680 2321 985 2389 celebrato,
1035 2320 1349 2393 Bonifacio,
1401 2321 1611 2393 Zosimi
1675 2331 2026 2393 successore,

427 2389 676 2463 ontiﬁce,
715 2393 1146 2448 communicatae
1168 2390 1422 2460 fuerunt,
1446 2392 1805 2447 Sardicensis
1827 2389 2032 2463 conci-

414 2465 454 2518 ii
487 2461 768 2519 canonum
802 2463 1074 2531 praesidio
1099 2464 1548 2518 constitutiones
1579 2477 1656 2518 eee
1682 2476 1740 2517 se
1783 2461 2031 2516 tueban—

386 2541 502 2604 tur,
527 2536 628 2606 qui
660 2541 847 2589 tamen
874 2547 1120 2588 canones
1143 2533 1388 2589 Niczena:
1419 2531 2026 2606 tribuuntursynodo,

386 2602 561 2674 cujus
581 2608 663 2660 rei
695 2619 869 2660 causa
902 2618 999 2674 per
1023 2618 1120 2660 eos
1142 2606 1394 2659 traditur
1440 2606 1498 2658 in
1530 2610 1725 2658 nostra
1777 2602 2031 2656 Historia

386 2677 712 2742 dogmatica
765 2674 863 2743 (ἀ).
923 2674 1180 2730 Africani
1233 2677 1446 2740 Patres,
1519 2688 1647 2730 cum
1707 2676 2030 2743 versassent

387 2741 670 2816 quotquot
712 2741 954 2800 Nicaeum
985 2746 1188 2814 synodi
1219 2745 1571 2816 exemplaria
1604 2744 1700 2816 ubi
1746 2749 1908 2798 erant
1942 2741 2027 2812 (e),

387 2815 491 2872 nec
523 2816 870 2873 offenderent
907 2829 1003 2871 eos
1032 2829 1296 2882 canones,
1346 2815 1402 2870 id
1458 2815 1696 2870 concilii
1739 2827 1936 2882 cepere
1968 2821 2028 2868 ut

385 2889 501 2943 alia
553 2888 668 2942 sibi
716 2893 981 2956 pararent
1010 2886 1358 2955 exemplaria
1410 2900 1478 2941 ex
1516 2885 1768 2956 Oriente,
1812 2886 2028 2938 interea

385 2972 518 3014 vero
550 2955 843 3028 pontiﬁcis
873 2959 1099 3014 decreta
1128 2963 1498 3013 servarentur
1529 2975 1543 3026 ς
1582 2955 1843 3028 futurum
1893 2968 2032 3022 spe-

388 3025 581 3084 rantes
608 3035 690 3096 ut,
724 3029 839 3084 nisi
878 3029 1015 3096 quid
1046 3028 1239 3083 simile
1260 3029 1476 3083 Nicaani
1508 3025 1752 3082 eanones
1792 3025 2027 3092 ferrent,

2148 473 2346 544 tuetur
2375 475 2607 527 strenue
2631 473 2815 540 quoad
2842 471 3170 544 Occidentis
3196 471 3621 540 patriarchatus
3652 490 3789 544 par—

2148 545 2247 615 tes
2281 542 2555 615 adversus
2597 542 3165 615 Constantinopoleos
3201 543 3467 615 episcopi
3524 542 3784 615 conatus,

2151 611 2250 683 qui
2269 611 2557 668 Orientale
2574 613 2807 683 Illyricu
2817 629 2862 667 ru
2889 611 3144 677 spectare
3162 613 3474 669 obtendens
3489 616 3555 671 ad
3575 611 3791 672 Orien-'

2145 681 2222 736 tis
2250 681 3076 758 _imperium,jurisdictionem
3109 685 3221 740 sibi
3247 694 3543 758 curaverat
3563 688 3786 758 adjudi-

2146 755 2264 827 cari
2296 754 2416 824 lege
2442 768 2540 827 per
2589 757 2972 811 Theodosium
3035 757 3432 823 imperatorem
3485 756 3614 813 lata.
3640 754 3786 827 'Qui

2145 824 2373 896 collega:
2403 826 2495 881 sui
2524 827 2760 882 Honorii
2798 827 3291 882 commendatione
3322 829 3561 895 priorem
3612 824 3790 886 abro—

2146 897 2300 970 gavit
2327 897 2526 964 legem,
2571 899 2824 968 tulitque
2848 897 3022 954 aliam
3055 911 3167 968 qua
3212 899 3450 954 Romani
3496 902 3788 970 pontiﬁcis

2144 967 2383 1037 antiqua
2401 970 2534 1036 jura
2557 967 2947 1026 vindicantur.

2216 1038 2551 1114 Bonifacius
2589 1041 2988 1114 compluribus
3015 1042 3075 1096 in
3107 1040 3400 1114 Illyricum
3452 1045 3790 1114 perscriptis

2143 1107 2410 1184 epistolis
2445 1107 2735 1181 pontiﬁcis
2763 1114 2891 1178 iura
2929 1107 3194 1168 ostendit
3209 1111 3288 1184 (ἱ),
3322 1107 3468 1168 cum'
3495 1116 3578 1170 uti
3613 1107 3791 1171 Occi-

2143 1180 2336 1255 dentis
2359 1180 2720 1255 patriarchm,
2746 1189 2866 1239 tum
2887 1185 2971 1240 uti
2997 1180 3233 1239 Romani
3253 1180 3564 1253 pontiﬁcis.
3585 1186 3786 1255 Quoad

2146 1252 2393 1319 primum
2425 1254 2590 1322 plura
2619 1256 2863 1310 existere
2885 1255 3234 1310 monimenta
3261 1252 3344 1309 in
3373 1252 3640 1311 Ecclesiae
3678 1259 3785 1312 Ro-

2145 1335 2323 1396 manae
2347 1325 2601 1396 archivis
2627 1332 2891 1392 testatur,
2918 1325 3350 1394 comprobantia
3370 1328 3522 1396 ipsas
3542 1329 3789 1383 easdem-

2145 1406 2255 1473 que
2284 1395 2568 1473 Ecclesias
2590 1411 2728 1473 quae
2759 1397 2817 1452 in
2849 1397 3643 1473 discrimennadducebantur,
3673 1413 3789 1468 pos-

2144 1465 2322 1519 sideri
2349 1466 2420 1520 ab
2436 1465 2764 1523 Occidentis
2783 1468 3128 1536 patriarcha.
3145 1466 3338 1535 Quoad
3359 1465 3640 1530 alterum,
3660 1465 3786 1524 cum

2143 1536 2450 1609 episcopus
2505 1537 3184 1609 Constantinopolitanns
3209 1539 3472 1593 Corinthi
3499 1542 3788 1609 synodum

2142 1607 2356 1675 (utsibi
2375 1607 2695 1678 videbatur)
2711 1607 2979 1675 ediceret,
3004 1609 3212 1664 scribit
3237 1609 3487 1677 pontifex
3504 1607 3787 1667 actionem

2142 1690 2363 1751 omnem
2383 1687 2554 1748 atque
2573 1680 3044 1736 deliberationem
3076 1681 3202 1735 tolli
3236 1688 3362 1746 post
3387 1683 3622 1737 Romani
3666 1697 3790 1751 pon-

2144 1749 2319 1803 titlcis
2361 1751 2650 1822 judicium
2699 1753 2813 1806 :ad
2865 1765 2929 1806 ea
2979 1765 3161 1822 usque
3219 1757 3472 1821 tempora
3503 1749 3786 1809 neminem

2143 1833 2395 1889 unquam
2450 1819 2631 1877 fuisse
2661 1836 2866 1878 ausum
2917 1819 3223 1891 provocare
3273 1819 3600 1890 apostolicae
3633 1825 3788 1879 sedis

2138 1893 2540 1947 auctoritatem
2585 1907 2888 1956 summam,
2931 1907 2962 1948 a
2987 1894 3156 1962 cujus
3187 1895 3473 1949 sententia
3501 1896 3788 1964 appellare

2142 1975 2251 2035 non
2283 1964 2436 2035 licet,
2464 1966 2867 2035 auctoritatem
2889 1978 2947 2020 se
2966 1966 3095 2019 .lesu
3127 1965 3376 2035 Christo,
3420 1979 3530 2020 non
3585 1968 3788 2021 conci—

2141 2031 2242 2089 liis
2267 2031 2551 2104 acceptam
2574 2033 2781 2092 referre
2802 2055 2817 2106 ;
2836 2037 3050 2091 Nicaeni
3072 2050 3300 2106 quoque
3316 2031 3552 2091 concilii
3573 2039 3784 2106 Patres,

2141 2107 2356 2175 quippe
2387 2106 2603 2177 quibus
2632 2107 3142 2176 persuasissimum
3171 2116 3294 2161 erat
3336 2109 3620 2177 quidquid
3659 2123 3694 2164 a
3732 2123 3787 2163 se

2143 2177 2380 2232 honoris
2411 2178 2685 2233 collatum
2737 2177 2882 2234 foret
2942 2179 3000 2234 in
3045 2178 3418 2247 apostolicam
3451 2179 3666 2245 sedem,
3726 2193 3788 2234 ne

2141 2250 2397 2320 maximo
2429 2251 2660 2318 quidem
2690 2249 2992 2304 intervallo
3023 2257 3423 2305 assecuturum
3449 2253 3788 2320 praerogati—

2141 2333 2238 2374 vas
2270 2318 2484 2396 quibus
2513 2334 2544 2375 a
2590 2320 2820 2396 Ohristo
2871 2321 3112 2376 Domino
3165 2321 3529 2396 cohonestata
3579 2318 3786 2396 fuerat,

2143 2405 2244 2459 pro
2295 2391 2488 2446 eadem
2545 2391 2707 2446 nihil'
2739 2405 2863 2447 esse
2915 2405 3086 2447 ausos
3131 2393 3528 2447 constituere:
3565 2393 3786 2447 nullum

2143 2475 2307 2534 posse
2327 2461 2396 2516 ab
2427 2464 2686 2516 omnium
2712 2465 2901 2534 capite
2933 2463 3315 2518 Ecclesiarum
3355 2463 3615 2532 deﬁcere,
3645 2466 3785 2534 quin

2139 2546 2173 2587 a
2196 2533 2524 2587 Christiana
2562 2534 2738 2587 simul
2773 2533 2882 2589 ﬁde
2910 2534 3214 2588 desciscat.

2211 2603 2517 2660 leestino
2545 2604 2814 2674 pontiﬁce
2848 2607 3316 2675 provocationum
3367 2607 3696 2674 prosecutio
3727 2606 3787 2659 ﬁt

2143 2674 2212 2729 ad
2236 2675 2609 2739 apostolicam
2633 2674 3013 2746 sedem,quas
3058 2676 3347 2732 Antonius
3397 2677 3786 2732 Fussaliensis

2141 2746 2447 2818 episcopus
2489 2752 2547 2801 et
2589 2749 2863 2815 Apiarius
2891 2747 3200 2818 presbyter
3247 2747 3594 2802 detulerant.
3627 2747 3784 2816 Quod

2144 2830 2242 2888 pro
2267 2817 2518 2872 Antonio
2543 2818 2832 2886 judicium
2879 2817 2993 2873 fuit
3025 2819 3224 2885 latum,
3258 2819 3512 2873 consulti
3539 2820 3783 2888 speciem

2141 2885 2418 2942 referebat
2435 2885 2609 2954 super
2628 2889 2824 2945 libello
2855 2889 3106 2958 supplici
3129 2905 3144 2945 :
3165 2896 3222 2944 et
3244 2889 3432 2958 ipsius
3457 2903 3526 2944 ex
3549 2885 3780 2944 dimcesi

2143 2958 2339 3027 populi
2357 2959 3159 3015 obstiteruntneexsecutioni
3179 2961 3561 3016 mandaretur.
3581 2962 3782 3015 Iisdem

2139 3029 2429 3109 Antonins
2448 3031 2706 3109 minantur
2723 3031 3046 3109 yim,cujus
3071 3031 3184 3109 sibi
3219 3032 3441 3109 copiam
3465 3045 3498 3085 a
3522 3031 3784 3109 pontiﬁce

387 3114 448 3156 se
478 3102 635 3176 ipsos
691 3097 1008 3169 apostolica
1033 3099 1210 3176 sedes
1260 3099 1407 3176 haud
1459 3099 1597 3176 aliis
1650 3097 1876 3176 legibus
1923 3097 2034 3176 ob;
2062 3111 2111 3176 α
2140 3099 2331 3176 aiebat
2353 3099 2693 3176 factumiri.
2723 3097 2901 3157 Divus
2924 3097 3304 3176 Augustinus
3331 3101 3416 3176 (j),
3442 3097 3540 3172 qui
3576 3104 3786 3176 Fussa-

385 3166 713 3241 stringeret,
732 3166 917 3241 quam
950 3170 1164 3240 quibus
1208 3170 1513 3241 prudentia
1537 3175 1594 3227 et
1613 3166 1854 3240 mquitas
1892 3166 2036 3223 obli-

389 3243 606 3313 gandos
630 3256 752 3297 esse
786 3243 1108 3313 suaderent.

460 3315 612 3368 Inter
643 3313 760 3368 hinc
774 3312 1063 3368 Antonius
1082 3313 1470 3369 Fussaliensis
1494 3313 1800 3381 episcOpus
1833 3310 1892 3364 in
1918 3309 2032 3381 Nu-

388 3384 567 3439 midia
600 3389 866 3454 provocat
895 3397 928 3438 a
975 3385 1258 3440 sententia
1312 3380 1888 3452 comprdvincialium
1918 3380 2034 3448 epi-

388 3468 714 3524 scoporum,
746 3454 812 3524 (f)
843 3455 940 3525 qui
974 3468 1004 3509 e
1031 3457 1263 3525 propria
1293 3455 1482 3524 ipsum
1535 3454 1666 3508 sede
1697 3454 2027 3525 rejecerant.

386 3522 896 3582 Commendat'itia's
948 3522 1153 3582 habuit
1197 3522 1420 3581 litteras
1479 3526 1572 3580 sui
1634 3522 2029 3592 metropolitaa,

388 3595 616 3666 fuitque
644 3609 676 3651 a
726 3597 994 3664 pontiﬁce
1025 3598 1332 3652 restitutus
1380 3597 1440 3651 in
1493 3596 1781 3665 propriam
1821 3594 2030 3666 sedem,

391 3667 471 3722 ita
498 3665 684 3722 tamen
713 3673 775 3723 ut
807 3667 968 3723 nulla
994 3676 1142 3723 esset
1173 3668 1468 3737 subreptio
1497 3671 1555 3722 in
1585 3669 1660 3721 iis
1693 3679 1817 3736 quae
1846 3665 2034 3720 Romae

389 3743 748 3807 exposuerat.
781 3738 852 3808 (g)
875 3740 990 3793 Hoc
1039 3746 1309 3808 regnante
1342 3738 1607 3807 pontiﬁce
1639 3737 2028 3808 imperatores.

391 3806 795 3864 ut’audaciam‘
814 3806 1246 3878 Pelagianorum
1274 3806 1734 3877 comprimerent,
1764 3806 2034 3878 qui,_sic—

392 3885 458 3934 ut
488 3879 885 3933 haereticorum
920 3876 979 3932 in
1009 3893 1161 3933 more
1207 3876 1456 3946 positum
1488 3887 1592 3941 est,
1639 3876 2035 3933 declamabant

391 3955 587 4004 contra
607 3950 662 4003 S.
696 3949 905 4017 sedem,
931 3949 1000 4003 ab
1046 3949 1286 4018 imperio
1327 3956 1444 4004 toto
1486 3949 1773 4018 Pelagium
1827 3953 1882 4002 et
1912 3959 2032 4002 cm-

393 4019 624 4074 lestium
653 4032 960 4088 omnesque
993 4019 1195 4075 horum
1227 4021 1606 4076 administros
1630 4019 2027 4085 eliminarunt,

391 4090 932 4161 constitueruntque
963 4091 1096 4147 utsi
1119 4091 1219 4161 qui
1246 4093 1512 4161 episcopo
1551 4096 1749 4147 contra
1796 4096 2038 4156 aposto—

394 4160 520 4214 licaa
552 4161 706 4216 sedis
722 4161 955 4232 decreta
980 4160 1308 4218 recusarent
1334 4160 1692 4218 damnationi
1737 4161 2035 4232 proscrip—

394 4237 621 4300 ptorum
647 4231 1029 4299 subscribere,
1058 4235 1280 4289 easdem
1314 4247 1507 4302 pmnas
1531 4233 1814 4290 subirent.

464 4303 873 4370 Expostulante
888 4303 1195 4359 Valentiam
1222 4305 1568 4370 urbisclero,
1594 4306 1742 4374 quod
1766 4304 2032 4374 proprius

393 4374 700 4443 episc0pus
750 4374 1033 4431 Maximus
1073 4375 1274 4430 multis
1321 4378 1633 4431 arcessitus
1684 4375 2032 4431 criminibus

394 4452 757 4517 conspectum
780 4460 1002 4516 semper
1026 4447 1387 4516 cognitorum
1445 4448 1840 4517 declinaverit,
1887 4459 2031 4515 quos

393 4516 447 4571 S.
481 4511 644 4572 sedes
672 4531 818 4587 saepe
845 4511 1056 4587 saepius
1083 4511 1388 4587 praesentes
1404 4519 1632 4588 judices
1651 4511 2032 4575 constituerat
2061 4511 2115 4572 D

399 4594 467 4660 ut
481 4597 884 4660 cognoscerent
909 4591 1034 4658 ejus
1061 4602 1288 4645 causam
1314 4609 1329 4660 ς
1367 4589 1692 4645 Bonifacius
1721 4606 1818 4660 per
1846 4591 2034 4645 decre-

394 4659 883 4732 talemepistolam
901 4662 1206 4716 denuntiat
1226 4676 1286 4717 se
1309 4659 1633 4732 quanquam
1655 4659 2034 4718 ut'contuma-

393 4743 510 4785 cem
541 4731 812 4786 damnare
868 4740 1056 4802 posset
1087 4731 1424 4797 Maximum,
1453 4731 1641 4788 tamen
1676 4734 1818 4789 velle
1843 4735 2029 4802 ipsius

391 4815 621 4857 causam
646 4803 715 4858 ad
749 4808 972 4872 tempus
992 4811 1209 4860 certum
1236 4803 1486 4873 differre,
1513 4805 1674 4860 novis
1697 4804 2034 4869 constitutis

393 4874 912 4946 recuperatoribus,
988 4890 1102 4945 quo
1153 4875 1434 4944 praeﬁnito
1464 4883 1716 4946 tempore
1771 4881 2032 4943 exeunte,

392 4943 830 5018 latitaretreus,
863 4943 1375 5018 necne,sententia
1402 4948 1460 5002 in
1489 4943 1678 5018 ipsum
1700 4947 2034 5018 pronuntia-

392 5019 571 5088 retur.
604 5015 732 5088 Alia
761 5017 816 5088 in
840 5017 1112 5072 decretali
1135 5018 1204 5078 ad
1222 5015 1646 5074 Narbonensem
1674 5015 2030 5088 episcopum,

391 5086 710 5160 Arelatensi
737 5087 1001 5160 primatis
1021 5089 1360 5159 dignitatem
1381 5088 1589 5160 aufert,
1614 5086 1739 5158 qua:
1758 5104 1790 5146 a
1814 5086 2036 5146 Zosimo

390 5155 595 5238 collata
630 5155 843 5238 incum
877 5155 1548 5238 fuerat.:Corinthiacum
1578 5155 2035 5238 metropolitam

393 5226 710 5298 conﬁrmat,
769 5227 1022 5297 impense
1053 5231 1108 5286 id
1151 5231 1424 5286 suadente
1479 5226 1816 5300 apostolico'
1845 5234 2033 5304 ipsius

481 5331 534 5406 ᾳ)
563 5335 764 5406 Zosim.
802 5336 925 5406 PP.,
953 5321 1105 5406 ep's.

483 5349 515 5385 a
563 5335 764 5389 Zosim.
802 5336 925 5406 PP.,
953 5351 1022 5406 ep
1050 5335 1105 5392 ὅ.

485 5403 514 5456 b
561 5403 615 5458 S.
645 5407 885 5485 August.
909 5421 993 5477 ep.
1027 5406 1144 5463 447.
1170 5410 1238 5464 ad
1266 5410 1452 5488 Optat.

483 5331 1095 5596 (ἑῗῒὲῗίίνῗζὲὶέῗέθ
1130 5481 1310 5537 me“
1339 5482 1452 5538 3‘“

483 5476 533 5554 ei
559 5476 752 5554 iipist.
775 5493 897 5547 syn.
939 5476 1095 5554 conc.
1130 5476 1408 5538 Afric.‘ad
1436 5479 1621 5554 Bonif.
1654 5485 1752 5540 PP.

523 5543 538 5612 )
565 5543 685 5600 Lib.
723 5543 938 5618 iv,'cap.
966 5547 988 5604 4
999 5548 1052 5604 2.
1503 5543 1529 5572 ’³

483 5615 531 5759 εξ
557 5618 763 5686 Synod.
804 5615 1152 5689 supradicta.

483 5691 516 5753 f
557 5688 612 5756 S.
644 5689 923 5759 Aug.,ep.
951 5688 1069 5747 464.

481 5688 531 5759 Ῑ)
557 5688 612 5756 S.
644 5689 815 5763 Aug,-
951 5688 1069 5747 464.

2143 3169 2414 3226 liensium
2437 3172 2698 3242 mquitati
2717 3186 2904 3228 causa:
2923 3169 3131 3228 mirum
3160 3173 3216 3227 in
3243 3169 3476 3228 modum
3501 3173 3781 3238 studebat,

2143 3242 2356 3311 quippe
2386 3243 2487 3312 qui
2511 3245 2705 3298 eodem
2730 3244 3083 3298 sollicitante
3115 3243 3185 3298 ab
3217 3245 3571 3313 Hipponensi
3603 3244 3785 3313 ipsius

2143 3313 2475 3382 episcopatu
2496 3314 2674 3369 divisi
2699 3313 2944 3382 fuerant.
2973 3315 3188 3370 detulit
3215 3316 3284 3369 ad
3323 3323 3578 3370 sanctam
3598 3316 3780 3370 sedem

2141 3384 2583 3457 Antoniilitem,
2606 3399 2781 3441 novas
2809 3387 3129 3457 adjungens
3152 3387 3404 3457 rationes
3434 3389 3501 3441 ad
3536 3387 3784 3455 proban-

2141 3455 2578 3524 dumjudicium
2604 3463 2802 3512 contra
2827 3455 3079 3512 illum'in
3102 3456 3297 3512 Africa
3318 3458 3780 3525 pronunciatum.

2140 3525 2269 3597 Divi
2292 3527 2544 3594 ejusdem
2566 3527 2822 3583 doctoris
2839 3529 2904 3582 ad
2934 3527 3388 3596 Quodvultdeum
3409 3528 3656 3597 epistola
3688 3540 3785 3581 nos

2141 3596 2408 3670 admonet
2437 3611 2496 3652 se
2545 3612 2755 3670 munus
2801 3600 3007 3654 iterum
3059 3600 3384 3670 suscepisse
3430 3596 3779 3670 guberdandi

2143 3668 2534 3724 Fussalienses
2563 3669 2632 3740 (k)
2662 3689 2677 3731 ς
2712 3672 2863 3725 unde
2883 3671 3197 3738 conjicitur
3226 3668 3631 3725 Africanorum
3665 3681 3778 3723 sen-

2145 3740 2381 3793 tentiam
2411 3741 2596 3795 Romae
2624 3740 2806 3797 fuisse
2845 3741 3258 3797 conﬁrmatam.

2211 3808 2485 3882 Apiarius
2513 3812 2823 3882 presbyter,
2849 3812 3209 3867 anathemate
3246 3813 3453 3867 iterum
3481 3823 3785 3881 percussus

2144 3879 2203 3953 i_n
2234 3880 2430 3937 Africa
2477 3879 2548 3937 ob
2578 3879 2720 3938 nova
2751 3879 3018 3951 crimina,
3073 3884 3447 3953 apostolicam
3478 3879 3548 3938 ad
3601 3883 3781 3953 sedem

2141 3951 2328 4007 denuo
2357 3961 2771 4022 provocaverat.
2806 3954 3067 4010 Pontifex
3104 3951 3296 4012 eodem
3321 3969 3450 4010 cum
3481 3955 3666 4024 legato
3689 3951 3785 4021 qui

2141 4030 2306 4079 antea
2321 4025 2556 4080 dederat
2575 4038 2800 4094 operam
2839 4033 2902 4081 ut
2933 4027 3354 4095 restitueretur,
3383 4040 3513 4082 eum
3538 4025 3783 4089 remisit,

2143 4097 2545 4166 mandavitque
2565 4103 2627 4151 ut
2641 4097 2918 4154 beneﬁcio
2937 4097 3324 4153 absolutionis
3341 4103 3599 4154 uteretur
3618 4107 3788 4164 quam

2144 4168 2266 4236 ipse
2285 4167 2660 4239 largiebatur,
2687 4169 2996 4224 dummodo
3021 4183 3129 4231 res,
3173 4169 3658 4239 quemadmodum
3681 4179 3790 4219 ex—

2144 4247 2431 4308 posuerat,
2450 4252 2509 4294 se
2532 4238 2823 4294 haberent.
2851 4240 2990 4296 Cum
3011 4254 3140 4295 vero
3170 4238 3219 4294 is
3242 4241 3478 4295 minime
3509 4238 3789 4292 valuisset

2141 4312 2398 4378 exposita
2426 4310 2814 4379 comprobare,
2845 4311 3032 4380 legum
3054 4313 3408 4367 severitatem
3437 4309 3642 4365 subiit.

2212 4382 2454 4436 Nicaanaa
2471 4381 2673 4450 synodi
2694 4378 2858 4451 copia
2881 4378 3028 4436 facta
3049 4388 3170 4436 erat
3186 4383 3341 4437 Afris
3357 4381 3427 4436 ab
3447 4381 3683 4436 Oriente
3699 4378 3786 4451 (1.);

2143 4465 2318 4522 quare
2342 4453 2513 4508 iidem
2527 4453 2594 4507 ad
2623 4450 2945 4521 pontiﬁcem
2973 4451 3652 4521 tradideruutepistolam
3676 4450 3786 4504 tria

2142 4524 2308 4579 enixe
2330 4528 2583 4593 petentes
2611 4543 2623 4577 :
2661 4525 2930 4592 primum,
2957 4531 3021 4579 ut
3042 4538 3109 4578 ne
3127 4531 3239 4579 tam
3259 4524 3458 4579 faciles
3477 4534 3788 4578 accommo-

2143 4596 2300 4650 daret
2327 4609 2495 4650 aures
2530 4595 2968 4662 provocantibus
3000 4614 3015 4664 ;
3045 4595 3272 4660 deinde,
3307 4609 3375 4650 ne
3397 4597 3571 4650 Roma
3607 4597 3791 4664 mitte-

2146 4672 2248 4730 ret,
2283 4667 2382 4736 qui
2404 4679 2514 4721 una
2533 4680 2663 4722 cum
2697 4663 3197 4735 recuperatOribus
3216 4667 3287 4722 ab
3316 4666 3634 4734 apostolica
3656 4663 3785 4718 sede

2144 4735 2567 4793 constituendis
2587 4739 2648 4792 in
2681 4737 2938 4807 qualibet
2961 4739 3273 4806 provincia,
3290 4738 3615 4807 judicaret:
3648 4735 3782 4789 dum

2147 4810 2202 4886 id
2229 4810 2371 4886 mini
2381 4822 2466 4864 me
2481 4809 2767 4886 sancitum
2789 4815 2938 4886 esset
2958 4808 3029 4886 ab
3051 4809 3403 4886 ullasynado
3423 4808 3628 4886 icanon
3647 4809 3786 4886 Sar-

2143 4881 2397 4938 dicensis
2413 4879 2650 4935 concilii
2684 4881 2963 4948 septimus
2987 4880 3091 4935 hos
3119 4879 3285 4935 Afros
3308 4878 3537 4950 latebat)
3566 4898 3582 4948 ;
3614 4878 3786 4950 tertio

2144 4955 2393 5022 demum,
2430 4964 2500 5022 ne
2525 4946 2827 5022 saaculares
2869 4951 3242 5022 magistratus
3275 4946 3690 5007 adhiberentur
3714 4946 3784 5002 ad

2144 5038 2208 5079 ea
2234 5036 2361 5094 qua:
2386 5021 2503 5094 ipsi
2529 5021 2915 5094 decrevissent
2943 5021 3300 5085 exsecutioni
3335 5022 3675 5085 mandanda.

2214 5091 2274 5152 In
2309 5091 2579 5150 decretali
2608 5093 2676 5147 ad
2709 5092 3010 5162 episcOpos
3043 5094 3417 5158 Viennensem
3461 5099 3516 5148 et
3561 5091 3790 5146 Narbo-

2147 5178 2377 5246 nensem
2403 5163 2816 5246 episiola,_post
2834 5164 3071 5246 aliquot.
3089 5165 3332 5226 traditas
3347 5164 3675 5246 disciplina:
3692 5174 3789 5246 re—

2144 5238 2310 5307 gulas
2333 5247 2506 5304 super
2533 5232 2734 5289 habitu
2755 5232 3167 5304 ecclesiastico,
3203 5235 3580 5308 quorumdam
3613 5232 3792 5288 rusti-

2211 5344 2283 5418 (9)
2313 5344 2520 5418 Honor.
2546 5342 2809 5410 imperat.
2845 5342 3108 5413 rescript.
3150 5349 3304 5398 cont.
3340 5342 3526 5415 Pelag.
3560 5342 3628 5398 ad
3661 5342 3789 5398 Au-

2138 5415 2240 5474 rel.
2265 5421 2320 5471 et
2339 5415 2483 5484 Aug.
2806 5476 2808 5478 ,

2206 5485 2473 5571 ςζξ)-ᾼρᾳᾱ
2496 5497 2655 5540 conc.
2684 5479 2919 5556 Roman.
2963 5498 3026 5540 ιιι
3074 5482 3181 5552 sub
3209 5483 3394 5546 Bonif.
3431 5487 3495 5554 II.

2228 5488 2281 5571 Ii)
2312 5488 2473 5568 Apud
2496 5497 2655 5540 conc.
2685 5488 2919 5556 Roman.
2963 5498 3026 5540 ιιι
3074 5488 3181 5552 sub.
3209 5488 3394 5546 Bonif.
3431 5488 3478 5554 II

2206 5488 2278 5706 ἓξ)
2297 5556 2760 5706 ἓιὲίιειιδι..Λβμ,
2782 5624 2908 5688 264.
2941 5627 3009 5688 ad
3036 5628 3328 5700 leesttn.
3353 5643 3478 5706 pap.

2213 5695 2284 5842 ξιξ)
2306 5695 2501 5779 Ejusd':
2529 5712 2618 5768 ep.
2648 5695 2773 5754 2'24.

2237 5769 2273 5841 ι)
2290 5769 2570 5838 Synodica
2593 5783 2752 5840 conc.

2237 5768 2570 5841 l)Synodica
2593 5783 2752 5840 conc.
2783 5768 2901 5839 Afr.
2925 5770 2994 5835 ad
3024 5769 3247 5838 (malest.
3272 5785 3495 5844 papam.
