3994 6172
281 298 387 359 957

1163 307 1254 365 DE
1290 309 1826 366 PREEMINENTIA
1863 308 1948 364 ET
1984 307 2463 368 AUCTORITATE
2499 311 2552 367 S.
2595 313 2806 369 SEDIS.

3581 308 3690 369 958

279 429 458 508 citate
485 429 544 485 in
578 430 930 508 poenitentiae
960 441 1316 508 sacramento
1347 435 1830 508 administrando,
1866 447 1932 490 ac
1962 435 2021 496 A
2043 448 2167 508 esse
2192 436 2559 508 videbantur,
2601 452 2728 492 cum
2762 451 2885 493 sese
2924 443 3207 492 armarent
3233 438 3426 493 Patres
3459 451 3688 494 necesse

280 500 636 582 negligentia
660 501 717 556 in
749 516 1144 582 ep_:scoporum
1179 507 1504 582 gradusque
1535 500 1828 582 inferioris
1848 519 1932 582 ec-

281 571 744 654 clesiasticarum
777 571 1052 654 electione
1075 595 1099 654 ;⁸
1113 571 1334 632 eosdem
1368 571 1667 654 episcopos
1682 577 1934 654 Caelesti-

278 656 396 697 nus
420 647 712 718 renuntiat
735 647 1059 718 cognitores
1088 648 1144 701 in
1171 661 1338 703 causa
1365 651 1609 704 duorum
1628 649 1931 718 episcopo-

280 728 435 769 rum.
478 716 539 768 In
577 714 851 796 decretali
885 718 953 772 ad
983 718 1282 796 episcopos
1324 719 1599 775 Calabria;
1629 714 1685 775 et
1708 714 1933 796 Apuliae

277 798 578 866 sacrorum
606 789 683 840 iis
699 799 980 866 canonum
1002 789 1324 866 scientiam,
1355 797 1548 866 utpote
1568 792 1801 866 omnino
1829 802 1936 844 ne-

277 858 594 911 cessariam
626 858 932 926 episcOpis,
953 862 1342 916 commendat:
1373 858 1434 916 se
1468 861 1802 931 signiﬁcans
1835 873 1935 930 pro

276 941 508 982 summa
530 941 642 1052 (ζέω
671 935 759 983 est
785 936 1060 1010 potestate
1094 932 1460 1000 praecipiendi
1488 933 1814 987 eorumdem
1834 944 1930 986 ca-

276 1012 498 1052 nonum
519 1012 551 1052 o
593 1005 956 1052 servantiam.
998 1002 1055 1052 in
1087 1015 1183 1052 eos
1205 1003 1662 1052 animadversum
1695 1003 1878 1052 omnis
1902 1015 1930 1052 a

275 1012 498 1081 nonum
519 1001 957 1081 observantiam,
979 1002 1055 1081 _in
1087 1015 1183 1081 eos
1205 1003 1662 1081 animadversum
1695 1003 1878 1081 poenis
1902 1015 1935 1057 a

267 1071 410 1138 jure
427 1069 763 1152 praefinitis,
777 1085 922 1152 quos
940 1071 1418 1152 obsequiumtsute
1433 1069 1767 1152 auctoritati
1788 1074 1936 1152 suis-

274 1155 395 1210 que
425 1141 989 1212 mandatisidebitum
1013 1143 1080 1198 ad
1098 1141 1398 1212 pr0prium
1423 1145 1661 1199 minime
1683 1143 1932 1200 oﬁicium

277 1211 636 1293 perduxerit.
656 1211 792 1293 .Alia
819 1213 1045 1293 demum
1071 1211 1129 1268 in
1146 1211 1419 1293 decretali
1438 1215 1776 1293 epistolaad
1795 1213 1937 1293 llly:

273 1283 440 1338 ricos
462 1281 735 1354 praesules
750 1283 1002 1339 declarat
1032 1299 1264 1340 munera
1287 1287 1380 1340 sui
1400 1281 1702 1354 apostolici
1727 1281 1931 1340 vicarii

271 1367 407 1408 esse
437 1371 450 1407 :
478 1353 830 1408 deﬁnitivam
861 1355 918 1408 in
960 1369 1024 1410 ea
1052 1357 1348 1423 provincia
1376 1353 1717 1411 sententiam
1764 1356 1932 1420 ferre,

271 1439 618 1480 consecrare
648 1425 966 1496 episcopos,
999 1440 1309 1482 convocare
1338 1428 1605 1496 synodos,
1638 1433 1692 1481 et
1731 1440 1934 1482 causas

271 1510 413 1622 gat:
466 1496 534 1551 ad
583 1495 953 1565 apostolicam
1005 1498 1191 1553 sedem
1245 1495 1553 1553 referenda:
1599 1497 1785 1554 forent
1823 1512 1936 1552 au—

324 1583 382 1622 ιι·
422 1608 434 1620 .

324 1581 434 1622 πθ.

354 1638 668 1721 Pelagiani,
701 1637 1217 1721 sollicitationibus
1234 1640 1598 1721 acaprecibus
1630 1641 1937 1721 undequa—

271 1725 316 1780 q
365 1709 714 1776 eadhibitis,
752 1710 942 1764 conati
974 1717 1111 1766 sunt
1145 1711 1468 1780 pontiﬁcem
1495 1711 1562 1766 ad
1597 1725 1656 1766 se
1685 1709 1938 1766 audien-

279 1781 398 1836 dos
430 1781 742 1850 perducere
783 1780 856 1851 (a)
889 1803 894 1830 ;

269 1851 574 1921 capitibus
619 1853 1125 1908 accommodandas
1181 1867 1370 1920 aures,
1408 1868 1477 1908 ex
1497 1851 1651 1922 juris
1682 1852 1940 1920 praescri-

273 1931 380 1992 pto
411 1923 700 1977 damnatis
732 1941 746 1985 ;
782 1937 1070 1993 unamque
1103 1925 1177 1979 iis
1207 1925 1290 1979 ait
1320 1927 1468 1979 viam
1501 1937 1626 1979 esse
1652 1923 1934 1992 reliquam

266 1994 352 2050 ad
397 1993 710 2048 Ecclesiam
743 1994 1028 2058 redeunti,
1062 1996 1456 2065 pmnitentiam
1487 1994 1583 2065 (ὁ).
1649 1996 1711 2049 In
1751 1995 1940 2062 majo-

267 2079 402 2120 rem
444 2065 797 2120 Britanniam
834 2066 1014 2132 misit,
1045 2068 1144 2136 qui
1191 2067 1543 2136 provinciam
1575 2065 1649 2136 ab
1682 2065 1792 2120 ista
1833 2065 1941 2120 hae-

271 2137 397 2192 resi
444 2143 849 2207 expurgarent.
896 2135 1198 2207 ScotiSque
1236 2138 1397 2192 dedit
1447 2135 1749 2206 praesulem
1804 2150 1934 2191 cum

267 2207 600 2278 evangelici
664 2208 942 2276 praeconis
988 2215 1284 2277 potestate,
1337 2221 1452 2277 quo
1503 2208 1561 2262 in
1603 2207 1936 2278 Hiberniam

269 2277 764 2349 proﬁCisceretur,
814 2285 933 2334 tum
964 2286 1028 2334 ut
1059 2281 1158 2350 qui
1194 2279 1487 2334 Christum
1523 2278 1734 2350 ibidem
1777 2277 1938 2350 cole-

269 2355 433 2417 rent,
467 2348 890 2418 servaret,tum
923 2357 986 2406 ut
1024 2348 1198 2406 novos
1225 2351 1294 2406 ad
1341 2349 1710 2420 Evangelium
1742 2348 1939 2404 culto—

268 2436 374 2477 res
395 2421 751 2491 adiungeret.

356 2493 507 2547 Idem
558 2491 812 2561 pontifex
845 2494 1244 2549 Nestorianam
1285 2493 1547 2548 haeresim
1581 2493 1937 2546 condemna-

267 2565 368 2618 vit
413 2577 480 2618 ex
512 2563 799 2618 delatione
828 2563 894 2618 ad
943 2578 1002 2619 se
1040 2563 1186 2618 facta
1235 2579 1331 2632 per
1379 2563 1655 2634 Cyrillum
1700 2562 1936 2617 Alexan-

267 2635 520 2690 drinum
575 2633 658 2703 (ο).
708 2635 1110 2690 Ηειξινεείθι-οὴω
1157 2635 1371 2704 pariter
1398 2633 1784 2703 depositionis
1813 2648 1939 2702 poe-

271 2720 417 2761 nam
447 2706 684 2769 indixit,
707 2707 821 2760 nisi
842 2713 1053 2762 statum
1084 2708 1234 2760 intra
1251 2713 1477 2773 tempus
1498 2719 1635 2760 suos
1655 2719 1723 2759 ex
1744 2706 1938 2759 animo

268 2791 344 2832 se
391 2790 615 2832 errores
663 2778 898 2846 ejecisse
941 2778 1179 2846 scriptis
1224 2777 1610 2832 conﬁrmaret.
1665 2775 1937 2830 Eumdem

266 2851 348 2903 D.
396 2847 675 2917 Cyrillum
724 2849 1103 2917 apostolicum
1145 2862 1313 2904 suum
1339 2848 1622 2902 vicarium
1653 2846 1935 2917 instituit,

273 2928 350 2975 ut
376 2915 735 2974 exsecutioni
765 2915 1005 2974 curaret
1033 2919 1291 2975 mandari
1333 2920 1672 2974 sententiam
1703 2931 1734 2971 a
1761 2931 1820 2971 se
1847 2915 1936 2970 la-

269 2998 398 3045 tam
426 2996 620 3046 contra
656 2990 981 3046 Nestorium
1011 3007 1025 3059 ;
1057 3003 1237 3060 eaque
1268 2991 1328 3045 in
1355 3004 1484 3045 eum
1516 2989 1718 3044 collata
1738 2988 1938 3060 digni-

271 3068 371 3116 tas
402 3075 577 3116 causa
618 3059 730 3116 fuit
755 3075 861 3117 cur
889 3058 1257 3116 (ecumeuicze
1296 3061 1514 3131 synodo
1541 3059 1749 3128 Ephesi
1779 3058 1936 3131 cele—

271 3133 463 3188 bratae
491 3132 742 3203 Cyriilus
793 3139 1056 3201 praeesset
1101 3131 1195 3203 (d).
1229 3130 1548 3187 Concilium
1585 3130 1932 3203 idomnium
1964 3138 2016 3202 ο
2048 3134 2099 3184 S.
2162 3131 2372 3203 sedem,

273 3201 543 3271 partium
571 3202 881 3272 eﬁlagitatu
923 3201 1206 3258 indictum
1253 3202 1385 3271 fuit,
1414 3216 1542 3257 cum
1575 3201 1778 3270 primis
1802 3213 1933 3255 ve.o

270 3275 579 3344 flagitante
618 3275 899 3341 Nestorio,
938 3275 1052 3344 qui
1087 3273 1362 3344 Cyrillum
1405 3272 1716 3328 delatorem
1760 3284 1932 3344 suum

269 3351 338 3400 et
365 3341 563 3413 ipsum
620 3345 883 3400 haeretica
935 3341 1061 3399 labe
1091 3341 1348 3400 notatum
1381 3357 1504 3398 esse
1533 3341 1927 3413 contendebat.

275 3412 602 3472 Potestates
630 3415 828 3485 ambae,
863 3415 1159 3484 pontiﬁcia
1189 3422 1246 3470 et
1277 3413 1623 3484 imperialis,
1647 3412 1937 3485 simul,tut

275 3488 465 3542 moris
512 3492 654 3548 erat,
714 3483 1053 3555 conjunctae,
1110 3483 1377 3541 fuerunt
1417 3485 1488 3540 ob
1540 3483 1935 3555 convocandos

273 3560 587 3629 episcopos
614 3553 969 3629 interposita:
992 3553 1076 3628 (ε).
1101 3557 1528 3629 Alexandrinus
1556 3553 1784 3629 praesul,
1819 3561 1937 3608 tan-

276 3625 457 3696 quam
488 3625 808 3698 'delegatus
855 3628 926 3683 ab
955 3625 1270 3698 apOStolica
1313 3627 1464 3698 sede,
1503 3627 1686 3693 prima
1718 3625 1775 3679 in
1809 3639 1938 3679 ses-—

276 3702 472 3770 sione,
510 3697 705 3755 habita
730 3697 1032 3770 antequam
1062 3705 1341 3754 venerunt
1372 3697 1539 3770 legati
1575 3704 1693 3770 tres
1721 3709 1752 3749 a
1791 3708 1938 3770 pon—

279 3766 663 3837 tiﬁce'missi,
699 3766 966 3840 prmsedit
995 3770 1191 3834 solus;
1225 3766 1450 3824 caeteris
1477 3782 1607 3840 vero
1636 3769 1693 3840 in
1717 3766 1937 3840 sessio—

281 3843 464 3898 nibus
491 3843 558 3896 ad
578 3837 896 3897 absolutam
923 3855 1102 3912 usque
1123 3840 1396 3912 synodam
1419 3846 1534 3895 tres
1562 3837 1797 3894 iisimul
1822 3850 1935 3892 una

277 3929 418 3970 cum
453 3914 579 3982 ipso
607 3913 822 3982 Cyrillo
850 3911 1217 3982 praefuerunt.

354 3980 566 4040 Eadem
594 3980 891 4054 in‘synodo
912 3984 1069 4038 nulla
1086 3983 1323 4038 omnino
1337 3981 1451 4038 fuit
1470 3980 1717 4054 quastio
1737 3993 1932 4054 earum

279 4070 481 4111 rerum
504 4055 570 4125 (f)
587 4050 721 4126 quai
738 4069 769 4110 a
793 4055 1060 4124 pontiﬁce
1080 4055 1410 4126 constitutae
1439 4050 1504 4107 ac
1529 4051 1780 4126 deﬁnita:
1805 4050 1934 4126 fue-

280 4133 419 4182 rant
438 4122 829 4183 decatholicae
852 4126 1116 4181 Ecclesiae
1147 4125 1272 4180 ﬁde.
1302 4125 1361 4179 Id
1388 4122 1780 4178 tantu...modo
1803 4123 1938 4192 agi-

279 4205 495 4264 tatum,
530 4204 594 4254 ut
613 4197 795 4252 eidem
827 4196 957 4252 ﬁdei
986 4198 1285 4251 Nestorius
1312 4197 1639 4260 adversans,
1663 4198 1763 4248 aut
1783 4193 1936 4261 pali—

279 4271 516 4325 nediam
541 4281 743 4324 canere
778 4267 1234 4337 compelleretur,
1263 4274 1363 4322 aut
1386 4281 1455 4322 ex
1488 4265 1714 4335 judicio
1738 4269 1936 4319 contra

280 4343 483 4407 ipsum
506 4339 578 4394 ab
605 4339 920 4409 apostolica
961 4339 1093 4394 sede
1127 4339 1498 4406 pronuntiato
1531 4341 1931 4409 deponeretur.

276 4411 446 4480 Quod
476 4424 611 4467 sane
630 4408 820 4466 Patres
847 4411 1259 4478 prtestiterunt,
1282 4416 1346 4463 ut
1369 4414 1562 4480 aperte
1581 4408 1936 4480 demonstrat

277 4476 575 4540 sententia
595 4476 984 4552 depositionis
1001 4488 1382 4552 quamcontra
1398 4476 1929 4552 illumtulerunug).

2044 505 2158 561 fuit
2183 508 2456 563 adversus
2483 505 2956 564 contumeliosam
2989 509 3194 578 agendi
3219 510 3496 564 rationem
3527 510 3689 564 Joan-

2045 580 2138 649 nis
2164 578 2526 649 Antiocheni,
2563 581 2684 648 qui,
2719 580 2966 634 Nestorii
3001 580 3262 633 doctrina
3292 580 3527 633 minime
3548 593 3689 648 pro—-
3765 588 3772 596 ‘

2044 648 2197 720 bata,
2223 656 2406 704 tamen
2438 648 2736 705 curaverat
2758 658 2821 706 ut
2849 652 2911 705 D.
2939 649 3140 720 Cyrilli
3169 650 3433 704 doctrina
3465 652 3522 704 in
3542 663 3688 704 con-

2045 719 2325 775 ciliabulo
2377 722 2569 776 eadem
2618 721 2675 775 in
2728 721 2866 776 urbe
2912 719 3130 790 Epheso
3160 727 3354 775 coacto
3381 720 3689 775 damnare-

2047 795 2142 844 tur
2165 790 2246 860 (j).
2293 793 2487 846 Patres
2520 793 2702 860 igitur
2746 798 2874 860 post
2900 793 3223 848 necessaria
3254 791 3468 846 monita
3497 791 3690 845 schis-

2047 862 2286 916 maticos
2302 862 2433 918 illos
2455 863 2741 931 optimoju
2752 877 2809 918 re
2824 876 2853 916 a
2869 863 3272 918 communione
3287 862 3688 932 sejunxerunt,

2046 945 2230 1000 neque
2250 940 2434 987 tamen
2457 934 2871 1002 doposuerunt,
2891 942 3100 988 sancta:
3117 932 3508 1000 sedisjudicio
3529 933 3694 1001 ejus—

2047 1004 2198 1059 modi
2217 1017 2434 1072 pmnam
2453 1004 2848 1072 imponendam
2870 1005 3283 1074 relinquentes,
3308 1003 3391 1057 uti
3409 1008 3694 1059 testantur

2047 1074 2105 1145 in
2139 1075 2414 1144 synodica
2452 1075 2521 1130 ad
2553 1075 2963 1144 Caelestinum;
3009 1089 3173 1145 quem
3218 1075 3355 1128 item
3388 1075 3691 1130 certiorem

2045 1143 2700 1214 feceruntdepositionis
2717 1153 2888 1216 atque
2909 1143 3103 1201 exsilii
3127 1159 3323 1214 postue,
3349 1159 3461 1214 qua
3482 1145 3687 1199 Nesto-

2046 1217 2197 1286 rium
2228 1217 2634 1272 damnaverant
2666 1230 2882 1272 necnon
2931 1217 3173 1272 alterius
3215 1216 3688 1286 episcopieidem

2045 1285 2290 1342 suﬁ‘ecti.
2313 1287 2669 1343 Theodosius
2693 1289 3002 1356 imperator
3020 1289 3168 1342 duos
3189 1285 3449 1356 pontiﬁci
3475 1285 3693 1356 legatos

2047 1358 2209 1412 misit
2254 1357 2603 1428 gratulatum
2650 1359 2721 1414 ob
2772 1359 3073 1414 victoriam
3108 1356 3197 1428 (k),
3229 1371 3396 1427 quam
3439 1356 3691 1428 Ecclesia

2047 1426 2322 1484 retulerat
2346 1430 2416 1483 de
2442 1430 2777 1497 harresibus,
2803 1426 3326 1498 prmelarisSimam,
3355 1426 3692 1498 apostolicis

2048 1506 2214 1554 utens
2246 1500 2477 1566 gladiis,
2509 1501 2726 1570 quibus
2755 1496 2933 1569 ipsam
2967 1496 3599 1570 armaveratPontifex
3631 1498 3690 1570 in

2046 1571 2334 1639 encyclica
2361 1573 2426 1625 ad
2475 1567 2903 1640 episcopos‘qui
2936 1573 3216 1641 synodum
3257 1569 3611 1641 celebrarant
3637 1567 3694 1638 (ι)

2048 1643 2388 1695 sententiam
2403 1639 2789 1710 depositionis
2803 1639 3124 1703 conﬁrmat,
3148 1648 3264 1695 tum
3289 1639 3573 1709 principis
3590 1639 3692 1710 hae-

2051 1713 2240 1767 retica:
2292 1712 2455 1766 illius
2481 1709 2670 1781 ’sectae,
2701 1720 2821 1767 tum
2857 1719 3226 1776 sectatorum,
3262 1725 3406 1781 quos
3455 1709 3692 1765 concilii

936 1789 1136 1837 contra
1167 1796 1298 1838 vero
1348 1783 1400 1837 is
1431 1783 1660 1852 negavit
1693 1780 1934 1836 nefariis
1965 1785 2017 1846 B
2051 1785 2242 1837 Patres
2291 1785 2630 1837 nominatim
2661 1780 3123 1852 appellaverant.
3182 1780 3345 1837 Pinna
3395 1783 3588 1836 eadem
3633 1783 3692 1835 in

2047 1854 2195 1908 alios
2215 1855 2856 1922 mandatanimadverti,
2882 1855 2980 1924 qui
3005 1869 3134 1908 cum
3161 1854 3218 1908 in
3243 1853 3452 1922 impios
3469 1852 3692 1908 eosdem

2050 1938 2252 1979 sensus
2284 1925 2427 1994 lapsi
2447 1933 2636 1980 essent
2659 1925 2894 1980 hmresis
2910 1933 3080 1994 atque
3102 1927 3228 1993 ejus
3249 1924 3505 1979 auctoris
3524 1924 3694 1978 dam-

2052 1997 2273 2050 nationi
2327 2009 2395 2050 ne
2424 1996 2854 2052 subscriberent
2885 2004 3235 2050 recusarent.
3279 1994 3472 2064 Quoad
3522 1994 3691 2062 alios,

2047 2067 2467 2122 Antiochenum
2493 2081 2692 2136 nempe
2713 2067 3009 2135 praesulem
3033 2081 3096 2122 ac
3121 2068 3329 2132 socios,
3357 2067 3480 2136 qui,
3507 2065 3695 2119 hatre-

2051 2139 2159 2192 sim
2200 2139 2661 2202 condemnantes,
2700 2139 3089 2193 indemnatum
3127 2138 3480 2205 reliquerant
3508 2136 3693 2190 hatre-

2051 2209 2357 2272 siarcham,
2388 2208 2636 2264 fraterne
2668 2210 2833 2276 prius
2861 2209 3046 2264 voluit
3071 2209 3364 2264 admoneri
3398 2221 3566 2277 quam
3597 2207 3694 2261 in-

2050 2281 2392 2334 clementius
2440 2281 2496 2334 in
2554 2282 2778 2336 eosdem
2833 2286 3114 2351 ageretur.
3163 2281 3324 2334 Clero
3374 2277 3695 2351 populoque

2049 2351 2620 2420 Constantinopoleos
2671 2348 3007 2420 perscripsit
3053 2351 3123 2405 de
3165 2351 3420 2418 ipsorum
3456 2348 3696 2418 praesule

2049 2435 2245 2477 recens
2266 2422 2444 2493 electo
2474 2421 2585 2493 (m),
2618 2430 2684 2477 ut
2708 2423 3109 2490 cujuscunque
3153 2420 3541 2493 dubitationis
3566 2432 3695 2474 cau-

2048 2506 2140 2547 sas
2169 2492 2365 2562 procul
2396 2491 2666 2548 habentes
2696 2507 2823 2548 eum
2856 2493 3145 2558 audirent,
3172 2492 3386 2561 quippe
3411 2491 3534 2560 qui,
3563 2503 3692 2544 cum

2047 2566 2310 2618 Romanae
2356 2565 2414 2618 in
2444 2565 2710 2619 Ecclesia:
2736 2565 2871 2620 sinu
2914 2563 3094 2618 alitus
3126 2565 3500 2630 nutritusque
3526 2567 3692 2628 esset,

2051 2635 2172 2689 ﬁeri
2220 2648 2329 2690 non
2374 2641 2592 2703 poterat
2635 2642 2698 2690 ut
2735 2635 2849 2689 alia
2899 2641 3100 2702 praeter
3137 2635 3437 2701 antiquam
3483 2631 3700 2686 doctri-

2048 2719 2177 2760 nam
2220 2705 2479 2761 imbutus
2517 2713 2714 2775 esset;
2765 2705 2928 2760 novis
2975 2717 3218 2774 namque
3267 2703 3439 2758 rebus
3464 2703 3695 2758 Romam

2047 2777 2245 2832 aditus
2295 2783 2382 2831 est
2426 2777 2734 2832 occlusus:
2784 2789 3031 2840 cumque
3063 2776 3253 2843 ipsius
3301 2775 3555 2843 episcopi
3603 2775 3689 2828 do

2048 2847 2235 2902 ctrina
2291 2845 2740 2902 fundamentalis
2769 2846 3184 2917 angularisque
3231 2852 3382 2900 esset
3434 2844 3699 2899 Ecclesia:

2050 2918 2221 2988 lapis,
2249 2917 2320 2972 ab
2350 2919 2541 2973 eadem
2576 2919 2836 2973 recedere
2854 2915 3026 2972 nefas
3058 2915 3292 2988 omnino
3310 2929 3451 2971 esse.

2121 2984 2218 3043 De'
2250 2989 2469 3114 ingenti
2532 2989 2984 3058 presbyterorum
3036 3001 3066 3041 e
3096 2987 3306 3042 Galliis
3333 2999 3589 3046 numero,
3620 2984 3696 3055 (η)
3731 3012 3747 3023 -

2121 3074 2230 3114 aue
2277 3072 2307 3112 a
2339 3059 2575 3114 iouibus
2623 3074 2690 3114 ex
2759 3057 2898 3113 urbe
2945 3058 3143 3113 Genua
3173 3058 3426 3114 delatum
3479 3055 3592 3111 fuit
3627 3056 3695 3110 ad

2046 3061 2230 3129 deque
2277 3055 2575 3130 aliquibus
2623 3055 2713 3114 ex'
2759 3057 2898 3113 urbe
2945 3058 3143 3113 Genua
3173 3058 3426 3114 delatum
3479 3055 3592 3111 fuit
3627 3056 3695 3130 ad

2425 3131 2572 3199 quod
2641 3129 2791 3184 inter
2838 3143 2898 3184 se
2956 3129 3271 3184 coivissent
3313 3130 3588 3199 adversus
3621 3128 3694 3199 ἐι).

2046 3197 2367 3271 Augustini
2398 3197 2716 3271 doctrinam
2769 3200 2838 3254 de
2883 3200 3066 3270 gratia
3112 3208 3166 3271 et
3217 3199 3398 3253 libero
3429 3197 3694 3271 arbitrio.

2046 3268 2243 3341 Itaque
2305 3269 2558 3340 pontifex
2625 3268 2910 3341 doctorem
2971 3270 3272 3323 sanctitate
3319 3268 3695 3341 conspicuum

2047 3337 2464 3399 vindicaturus.
2510 3341 2608 3410 qui
2647 3339 2814 3410 paulo
2870 3346 3001 3394 ante
3031 3353 3357 3410 supremum
3407 3340 3557 3393 diem
3605 3337 3698 3410 ob-

2051 3416 2213 3484 ierat,
2261 3413 2327 3468 ad
2373 3408 2718 3484 Gallicanos
2746 3410 3045 3479 episcopos
3117 3409 3460 3484 encyclicam
3537 3408 3697 3464 dedit

2047 3481 2350 3554 epistOlam
2397 3482 2492 3552 (ο).
2559 3482 2833 3554 mandans
2882 3487 2946 3554 ut
2992 3481 3535 3554 eorum_audaciam
3567 3493 3697 3554 pre-

2049 3550 2414 3625 sbyterorum’
2434 3550 2734 3625 coerceret,
2770 3552 3104 3625 iisdemque
3145 3551 3440 3625 silentium
3471 3550 3696 3625 indice-

2049 3622 2171 3694 ret;
2224 3639 2336 3680 non
2377 3627 2529 3680 enim
2581 3623 3102 3694 ecclesiasticorum
3131 3623 3254 3691 ejus
3292 3622 3519 3694 ordinis
3549 3633 3692 3694 esse,

2047 3691 2235 3752 aiebat
2280 3694 2556 3764 pontifex,
2590 3708 2779 3749 vocem
2812 3693 3099 3762 episcopis
3127 3693 3315 3764 altius
3357 3691 3694 3764 in_Ecclesia

2047 3762 2317 3822 extollere
2375 3780 2439 3820 ac
2494 3767 2564 3821 de
2613 3767 2874 3820 doctrina
2923 3767 3226 3818 decernere
3251 3762 3352 3834 (p).
3420 3762 3696 3834 Praeterea

2046 3839 2166 3893 divi
2190 3836 2502 3908 Augustini
2538 3836 2866 3908 memoriam
2887 3835 3198 3908 exquisitis
3221 3833 3696 3908 iisproseqtuitur

2053 3903 2343 3977 laudibus,
2374 3921 2499 3976 quae
2531 3907 2780 3961 maxime
2804 3907 3004 3961 decent
3025 3903 3358 3977 episcopum
3389 3903 3696 3977 :tardentis

2048 3994 2246 4049 nempe
2285 3973 2465 4033 studii
2515 3992 2645 4048 erga
2677 3973 3281 4049 apostolicam’sedem
3316 3993 3350 4049 ;_
3374 3973 3696 4049 singularis

2046 4044 2608 4121 ejus'aestimationis
2635 4044 2753 4121 qua
2778 4047 2986 4103 summi
3017 4053 3147 4121 ante
3184 4047 3495 4121 pontiﬁces
3530 4044 3693 4099 illum

2052 4118 2367 4177 habuerant
2419 4120 2490 4175 ob
2551 4119 2938 4190 integritatem
3014 4118 3293 4190 doctrina:
3350 4129 3696 4190 magnosque

2046 4193 2365 4248 exantlatos
2397 4191 2619 4246 labores
2669 4187 2770 4258 pro
2797 4189 3049 4244 Ecclesia
3075 4189 3197 4243 Dei.
3228 4191 3467 4257 lpsemet
3495 4188 3550 4241 in
3598 4187 3696 4258 hu~

2041 4266 2203 4334 jusce
2247 4267 2530 4319 tractatus
2567 4257 2726 4334 exitu
2760 4259 3086 4334 articulum
3135 4260 3486 4334 singularem
3519 4257 3697 4325 conji-

2046 4331 2196 4390 ciam
2221 4335 2290 4390 de
2321 4334 2516 4389 studio
2549 4333 2650 4388 illo
2675 4333 2898 4387 ardenti
2924 4345 2988 4386 ac
3007 4333 3372 4387 veneratione
3392 4331 3454 4384 in
3477 4335 3700 4398 aposto-

2048 4407 2214 4461 licam
2249 4405 2456 4469 sedem,
2490 4417 2731 4474 quorum
2756 4410 2990 4474 sanctus
3023 4403 3116 4456 hic
3137 4404 3336 4458 doctor
3367 4401 3693 4472 praaclaram

2048 4479 2188 4532 adeo
2213 4473 2670 4531 testiﬁcatiOnem
2705 4473 2946 4540 reliquit
2975 4474 3263 4528 Ecclesize.

276 4555 492 4610 Statim
517 4543 688 4623 atque
709 4553 877 4617 legati
897 4543 1780 4623 poniiﬁcisvenerunt,lectaeque
1801 4543 1934 4603 sunt
1965 4544 2022 4609 D
2121 4551 2179 4623 In
2210 4547 2468 4623 epistola}
2495 4559 2662 4615 quam
2697 4545 3002 4623 laudamus
3031 4543 3186 4623 calce
3223 4544 3688 4623 videreestcon-

276 4625 560 4681 Patribus
593 4621 900 4694 pontiﬁcite
917 4623 1143 4691 litterae,
1167 4624 1319 4677 inter
1344 4621 1782 4694 acclamationes
1801 4634 1936 4694 gr_a-_

280 4691 622 4767 tiarumque
639 4696 896 4750 actiones
918 4696 1168 4750 Romano
1193 4691 1482 4767 pontifici,
1503 4699 1773 4767 tanquam
1791 4691 1933 4767 ﬁdei

273 4761 544 4837 depositi
571 4767 797 4822 custodi
826 4767 1063 4834 Optimo,
1091 4761 1496 4837 auditumfuit
1520 4768 1576 4818 et
1607 4761 1751 4830 ipsis
1788 4763 1938 4837 litte-

276 4833 378 4894 ris
418 4837 494 4909 (h)
536 4845 589 4893 et
621 4833 937 4909 legatorum
968 4837 1216 4909 adventu
1261 4834 1549 4909 divinitus
1574 4833 1933 4909 comprobari

273 4906 631 4968 sententiam
663 4906 702 4964 a'
726 4908 996 4965 Patribus
1027 4907 1199 4964 latam
1239 4912 1438 4962 contra
1482 4906 1836 4971 Nestorium,
1874 4909 1937 4958 ut

267 4979 648 5038 exsecutioni
675 4979 793 5036 alia
825 4980 1212 5046 mandaretur,
1235 4990 1407 5048 quam
1429 4983 1593 5048 antea
1619 4982 1816 5030 sancta
1838 4987 1936 5028 se-

266 5053 385 5110 des
407 5059 606 5124 contra
636 5051 897 5124 eumdem
929 5045 1399 5124 pronuntiaverat
1427 5045 1503 5118 (ε).

353 5125 478 5178 Jam
522 5123 694 5194 legati
740 5122 1210 5193 subscripserant
1249 5115 1644 5189 atque'Omnia
1674 5115 1936 5172 absoluta

375 5230 430 5300 a)
457 5231 515 5286 S.
548 5231 744 5300 Prosp.
777 5230 847 5285 ad
877 5243 992 5284 ver.
1025 5226 1229 5284 Collat.
1262 5227 1322 5281 in
1351 5226 1447 5282 ﬁn.

378 5300 428 5357 bl
456 5301 540 5357 Id.
572 5301 715 5357 ibid.
744 5308 801 5356 et
829 5303 888 5356 in
916 5300 1125 5356 Chron.

375 5368 423 5442 c)
451 5372 632 5441 Epist.
678 5372 906 5442 C(elest.
939 5374 1040 5442 Pp.
1087 5371 1158 5426 ad
1208 5369 1332 5442 Cyr.
1387 5382 1480 5440 ap.
1525 5382 1684 5440 conc.
1725 5368 1932 5439 Ephes.

262 5441 433 5517 pati}
465 5456 642 5517 5.0.3.9.
671 5441 756 5517 15-
895 5441 998 5517 ,ί
1256 5441 1265 5442 ί
1430 5445 1436 5450 ’

374 5514 430 5586 d)
462 5515 543 5570 Id.
567 5510 708 5586 ibid.
744 5519 855 5570 act.
885 5510 934 5569 4.

374 5580 422 5640 ε’
446 5586 530 5640 Id.
567 5584 710 5640 ibid.
739 5599 805 5640 ac
834 5587 893 5642 in
921 5585 1019 5641 ﬁn.
1051 5587 1115 5642 V.
1146 5584 1186 5640 l.
1214 5580 1268 5656 4,
1291 5598 1340 5640 c.
1373 5580 1468 5638 24.

447 5656 593 5724 Ibid.
623 5663 734 5713 act.
757 5654 812 5724 2.

375 5749 407 5794 g
460 5728 537 5783 Id.
568 5741 728 5784 conc.
763 5732 871 5783 act.
899 5725 952 5783 4.

373 5801 412 5868 th
462 5797 606 5854 Ibid.
637 5798 764 5854 Act.
809 5796 864 5854 2.

353 5229 372 5444 ἓ

447 5656 593 5724 Ibid.
623 5663 734 5713 act.
757 5654 812 5724 2.

375 5725 429 5794 '9)
460 5728 537 5783 Id.
568 5741 728 5784 conc.
763 5732 871 5783 act.
899 5725 952 5783 4.

379 5796 431 5854 hl
462 5797 606 5854 Ibid.
637 5798 764 5854 Act.
809 5796 864 5854 2.

353 5515 375 5871 ἒ

2049 4613 2260 4692 geriem
2278 4613 2728 4692 constitutorum
2753 4629 2781 4692 a
2807 4614 3178 4692 pontiﬁcibus
3203 4615 3298 4692 qui
3322 4613 3692 4692 lee‘stinum

2052 4682 2477 4760 praecesserunt,
2529 4687 2597 4741 de
2623 4682 2819 4756 gratia
2847 4693 2904 4740 et
2938 4684 3116 4739 libero
3148 4682 3410 4760 arbitrio.
3442 4682 3523 4737 Ibi
3577 4691 3695 4737 tan-

2049 4757 2218 4832 quam
2252 4759 2537 4832 axiomata
2560 4762 2916 4832 statuuntur
2950 4773 2960 4809 :
2997 4757 3378 4832 necessariam
3417 4766 3692 4832 esse_gra-

2050 4824 2188 4889 t'iam
2215 4833 2282 4888 ad
2309 4829 2789 4901 cogitandumde
2814 4826 2982 4890 bono,
3013 4827 3256 4901 adilltud
3289 4824 3689 4901 appetendum,

2046 4905 2114 4959 ad
2143 4895 2597 4973 amplectendam
2630 4917 2646 4966 ς
2679 4898 2939 4973 liberum
2983 4897 3291 4973 arbitrium
3327 4895 3563 4949 minime
3593 4907 3694 4973 per

2047 4966 2288 5058 ενδιίεξίρ
2321 4969 2957 5058 δεδιωξιξξιξὲηηρρέίιξξ
2981 4969 3176 5058 Perii?
3199 4966 3690 5058 .‘.P‘?_'l“‘..°.l!f’fi‘."

2050 5039 2110 5101 in
2137 5046 2304 5101 nobis
2327 5058 2424 5116 per
2455 5039 2697 5116 gratiam
2728 5039 2871 5100 velle
2899 5047 3166 5116 et_agere,
3199 5039 3280 5093 ita
3321 5043 3384 5092 ut
3413 5048 3694 5116 coopera—

2049 5125 2202 5174 tores
2229 5107 2356 5187 ejns
2388 5107 2500 5185 ipsi
2532 5113 2737 5178 simus,
2766 5125 2894 5166 cum
2941 5107 3089 5166 fer're
3115 5116 3357 5181 nequeat
3383 5107 3628 5164 otiosam
3659 5121 3692 5162 a

2135 5223 2174 5296 ἰ)
2194 5223 2346 5280 Ibid.

2135 5297 2181 5368 j)
2203 5295 2344 5351 Ibid.
2379 5295 2496 5350 Act.
2529 5291 2581 5348 3.

2140 5359 2187 5438 lt)
2214 5370 2269 5422 S.
2301 5368 2500 5434 Prosp.
2535 5365 2687 5438 coiit.
2717 5361 2926 5417 Collat.
2963 5373 3136 5438 prope
3164 5359 3260 5415 ﬁn.

2137 5430 2362 5520 l)’\A_pud
2394 5430 2552 5490 conc.
2585 5434 2790 5504 Ephes.
2822 5439 2977 5504 parte
3004 5430 3059 5488 3.

2232 5509 2412 5648 Ιέὶᾱιίά
2453 5578 2624 5650 ερίει.
2688 5577 2911 5650 Οωιθδι.
2958 5568 3058 5662 Bp.
3111 5575 3179 5650 ad
3229 5575 3407 5646 episc.
3461 5568 3688 5652 Gallia,

2050 5671 2107 5711 c.
2138 5653 2210 5706 ⁷4.

2118 5723 2188 5789 (ο)
2213 5722 2359 5779 Ibid.

2118 5723 2168 5789 (ο
2213 5723 2359 5779 Ibid.

2107 5723 2378 5869 (ρξῐὺὶό.⁷
2409 5805 2530 5861 cap.
2559 5789 2614 5846 2.
