3994 6172
307 304 409 362 964

1186 308 1276 362 DE
1313 305 1850 364 PRIEEMINENTIA
1887 307 1973 362 ET
2009 305 2484 362 AUCTORITATE
2522 311 2578 364 S.
2619 311 2828 365 SEDIS.

3609 313 3715 370 962

303 429 450 502 tiata
476 430 547 485 ab
572 432 886 501 apostolica
902 434 1033 490 sede
1056 434 1436 502 imperatoriae
1462 432 1830 490 auctoritatis
1859 426 1959 502 mi-
1989 424 2045 482 A
2069 427 2244 497 hujus
2289 435 2618 500 potestatem
2666 434 2907 485 testatus
2943 439 3030 488 est
3071 433 3127 487 in
3176 439 3407 490 caeteras
3459 438 3715 494 universi

301 501 462 556 nime
487 503 798 573 indigebat,
832 512 894 559 ut
919 505 1002 559 vel
1024 505 1082 559 in
1106 501 1315 560 Galliis
1344 503 1702 560 exsecutioni
1735 501 1958 573 manda-

299 579 486 646 retur,
511 570 936 646 obsupremam
963 583 1291 644 potestatem
1322 589 1488 646 quam
1514 575 1681 629 habet
1705 570 1955 646 pontifex

296 642 360 716 in
396 643 665 698 Ecclesia.
693 642 771 699 ’Et
799 652 915 699 erat
942 642 1063 715 ipsa
1115 642 1357 716 quidem'
1385 648 1652 700 sententia
1679 661 1775 714 per
1817 644 1956 716 Gal:

293 713 426 780 lias,
466 717 630 768 etiam
677 718 793 770 sine
860 713 1140 786 imperiali
1176 720 1452 772 sanctione
1498 713 1760 770 valitura.
1813 714 1957 778 Quid

290 787 445 837 enim
461 788 604 839 tanti
632 790 901 857 pontiﬁcis
928 792 1248 843 auctoritati
1275 791 1333 841 in
1387 789 1654 842 Ecclesias
1683 803 1789 840 non
1822 786 1957 838 lice-

290 859 734 930 ret?_Nostram
794 861 1089 914 historiam
1141 859 1464 930 videsis(a),
1501 859 1798 928 palamque
1846 857 1959 910 erit

290 926 559 1001 viguisse
614 929 983 1001 hancilegem
1037 926 1389 986 Francorum
1429 926 1630 1001 regum
1682 926 1952 1001 tempore,

290 1001 407 1070 qui
431 999 883 1068 imperatoribus
901 1008 1318 1056 successerunt.
1362 999 1517 1056 Idem
1548 999 1799 1070 pontifex
1825 1001 1956 1054 dis—

287 1068 453 1123 sidia
486 1073 811 1139 composuit
831 1073 1115 1129 Ecclesias
1137 1074 1286 1128 inter
1304 1068 1688 1127 Arelatensem
1718 1078 1774 1126 et
1798 1072 1957 1125 Vien-

289 1152 532 1194 nensem
564 1142 986 1214 intercedentia
1012 1145 1394 1214 (b),diceceses
1440 1144 1797 1198 constituens
1831 1155 1954 1212 quae

289 1213 980 1285 metmpo‘leonalterutri
1017 1215 1488 1285 suﬁ'ragarentur.

369 1283 652 1353 Eutyches
673 1284 1166 1354 Constantinopoli
1195 1283 1464 1355 tanquam
1494 1285 1798 1340 hmreticus
1824 1297 1956 1338 con-

285 1352 602 1428 demnatus
628 1356 890 1428 confugit
935 1352 1164 1411 Romam
1193 1357 1276 1428 (ο),
1309 1352 1561 1426 supplici
1605 1355 1800 1411 libello
1831 1370 1953 1424 pro-

285 1425 978 1497 mittensemendaturum
1002 1441 1060 1482 se
1075 1425 1266 1482 omnia
1286 1429 1952 1497 quibusrepreheusione

281 1494 496 1568 dignis
522 1498 786 1553 doctrina
811 1500 936 1567 ejus
951 1505 1098 1554 esset
1148 1494 1402 1567 inspersa
1424 1499 1517 1568 (d).
1545 1494 1626 1554 Ad
1653 1501 1952 1568 episcOpos

281 1567 471 1622 etiam
528 1568 754 1638 aliquot
794 1571 1124 1625 Occidentis
1165 1571 1324 1625 dedit
1383 1567 1626 1639 litteras,
1676 1567 1950 1640 suffragia

281 1650 492 1692 eorum
519 1647 730 1708 petens,
755 1654 788 1694 a
818 1643 1032 1710 quibus
1062 1653 1396 1709 responsum
1454 1641 1693 1710 accepit,
1741 1643 1948 1696 Itoma—

285 1721 433 1781 num
465 1710 624 1766 adire
649 1711 968 1780 pontificem
1016 1722 1277 1781 Oportere
1319 1711 1562 1766 habendi
1613 1725 1784 1766 causa
1813 1711 1942 1767 ﬁdei

2068 505 2348 556 terrarum
2373 503 2530 559 orbis
2553 504 2855 570 Ecclesias,
2885 517 3112 573 przeque
3142 505 3276 558 aliis
3335 508 3718 573 praeclarissi—

2068 573 2178 625 mis
2203 573 2592 649 ejusdotibus
2612 580 2754 649 hanc
2777 575 3124 649 singularem
3159 583 3246 628 est
3303 574 3510 644 fassus,
3566 581 3713 649 quod

2067 654 2265 716 nempe
2288 643 2359 697 ab
2407 645 2670 702 hieretica
2725 646 2848 701 labe
2882 643 3214 699 abhorrens
3259 660 3546 716 nunquam
3585 643 3714 704 "non

2068 710 2262 782 fuerit,
2286 730 2414 770 cum
2441 731 2794 772 summorum
2829 716 3025 770 nullus
3076 710 3718 783 pontiﬁcum'averitate

2065 785 2415 857 contrarium
2437 788 2659 857 aliquid
2683 801 2930 856 unquam
2952 786 3217 846 senserit.
3235 794 3293 841 at
3309 795 3507 842 contra
3524 803 3719 846 omnes

2066 855 2441 930 apostolicum
2488 855 2812 928 depositum
2860 871 3083 930 semper
3135 858 3442 929 integrum,
3499 874 3720 930 semper

2065 926 2220 998 omni
2251 940 2318 981 ex
2343 935 2498 996 parte
2523 926 2747 998 purum,
2777 929 3178 984 custodierint.

2137 997 2299 1073 Hisce
2319 1006 2379 1053 ut
2396 997 2714 1056 mederetur
2743 999 3120 1073 incommodis
3143 1005 3375 1073 sanctus
3390 1000 3718 1073 pontifexm

2065 1063 2263 1144 falsam
2283 1082 2402 1144 eam
2424 1073 2705 1144 synodum,
2724 1071 3144 1144 condemnavit.
3163 1063 3589 1144 declarat/tque
3605 1063 3720 1144 έρΞὲ

2065 1137 2288 1194 litteras
2317 1137 2634 1197 Theodosio
2694 1142 3048 1210 imperatori,
3107 1141 3282 1210 quod,
3335 1137 3714 1210 quoniam'ad

2062 1218 2316 1284 sanctam
2337 1213 2525 1284 sedem
2549 1212 2734 1267 fuerat
2759 1218 3238 1284 provocatum,iex_
3257 1214 3592 1284 constitutis
3619 1229 3719 1284 per

2062 1281 2278 1335 Niczeni
2323 1283 2558 1337 concilii
2605 1297 2872 1349 canones,
2931 1283 3090 1337 aliud
3151 1282 3346 1336 haberi
3398 1281 3711 1340 concilium

2061 1353 2372 1425 oportebat.
2409 1355 2762 1409 Theodosius
2791 1367 2941 1414 vero,
2964 1353 3214 1425 eunuchi
3266 1355 3587 1422 cujusdam,
3611 1357 3710 1425 qui

2060 1423 2357 1493 Eutycheti
2387 1425 2547 1478 valde
2583 1425 2867 1491 studebat,
2923 1424 3168 1478 arbitrio
3195 1439 3254 1479 se
3284 1439 3502 1493 gerens,
3545 1423 3711 1481 beni-

2059 1509 2202 1617 lgnas
2222 1496 2646 1550 accommodare
2703 1509 2872 1551 aures
2926 1495 3115 1550 noluit
3165 1497 3539 1551 suasionibus
3591 1499 3711 1552 divi

2103 1565 2283 1617 eonis.
2340 1579 2522 1617 neque
2568 1567 2898 1617 Occidentis
2962 1566 3370 1617 imperatorum
3423 1569 3703 1617 enismlis-

2103 1565 2283 1632 eonis,
2340 1579 2522 1634 neque
2568 1567 2898 1621 Occidentis
2962 1566 3370 1634 imperatorum
3423 1569 3704 1636 epistolis,

2059 1648 2158 1708 per
2187 1648 2330 1706 quas
2357 1637 2540 1690 eidem
2562 1637 2983 1708 signiﬁcabant,
3032 1637 3335 1691 detrectari
3393 1651 3502 1693 non
3550 1653 3710 1707 posse

2056 1705 2370 1760 Romanum
2404 1705 2727 1774 pontificem
2755 1708 3351 1775 supremumjudicem
3406 1705 3708 1764 causarum

279 1779 599 1853 dogmata;
649 1776 1002 1850 praesulibus
1056 1776 1279 1853 "quippe
1323 1781 1646 1853 privatis(e)
1705 1783 1942 1838 Romani
1977 1776 2655 1853 Bappellationisqucgid
2675 1778 3709 1853 ﬁdemetjudiciumepiscoporum“).

283 1851 590 1918 pontiﬁcis
647 1853 794 1908 haud
867 1851 1551 1918 accedentenconsensu,
1617 1851 1942 1908 facultatem

278 1921 524 1976 aiebant
547 1923 742 1978 deesse
771 1925 1100 1992 hujusmodi
1149 1925 1220 1980 de
1265 1925 1458 1979 causis
1509 1925 1944 1992 pronuntiandi.

278 1991 602 2049 Flavianus
651 1991 1225 2064 Constantinopoleos
1296 1991 1522 2063 praesul
1580 2000 1706 2049 acta
1755 1997 1946 2050 omnia

279 2064 609 2120 Romanum
632 2066 700 2120 ad
732 2067 1055 2134 pontiﬁcem
1099 2067 1311 2123 detulit
1341 2067 1612 2121 adversus
1659 2068 1947 2135 Eutyche.

279 2143 424 2204 tem,
448 2149 682 2208 necnon
716 2139 1192 2193 sententiamase
1230 2137 1400 2192 latam
1444 2137 1502 2192 in
1556 2138 1812 2192 eumdem
1841 2136 1940 2208 (f);

277 2206 536 2274 supplex
559 2207 628 2263 ab
658 2208 850 2262 eodem
877 2208 1142 2278 flagitans
1166 2215 1228 2264 ut
1252 2221 1372 2262 eam
1399 2208 1740 2262 sententiam
1771 2206 1946 2264 robo-

276 2278 492 2342 rando,
538 2286 855 2333 nascentem
910 2281 1250 2349 dignaretur
1306 2279 1562 2334 haeresim
1617 2279 1939 2348 praecidere,

273 2354 462 2417 atque
489 2349 902 2418 impedimento
933 2364 1054 2406 esse
1083 2352 1221 2420 quin
1261 2350 1532 2420 synodus,
1565 2350 1634 2405 de
1665 2364 1776 2420 qua
1811 2365 1942 2419 per-

275 2425 515 2489 vaserat
538 2434 750 2488 rumor,
783 2421 1207 2489 celebraretur;
1240 2421 1570 2476 istiusmodi
1603 2425 1756 2475 enim
1787 2422 1944 2476 cele—

274 2488 479 2545 bratio
508 2492 740 2546 nonnisi
767 2493 968 2548 turbas
1001 2494 1058 2546 in
1110 2488 1358 2547 EcClesia
1379 2493 1607 2546 concire
1627 2499 1866 2560 poterat.

357 2561 600 2633 Magnus
628 2563 1039 2635 veropontifex
1071 2563 1470 2635 admirabilem
1502 2563 1656 2635 illam
1691 2563 1940 2635 singula-

275 2645 524 2702 remque
575 2633 642 2688 ad
721 2634 1051 2689 Flavianum
1106 2633 1406 2703 epistolam
1465 2634 1645 2693 dedit,
1687 2633 1942 2703 Epistolas

273 2706 613 2768 Dogmaticze
661 2704 778 2757 divi
813 2707 1004 2758 Leonis
1052 2711 1426 2775 cognomento
1490 2704 1938 2774 celeberrimam,

275 2787 399 2843 qua
419 2775 840 2830 Incarnationis
861 2777 1115 2844 mysterii
1137 2775 1300 2830 ﬁdem
1319 2775 1529 2830 eximie
1544 2775 1748 2830 deﬁnit
1773 2782 1942 2845 atque

274 2845 578 2917 explicat;
622 2847 929 2916 volensque
970 2849 1335 2916 Imperatoris
1391 2847 1710 2917 Theodosii,
1752 2849 1940 2917 gratia

270 2915 536 2971 concilio
569 2917 770 2986 Ephesi
811 2915 1376 2987 cegendo’assensum
1426 2915 1777 2986 pra’here(9)'
1806 2926 1940 2987 tres,

277 2988 384 3058 qui
426 2995 748 3056 praeessent,
780 2988 994 3058 legatos
1026 2988 1207 3056 misit,
1239 2987 1608 3056 eamdemque
1637 2988 1938 3056 epistolam

275 3057 480 3129 veluti
513 3072 708 3114 eorum
761 3057 1013 3129 regulam
1038 3073 1162 3126 quae
1223 3058 1577 3129 decernenda
1641 3065 1821 3113 erant.
1877 3059 1936 3113 Id

271 3127 546 3183 Pontifex
579 3127 849 3184 memorat
887 3130 1158 3185 omnibus
1212 3129 1288 3199 in_
1325 3127 1590 3196 epistolis
1636 3129 1738 3184 hac
1758 3131 1828 3185 de
1881 3144 1940 3185 re
1968 3138 2016 3199 ί]

271 3200 644 3323 gerscriptis,
677 3201 988 3269 praesertim
1018 3214 1147 3255 vero
1177 3201 1233 3255 in
1277 3196 1342 3254 ea
1372 3213 1540 3269 quam
1601 3201 1842 3255 tradidit
1866 3201 1933 3255 ad

320 3276 476 3323 atres
525 3271 783 3323 concilii.
834 3272 1172 3323 signiﬁcans
1219 3271 1422 3323 iisdem
1482 3284 1838 3323 quascunque
1865 3272 1933 3323 ad

320 3276 476 3324 atres
525 3271 783 3338 concilii,
834 3272 1172 3341 signiﬁcans
1219 3271 1422 3341 iisdem
1482 3284 1838 3339 quaecunque
1865 3272 1933 3326 ad

270 3341 669 3397 eliminandos
714 3340 956 3410 errores,
1020 3349 1076 3398 et
1099 3342 1227 3398 fidei
1282 3340 1769 3410 professionisque
1813 3343 1939 3410 ejus

273 3414 563 3468 unitatem
590 3414 647 3467 in
681 3415 950 3469 universo
979 3415 1189 3469 mundo
1210 3412 1570 3466 asserendam
1592 3417 1730 3466 sunt
1757 3426 1940 3467 neces-

272 3484 456 3551 saria,
489 3498 554 3538 ex
612 3484 857 3551 epistola
911 3485 980 3539 ad
1038 3484 1368 3539 Flavianum
1417 3490 1718 3551 suppetere
1746 3482 1834 3552 (h).
1868 3486 1940 3538 Ea

270 3555 615 3622 synodusin
650 3555 1020 3610 latrocinium
1048 3568 1204 3609 versa
1259 3560 1364 3608 est.
1421 3554 1522 3608 Pro
1571 3554 1781 3608 concili
1811 3555 1942 3610 sede

275 3625 553 3694 praesidia
613 3626 862 3680 militum
919 3626 1194 3681 collocata
1252 3628 1426 3684 sunt;
1479 3625 1784 3695 magnique
1826 3633 1941 3680 tres

271 3698 457 3750 duces
489 3696 717 3764 imperii
743 3709 966 3751 sacrum
999 3697 1054 3750 in
1079 3709 1208 3750 eum
1267 3703 1605 3749 conventum
1645 3701 1781 3750 sunt
1840 3697 1939 3750 in—

272 3767 485 3835 gressi,
519 3765 814 3837 suffragiis
844 3772 904 3822 ut
937 3766 1257 3821 libertatem
1290 3766 1594 3834 eriperent.
1628 3767 1936 3822 Dioscorus

270 3837 721 3896 Alexandrinus.
747 3837 1080 3907 Eutychetis
1108 3843 1516 3906 propugnator,
1550 3839 1936 3892 sanctissimis

272 3908 609 3980 apostolica:
639 3909 794 3963 sedis
835 3909 1059 3980 legibus
1109 3907 1485 3980 posthabitis,
1511 3921 1608 3976 per
1654 3922 1933 3980 summam

271 3976 579 4034 audaciam
620 3979 866 4035 concilio
895 3976 1218 4047 'praasedit.
1288 3976 1599 4032 Pontiﬁciae
1655 3979 1932 4048 epistolis,

274 4057 390 4103 tam
425 4051 748 4119 dOgmatica
803 4051 872 4106 ad
924 4049 1254 4104 Flavianum
1301 4061 1468 4118 quam
1496 4049 1610 4103 alia
1641 4051 1709 4104 ad
1743 4051 1934 4106 Patres

272 4121 506 4190 synodi,
529 4122 973 4192 haudquaquam
1002 4120 1238 4192 fuerunt
1269 4120 1448 4174 lectae.
1469 4119 1794 4192 iudicatum
1821 4119 1934 4176 fuit

266 4193 436 4260 juxta
465 4191 774 4247 consilium
805 4193 1013 4248 initum
1037 4191 1414 4246 afautoribus
1443 4191 1738 4246 Dioscori:
1772 4194 1934 4260 Euty-

270 4263 410 4316 ches
441 4262 556 4317 fuit
573 4263 872 4319 absolutus
896 4281 911 4330 ;
939 4262 1267 4331 militesque
1291 4261 1561 4316 districto
1578 4275 1710 4316 ense
1730 4264 1934 4317 irrum-

273 4342 474 4402 pentes
505 4335 705 4389 minati
735 4335 1036 4390 suntduas
1067 4334 1123 4388 in
1150 4339 1335 4402 partes
1359 4347 1567 4388 caesum
1592 4333 1666 4388 iri
1695 4337 1932 4402 quicun-

271 4417 385 4474 que
401 4405 434 4458 d
448 4418 548 4460 uas
568 4405 861 4461 Christum
884 4406 940 4459 in
964 4409 1197 4459 naturas
1211 4404 1555 4459 dividerent.
1578 4404 1796 4458 Illatam
1812 4405 1929 4460 vim

268 4476 560 4531 sustinuit
582 4490 765 4544 nemo,
790 4485 990 4544 praeter
1009 4475 1338 4544 pontiﬁcios
1356 4475 1589 4546 legatos,
1618 4475 1926 4531 Eusebium

2057 1847 2246 1902 Fidem
2271 1848 2540 1902 adhibuit
2565 1849 2919 1903 Theodosius
2951 1848 3116 1903 falsis
3153 1847 3529 1905 conciliabuli
3559 1847 3708 1905 actis

2055 1918 2315 1972 Dioscori
2337 1919 2619 1973 arbitratu
2638 1919 3006 1987 constructis,
3028 1919 3173 1972 nihil
3195 1933 3391 1988 nempe
3407 1934 3473 1976 ex
3491 1923 3706 1976 Nicaeni

2056 1995 2227 2057 atque
2261 1989 2528 2056 Ephesini
2558 1990 2730 2058 primi
2757 1991 3000 2044 decretis
3035 1995 3312 2045 mutatum
3345 1992 3404 2044 iu
3432 2005 3498 2046 eo
3528 1990 3708 2046 fuisse

2055 2065 2225 2128 atque
2251 2061 2547 2128 episcopos
2577 2061 2786 2115 ibidem
2816 2061 3108 2128 depositos
3138 2062 3476 2116 Nestoriana
3505 2063 3706 2117 haaresi

2054 2128 2282 2183 affectos
2306 2143 2446 2185 esse.
2498 2133 2709 2186 Interea
2757 2131 3079 2199 pontiﬁcem
3126 2136 3213 2184 est
3267 2132 3604 2198 deprecatus
3647 2139 3709 2188 ut

2053 2200 2386 2271 Anatolium
2435 2203 2489 2256 in
2547 2201 3122 2270 ConstantinOpoleos
3179 2201 3390 2271 sedem,
3440 2202 3708 2258 Flaviano

2049 2270 2166 2338 jam
2209 2271 2434 2338 denato,
2507 2271 2809 2327 suffectum
2861 2272 3236 2326 conﬁrmaret.
3303 2274 3704 2341 Imperatorem

2060 2343 2254 2406 istum,
2279 2356 2407 2396 cum
2443 2343 2680 2397 minime
2710 2344 2970 2398 haeresim
3014 2343 3378 2410 proﬁteretur
3403 2345 3479 2412 (ι),
3536 2345 3708 2398 ιιωιοθ-

2054 2413 2199 2483 ticos
2222 2419 2404 2467 tamen
2438 2415 2585 2468 tueri
2622 2416 2726 2468 Leo
2786 2427 2927 2482 papa
2980 2412 3302 2467 intellexit:
3339 2415 3703 2483 quamobrem

2053 2482 2171 2537 fore
2201 2483 2492 2539 conﬁdens
2514 2484 2658 2539 utab
2686 2487 2859 2538 insita
2891 2483 3063 2538 menti
3090 2485 3215 2551 ejus
3237 2482 3512 2552 opinione
3539 2484 3707 2540 facile

2050 2560 2430 2615 revocaretur,
2463 2556 2664 2625 legatis
2685 2556 2753 2609 ad
2801 2568 2930 2609 eum
2974 2555 3171 2608 missis
3212 2554 3419 2608 iterum
3467 2557 3537 2609 de
3563 2570 3706 2610 con-

2051 2625 2604 2696 gregandasynodo
2660 2625 3027 2696 eﬁiagitavit:
3095 2625 3404 2694 eodemque
3455 2631 3708 2696 tempore

2051 2695 2402 2765 signiﬁcavit
2433 2710 2529 2764 per
2557 2695 2801 2760 litteras,
2833 2695 3046 2764 quibus
3102 2697 3221 2763 ipse
3271 2696 3707 2751 conditionibus

2049 2766 2622 2834 Constantinopoleos
2653 2771 2948 2834 przesulem
2980 2778 3174 2820 recens
3217 2766 3458 2821 electum
3489 2769 3705 2823 conﬁr—

2055 2842 2284 2889 masset.
2314 2836 2586 2892 Czeterum
2611 2839 2890 2905 optimum
2910 2837 3093 2891 sancti
3121 2837 3409 2904 pontificis
3437 2837 3490 2892 id
3523 2839 3707 2893 consi-

2048 2905 2468 3030 iliubmbilieundi
2492 2907 2674 2978 gloria
2698 2908 3006 2975 Marciano,
3028 2907 3335 2962 Theodosii
3363 2911 3702 2975 successori,

2090 2990 2118 3030 e
2160 2990 2188 3030 e
2229 2989 2260 3030 a
2296 2992 2381 3030 ur.

2090 2983 2381 3032 ebehatur.

2121 3047 2444 3102 Marcianus
2477 3048 2658 3119 igitur
2688 3049 2908 3118 potitus
2933 3061 3123 3119 rerum
3147 3061 3273 3118 quae
3327 3049 3510 3117 prima
3557 3049 3705 3105 obiit

2051 3117 2415 3190 imperatoris
2444 3117 2757 3190 muniam),
2774 3117 3230 3188 suisigniﬁcitio
3249 3121 3430 3174 animi
3447 3119 3700 3187 fuerunt,

2047 3201 2106 3242 se
2131 3188 2354 3243 scilicet
2387 3189 2525 3243 velle
2552 3197 2615 3244 ut
2639 3188 2931 3258 pontiﬁcia
2951 3204 3014 3244 ex
3043 3191 3385 3245 auctoritate
3405 3190 3707 3246 haberetur

2047 3257 2382 3325 concilium,
2442 3273 2554 3328 quo
2608 3257 3060 3326 proscriberetur
3107 3274 3268 3313 error
3298 3267 3356 3313 et
3405 3261 3702 3315 catholica":

2047 3329 2314 3384 Ecclesiae
2351 3329 2748 3397 tranquillitas
2780 3330 3310 3398 instauraretur(n).
3341 3331 3545 3384 Divum
3575 3333 3702 3385 Leo-

2050 3413 2174 3454 nem
2206 3403 2390 3453 oravit
2422 3406 2485 3454 ut
2508 3402 2628 3467 ipse
2660 3414 2757 3469 per
2782 3413 2840 3455 se
2870 3401 3066 3454 adesse
3087 3400 3424 3470 dignaretur
3451 3403 3699 3470 synodo;

2050 3471 2142 3525 sin
2167 3471 2357 3524 minus
2387 3471 2442 3526 id
2476 3479 2665 3539 posset
2692 3471 2835 3534 ﬁeri,
2869 3471 2981 3525 sibi
3010 3485 3104 3538 per
3126 3472 3346 3526 litteras
3370 3478 3697 3540 potestatem

2051 3541 2261 3596 faceret
2309 3543 2572 3612 cogendae
2606 3544 2793 3611 ipsius
2824 3541 3047 3611 synodi,
3078 3543 3136 3595 in
3168 3555 3279 3610 qua
3309 3543 3561 3610 episcopi
3604 3556 3703 3612 per

2051 3625 2336 3666 summum
2372 3613 2691 3680 pontificem
2724 3614 3033 3667 constituta
3063 3612 3485 3681 proﬁterentur.

2119 3682 2472 3737 Chalcedone
2523 3684 2849 3754 congregati
2905 3689 3043 3737 sunt
3092 3685 3300 3738 Patres.
3374 3684 3554 3753 Eique
3611 3685 3696 3740 uti

2049 3759 2364 3824 praeessent
2417 3752 2672 3822 pontifex
2741 3752 2955 3823 legatos
3036 3755 3290 3824 mittens
3367 3752 3697 3823 imperatori

2045 3821 2302 3894 scripsit,
2340 3821 2601 3880 futurum
2625 3839 2686 3879 se
2735 3821 2960 3894 sperare
2983 3823 3050 3895 (ο)
3074 3833 3134 3878 ut
3174 3821 3507 3880 traditionis
3537 3827 3698 3895 fides,

2045 3897 2212 3963 cujus
2242 3895 2506 3965 dogmata
2527 3896 2594 3950 ad
2618 3908 2747 3950 eum
2775 3903 2971 3950 sancta
3019 3897 3178 3950 sedes
3209 3897 3485 3965 tradebat,
3515 3899 3698 3952 errori

2046 3966 2418 4021 sectariorum
2454 3966 2828 4034 praecluderet
2855 3978 3074 4020 omnem
3119 3967 3362 4021 aditum.
3394 3967 3474 4021 Ad
3512 3969 3701 4024 Patres

2047 4038 2180 4092 item
2203 4036 2438 4091 concilii
2469 4039 2828 4106 perscripsit,
2869 4037 3204 4107 significans
3255 4038 3400 4092 clam
3458 4039 3534 4093 iis
3578 4053 3700 4094 esse

2046 4122 2158 4179 non
2180 4120 2340 4176 posse
2356 4109 2707 4164 desiderium
2730 4121 2919 4175 suum,
2943 4109 3156 4178 quippe
3171 4111 3340 4176 cujus
3364 4109 3698 4179 religionem

2042 4194 2108 4234 ac
2137 4178 2300 4232 ﬁdem
2345 4179 2579 4234 minime
2623 4179 2962 4248 ignorabant
2996 4180 3105 4249 (p);
3142 4187 3204 4233 ut
3259 4193 3457 4248 nempe
3485 4178 3695 4247 iidem,

2040 4249 2561 4319 disceptationibus
2599 4249 3042 4375 guibuscunque
3086 4249 3450 4318 posthabitis,
3479 4251 3695 4319 plenam

2045 4322 2202 4375 illam
2235 4327 2290 4375 et
2313 4329 2564 4375 apertam
2637 4321 2728 4375 dei
2774 4321 3166 4375 deﬁnitionem
3198 4323 3694 4375 amplecterentur.

2045 4322 2202 4376 illam
2235 4327 2290 4375 et
2313 4329 2564 4388 apertam
2599 4321 2728 4376 ﬁdei
2774 4321 3166 4376 deﬁnitionem
3198 4323 3694 4390 amplecterentur,

2045 4404 2212 4463 quam
2238 4392 2359 4460 ipse
2388 4393 2446 4447 in
2481 4393 2694 4447 litteris
2711 4392 2780 4447 ad
2801 4393 3130 4447 Flavianum
3163 4400 3539 4460 expresserat.
3567 4395 3697 4448 Sese

2042 4464 2187 4519 velle
2213 4471 2274 4517 ut
2327 4477 2462 4519 suas
2520 4464 2579 4518 in
2623 4464 2786 4518 sedes
2827 4463 3081 4531 episcOpi
3125 4465 3589 4532 restituerentur,
3645 4467 3693 4518 si

269 4546 682 4614 Dorileensem,
712 4533 1064 4616 q'u'iapertns
1083 4551 1138 4600 et
1159 4533 1630 4617 praecipu‘t'iserat
1662 4547 1927 4617 Eutychii
1961 4539 2010 4598 D
2044 4550 2057 4589 I

2058 4535 2709 4617 -esi_pisceren_t;mu|tol
2734 4541 2921 4617 autem
2979 4533 3158 4601 magis
3203 4534 3396 4613 iiqui,
3441 4536 3694 4617 ecquod

165 4613 169 4616 ’
268 4613 1366 4685 accusator,acFlavianumConStantin
1411 4613 1932 4687 politanumipsius

269 4690 605 4758 episcopum
634 4703 700 4745 ac
755 4689 1002 4758 primum
1053 4689 1335 4750 Judicem,
1393 4687 1492 4756 qui
1553 4693 1620 4741 ad
1679 4696 1929 4744 sanctam

269 4760 462 4814 sedem
496 4762 912 4829 provocavitab
941 4760 1014 4814 iis
1039 4758 1309 4815 omnibus
1337 4772 1462 4828 quae
1490 4758 1548 4812 in
1570 4771 1635 4812 eo
1682 4761 1930 4815 concilio

269 4832 497 4886 sancita
520 4831 764 4887 fuerant.

343 4903 446 4956 Vir
492 4905 626 4958 item
669 4903 899 4972 sapiens
959 4901 1346 4957 Theodoretus
1369 4899 1426 4971 (ἰ)
1449 4901 1579 4970 Cyri
1633 4901 1837 4968 praesul
1868 4901 1925 4955 in

265 4972 593 5028 Antiochia:
623 4974 1016 5044 patriarchatu
1043 4987 1075 5026 a
1123 4973 1407 5028 sententia
1451 4972 1838 5044 depositionis
1868 4973 1927 5026 in

267 5057 328 5099 se
353 5044 471 5100 lata
513 5045 583 5100 ad
624 5041 1015 5114 apostolicam
1064 5045 1252 5099 sedem
1301 5042 1596 5113 appellans
1644 5041 1924 5114 confugit.

267 5115 391 5171 Uno
414 5113 728 5186 eodemque
754 5122 1008 5185 tempore
1060 5114 1415 5184 superiorem
1466 5119 1724 5185 augustae
1771 5113 1928 5170 sedis

335 5219 412 5364 (ag
451 5221 572 5276 Lib.
615 5237 668 5288 v,
720 5236 845 5293 cap.
873 5220 927 5278 3.

335 5294 388 5364 (ὁ
444 5294 628 5364 Epist.
668 5291 774 5364 409
812 5295 880 5350 ad
914 5309 927 5350 ε

358 5291 408 5364 b)
444 5294 628 5364 Epist.
668 5291 880 5364 509‘ad
914 5293 1099 5364 episc.
1136 5307 1292 5364 prov.
1319 5294 1533 5352 Arelat.

355 5363 402 5432 ο)
442 5365 622 5432 Epist.
660 5363 718 5432 7,
745 5367 812 5422 ad
885 5363 1250 5421 Theodos’.A.

356 5408 413 5504 ἔί)
442 5408 544 5491 "1531'
551 5408 622 5507 ἓξ
655 5408 721 5492 alii
745 5408 1040 5507 “Flavii”;

354 5507 399 5576 ε)
437 5506 495 5561 S.
523 5506 665 5580 Petr.
705 5506 1036 5580 Chrysolog.
1077 5507 1248 5578 epist.
1275 5509 1344 5564 ad
1395 5508 1633 5578 Eutych.

350 5585 400 5649 ί)
436 5579 622 5648 Epist.
671 5580 802 5636 Flav
826 5583 896 5636 ad
944 5579 1111 5636 Leon.
1141 5581 1242 5636 PP.

352 5651 406 5722 g)
447 5652 629 5721 Epist.
680 5649 746 5722 42
787 5657 844 5708 et
871 5651 956 5708 43.

336 5721 412 5795 (h)
450 5723 640 5792 Epist.
675 5721 762 5780 45.

333 5790 794 5867 (i)'Tlieodoret.,
874 5794 1044 5865 epist.
1108 5792 1212 5851 443
1256 5799 1314 5852 et
1373 5790 1494 5851 496.

2045 4604 2321 4674 potiorem
2353 4609 2488 4658 tuiti
2521 4608 2717 4658 essent
2740 4609 2974 4672 partem,
3007 4617 3036 4656 e
3077 4604 3326 4671 propriis
3358 4604 3508 4672 pulsi
3535 4614 3696 4658 erant

2042 4675 2334 4732 Ecclesiis.
2364 4677 2731 4742 SummOpere
2752 4675 3064 4728 cavendum
3107 4675 3182 4726 iis
3212 4687 3364 4744 esse,
3411 4688 3479 4728 ne
3527 4676 3689 4744 quid.

2041 4746 2407 4819 Eutychetem
2433 4747 2792 4819 damnantes,
2823 4744 3085 4798 Nestorio
3126 4743 3512 4819 indulgerent.

2111 4814 2299 4888 Legati
2330 4817 2546 4888 synodo
2591 4815 2959 4884 przesidentes
2982 4814 3234 4888 eamdem
3264 4816 3554 4882 inchoant,
3588 4816 3694 4888 de:-

2038 4883 2320 4942 clara'ntes
2347 4883 2638 4956 pontiﬁcis
2683 4892 2920 4939 mentem
2964 4899 3088 4939 esse
3112 4883 3183 4955 (q)
3209 4893 3270 4940 ut
3315 4900 3593 4941 concessu
3619 4887 3691 4940 ab

2041 4959 2142 5015 illo
2168 4961 2478 5013 Dioscorus
2513 4958 2870 5024 excludatur,
2932 4959 3253 5026 usquedum
3305 4958 3454 5025 apud
3501 4959 3692 5012 Patres

2038 5035 2306 5100 tanquam
2343 5043 2499 5084 reum
2528 5041 2589 5083 se
2621 5027 2858 5100 stiterit,
2884 5029 3270 5100 rationemqve
3299 5028 3560 5100 retulerit
3587 5041 3690 5083 au-

2037 5099 2215 5156 dacia:
2241 5115 2378 5171 suae,
2411 5113 2524 5172 qua
2547 5099 2956 5154 (ecumenicam
2987 5099 3174 5168 coegit
3220 5099 3500 5168 synodum
3531 5099 3690 5156 nulla

2107 5206 2170 5280 ω)
2207 5208 2387 5279 Epist.

2109 5277 2184 5352 (lt)
2221 5277 2383 5351 Apud
2431 5293 2572 5336 conc
2637 5277 2898 5335 Cbalced.
2974 5291 3094 5348 par.
3129 5291 3167 5347 ι,

2041 5366 2099 5416 ει
2119 5352 2221 5430 βό.
2477 5423 2480 5425 Δ

2111 5425 2168 5494 (ι)
2207 5425 2385 5493 Epist.
2427 5423 2517 5479 3'3.

2112 5491 2203 5566 (ni)
2239 5491 2401 5564 Apud
2446 5507 2604 5566 co_n_c.
2674 5493 2935 5551 Chaiced.
3009 5507 3110 5565 par
3148 5492 3202 5566 2,
3233 5507 3286 5548 n.
3311 5491 3404 5550 33.

2096 5563 2376 5703 (ηξνιυῳη
2401 5579 2456 5622 n.
2499 5563 2589 5622 34.

2097 5649 2144 5708 (ο
2203 5641 2383 5708 Epist.
2424 5635 2512 5708 49.

2117 5649 2165 5703 ο)
2203 5649 2383 5708 Epist.
2424 5649 2512 5692 au.

2097 5649 2158 5788 ἕρ
2215 5711 2397 5781 Epist.
2435 5706 2520 5764 47.

2103 5713 2178 5858 (q;
2216 5781 2694 5854 Couc.Chalced.,
2743 5785 2853 5838 act.
2885 5777 2935 5837 4.

3256 5291 3310 5334 η.
3333 5275 3423 5351 25,
3472 5275 3562 5350 26,
3618 5275 3690 5335 an
