3994 6168
481 329 588 387 975

1290 318 1382 372 ΑΙ)
1420 315 1854 371 ANASTASIUM
1891 312 2408 370 PROLEGOMENA
2445 314 2620 369 EDIT.
2662 313 3093 371 ROM.-VATIC.
3788 317 3875 377 976

547 449 875 521 Dispositio
898 446 1081 521 igitur
1119 445 1373 521 partium
1414 437 1898 521 hujusdcubi‘culi
1934 437 2129 521 sacris
2152 432 2212 494 A
2239 437 2517 521 imagines
2546 438 2771 521 foribus
2800 441 3295 521 sanc_tua_rii,_sive
3320 442 3553 521 πρρωρῳ
3579 440 3877 521 imponun—

482 508 773 594 myste‘riis
799 508 1012 594 ibidém
1052 508 1410 594 celebrandis
1438 508 1642 594 parati
1679 511 1797 594 sub
1826 508 2127 594 postremis

482 584 1004 664 persecutionibus,
1027 592 1407 664 cumatatem
1435 584 1693 664 Silvestri
1726 584 2127 664 tamnproxime

478 652 1061 736 attingat,'co_m_plura
1088 657 1677 736 nobis_insinuat_qt_ta
1704 652 1946 736 miriﬁce
1962 663 2127 736 corn:

524 724 805 805 robant'et
831 724 1128 805 illustrant
1158 728 1375 795 scripta
1409 724 2046 805 per_B_i_bl_tothecariu'm
2064 724 2126 774 in

524 751 730 791 ronant
747 751 805 787 Cl.
832 751 1128 785 Illusu'um
1158 751 1375 795 scripta
1409 751 1504 794 per
1532 751 2046 779 nmuuurcuanum
2066 751 2126 774 ιιι

479 751 611 861 θὶια
630 801 891 860 Silvestri
923 807 979 855 et
1004 811 1436 865 successorum;
1470 801 1527 850 et
1558 795 1776 851 idcirco
1809 795 1959 849 inter
1984 792 2129 865 Pro-

480 878 770 947 legomena
797 872 982 947 visum
1013 869 1376 947 esteamdem
1412 863 1904 947 proponere:_(i‘ab
1935 863 2012 947 I._).

550 935 975 1001 Concameratio
994 940 1251 995 cubiculi
1272 940 1571 993 adversum
1588 937 1775 1005 aperit
1795 935 2091 1007 ingredien
2105 960 2130 971 -

478 1017 636 1073 tibus
685 1014 981 1078 fornicem,
1014 1012 1183 1080 cujus
1214 1009 1458 1064 interior
1504 1021 1767 1080 recessus
1800 1009 2131 1080 incangusta

483 1085 813 1157 hujusmodi
860 1096 998 1157 areas
1020 1078 1285 1157 imitatur
1312 1080 1739 1157 quodammodo
1757 1078 2129 1157 basilicarum

478 1148 729 1222 absides,
764 1153 1241 1237 quemadmodum
1273 1148 1601 1237 etiicrnicis
1633 1149 2131 1237 ipsiliS§lri12CtiIIa

477 1220 798 1297 comparari
824 1230 1007 1293 potest
1035 1223 1197 1297 arcui
1230 1221 1599 1297 basilicarum
1634 1220 2007 1297 presbyter-iis
2031 1220 2132 1271 im-

478 1289 687 1369 posiio,
706 1289 901 1369 quem,
926 1301 1046 1369 ut_a
1072 1292 1389 1369 majoribus
1407 1289 2133 1369 accepimusJappellamus

476 1362 911 1436 triumphalem.
967 1364 1123 1418 Etas
1150 1362 1529 1436 Constantino
1586 1376 1801 1436 suppar
1834 1362 1984 1415 hunc
2016 1372 2131 1427 pra

476 1432 700 1495 cateris
727 1449 930 1492 ornare
960 1435 1260 1489 consuevit
1283 1433 1465 1487 sacris
1498 1432 1873 1501 imaginibus,
1900 1444 2135 1499 praeser-

478 1513 583 1565 tim
613 1508 830 1563 Christi
860 1504 1091 1561 Domini
1117 1505 1267 1559 inter
1290 1503 1581 1572 apostolos
1605 1503 1983 1558 considentis.
2016 1503 2131 1557 Hoc

473 1588 625 1636 certe
645 1579 996 1649 diagramma
1030 1575 1318 1649 primaria
1343 1574 1598 1649 omnium
1631 1573 1906 1649 ecclesia:
1932 1586 2131 1649 nempe

474 1642 1109 1707 basilica'Salvatoris,
1141 1658 1174 1700 a
1203 1648 1404 1715 Magno
1450 1644 1825 1700 Constantino
1879 1642 2130 1715 fundata

478 1722 537 1776 in
566 1719 861 1776 Lateranis
895 1718 1003 1772 sub
1047 1714 1323 1771 Silvestro
1354 1730 1515 1784 papa,
1569 1716 1736 1770 nobis
1765 1714 2000 1770 exhibet
2032 1714 2130 1768 Bi-

478 1790 894 1866 bliothecarius
916 1785 1210 1866 num.‘36:
1245 1787 1745 1866 «_Huj_us,_i_nquit,
1769 1784 2128 1866 temporibus
2160 1807 2211 1866 Β

478 1859 1050 1920 fecitConstantinus
1078 1857 1377 1929 Augustus
1408 1858 1680 1912 basilicas
1700 1857 1870 1929 istas,
1910 1870 2053 1929 quas
2072 1864 2129 1909 et

476 1933 723 1990 ornavit.
755 1930 1056 1985 Basilicam
1076 1927 1631 1991 Constantinianam,
1659 1927 1757 1984 ubi
1787 1931 1980 1997 posuit
2018 1928 2127 1980 ista

475 2006 657 2061 dona:
716 2001 1037 2072 Fastigium
1063 2006 1395 2072 argenteum
1441 1998 1731 2072 battutile,
1763 1998 2131 2072 quob__habet

474 2077 537 2131 in
564 2074 751 2131 fronte
778 2067 1123 2129 Salvatorem
1139 2067 1438 2125 sedentem
1467 2070 1527 2123 in
1550 2070 1688 2124 sella
1716 2067 2051 2138 in‘pedibus
2075 2067 2128 2134 ὅ,

473 2159 633 2215 pens.
662 2144 841 2215 libras
859 2140 962 2198 402
983 2159 998 2204 ς
1017 2141 1317 2215 duodecim
1339 2140 1629 2215 apostolos
1656 2142 1715 2195 in
1739 2140 1940 2210 quinis
1968 2140 2066 2208 ped
2078 2140 2136 2193 i-

475 2210 605 2282 bus,
642 2214 743 2285 qui
766 2218 1165 2285 pensaverunt
1193 2212 1412 2283 singuli
1468 2210 2024 2285 librasuonagenas.

547 2281 879 2352 Exemplum
906 2283 1166 2338 Silvestri
1215 2288 1272 2338 et
1300 2281 1674 2339 Constantini
1719 2281 2132 2351 subsequentes

476 2361 672 2413 atates
700 2367 995 2423 nunquam
1017 2353 1211 2408 oblita
1232 2367 1345 2409 non
1373 2353 1540 2409 modo
1567 2354 1625 2408 in
1648 2353 1849 2408 abside
1877 2353 2130 2421 ejusdem

475 2428 733 2501 basilica:
756 2423 1175 2501 Lateranensis.
1202 2425 1501 2501 s_ed_etiam
1526 2425 1599 2501 in
1634 2437 1852 2479 camera
1882 2423 2129 2501 triclinii

475 2498 732 2569 ejusdem
761 2494 1169 2569 pa_tri_archii_a
1210 2494 1265 2569 S_.
1314 2497 1497 2550 Leone
1526 2496 1599 2549 III
1628 2494 1974 2569 constructi,
1989 2494 2131 2569 'qua

475 2564 1073 2637 sitperest,Christum
1100 2564 1408 2637 Dominum
1429 2571 1485 2620 et
1509 2565 1799 2633 apostolos
1824 2566 2127 2637 duodecim

470 2635 643 2697 etiam
677 2637 899 2692 musivo
929 2647 1099 2704 opere
1128 2635 1535 2691 cxhibuerunt.
1568 2637 1630 2689 In
1665 2635 2129 2705 reparationibus

470 2716 661 2766 autem
690 2707 948 2763 basilica
977 2706 1202 2760 eosdem
1249 2707 1540 2774 apostolos
1571 2707 1792 2762 musivo
1843 2708 2127 2775 expressit

468 2780 579 2837 sub
623 2777 873 2848 imagine
901 2775 1213 2831 Salvatoris
1264 2776 1320 2830 in
1369 2778 1859 2848 concameratione
1902 2776 2126 2833 absidis

468 2843 921 2917 Nicolaus‘papa
949 2851 1192 2916 quartus
1213 2859 1364 2901 anno
1394 2843 1523 2901 4294
1554 2865 1569 2911 ς
1600 2853 1657 2902 et
1682 2848 1994 2903 novissime
2008 2849 2124 2904 Cle-

472 2934 631 2977 mens
678 2916 793 2988 XI,’
821 2919 1185 2988 decessorum
1240 2916 1503 2987 vestigiis
1550 2918 1860 2986 inharens,
1927 2917 2123 2974 beatos

468 2987 777 3062 apostolos,
818 2987 1200 3062 fundamenta
1234 3001 1389 3062 nova
1418 2989 1677 3062 civitatis
1713 2988 2026 3062 Jerusalem
2062 2991 2120 3044 in

465 3058 597 3121 navi
628 3059 882 3117 ecclesia
929 3058 1203 3127 primaria
1250 3060 1484 3114 totidem
1541 3059 1649 3115 sub
1698 3060 1963 3116 adiculis
2004 3062 2125 3115 sive

467 3132 873 3189 loculamentis
910 3130 982 3184 ab
1012 3131 1347 3185 Innocentio
1380 3132 1602 3186 decimo
1632 3133 1825 3187 eodem
1876 3132 2125 3187 consilio

463 3203 706 3260 structis
732 3202 921 3257 solido
944 3213 1013 3255 ex
1043 3214 1321 3256 marmore
1348 3202 1417 3255 ad
1450 3202 1760 3258 colosseam
1792 3202 2129 3271 amplitudi-

462 3288 589 3331 nem
621 3274 815 3329 exciso
863 3285 961 3341 per
1007 3272 1327 3340 sculptores
1355 3274 1542 3328 atatis
1573 3279 1781 3328 nostra
1808 3274 2126 3342 pracipuos

458 3345 640 3415 jussit
684 3342 989 3415 elaborari,
1036 3345 1305 3415 certatim
1336 3342 1769 3400 conferentibus
1810 3344 2121 3415 symbolam

466 3413 755 3485 piissimis
788 3413 1154 3482 principibus
1183 3414 1253 3469 ad
1276 3414 1655 3485 decorandam
1686 3414 1987 3485 basilicam
2010 3429 2126 3471 om-

465 3484 628 3542 nium
658 3485 977 3556 principem
1010 3485 1206 3556 sacris
1228 3484 1557 3553 hujusmodi
1585 3484 1941 3556 imaginibus
1955 3487 2124 3556 juxta

466 3569 679 3613 morem
708 3556 812 3611 avi
851 3555 1336 3610 Constantiniani.

530 3629 656 3683 Non
712 3640 879 3682 secus
934 3626 992 3681 in
1038 3627 1310 3681 Vaticana
1356 3631 1645 3695 peractum
1690 3626 1956 3682 novimus
2001 3633 2124 3683 tum

505 3700 677 3766 risca,
726 3704 846 3752 tum
882 3702 1076 3752 nostra
1107 3704 1330 3768 atate;
1364 3711 1492 3753 cum
1552 3697 1856 3754 duodecim
1887 3703 2127 3768 aposto—

505 3714 677 3766 risca,
726 3714 846 3752 tum
882 3714 1076 3752 nosu'a
1107 3714 1305 3761 atate;
1364 3714 1492 3753 cum
1552 3714 1856 3754 auocecrm
1887 3714 2125 3768 aposw—

465 3714 654 3825 forum
674 3768 957 3839 imagines
988 3768 1223 3839 totidem
1251 3767 1539 3839 columnis
1561 3769 1799 3823 vitineis
1850 3770 2125 3839 mpositas

464 3841 535 3896 ad
558 3837 945 3893 coronan’dum
979 3837 1393 3907 presbyterium
1417 3837 1731 3907 Gregorius
1770 3841 1842 3894 Ill
1871 3837 2127 3895 colloca-

460 3910 628 3976 verit,
654 3914 795 3962 teste
816 3907 1260 3980 Bibliothecario
1295 3921 1452 3962 num.
1483 3907 1604 3975 494,
1651 3924 1895 3978 quorum
1921 3910 2127 3980 ﬁguris

471 3991 695 4034 musrvo
721 3978 939 4046 pariter
957 3990 1125 4045 opere
1142 3979 1481 4046 compositis
1507 3982 1702 4034 ornari
1720 3981 1907 4035 voluit
1925 3978 2126 4036 Sixtus

510 4062 615 4119 apa
647 4046 1170 4119 quintusabsidem
1200 4049 1615 4117 amplissimam
1642 4063 1674 4105 a
1700 4064 1760 4105 se
1791 4049 2123 4115 fundatam;

499 4117 717 4191 rontem
746 4131 877 4191 vero
903 4117 1159 4191 basilica
1187 4132 1219 4173 a
1250 4133 1309 4174 se
1329 4126 1713 4191 constructam
1741 4122 1973 4189 Paulus,
1999 4124 2127 4191 ejus

471 4189 727 4245 nominis
747 4189 962 4257 pariter
974 4189 1236 4257 quintus,
1257 4190 1500 4245 colossis
1514 4190 1805 4246 Christum
1820 4189 2124 4249 Dominum

471 4267 528 4317 et
554 4259 858 4316 duodecim
891 4258 1182 4326 apostolos
1215 4260 1678 4329 exprimentibus
1705 4263 2035 4321 decoravit..

541 4332 649 4385 Par
690 4329 1003 4401 dispositio
1056 4329 1270 4401 legitur
1296 4344 1364 4386 ac
1416 4331 1644 4387 videtur
1688 4333 1745 4387 in
1778 4332 2019 4390 basilica
2066 4336 2123 4391 S.

469 4401 630 4457 Pauli
650 4399 741 4455 via
769 4399 1018 4469 Ostensi,
1043 4399 1212 4469 quam
1239 4418 1269 4457 a
1301 4408 1627 4459 terramotu
1648 4416 1981 4460 concussam
2004 4406 2129 4462 bea-

468 4478 565 4529 tus
594 4473 702 4527 Leo
732 4471 944 4527 tertius
976 4485 1106 4526 cum
1135 4479 1429 4528 renovaret
1452 4486 1520 4529 ex
1548 4474 1875 4532 narratione
1900 4477 2127 4533 Biblio—

468 4543 713 4629 thecarii
746 4555 903 4629 num.
933 4540 1040 4598 380
1068 4549 1125 4598 et
1165 4542 1300 4629 .381,
1341 4552 1564 4629 serva-ta
1605 4546 2027 4629 veteriforma:
2062 4552 2124 4605 In
2156 4569 2209 4629 D
2229 4540 2535 4629 progressa.
2560 4553 2654 4606 sit.

465 4631 625 4675 nave,
685 4611 896 4682 inquit,
931 4630 1052 4683 qua
1102 4620 1179 4668 est
1219 4611 1382 4684 super
1428 4617 1605 4670 altare
1632 4619 1895 4684 imagines
1925 4634 2122 4673 aureas

464 4686 664 4740 obtulit
688 4685 889 4739 Christi
926 4687 1143 4739 Domini
1183 4692 1233 4740 et
1273 4689 1637 4756 apostolorum
1669 4690 1817 4742 Petri
1859 4694 1909 4743 et
1937 4692 2120 4751 Pauli,

466 4756 757 4811 recentius
804 4769 935 4811 vero
981 4757 1272 4812 Honorius
1320 4771 1459 4826 papa
1506 4760 1579 4813 Ill
1613 4758 1671 4812 in
1705 4758 1987 4815 tribunali
2021 4776 2123 4817 seu

463 4838 689 4881 camera
742 4826 1105 4896 presbyterii,
1155 4828 1374 4882 Christi
1431 4830 1659 4883 Domini
1708 4836 1764 4883 et
1819 4831 2121 4886 duodecim

464 4896 856 4969 apostolorum
892 4897 1172 4969 imagines
1202 4912 1371 4968 opere
1403 4901 1625 4955 musivo
1662 4900 1734 4955 de
1784 4914 1938 4956 more
1961 4916 2127 4958 com-

460 4976 656 5039 pactas
677 4968 955 5024 restituit.

539 5040 745 5093 Verum
775 5039 1217 5111 consuetudinis
1248 5046 1359 5096 tam
1394 5048 1628 5111 recepta
1678 5049 1735 5098 et
1775 5044 2122 5101 conﬁrmata

467 5110 636 5185 plura
663 5121 732 5162 ne
753 5108 1115 5185 conferamus
1140 5113 1420 5185 exempla,
1454 5108 1599 5169 satis
1623 5127 1909 5185 superque
1947 5116 2122 5172 fuerit

465 5181 725 5236 indicare
745 5179 961 5235 Altaris
993 5182 1276 5249 pontiﬁcii
1310 5179 1532 5238 cultum
1568 5185 1624 5239 in
1651 5179 2119 5244 sclemnitatibus

463 5252 604 5306 anni
626 5250 932 5319 pracipuis
947 5252 1053 5306 hoc
1068 5253 1236 5308 unico
1257 5258 1881 5312 ornamentoconstitui
1900 5266 2118 5315 sancto-

462 5335 589 5375 rum
608 5320 812 5399 .sciliet
835 5322 1227 5399 apostolorum
1251 5326 1466 5381 statuis
1482 5325 1593 5381 sub
1616 5328 1865 5399 imagine
1886 5330 2115 5385 Domini

461 5390 1229 5471 cruciﬁxi_colloca_tis,__non
1260 5409 1426 5471 secus
1450 5410 1517 5452 ac
1545 5390 1766 5471 rogatuv
1777 5399 1925 5455 beati
1948 5401 2115 5471 Xysti

460 5462 586 5537 ejus
594 5462 854 5537 nominis
869 5463 1048 5537 tertii,
1076 5465 1513 5523 Valentinianus
1526 5462 1824 5537 Augustus
1843 5462 2114 5533 num.'65.

456 5533 669 5610 obtulit_
715 5536 1009 5610 imaginem
1079 5551 1301 5610 aurigam
1343 5554 1464 5593 cum
1513 5533 1795 5595 duodecim
1834 5545 2012 5610 portis
2068 5549 2119 5598 et

458 5604 727 5682 apostoios
753 5604 1034 5682 duodecim
1064 5616 1113 5657 et
1165 5606 1502 5663 Salvatorem
1538 5614 1597 5664 in
1633 5604 1853 5676 gemmis
1900 5617 2117 5682 pretio-

458 5674 690 5746 sissimis
754 5680 1006 5729 ornatam
1056 5691 1227 5746 super
1281 5674 1672 5746 confessionem
1748 5674 1921 5736 beati-
1969 5685 2119 5739 Petri

459 5743 730 5812 apostoli,
784 5758 965 5812 neque
1015 5743 1187 5803 aliter
1213 5761 1280 5802 ac
1311 5743 1389 5803 in'
1427 5750 1752 5807 Gracorum
1804 5754 2116 5811 Pontiﬁca-

459 5761 695 5812 aposrou
717 5784 730 5803 ,
784 5761 965 5866 neque
1015 5761 1187 5803 auter
1213 5761 1280 5802 ac
1311 5761 1369 5803 In
1427 5761 1752 5807 Graecorum
1807 5761 2114 5811 Pontiﬁca-

458 5814 620 5867 libus
637 5814 818 5867 sacris
832 5814 871 5868 C
919 5816 1049 5870 risti
1066 5818 1294 5873 Domini
1321 5832 1386 5875 ac
1406 5820 1707 5879 duodecim
1726 5824 2114 5893 apostolorum

2237 514 2351 565 tur.
2385 516 2442 565 et
2494 513 2756 566 accensis
2798 512 2983 568 cereis
3028 511 3255 569 facibus
3286 511 3610 569 redduntur
3658 514 3877 583 conspi—

2235 592 2371 634 ουκ.

2312 649 2530 707 Placuit
2573 652 2800 708 scilicet
2829 653 3095 710 Ecclesia
3123 655 3423 710 catholica
3471 655 3532 709 in
3580 652 3769 709 sacris
3797 666 3881 709 so-

2236 718 2526 778 lemnibus
2568 724 2825 778 muneris
2869 726 3155 793 pontiﬁcii
3206 727 3563 782 Sacerdotem
3618 731 3876 779 aternum

2237 794 2552 867 secundum
2575 795 2833 867 ordinem
2852 796 3230 853 Melchisedec
3250 797 3406 867 regio
3423 797 3586 852 cultu
3609 797 3668 850 in
3688 795 3882 850 throno

2238 863 2631 939 considentem
2684 866 2973 939 exhibere,
3029 863 3479 939 ejusqueregni
3532 880 3883 923 consessores

2238 934 2529 1002 apostolos
2556 941 2626 1007 et
2676 934 3095 1006 quodammodo
3142 934 3420 999 σῦνοεὸνοιῖς
3469 944 3881 1007 reprasentare,

2240 1011 2435 1078 utpote
2456 1006 2512 1078 in
2533 1006 2833 1062 duodecim
2846 1009 3083 1065 sedibus
3099 1024 3229 1065 cum
3256 1023 3321 1064 eo
3335 1006 3657 1078 judicantes
3684 1009 3887 1063 duode-

2237 1076 2350 1130 cim
2398 1077 2586 1131 tribus
2624 1078 2818 1141 Israel,
2865 1079 2970 1134 hoc
3025 1088 3113 1136 est
3159 1076 3481 1135 universam
3538 1081 3883 1135 credentium

2238 1148 2571 1214 Ecclesiam,
2601 1162 2669 1203 ex
2694 1163 2809 1218 quo
2851 1152 3274 1207 communicato
3317 1165 3446 1206 cum
3476 1151 3596 1206 illis
3619 1152 3760 1218 jure
3808 1154 3884 1207 sui

2240 1218 2451 1288 regalis
2477 1220 2786 1275 sacerdotii
2808 1222 3167 1278 constituite
3197 1222 3580 1291 piscatoribus
3601 1222 3887 1291 principes

2238 1302 2419 1364 super
2464 1303 2686 1364 omnem
2742 1298 2984 1364 terram.
3064 1295 3253 1364 Imago
3321 1299 3511 1349 autem
3564 1295 3886 1364 expressior

2237 1359 2530 1433 completa
2545 1362 2605 1415 in
2620 1361 2948 1433 Christiana
2966 1359 3216 1419 Ecclesia
3236 1364 3562 1432 hujusmodi
3579 1359 3887 1433 prophetia

2237 1435 2364 1503 tum
2387 1432 2633 1503 maxime
2663 1431 2903 1495 aﬁ’ulsit,
2938 1436 3168 1503 quando
3215 1437 3274 1489 in
3315 1431 3453 1503 pace
3495 1431 3605 1503 ipsi
3660 1432 3886 1491 reddita

2239 1500 2487 1556 sublatis
2515 1500 3013 1571 persecutionibus
3042 1505 3215 1561 licuit
3235 1500 3343 1561 sub
3361 1500 3742 1560 Constantino
3782 1520 3889 1561 suc-

2237 1572 2566 1645 cessoribus
2593 1574 2650 1628 in
2683 1575 2910 1629 thronis
2930 1576 3317 1644 apostolorum
3349 1577 3632 1645 episcopis
3652 1576 3730 1631 ad
3756 1590 3891 1632 mcu-

2241 1644 2491 1716 me_n_icas
2511 1646 2758 1714 synodos
2773 1647 3098 1707 convenire.
3115 1653 3170 1701 et
3181 1644 3407 1716 judicia
3427 1646 3583 1702 orbis
3608 1652 3886 1702 terrarum

2241 1713 2470 1786 publice
2498 1713 2778 1783 eXercere,
2812 1729 2878 1770 ac
2917 1717 2990 1771 de
3034 1713 3257 1773 divinis
3305 1718 3681 1786 humanisque
3728 1720 3889 1773 rebus

2240 1785 2321 1838 ita
2350 1785 2673 1857 decernere,
2708 1786 2812 1858 illo
2841 1788 3065 1843 cateris
3095 1788 3453 1857 prasidente,
3493 1785 3653 1858 quem
3674 1789 3887 1843 vicaria

2242 1861 2516 1917 potestate
2565 1855 2669 1911 sua
2699 1855 2863 1926 fungi
2899 1872 3013 1926 pra
3066 1855 3289 1914 caeteris
3343 1855 3543 1923 voluit,
3589 1867 3652 1914 ut
3706 1867 3886 1914 ratum

2235 1934 2384 1980 esset
2416 1926 2475 1980 in
2502 1927 2665 1982 calls
2690 1926 2979 1997 quidquid
3006 1929 3334 1997 hujusmodi
3360 1930 3585 1998 judicio
3633 1931 3688 1983 in
3724 1930 3888 1985 terris

2240 1998 2735 2070 pronuntiaretur.
2767 1999 2925 2054 Tunc
2970 2000 3203 2070 inquam
3260 2000 3480 2056 oraculi
3534 2000 3710 2055 istius
3764 2014 3884 2070 pro-

2244 2067 2446 2140 missio
2473 2068 2754 2140 completa
2768 2082 2833 2125 ac
2857 2067 3356 2126 manifestiorcum
3379 2072 3670 2133 evasisset,
3697 2067 3885 2140 utpote

2241 2137 2436 2214 oculis
2494 2137 2878 2214 orientalium
2943 2148 3015 2214 etc
3084 2141 3540 2214 Occidentalium
3574 2137 3883 2214 regionum

2241 2210 2522 2285 esposita,
2554 2210 2719 2285 illius
2745 2224 2974 2285 quoque
3002 2211 3307 2285 imaginem
3333 2212 3591 2269 dedicari
3618 2210 3743 2285 tum
3782 2226 3884 2267 ma—

2241 2281 2395 2354 xime
2426 2294 2539 2354 par
2554 2280 2668 2337 fuit
2689 2281 2748 2336 in
2768 2280 2961 2354 sacris
2983 2280 3226 2351 adibus,
3252 2284 3351 2339 ubi
3378 2285 3597 2354 regium
3627 2284 3885 2351 majesta-

2242 2351 2321 2425 iis
2342 2367 2469 2425 sua
2499 2352 2771 2407 thronum
2800 2352 2954 2408 inter
2983 2354 3252 2425 mortales
3279 2351 3533 2410 statuere
3549 2354 3886 2425 dignabatur

2242 2423 2582 2495 Redemptor
2611 2428 2824 2490 noster,
2872 2426 2967 2479 cui
3011 2424 3144 2480 data
3196 2432 3285 2481 est
3335 2427 3528 2481 omnis
3559 2423 3813 2495 potestas
3838 2426 3885 2479 in

2241 2494 2384 2566 calo
2421 2501 2476 2549 et
2517 2494 2576 2548 in
2609 2500 2779 2549 terra.
2833 2495 3092 2551 Thronos
3142 2496 3325 2566 igitur
3368 2494 3718 2565 apostolicos
3770 2497 3887 2551 hinc

2242 2565 2375 2619 inde
2394 2566 2662 2621 divinum
2693 2566 2974 2634 stipantes
3010 2573 3067 2622 et
3089 2565 3428 2623 coronantes
3447 2567 3572 2623 sive
3593 2581 3723 2623 cum
3754 2567 3889 2623 ima-

2238 2635 2478 2706 ginibus
2501 2636 2890 2706 apostolorum
2919 2636 3181 2708 aquibus
3201 2636 3426 2695 fundati
3441 2645 3599 2705 sunt,
3629 2639 3760 2694 sive
3776 2650 3889 2693 cura

2238 2708 2500 2776 mysticis
2544 2708 2747 2781 ﬁguris
2776 2709 3069 2781 seniorum
3097 2709 3517 2780 Apocalypseos
3542 2710 3689 2781 Agni
3732 2710 3893 2781 thro—

2237 2789 2370 2833 num
2389 2792 2457 2834 ex
2488 2778 2742 2848 propriis
2766 2778 3001 2835 sedibus
3029 2780 3109 2835 ita
3124 2778 3491 2836 adorantium
3512 2778 3777 2836 solemne
3794 2778 3893 2834 fuit

2232 2849 2543 2918 appingere
2571 2864 2638 2905 ex
2668 2856 2831 2905 atate
2873 2850 3353 2907 Constantiniana
3399 2857 3516 2906 tam
3547 2850 3817 2906 basilicis
3842 2850 3892 2904 in

2233 2933 2369 2987 pace
2398 2921 2664 2975 Ecclesia
2693 2921 2984 2985 excitatis,
3017 2933 3187 2991 quam
3217 2922 3512 2979 cubiculis
3535 2922 3894 2978 cameterio-

2236 3004 2385 3063 rum,
2411 2990 2625 3046 eisdem
2652 2991 2918 3047 basilicis
2943 2993 3014 3048 de
3038 2990 3307 3061 proximo
3340 2993 3803 3063 praludentibns
3838 2992 3890 3045 in

2239 3061 2353 3134 ﬁne
2372 3064 2880 3134 persecutionum:
2913 3064 2999 3118 uti
3028 3061 3432 3134 cognoscimus
3459 3078 3530 3119 ex
3564 3065 3673 3119 hac
3703 3075 3893 3119 memo-

2182 3183 2201 3204 ,
2234 3131 2586 3205 rabilicella
2610 3133 2718 3188 via
2745 3133 2980 3205 Salaria
3015 3134 3072 3205 in
3105 3131 3327 3205 cryptis
3369 3136 3427 3191 S.
3458 3135 3767 3200 Hermetis,
3799 3146 3890 3187 seu

2157 3184 2202 3241 C
2234 3184 3785 3276 rasa1is‘aaaaa'aasnisdesdimaasneaii
3797 3184 3895 3259 sa;

2236 3272 2493 3347 ﬁdelium
2528 3275 3010 3347 inscriptionibus
3036 3272 3637 3347 liquiet'quadriennio
3667 3290 3701 3331 a
3721 3277 3891 3345 depo—

2233 3345 2446 3416 sitione
2518 3346 2782 3416 Silvestri
2860 3347 2930 3401 ad
3010 3345 3363 3416 sepulturam
3435 3347 3887 3403 Christianorum

2232 3413 2551 3488 abhibitam
2582 3422 2638 3471 et
2681 3413 3097 3488 frequentatani
3154 3419 3482 3474 eorumdem
3545 3420 3733 3475 sacris
3775 3430 3889 3485 my—

2234 3486 2449 3541 steriis.

2306 3557 2781 3629 Perspectumest
2806 3572 2874 3615 ex
2904 3559 3160 3616 Historia
3185 3560 3420 3617 Eusebii
3460 3560 3566 3616 lib.
3591 3575 3672 3629 rx,
3695 3573 3818 3627 cap.
3834 3556 3885 3623 2,

2236 3628 2363 3699 ipso
2390 3628 2768 3686 Constantino
2792 3631 3108 3699 imperante
3131 3644 3243 3687 una
3258 3645 3387 3687 cum
3415 3628 3685 3688 consorte
3702 3630 3878 3686 domi-

2234 3698 2493 3755 nationis
2516 3700 2738 3770 Licino,
2772 3698 3155 3757 Maximinum
3200 3702 3258 3756 in
3291 3702 3527 3758 Oriente
3558 3716 3669 3758 non
3702 3703 3886 3758 minus

2236 3770 2699 3850 uirique‘eorum
2735 3785 2903 3850 quam
2930 3779 3142 3850 nostra
3171 3772 3301 3828 ﬁdei
3332 3773 3621 3829 infensum
3660 3774 3774 3850 tale
3792 3774 3889 3850 in;-

2234 3840 2459 3913 dixisse
2475 3840 2689 3897 bellum
2717 3840 2901 3898 sacris
2930 3844 3392 3900 Christianorum
3416 3858 3482 3900 ac
3510 3845 3745 3913 templis
3775 3841 3888 3897 ubi-

2237 3925 2347 3987 que
2370 3912 2589 3967 dirutis
2618 3920 2675 3987 et
2718 3914 2839 3969 solo
2868 3917 3134 3987 aequatis,
3186 3923 3249 3970 ut
3281 3916 3337 3970 in
3370 3922 3602 3987 cryptas
3629 3912 3893 3987 eamete-

2236 3983 2454 4038 riorum
2506 3982 2813 4053 confugere
2871 3982 3019 4054 ipsis
3098 3999 3326 4041 necesse
3380 3982 3560 4043 fuerit
3609 3986 3681 4041 ad
3738 3998 3889 4040 sacra

2239 4054 2506 4123 mysteria
2562 4057 2897 4125 peragenda.
2977 4058 3059 4111 Ita
3124 4070 3323 4125 nempe
3400 4058 3728 4113 renovanda
3777 4067 3893 4111 esse

2235 4125 2463 4179 censuit
2477 4125 2663 4199 edicta
2679 4126 3023 4199 Diocletiani
3040 4134 3097 4183 et
3113 4129 3472 4197 Maximiani,
3492 4128 3713 4199 quibus
3731 4126 3895 4197 paulo

2235 4201 2368 4251 ante
2398 4195 2658 4270 savituin
2693 4195 3098 4270 fueratcontra
3134 4199 3440 4270 religionis
3461 4195 3675 4256 nostra
3717 4195 3895 4255 catus

2234 4267 2682 4339 ctsacras‘agdes
2719 4268 2789 4323 ad
2835 4270 3093 4339 synaxim
3142 4267 3404 4339 paratas:
3462 4276 3525 4324 ut
3563 4271 3896 4339 persecutio.

2239 4335 2451 4405 inquit,
2514 4336 2619 4392 lib.
2681 4351 2784 4393 Vill
2849 4335 2971 4409 cap.
3050 4335 3159 4396 ulti
3232 4357 3352 4396 cum
3410 4342 3482 4395 ab
3549 4335 3899 4396 ecclesiarum

2236 4410 2506 4482 eversione
2554 4412 2873 4480 sumpsisset
2913 4413 3158 4475 initium,
3208 4413 3553 4482 postmodum
3594 4412 3899 4466 subsecuti:

2234 4480 2389 4531 vario
2414 4484 2648 4548 tempore
2684 4487 2953 4536 rectorum
2992 4480 3458 4549 infestationibus,
3482 4484 3638 4550 longe
3667 4484 3905 4536 ulterius

2706 4550 2858 4620 Quin
2883 4553 3056 4609 etiam
3090 4560 3218 4623 post
3259 4555 3440 4610 initas
3476 4568 3608 4609 cum
3660 4553 3901 4623 iuiperii

2235 4621 2603 4678 consortibus
2625 4626 2782 4692 pacis
2800 4621 3202 4680 simulationes
3218 4624 3602 4695 tranquillum
3628 4621 3904 4683 Ecclesia

2234 4697 2446 4746 statum
2474 4706 2547 4767 ne
2573 4695 2832 4767 semestri
2868 4695 3096 4767 quidem
3134 4697 3357 4767 integro
3389 4710 3597 4766 passus
3640 4703 3733 4750 est
3766 4708 3907 4765 per-

2236 4775 2462 4818 manere
2508 4762 2623 4834 (lib.
2686 4778 2767 4830 rx,
2823 4762 2902 4833 c,‘
2933 4765 3017 4837 ‘2):
3069 4762 3315 4836 Dumque
3383 4762 3461 4821 ad
3521 4762 3905 4820 subruendum

2226 4847 2418 4901 pacem
2442 4836 2582 4888 nihil
2610 4851 2746 4906 non
2790 4836 3035 4899 molitur,
3091 4841 3333 4905 primum
3369 4838 3591 4906 quidem
3618 4845 3845 4891 nostros
3871 4853 3901 4888 α

2232 4906 2582 4960 conuentibus
2601 4901 2847 4977 (συνόδου)
2884 4910 2982 4976 qui
3021 4901 3434 4963 in_ca’meteri'is
3458 4912 3582 4977 fieri
3625 4908 3902 4962 solebant.

2230 4977 2409 5046 nescio
2464 4992 2569 5045 quo
2635 4982 2909 5046 prateatu
2967 4993 3150 5033 arcere
3204 4985 3431 5034 conatus
3483 4985 3582 5034 est.
3657 4979 3905 5033 Fimnt

2232 5045 2419 5120 igitur
2447 5048 2525 5120 in;
2549 5045 2894 5120 eameteriis
2931 5056 3228 5106 constante
3258 5052 3652 5120 persecutione
3705 5048 3906 5104 Maxi-

2230 5119 2371 5191 mini
2409 5118 2468 5191 ir.
2491 5118 2743 5191 Oriente,
2795 5127 2851 5175 et
2878 5134 2978 5190 per
3014 5121 3118 5176 illa
3171 5118 3476 5177 intervalla
3519 5122 3698 5191 pacis,
3724 5121 3903 5177 sacri

2227 5187 2694 5263 Christianorum
2730 5187 3045 5247 conventus
3086 5192 3145 5247 in
3179 5206 3492 5263 martyrum
3520 5187 3903 5255 eameteriis,

2230 5260 2509 5327 quedmad
2523 5262 2749 5336 modum
2782 5269 2838 5336 et
2869 5260 3500 5336 Romaperagebantur
3526 5263 3905 5335 tyrannidem

2228 5337 2540 5406 exercente
2559 5334 2867 5406 Maxentio,
2921 5333 3177 5403 ejusdem
3208 5333 3418 5406 aquali
3462 5340 3521 5391 et
3554 5333 3903 5405 'prototypo.

2231 5406 2293 5454 ut
2325 5402 2473 5457 idem
2507 5404 2791 5460 Eusebius
2818 5402 3101 5461 observat.

2300 5472 2735 5546 Verumdivina
2763 5476 2982 5531 Christi
3013 5476 3201 5533 virtus
3226 5476 3326 5532 ubi
3371 5483 3648 5546 tyrannos
3669 5476 3907 5533 delevit

2226 5548 2282 5596 et
2296 5544 2365 5619 ad
2387 5543 2647 5619 nihilum
2669 5547 2887 5619 redegit
2908 5543 3411 5619 (quemadmodum
3432 5548 3492 5619 in
3522 5547 3909 5619 dedicatione

2225 5614 2477 5687 ecclesia
2502 5617 2652 5685 apud
2671 5614 2877 5687 Tyrum
2896 5614 3146 5674 sublatis
3165 5617 3673 5687 persecutionibnsr
3689 5632 3913 5674 memo-

2227 5691 2413 5741 ratum
2441 5684 2623 5743 fuisse
2670 5684 2879 5745 scribit
2927 5684 3212 5745 Eusebius
3257 5690 3405 5744 Hist.
3461 5687 3613 5744 Eccl.
3668 5686 3792 5744 lib.
3848 5703 3903 5743 ι.

2225 5766 2345 5823 cap.
2381 5753 2432 5823 4,
2502 5771 2625 5829 pag.
2675 5757 2803 5829 374)
2852 5763 3052 5815 amicos
3097 5767 3148 5816 et
3192 5760 3504 5828 familiares
3549 5775 3676 5813 suos
3747 5758 3907 5829 apud

2224 5839 2402 5881 omnes
2422 5842 2530 5880 non
2568 5831 2823 5887 mortales
2865 5833 3039 5902 modo,
3079 5847 3264 5887 verum
3315 5832 3479 5885 etiam
3509 5830 3756 5886 caelestes
3794 5846 3909 5901 po—
