3994 6172
75 334 180 391 977

961 344 1236 400 CHARTA
1275 343 1750 400 CORNUTIANA.
1779 374 1851 386 -—
1882 346 2246 401 BLANCHINI
2278 346 2617 402 MONITUM.

3387 345 3494 403 978

75 462 533 541 testatesevexit:
559 464 642 541 lt_a_
668 465 1026 541 utapostolls
1072 466 1143 541 ab
1197 467 1321 536 ipso
1372 467 1734 541 nominatore
1767 469 1825 529 A
1856 468 1987 523 terii
2011 469 2290 524 Priscillae
2311 470 2403 524 via
2427 469 2668 537 Salaria,
2699 470 2792 525 cui
2819 483 3019 524 nomen
3061 471 3311 526 inditum
3339 471 3491 541 legi—

74 528 284 584 cmliet
310 537 476 586 terrae
511 528 867 601 judiciorum
918 537 1098 592 veluti
1155 528 1544 594 assessoribus
1569 539 1731 593 desi-

76 601 289 677 gnatis,
315 603 543 677 sedium
571 619 798 674 quoque
854 621 1112 668 suarum,
1161 622 1304 677 quas
1365 610 1422 663 in
1483 615 1633 664 terra
1661 623 1727 664 eo

77 670 380 748 mandante
411 670 805 748 fundaverant,
865 670 1297 733 successoribus
1348 680 1724 748 judicandum

75 740 264 823 orbem
302 747 672 823 terrarum_in
722 749 957 814 synodis
1008 740 1380 823 mcumenicis
1438 752 1716 817 traderet;

73 819 123 865 et
155 815 257 891 qui
291 815 852 891 antevetabantura
876 823 1133 891 tyrannis
1171 821 1252 875 vel
1277 821 1475 876 subter
1495 815 1722 891 cryptas

74 890 254 962 cretus
285 886 541 942 occultos
557 901 775 962 COgere,
803 886 1197 946 invitabantur
1215 892 1330 959 jam
1353 892 1423 946 ab
1442 886 1724 962 Augustis

77 959 469 1036 ut_omnlum_
517 960 942 1036 provinciarum
980 974 1053 1036 ac
1121 964 1425 1036 nationum
1474 959 1720 1036 synodos

75 1022 306 1107 publice
334 1022 704 1107 celebrarent.
733 1031 867 1086 Jure
915 1033 1096 1101 igitur
1141 1022 1531 1107 spectaculum
1561 1033 1720 1107 adeo

69 1096 434 1171 jucundum,_
472 1099 761 1155 divinitus
809 1096 1361 1158 reservatum'aitati
1404 1117 1469 1158 ac
1521 1104 1717 1171 pietati

74 1169 439 1244 Constantini
471 1171 677 1244 aetatis,
699 1172 952 1244 ejusdem
981 1175 1162 1242 pietas
1209 1181 1327 1229 tum
1355 1169 1572 1244 cryptis
1605 1175 1721 1228 im-

76 1238 304 1304 pressit,
335 1241 680 1313 quarumiab
730 1238 995 1312 ingressu
1039 1245 1206 1313 paulo
1257 1252 1388 1300 ante
1419 1238 1721 1300 'a'rceban—

71 1315 189 1384 tur,
262 1316 385 1384 tum
431 1310 693 1384 basilicis
747 1310 889 1382 quas
941 1310 1280 1384 triumphali
1329 1315 1491 1371 cultu
1547 1316 1718 1384 paulo

74 1383 198 1446 post
220 1381 515 1435 excitavit.

73 1521 84 1530 ν
136 1449 243 1530 Sed
283 1465 697 1530 prosequamur
735 1455 883 1509 sacri
928 1455 1101 1530 hujus
1153 1455 1410 1530 cubiculi
1446 1455 1716 1526 partesiu

72 1523 324 1596 imagin_e
349 1523 714 1596 perlustrare,
748 1540 873 1594 quae
905 1523 1080 1596 gestis
1108 1523 1461 1582 eorumdem'
1494 1534 1719 1596 tempo—

72 1603 193 1674 rum
225 1591 477 1674 aﬁ‘erunt
507 1594 702 1674 lucem_
717 1591 828 1651 non
871 1591 1166 1674 miodicam.
1202 1598 1272 1674 Lit
1315 1599 1496 1674 igitur
1519 1591 1722 1674 cogno-

71 1673 362 1717 sceremus
394 1667 453 1717 in
483 1667 872 1732 apostolorum
898 1669 1124 1723 thronis
1154 1670 1314 1723 sedes
1329 1667 1397 1723 ad
1435 1671 1634 1724 iisdem
1661 1670 1717 1722 in

71 1741 219 1809 terra
256 1732 525 1809 fundatas
549 1743 610 1809 et
639 1739 1222 1809 successoribuscum
1252 1741 1382 1808 jure
1419 1741 1724 1809 episcopa-

1851 553 1996 605 mus,
2026 542 2118 593 Ad
2164 543 2358 593 clivum
2403 542 2745 598 Cum-meris:
2799 553 2911 610 qua
2958 541 3027 595 de
3049 554 3108 595 re
3151 541 3487 596 consulendi

1839 611 2520 679 Aringhius,Severanus
2573 619 2628 665 et
2684 611 2996 678 Boldettus,
3047 611 3486 679 diligentissimi

1834 679 2008 734 duces
2041 682 2212 750 hujus
2242 695 2414 736 sacrm
2443 682 2846 751 topographia.
2895 682 3087 736 Altera
3118 681 3297 745 ﬁgura
3331 680 3488 735 femi-

1837 762 1963 821 nam
1994 753 2253 806 stolatam
2287 752 2518 807 exhibet
2558 766 2653 806 vas
2677 753 2918 806 vitreum
2967 758 3274 821 gestantem
3303 752 3486 806 semi—

1836 819 2062 887 plenum
2085 823 2382 891 sanguine,
2413 823 2652 878 collecto
2677 819 2986 876 sciliceteit
3010 835 3247 890 corpore
3281 829 3485 890 marty-

1833 891 1935 957 ris,
1963 900 2064 946 aut
2103 907 2339 962 spongia
2371 907 2440 947 ex
2497 893 2618 948 loco
2666 893 2944 960 martyrii.
3002 892 3480 962 quemadmodum

1830 962 2175 1017 Prudentius
2199 964 2496 1025 describit,
2520 964 2738 1031 aliique
2770 965 3039 1031 proxima:
3069 963 3256 1017 aetatis
3275 969 3484 1018 aucto-

1832 1045 1920 1085 res
1945 1045 1976 1086 a
2001 1033 2249 1088 laudatis
2277 1047 2571 1088 sacrorum
2599 1035 3061 1088 Cmmeteriorum
3094 1033 3482 1101 scriptoribus

1832 1103 2045 1174 passim
2073 1105 2356 1172 producti.
2387 1105 2574 1159 Tertia
2603 1105 2850 1174 denique
2871 1104 3051 1174 ﬁgura
3083 1103 3255 1158 refert
3281 1103 3489 1159 mulie-

1830 1187 1946 1226 rem
1975 1173 2140 1228 talari
2170 1182 2321 1230 veste
2376 1176 2640 1229 decenter
2699 1173 2956 1230 indutam
3013 1174 3330 1242 perindeac
3382 1188 3482 1228 se-

1828 1244 2013 1298 cunda
2037 1262 2052 1311 ;
2079 1244 2270 1312 plures
2291 1258 2529 1300 coronas
2549 1259 2617 1300 ex
2639 1244 2942 1300 frondibus
2969 1245 3480 1314 ﬁoribusquecom-

1832 1320 2021 1386 pactas
2053 1329 2219 1386 manu
2266 1323 2575 1386 gestantem
2623 1316 2791 1372 corbe
2830 1316 3046 1385 pariter
3094 1314 3400 1371 frondibus
3423 1323 3480 1371 et

1829 1384 2070 1439 ﬁoribus
2099 1384 2525 1455 pleno‘propius
2549 1384 2849 1442 collocato.
2880 1388 2937 1440 lu
2984 1393 3294 1455 martyrum
3323 1387 3476 1440 enim

1829 1456 2212 1511 tumulatione
2235 1470 2300 1511 ac
2330 1458 2728 1516 translatione.
2775 1463 2974 1525 praeter
3003 1456 3227 1511 colobia
3256 1470 3288 1511 a
3314 1457 3478 1512 beato

1827 1526 2180 1594 Eutychiano
2205 1527 2450 1597 decreta,
2483 1527 2802 1583 substratus
2831 1526 3012 1584 fuisse
3042 1526 3271 1582 frondes
3292 1541 3358 1583 ac
3386 1528 3485 1584 ilo-

1831 1609 1920 1668 rcs
1945 1598 2346 1666 cognoscimus
2389 1613 2456 1653 ex
2482 1600 2843 1668 Augustino;
2873 1611 2902 1651 a
2947 1611 3060 1667 quo
3092 1599 3260 1652 etiam
3311 1611 3480 1654 acce—

1833 1667 2023 1736 pimus
2048 1669 2491 1723 consuetudinis
2511 1667 2738 1723 causam
2763 1669 3118 1723 aPrudentio
3138 1683 3366 1738 quoque
3392 1671 3476 1724 in-

1832 1737 2100 1796 dicatam.
2137 1745 2200 1793 ut
2256 1739 2482 1794 scilicet
2530 1739 2775 1808 inspersi
2822 1752 2950 1793 rore
3018 1739 3322 1807 sanguinis
3376 1755 3477 1808 pro

72 1809 162 1886 tus
187 1804 436 1859 traditas
465 1807 802 1886 significari,
836 1809 1041 1886 subtus
1067 1804 1340 1886 fornicem
1398 1804 1724 1886 eisdem’se-
1755 1828 1802 1886 Β
1833 1809 2222 1886 (Ἂὶῐξὶξῐολῖυδῖ,
2253 1804 2646 1886 aut_contactu
2669 1811 2930 1886 corporis
2955 1811 3099 1863 sacri
3121 1804 3229 1886 pro
3249 1804 3478 1886 Christo

71 1873 244 1927 dibus
276 1873 611 1949 coronatum
643 1880 850 1933 visitur
883 1881 1068 1949 imago
1105 1882 1357 1935 Pastoris
1411 1882 1544 1936 boni
1591 1895 1722 1935 oves

74 1948 381 2025 pascentis,
417 1947 528 2025 hoc
550 1955 634 2003 est
683 1958 974 2025 pastorum
1008 1947 1312 2021 “Principis
1360 1953 1576 2025 Christi
1621 1955 1721 2025 Do-

75 2019 234 2095 mini,
265 2019 437 2095 cujus
463 2020 530 2095 ad
560 2020 906 2095 exemplum
952 2019 1596 2092 pastores—populorum
1649 2022 1720 2077 ab

73 2089 195 2167 ipso
215 2091 520 2167 constituti
553 2089 790 2167 formari
821 2089 1066 2167 debent;
1122 2089 1294 2164 atque
1332 2089 1426 2149 ita
1483 2107 1720 2167 prmesse

70 2159 252 2239 agnis.
290 2159 406 2214 sibi
464 2162 830 2232 concreditis,
856 2170 919 2219 ut
963 2159 1218 2219 subesse‘
1247 2173 1446 2239 tamen;
1478 2159 1721 2239 debeant

72 2236 118 2308 ei
150 2236 273 2308 qui
317 2245 450 2308 oves
490 2239 546 2287 et
586 2247 763 2308 agnos
837 2248 869 2290 a
919 2241 1209 2308 pastorum
1241 2236 1524 2308 Principe
1574 2238 1722 2308 vica-

72 2305 152 2352 ria
179 2307 464 2367 potestate
495 2305 770 2374 regendos
798 2306 1071 2376 suscepit,
1103 2314 1166 2361 ut
1205 2307 1324 2362 sint
1355 2321 1532 2362 unum
1572 2306 1722 2362 ovile

68 2376 121 2423 et
146 2383 318 2426 unus
338 2381 550 2440 pastor.

132 2442 392 2498 Arcuato
411 2444 525 2517 sub
547 2444 790 2501 fornicis
819 2451 1144 2516 tegumento
1168 2449 1427 2517 deposita
1452 2448 1721 2502 visuntur

64 2510 131 2564 de
186 2527 352 2568 more
401 2514 654 2571 ﬁdelium
708 2510 922 2572 Christi
973 2510 1257 2587 corpora,"
1297 2520 1391 2574 sed
1438 2520 1720 2587 praecipue

64 2590 411 2662 sanctorum
429 2594 762 2662 martyrum,
778 2602 1021 2662 quorum
1047 2590 1429 2662 indicationes
1453 2601 1721 2662 exappo-

61 2657 175 2735 sito
198 2657 514 2735 sanguinis
541 2657 772 2714 vasculo
789 2657 896 2714 Sub
916 2660 1036 2728 ipsa
1060 2660 1462 2735 Pastorisboni
1490 2661 1718 2728 pictura

62 2724 199 2778 hinc
233 2724 743 2800 extraxitcurator
785 2724 1075 2785 sacra-rum
1123 2724 1523 2800 reliquiarum,
1582 2743 1720 2784 nec—

62 2808 278 2852 nonex
309 2797 688 2856 loculamento
713 2801 999 2868 inferiori,
1031 2803 1234 2856 altaris
1253 2797 1321 2856 in
1349 2815 1554 2856 morem
1575 2814 1720 2854 con—

56 2873 398 2947 structo,_cu
401 2870 498 2947 jus
513 2886 685 2939 supra
701 2887 946 2947 mensam
961 2887 1059 2928 seu
1075 2886 1443 2947 marmoream
1466 2871 1715 2947 tabulam

61 2939 262 3004 ipsum
316 2939 566 2996 loculum
619 2945 1006 2999 occludentem
1054 2944 1402 2998 sacriﬁcium
1443 2943 1636 2998 oilerri
1685 2956 1716 2996 a

54 3009 426 3064 Christianis
458 3016 824 3070 consuevisse
872 3016 1171 3070 innumera
1211 3015 1477 3069 Ecclesia:
1526 3014 1716 3068 moui—

56 3087 259 3154 meuta
291 3082 549 3149 probant,
579 3090 790 3141 etcum
836 3086 910 3139 iis
958 3088 1016 3140 B.
1067 3085 1431 3154 Augustinus
1475 3090 1718 3139 testatur

57 3151 116 3203 in
148 3151 314 3225 libro
343 3166 437 3206 viii
464 3154 534 3208 de
561 3154 802 3211 Civitate
822 3156 944 3222 Dei,
969 3171 1090 3225 cap.
1141 3151 1240 3211 Q7:
1276 3177 1301 3206 «
1357 3157 1467 3210 Nec
1529 3165 1714 3209 tamen

54 3234 184 3286 nos,
218 3223 440 3292 inquit,
475 3225 680 3281 iisdem
706 3223 1054 3296 martyribus
1095 3227 1322 3296 templa.
1372 3228 1714 3287 sacerdotes,

52 3305 225 3368 sacra
247 3299 310 3346 et
331 3296 613 3351 sacriﬁcia
635 3299 1068 3365 constituimus,
1094 3298 1366 3368 quoniam
1409 3310 1520 3352 non
1579 3297 1710 3365 ipsi,

51 3364 148 3415 sed
175 3364 343 3418 Deus
371 3379 560 3421 eorum
582 3369 750 3424 nobis
774 3376 860 3423 est
883 3364 1424 3425 Deus.H‘onoramus
1445 3381 1580 3422 sane
1607 3364 1716 3421 ine-

53 3435 285 3510 mo_rias
309 3448 504 3510 eorum
562 3448 828 3510 tanquam
890 3445 1215 3495 sanctorum
1264 3438 1558 3494 hominum
1590 3439 1711 3510 Dei,

51 3505 155 3571 qui
185 3518 380 3572 usque
407 3507 476 3560 ad
507 3505 737 3565 mortem
770 3525 1004 3566 suorum
1055 3523 1382 3579 corporum,
1414 3523 1514 3578 pro
1572 3505 1714 3562 veri;

49 3580 172 3650 tate
195 3582 518 3650 certarunt,
551 3581 930 3637 innotesceret
948 3596 1078 3636 vera
1108 3577 1333 3650 religio,
1359 3577 1522 3634 falsis
1567 3578 1713 3633 reli—

49 3645 643 3722 gionibusﬁctisque
672 3653 983 3716 convictis;
1023 3653 1171 3722 quod
1196 3645 1369 3722 etiam
1411 3651 1461 3704 si
1493 3650 1590 3719 qui
1619 3663 1715 3703 an-

48 3717 518 3797 teasentiebant,
552 3717 818 3797 timendo
874 3717 1278 3792 reprimebant.
1335 3721 1478 3797 Quis
1514 3717 1710 3797 autem

48 3787 294 3858 audivit
322 3787 636 3858 aliquando
669 3787 1190 3849 ﬁdelium-stantem
1243 3787 1589 3848 sacerdotem
1641 3791 1709 3845 ad

45 3857 244 3912 altare
295 3857 461 3913 ΕΤΙΔᾸΙ
529 3876 699 3919 SUPER
749 3878 990 3920 SANCTUM
1046 3877 1249 3919 CORPUS
1319 3876 1598 3918 MARTYRIS
1645 3875 1715 3916 AD

47 3941 141 3980 DEI
200 3943 495 4011 somnus:
554 3948 873 4011 cuuruuour.
910 3948 1337 4011 __C0_NSTRUCTUM
1403 3936 1595 4011 dicej‘e
1644 3934 1715 4011 ﬁn

43 4001 372 4083 presibus:
403 4002 589 4061 Offero
619 4007 727 4062 tibi
777 4008 1147 4083 sacriﬁcium,
1180 4010 1358 4083 Petre,
1411 4005 1712 4083 vel_Paule,

41 4072 136 4148 Ῐει
170 4072 484 4148 CYPriane,
513 4092 642 4133 cum
673 4079 822 4148 apud
844 4093 1042 4135 eorum
1092 4072 1394 4135 memorias
1446 4076 1717 4132 oﬁ‘eratur

39 4142 196 4219 Deo,
233 4144 450 4219 quieos
479 4155 536 4202 et
557 4142 816 4204 homines
838 4156 894 4206 et
925 4156 1198 4219 martyres
1229 4149 1386 4216 fecit,
1411 4156 1468 4203 et
1496 4147 1715 4202 sanctis

38 4215 188 4266 suis
244 4215 467 4284 angelis
520 4220 739 4275 caelesti
800 4222 1011 4277 honore
1059 4215 1376 4290 sociavit,»
1430 4229 1536 4275 etc.
1569 4219 1714 4290 Huic

39 4291 368 4362 ρρδιτεωεε
398 4357 408 4362 _
438 4290 748 4362 Augustini
807 4293 1163 4362 expressioni
1246 4293 1546 4360 respondet
1597 4289 1714 4344 alia

35 4357 297 4433 pictura
323 4357 430 4411 sub
457 4357 591 4415 boiii
622 4357 1074 4433 Pastoris'eﬁigie
1115 4370 1170 4418 et
1221 4357 1394 4432 supra
1445 4361 1712 4433 martyris

33 4424 324 4506 loculum
359 4443 722 4506 mensamque
747 4435 949 4490 altaris
978 4424 1709 4506 ivngpariete'coloratafubgi

29 4496 262 4574 tribus
327 4513 520 4568 pueris
574 4496 647 4560 in'
701 4505 928 4560 fornace
974 4496 1295 4574 Babylonia
1366 4504 1541 4558 unius
1572 4496 1578 4499 ⁷
1609 4503 1706 4556 Dei

1832 1880 2032 1943 occisi,
2059 1882 2242 1948 ﬁores,
2275 1889 2330 1936 et
2349 1880 2599 1949 frondes,
2625 1894 2690 1934 ac
2716 1881 2962 1934 brandea
3013 1880 3327 1934 excitarent
3352 1882 3481 1936 ﬁde-

1833 1950 1974 2004 lium
1997 1953 2218 2006 animos
2249 1959 2519 2021 tanquam
2569 1952 2804 2021 pignora
2853 1952 3174 2005 communis
3232 1951 3360 2006 iidei
3405 1953 3475 2007 ad

1834 2029 2143 2090 martyrum
2181 2024 2425 2077 virtutes
2467 2022 2796 2084 imitandas,
2834 2028 2908 2075 .et
2956 2022 3274 2089 patrocinia
3323 2024 3473 2090 apud

1830 2093 2004 2146 Deum
2034 2094 2446 2165 conquirenda,
2469 2093 3009 2165 Opemquedivinam
3029 2092 3472 2165 impetrandam:

1830 2163 2480 2234 cujusmodi‘expertum
2506 2169 2700 2219 narrat
2723 2163 3054 2232 episcopum
3105 2163 3391 2234 Lucillum
3417 2164 3476 2218 in

1832 2235 2207 2305 translatione
2234 2233 2617 2305 reliquiarum
2644 2235 3080 2303 protomartyris
3103 2233 3398 2305 Stephani,
3423 2242 3481 2288 et

1832 2305 1980 2386 piam
2010 2304 2674 2386 feminamab’episcopo
2696 2306 2947 2386 P‘rojecto
2974 2304 3480 2386 receptisﬁoribus

1833 2374 1898 2428 in'
1918 2378 2232 2432 vectatione
2246 2378 2501 2445 ejusdem
2517 2375 2803 2431 adhibitis
2826 2388 2860 2429 a
2884 2375 3138 2445 caecitate
3178 2374 3476 2430 liberatam

1829 2446 2077 2518 (SuAug.
2111 2449 2177 2501 de
2197 2443 2359 2501 Ciuit.
2383 2449 2503 2513 Dei,
2528 2447 2630 2501 lib.
2665 2459 2806 2514 XXII,
2836 2459 2944 2518 cap
2984 2443 3057 2518 8).

1899 2516 2209 2573 Observent
2237 2519 2341 2572 alii
2375 2518 2735 2587 praegrandia
2796 2516 3098 2587 ejusmodi
3123 2529 3253 2570 vasa
3295 2516 3476 2572 vitrea

1829 2589 2027 2656 qualia
2059 2591 2118 2643 in
2144 2586 2408 2643 manibus
2427 2586 2672 2643 alterius
2692 2586 3240 2657 ﬁguraasanguinem
3274 2596 3482 2657 marty-

1830 2673 1956 2713 rum
1981 2659 2292 2714 deferentis
2335 2660 2742 2723 iudicavimus,
2799 2657 3205 2726 amplitudinis
3253 2659 3478 2713 scilicet

1827 2731 2302 2799 sesquipalmaris
2380 2744 2445 2784 ac
2522 2728 2878 2797 bipalmaris,
2938 2729 3043 2782 hoc
3088 2728 3147 2782 in
3209 2737 3479 2784 coemete—

1830 2800 1917 2854 rio
1977 2815 2084 2856 non
2143 2803 2314 2856 semel
2383 2812 2721 2862 occurrere;
2798 2811 3043 2867 quorum
3101 2799 3342 2868 vestigia
3421 2807 3476 2854 et

1831 2872 2237 2938 impressiones
2266 2871 2410 2926 calci
2440 2871 2659 2926 loculos
2706 2869 3031 2924 occludenti
3085 2869 3472 2936 adhaaserunt,

1827 2943 2043 2998 crustis
2068 2943 2269 2997 vitreis
2304 2942 2590 2996 inauratis
2623 2941 2837 2994 ibidem
2882 2941 3069 2994 adhuc
3117 2940 3470 3008 conspicuis.

1827 3013 2009 3068 Unum
2037 3028 2166 3068 vero
2211 3027 2323 3082 prae
2343 3012 2569 3067 caeteris
2592 3010 3006 3065 observandum
3042 3011 3098 3065 in
3127 3009 3243 3082 alio
3301 3011 3474 3065 cubi-

1825 3085 1956 3139 culo
1987 3098 2098 3138 non
2131 3080 2296 3152 longe
2325 3083 2395 3136 ab
2421 3084 2687 3152 ingressu
2706 3089 3043 3152 cryptarum
3098 3080 3302 3135 effosso
3361 3082 3472 3135 sub

1828 3155 2046 3209 fornice
2069 3151 2326 3220 arcuato,
2345 3154 2515 3222 eique
2535 3151 2840 3206 simillimo
2860 3152 3008 3220 quod
3029 3152 3466 3222 descripsimus,

1824 3227 1990 3294 cujus
2010 3226 2286 3280 diameter
2317 3221 2672 3292 tripalmaris
2702 3223 2919 3294 iudicat
2949 3221 3213 3294 vas_illud
3239 3221 3478 3294 amplis-

1824 3290 1990 3351 simis
2018 3296 2277 3350 lancibus
2307 3290 2701 3362 exaequatum:
2738 3291 2977 3346 fortasse
3005 3291 3074 3344 ad
3125 3290 3472 3362 ministran-

1823 3368 1960 3422 dum
1988 3367 2047 3420 in
2070 3367 2252 3434 plenis
2270 3360 2524 3419 ﬁdelium
2555 3362 2951 3434 conventibus,
2981 3373 3127 3434 quos
3151 3360 3208 3434 in
3244 3361 3348 3415 hoc
3365 3375 3470 3417 cm-

1826 3437 2058 3492 meterio
2070 3430 2383 3491 celebratos
2399 3436 2457 3488 in
2472 3433 2776 3504 postremis
2800 3430 3294 3504 persecutionibus
3321 3445 3476 3486 com-

1825 3508 2027 3577 probat
2054 3507 2163 3562 late
2183 3514 2380 3576 patens
2407 3502 2537 3560 area
2567 3505 2821 3571 aediﬁcii,
2850 3502 3105 3577 ejusdem
3137 3504 3465 3577 cmmeterii

1823 3572 1892 3634 ad
1923 3572 2243 3645 ingressum
2274 3577 2590 3645 constructi
2643 3582 2700 3630 et
2747 3574 3017 3643 graphice
3058 3572 3333 3645 delineati
3392 3573 3464 3627 ab

1824 3643 2103 3719 Aringhio
2129 3649 2228 3719 libi.
2255 3662 2330 3708 1v,
2359 3661 2481 3719 cap.
2513 3643 2601 3719 3__7,
2634 3645 2872 3719 praeﬁon
2887 3645 3114 3719 nomine
3137 3644 3214 3719 S._
3243 3643 3462 3708 Silvani

1823 3735 1951 3775 cum
1973 3715 2029 3774 S.
2051 3718 2347 3774 Bonifacio
2371 3717 2450 3772 ibi
2493 3716 2630 3771 olim
2678 3715 2946 3785 depositi.
2999 3717 3144 3782 llaec,
3202 3715 3459 3784 inquam,

1823 3792 1960 3846 aliis
1990 3791 2338 3846 observanda
2360 3787 2766 3855 relinquimus,
2805 3794 2955 3841 utea
2991 3800 3116 3856 quaa
3159 3785 3228 3840 ad
3280 3799 3465 3854 argu-

1826 3870 2075 3918 mentum
2106 3875 2139 3916 a
2168 3861 2696 3925 nobisassumptum
2718 3863 2975 3926 spectant
3003 3856 3170 3911 unice
3193 3856 3471 3923 perstrin-

1825 3947 2042 4004 gamus,
2072 3933 2294 3988 scilicet
2316 3929 2502 4004 regale
2521 3928 2738 4004 Christi
2753 3925 3143 4004 sacerdotium
3161 3925 3230 3980 ab
3251 3933 3463 4004 aeterno

1830 3997 2098 4061 Pontiﬁce
2131 3997 2444 4059 secundum
2467 3999 2726 4055 ordinem
2752 3998 3164 4054 Melchisedech
3186 3997 3314 4053 suis
3333 4010 3463 4066 apo-

1825 4077 1991 4132 stolis
2007 4074 2490 4131 communicatum
2507 4083 2819 4140 eorumque
2835 4068 3286 4138 successoribus,
3312 4068 3472 4140 libe—

1827 4162 1944 4202 ram
1971 4159 2229 4217 pompam
2259 4139 3098 4217 suaedignitatis’esplicuisse
3153 4140 3242 4194 his
3287 4139 3460 4194 etiam

1826 4212 2012 4289 signis
2037 4232 2068 4273 a
2098 4212 2331 4289 pacifico
2355 4213 2652 4268 Salomone
2679 4212 2942 4267 Ecclesia:
2963 4223 3185 4289 sponsa:
3210 4219 3468 4289 sitaetra-

1822 4280 1966 4346 ditis
1998 4280 2412 4359 per'cathedras
2443 4291 2734 4340 seniorum
2766 4283 3080 4359 apostolica
3127 4280 3464 4359 fuudatione

1826 4361 1884 4416 in
1907 4353 2092 4416 antris
2120 4357 2577 4429 persecutionum
2604 4359 2842 4429 erectas,
2863 4360 2917 4408 et
2958 4354 3014 4407 in
3041 4365 3172 4429 pace
3198 4353 3463 4429 Ecclesiae

1824 4424 2369 4500 per,Constantinum
2389 4434 2581 4496 parata
2600 4425 2912 4500 sublimius
2935 4428 3150 4500 erectas
3176 4424 3244 4478 ad
3270 4424 3463 4500 regios

1825 4493 2059 4558 thronos
2087 4493 2476 4556 basilicarum.
2542 4495 2904 4566 Episcopales
2923 4507 3054 4548 vero
3093 4493 3285 4566 throni
3336 4493 3462 4549 orbi

27 4567 302 4644 cultum.
315 4563 642 4630 constanter
655 4575 1046 4631 asserentibus
1067 4563 1299 4644 a'pparet
1316 4575 1551 4644 angelus
1568 4575 1666 4627 Dei
1691 4594 1705 4638 ς
1740 4579 1795 4638 D
1823 4577 2090 4630 universo
2121 4563 2928 4644 magniﬁcentiuséxppémjn
2949 4563 3184 4643 εἴηοαίδ
3204 4576 3464 4644 φθμῖηθ-

29 4647 102 4691 ut
147 4639 399 4717 scilicet
422 4645 814 4717 intelligamus
833 4639 1164 4702 divinitatis
1184 4653 1354 4701 testes
1376 4639 1474 4700 s'eu
1491 4646 1707 4717 Christi

27 4719 352 4792 “martyres
382 4713 593 4792 honore
619 4713 762 4792 cum
813 4718 1033 4789 angelis
1080 4717 1292 4792 sociari
1327 4717 1414 4792 _ab
1459 4715 1715 4792 Ecclesia

20 4783 170 4863 Dei,
201 4795 286 4863 e_x
317 4787 496 4863 sacris
517 4788 735 4863 litteris
762 4783 917 4844 cum'
931 4790 1254 4860 Augustino
1277 4788 1473 4843 edocta
1506 4787 1560 4842 id
1594 4800 1714 4841 sen-

22 4857 70 4906 ti
85 4867 156 4927 re
193 4861 265 4906 et
293 4857 569 4923 proﬁteri.

103 4926 291 4992 Quin
325 4929 498 5002 etiam
528 4947 598 4988 ex
623 4931 867 5002 epistola
899 4933 959 4985 B.
985 4931 1256 5001 Cypriani
1287 4930 1356 4986 ad
1387 4929 1440 4984 S.
1471 4929 1711 5002 Lucium

21 5007 273 5073 papam
300 5001 516 5071 scripta
560 5005 617 5058 in
660 5001 1080 5073 persecutione,
1118 5004 1275 5058 Decii
1316 5008 1373 5058 et
1423 5001 1711 5073 Valeriani

22 5071 255 5145 {quat}:
285 5071 699 5145 patriarchales
729 5074 900 5130 Urbis
937 5072 1193 5128 basilicae
1230 5074 1427 5145 legunt
1476 5073 1533 5126 in
1567 5071 1710 5127 festo

24 5144 70 5208 9}
84 5140 321 5196 usdem
348 5143 403 5195 S.
428 5145 590 5200 Lucii
615 5148 713 5217 PP)
749 5151 976 5200 constat
999 5140 1530 5217 quomodo'ﬁgura_
1559 5149 1711 5197 trum

23 5224 377 5281 puerorum
411 5215 707 5283 aptaretur
735 5216 1072 5271 constantiae
1097 5215 1477 5271 confessionis
1505 5215 1715 5268 Roma-

23 5295 275 5362 uoruiron
323 5288 694 5362 pontiﬁcum.
751 5288 939 5362 Quare
971 5287 1029 5340 in
1080 5287 1350 5342 Romanis
1401 5293 1713 5355 martyrum

24 5355 284 5424 :ryptis
317 5355 589 5426 frequens
626 5355 901 5416 occurrit.

95 5427 357 5501 Altaris
379 5425 622 5501 frontem
641 5445 810 5501 quam
838 5428 1090 5501 dicimus
1107 5425 1715 5501 loculamentumillud

26 5497 397 5571 :onstituit,
426 5499 483 5555 in
504 5515 617 5571 quo
641 5497 754 5557 tres
778 5502 974 5571 ﬁgurze
994 5499 1233 5571 depicta:
1252 5505 1403 5554 sunt.
1429 5497 1611 5571 liledia
1631 5501 1718 5550 est

26 5569 314 5642 ‘ossoris
335 5568 567 5626 sarculo
589 5588 695 5628 suo
719 5568 1052 5642 hujusmodi
1084 5571 1140 5624 in
1164 5570 1312 5642 clivo
1341 5568 1716 5622 loculamenta

1825 4646 1996 4710 nicis,
2027 4637 2500 4714 quemadmodum
2533 4655 2565 4695 a
2585 4637 3077 4714 ChristoDomino
3129 4639 3454 4713 potestatem

1823 4705 2218 4780 obtinuerunt,
2256 4713 2335 4766 ita
2355 4722 2387 4762 a
2421 4709 2625 4776 pietate
2648 4708 2973 4780 principum
2995 4705 3320 4780 accessione
3365 4717 3463 4780 re—

1824 4788 2040 4858 galium
2064 4773 2382 4852 insignium
2398 4773 2674 4858 cumulati
2693 4773 2944 4858 ejusdem
2964 4775 3312 4858 majestatem
3338 4773 3463 4829 ubi-

1823 4845 1935 4928 que
1966 4845 2315 4928 regnantem,
2346 4858 2403 4928 et
2431 4853 2600 4928 quasi
2625 4845 2932 4928 scabellum
2967 4845 3458 4928 pedumhsuorum

1823 4915 2015 4984 orbem
2031 4915 2209 4980 terra:
2231 4915 2562 4977 subdentem
2587 4919 2788 4990 legatis
2813 4930 2884 4990 an
2900 4929 2959 4970 se
3001 4915 3340 4990 constitutis
3355 4915 3465 4990 de—

1822 5000 2201 5068 claraverunt.
2223 4993 2562 5068 Consulares
2579 4985 2760 5068 igitur
2785 4987 2956 5068 sellae,
2984 4986 3208 5068 trabem,
3244 4985 3462 5068 laticla-

1823 5071 1914 5124 via
1939 5067 2226 5122 ministris
2247 5063 2463 5118 Christi
2484 5057 2743 5118 certatim
2761 5057 2950 5112 oblata
2973 5062 3109 5111 sunt
3145 5070 3174 5110 a
3192 5057 3470 5126 principi-

1823 5141 1952 5201 bus,
1974 5136 2252 5195 uthumili
2291 5140 2579 5202 pastorum
2627 5129 2869 5200 pallioet
2888 5129 3234 5198 piscatorum
3260 5129 3466 5196 pannis

1825 5212 2347 5267 substernerentur.
2380 5206 2562 5260 Sacrae
2599 5203 2872 5257 altarium
2919 5212 3120 5253 mensa:
3176 5211 3380 5253 aurum
3411 5206 3467 5253 et

1825 5287 2122 5350 argentum
2139 5276 2424 5350 potorium
2440 5275 2509 5329 ab
2527 5272 2802 5343 Augustis
2821 5269 3101 5350 triqliniis
3115 5269 3468 5350 passi-iuncon-

1828 5337 2223 5412 tributumfut
2247 5348 2493 5416 pretiosa
2515 5337 3026 5416 ququuersupelleat
3049 5338 3283 5416 humani
3307 5337 3473 5393 fasti-

1829 5425 1907 5490 gii
1943 5408 2307 5477 dedicaretur
2335 5419 2392 5470 in
2415 5408 2558 5470 verae
2578 5408 2908 5490 divinitatis
2933 5410 3151 5490 cultum
3194 5408 3466 5490 sublnovo

1830 5480 2058 5550 findere.
2095 5505 2202 5545 non
2225 5502 2390 5544 secus
2423 5499 2488 5539 ac
2517 5484 2750 5554 profana
2776 5483 3164 5554 Egyptiorum
3200 5480 3382 5554 spolia
3403 5481 3464 5534 in

1831 5555 2186 5620 tabernaculi
2209 5550 2604 5614 ornamentum
2633 5555 2738 5609 sub
2770 5550 3058 5608 veteribus
3084 5550 3299 5604 tabulis
3325 5564 3469 5604 con—

1830 5635 2216 5690 Vertebantur.
2245 5631 2387 5684 Hinc
2417 5628 2597 5695 igitur
2620 5631 2845 5681 emanat
2865 5625 3028 5695 longa
3056 5621 3157 5695 illa
3178 5621 3354 5695 series
3375 5622 3472 5695 do-

26 5641 406 5714 iperientis,
455 5645 512 5696 in
573 5658 686 5714 quo
745 5639 1530 5714 cryptzecmmeteriiapertae
1560 5646 1714 5692 sunt.

28 5713 346 5766 )bservat
385 5712 677 5770 autem'v.
709 5716 765 5768 C.
811 5712 1098 5770 dominus
1123 5715 1365 5767 Joannes
1416 5712 1722 5770 Marango—

27 5785 212 5848 tius,
299 5797 595 5841 sacrorum
644 5786 1097 5842 caemeteriorum
1155 5781 1568 5850 peritissimus,
1622 5781 1723 5835 has

30 5868 212 5924 psas
261 5861 454 5925 crytas
484 5860 770 5926 pertinere
787 5870 952 5928 posse
980 5857 1049 5912 ad
1084 5853 1244 5909 illam
1296 5859 1508 5922 partem
1531 5865 1725 5907 cmme-

1833 5707 2124 5762 nariorum
2158 5702 2306 5771 apud
2357 5692 2706 5771 biographos
2761 5692 3084 5764 pontiﬁcios
3139 5692 3473 5771 iusingulis

1830 5779 2005 5833 ferme
2027 5774 2176 5828 Vitis
2198 5768 2499 5841 'pr0prium
2529 5769 3111 5841 elenchumattexens
3146 5768 3213 5841 .et
3241 5775 3470 5841 enume-

1834 5832 1986 5915 rans,
2012 5832 2424 5915 praater'ouinis
2450 5841 2677 5910 generis
2695 5837 2898 5892 vasain
2932 5833 3195 5890 basilicis
3223 5847 3288 5887 ac
3309 5832 3476 5898 tituli
