3994 6172
199 320 312 379 985

1068 321 1339 383 CHARTA
1376 320 1840 381 CORNUTIANA.
1868 348 1942 362 οι-
1965 320 2332 377 BLANCHINI
2372 319 2716 378 MONITUM.

3498 317 3609 379 986

197 442 481 516 dedicata,
540 444 724 499 vestes
763 446 1317 516 aurouargeutoque
1357 449 1562 516 textas,
1607 456 1849 501 coronas
1876 440 1939 500 A
1958 442 2107 516 regii
2136 441 2745 516 cimeliarchliMagnl
2774 442 3253 516 Ducisimpresso
3280 446 3607 516 asenatore

198 512 497 587 gestatiles
518 525 587 569 ac
617 513 869 587 pensiles
901 512 1241 571 ﬁbulatoria
1272 512 1570 587 gemmata,
1613 521 1848 570 senato—

199 598 329 638 rum
360 583 604 649 calceos,
634 585 1117 650 triumphantium
1153 583 1428 655 paluiatas
1458 600 1525 643 ac
1551 587 1848 651 imperan-

197 655 691 727 tiumipurpuram
723 669 843 727 qua
866 658 1287 727 episcoporum.
1320 671 1430 727 qua
1460 657 1841 723 sacerdotum,

198 738 314 795 qua
359 726 681 799 Levitarum
724 726 929 799 capiti,
977 726 1238 799 pedibus.
1284 726 1559 799 humeris,
1604 728 1843 799 pectori,

196 796 425 867 corpcri
453 808 725 865 appensa,
754 797 934 852 veluti
965 797 1151 865 spolia
1180 796 1753 867 praeclarissimorum
1783 797 1843 851 iu

198 865 496 939 republica
515 880 813 939 munerum
836 868 1123 937 eleganter
1142 865 1265 924 com
1275 872 1459 939 posita
1486 870 1545 925 in
1569 876 1845 937 tropaeum

197 937 396 992 crucis
425 937 667 1002 Christi,
699 939 1056 994 sacerdotum
1090 937 1347 996 humeris
1381 941 1450 997 ad
1483 940 1628 995 hanc
1657 952 1842 994 arcem

196 1006 452 1079 caelestis
480 1008 836 1079 Hierusalem
866 1010 1257 1079 importatum.

263 1078 372 1133 Hic
403 1092 534 1134 vero
565 1078 741 1150 locus
775 1078 1011 1136 daretur
1066 1088 1428 1150 opportunus
1469 1080 1842 1137 enumerandi

194 1156 530 1222 ornamenta
557 1149 791 1222 singula
823 1151 1075 1214 levitica,
1108 1153 1489 1208 sacerdotalia
1515 1158 1572 1207 et
1604 1151 1847 1222 pontifi—

194 1218 346 1274 calia
374 1226 605 1292 nostros
632 1218 691 1292 in
719 1236 861 1276 usus
890 1222 1001 1278 rite
1029 1223 1272 1278 deducta
1299 1224 1509 1292 partim
1538 1218 1619 1277 ab'
1642 1222 1846 1277 imita—

195 1293 359 1345 tione
383 1290 601 1345 diviuae
648 1291 1044 1349 institutionis
1077 1293 1184 1348 sub
1225 1290 1413 1349 Veteri
1464 1295 1842 1356 Testamento,

196 1362 410 1431 partim
454 1375 522 1417 ex
562 1362 880 1431 apostolica
912 1364 1225 1419 traditione
1265 1364 1373 1421 sub
1416 1366 1590 1430 Novo,
1626 1371 1728 1419 aut
1773 1376 1840 1418 ex

192 1430 513 1503 disciplina
539 1430 930 1489 suecessorum
952 1434 1282 1503 pontiﬁcum
1302 1442 1359 1491 et
1382 1435 1762 1491 conciliorum
1783 1435 1843 1489 in

196 1515 331 1576 pace
356 1502 627 1576 Ecclesiae
657 1504 907 1576 nitidius
930 1502 1344 1576 explicantium
1377 1506 1646 1576 mysteria
1679 1513 1845 1574 pote—

193 1572 368 1628 statis
395 1586 429 1627 a
458 1573 688 1629 Christo
712 1575 955 1630 Domino
983 1572 1099 1631 sibi
1130 1581 1187 1630 et
1216 1572 1484 1632 Ecclesiae
1524 1572 1841 1641 attributae,

193 1642 384 1709 locus,
418 1643 676 1713 inquam,
725 1645 961 1701 daretur
1015 1646 1110 1701 hic
1157 1654 1519 1715 opportunus
1564 1647 1665 1702 illa
1719 1647 1844 1708 ipsa

192 1715 593 1788 enumerandi.
619 1715 723 1770 Sed
747 1716 1276 1788 modusbrevitatis
1300 1718 1721 1788 Prolegomeuis
1744 1718 1848 1771 im-

1957 512 2227 583 Philippo
2259 513 2553 568 Bonarroti
2584 512 3067 568 ineruditissima
3086 512 3409 583 Appendice
3434 514 3501 569 ad
3527 519 3606 572 vi-

1958 582 2417 653 treas’imagiues
2435 585 2913 650 cmmeteriorum,
2946 591 3004 639 et
3036 583 3094 638 in
3120 582 3280 652 aliis,
3306 583 3377 638 ab
3407 585 3603 643 eodem

1959 654 2253 721 indicatis,
2283 668 2483 724 nempe
2506 668 2574 709 ex
2606 667 2802 724 regum
2825 654 3077 710 Franciae
3103 654 3604 724 Gazaautiquaria

1954 737 1988 779 a
2016 725 2251 780 domino
2269 726 2348 781 du
2374 727 2557 795 Cauge
2573 723 2716 780 editi
2750 726 2809 781 in
2839 726 3071 782 dissert.
3090 725 3160 780 de
3184 723 3479 779 inferioris
3498 728 3601 782 aevi

1958 796 2427 864 uumismatibus,
2470 804 2526 851 et
2557 797 2615 850 in
2653 796 2981 852 Divionensi
3025 796 3249 851 domini
3274 796 3345 850 de
3374 796 3544 863 Mare,
3571 811 3604 852 a

1957 868 2021 921 D.
2048 866 2119 921 de
2152 867 2428 921 Partival.
2468 867 2684 923 inserto
2709 865 2860 922 libro
2889 868 2955 922 de
2989 868 3234 922 Utilitate
3278 868 3598 921 itinerandi'.

1955 938 2229 993 Universa
2253 938 2370 993 haec
2398 944 2762 993 monumenta
2786 941 3164 994 Romanorum
3186 936 3483 1005 sculptura
3500 944 3606 993 aut

1957 1008 2184 1076 pictura
2227 1008 2513 1063 efi‘ormat‘i
2552 1008 2719 1063 nobis
2772 1009 3095 1075 insinuant,
3131 1007 3264 1062 illas
3298 1009 3604 1076 pectorales

1955 1080 2163 1146 fascias
2216 1080 2463 1148 primum
2514 1077 2694 1134 fuisse
2746 1080 2934 1133 Iimbos
2968 1093 3078 1153 seu.
3112 1079 3290 1153 clavus
3346 1093 3602 1148 purpura

1957 1155 2233 1203 contemtos
2280 1156 2337 1204 et
2378 1155 2606 1205 assutos
2650 1163 2763 1205 orae
2802 1149 3086 1218 togarum,
3134 1149 3284 1204 unde
3322 1153 3603 1217 praetexta:

1958 1227 2101 1289 togae
2134 1220 2568 1291 magistratibus
2601 1220 2915 1290 majoribus
2944 1222 3088 1277 datae
3125 1220 3599 1291 dicuntur_etiam

1955 1297 2141 1345 stante
2166 1289 2462 1359 republica
2498 1297 2553 1345 et
2582 1291 2691 1345 sub
2727 1290 3047 1348 Caesaribus
3094 1292 3216 1353 XII,
3249 1289 3457 1346 saeculo
3486 1302 3600 1345 au-

1957 1367 2068 1416 tem
2117 1362 2398 1431 proximo.
2454 1362 2679 1417 scilicet
2724 1363 3169 1426 Antoninorum,
3218 1362 3431 1414 latioris
3459 1362 3602 1413 clavi

1958 1438 2099 1502 togae
2125 1433 2415 1487 attexeudi
2453 1447 2594 1487 usus
2626 1434 2891 1500 invaluit,
2927 1432 3241 1502 praesertim
3288 1443 3401 1500 qua
3441 1435 3602 1502 parte

1957 1501 2172 1573 pectori
2193 1510 2249 1557 et
2270 1504 2523 1559 humeris
2543 1503 2897 1559 circumfusa
2914 1501 3041 1573 toga
3062 1504 3326 1559 decenter
3350 1503 3410 1573 lu
3433 1501 3599 1573 sinus

1953 1570 2427 1645 complicabatur.
2461 1575 2769 1645 Progressu
2809 1570 3083 1642 tempdris
3106 1574 3268 1645 (puta
3321 1570 3600 1645 subi'i‘re-

1954 1640 2204 1700 bouiauo
2232 1644 2398 1700 Gallo
2444 1650 2499 1699 et
2530 1640 2857 1700 consecutis
2901 1640 3367 1715 imperatoribus)
3411 1642 3600 1709 Phry—

1953 1718 2093 1781 giati
2130 1719 2305 1783 operis
2351 1718 2560 1783 fasciae,
2603 1716 2773 1781 limbi,
2819 1716 2981 1781 clavi,
3027 1715 3410 1771 assuebantur
3453 1719 3597 1783 togae

194 1786 499 1858 ponendus
521 1785 604 1858 ire
636 1800 734 1854 per
782 1786 1011 1856 singula
1045 1802 1154 1843 non
1188 1783 1493 1857 permittit:
1528 1789 1842 1858 praesertim
1874 1800 1928 1858 Β
1957 1786 2215 1855 palmatae
2231 1786 2557 1841 consularis
2582 1799 2898 1858 processus,
2925 1788 3008 1841 uti
3030 1785 3249 1858 nummi
3271 1783 3597 1858 complures

192 1856 593 1928 cumuliunde
613 1859 723 1924 peti
749 1858 969 1923 possint
991 1871 1022 1912 a
1050 1856 1452 1928 litur’gicarum
1485 1856 1671 1915 rerum
1703 1860 1843 1914 scri-

196 1926 873 1999 ptoribusperitioribus,
892 1932 948 1983 et
973 1942 1147 1983 sacrae
1165 1926 1537 1999 antiquitatis
1556 1932 1840 1999 exposito-

192 1996 383 2062 ribus,
419 1996 701 2067 pleraeque
715 1996 973 2065 origines
987 2005 1045 2053 et
1071 1996 1419 2056 incrementa
1448 2002 1526 2056 rel
1555 1996 1839 2057 vestiariae

189 2068 255 2142 ad
282 2067 681 2142 hierarchicos
707 2070 968 2142 Ecclesiae
984 2070 1215 2142 ordines
1235 2073 1595 2140 pertinentis,
1621 2073 1691 2127 de
1716 2074 1841 2142 qui-

191 2137 297 2209 bus
332 2138 1165 2209 uouuihilattigimusiufraiu
1194 2137 1428 2197 notisad
1456 2137 1834 2199 S.Zosimiim.

188 2208 373 2263 Multa
396 2209 570 2263 etiam
590 2208 841 2265 contulit
868 2210 934 2265 ad
972 2211 1089 2265 haec
1118 2211 1463 2268 illustranda
1493 2215 1761 2270 eruditus
1779 2217 1839 2271 iu

190 2279 403 2349 primis
429 2279 681 2349 scriptor
708 2281 763 2334 P.
806 2280 1124 2337 Alexander
1160 2282 1537 2339 Wilthemius
1565 2299 1679 2339 soc.
1709 2287 1841 2343 Jesu

190 2349 495 2425 presbyter
516 2351 711 2425 insue
737 2353 998 2420 Dypticho
1024 2354 1305 2425 Leodicnsi
1327 2370 1395 2407 ea:
1436 2357 1714 2409 causulari
1738 2360 1843 2425 fa-

188 2422 618 2493 ctorepiswpali.
650 2422 817 2477 Plura
841 2424 1195 2493 congerenda
1220 2430 1589 2492 suppetereut
1623 2440 1691 2482 ex
1728 2422 1840 2484 no-

189 2491 870 2569 stris‘lAucubratiouibus
897 2491 973 2547 de
999 2494 1189 2569 mitra,
1229 2495 1422 2569 pallio,
1461 2510 1562 2552 seu
1593 2498 1838 2569 Phrygio

190 2562 538 2637 pontiﬁcali,
573 2564 869 2637 sacrisque
899 2565 1176 2637 vestibus,
1199 2562 1338 2620 olim
1367 2562 1562 2635 parata
1588 2562 1836 2637 prel'o'iu

189 2634 580 2708 translatione
588 2636 743 2708 sacri
775 2635 1033 2708 corporis
1060 2636 1116 2689 Β.
1156 2634 1605 2708 [θοηίεΜειεηίζ
1627 2653 1726 2694 nec
1751 2647 1837 2695 ta-

191 2717 324 2779 men
347 2704 526 2779 edita.
562 2706 764 2760 Verum
800 2706 1071 2779 materies
1097 2721 1225 2762 cum
1251 2708 1330 2762 sit
1361 2721 1461 2776 par
1478 2704 1643 2777 operi
1667 2712 1838 2779 justaa

190 2775 388 2840 molis,
406 2775 558 2846 inter
576 2777 851 2846 opuscula
876 2776 1299 2846 Prolegomenis
1328 2775 1629 2835 inserenda
1648 2775 1835 2837 locum

189 2857 299 2901 non
339 2845 527 2919 habet.
548 2845 795 2919 Unicum
816 2847 983 2919 exiis
1004 2845 1244 2919 seligam
1267 2849 1596 2905 adnotatum
1617 2852 1685 2907 ad
1712 2853 1846 2908 illu-

187 2916 487 2992 sta-audam
503 2916 879 2992 historiamac
894 2916 1177 2992 indicium
1194 2921 1842 2992 potestatissiguiﬂcataa

190 2999 289 3056 per
316 2986 563 3055 pallium
593 2993 649 3042 et
675 2988 981 3061 Phrygium
1025 2989 1351 3061 pontiﬁcale
1378 3009 1389 3045 :
1421 2986 1587 3059 quod"
1619 2994 1842 3061 primus

189 3070 473 3112 numerus
503 3072 630 3113 cum
660 3056 871 3129 referat
907 3073 939 3115 a
963 3056 1038 3115 S.‘
1055 3060 1245 3117 Marco
1276 3056 1544 3129 pontiﬁce
1585 3056 1843 3120 attribu-

188 3135 311 3183 tum
347 3129 621 3201 episcouo
645 3127 919 3201 Ostiensi.
977 3136 1172 3199 utpote
1215 3127 1455 3200 praedito
1481 3135 1610 3201 jure
1635 3147 1844 3189 conse—

187 3199 397 3253 crandi
428 3199 718 3271 pontiﬁcis
735 3200 997 3263 Romani,
1020 3199 1251 3271 aliaque
1270 3199 1632 3259 monumenta
1652 3206 1841 3261 eccle-

183 3271 432 3345 siastica
471 3270 718 3345 doceang
758 3270 1171 3345 transmissum
1218 3271 1400 3345 fuisse
1430 3273 1594 3329 beato
1622 3275 1838 3345 Cyrillo

184 3340 503 3416 Phrygium
536 3354 569 3395 a
596 3341 651 3396 S.
680 3340 986 3416 Caelestino
1015 3352 1275 3416 papaLut
1298 3344 1598 3416 Ephesium
1623 3340 1839 3416 synodo

183 3424 288 3466 suo
316 3412 556 3467 nomine
572 3412 919 3480 praesideret,
952 3419 1013 3468 et
1035 3414 1106 3468 ab
1126 3413 1265 3468 aliis
1287 3414 1582 3471 Caelestiui
1605 3412 1838 3473 succes-

184 3482 766 3562 soribusgoucessum
791 3484 1136 3562 primatibus
1164 3485 1403 3562 pallium
1418 3492 1474 3540 et
1498 3488 1839 3562 metmpoli—
1876 3543 1890 3562 ,

184 3553 422 3628 t_i_s(vide
440 3552 878 3628 Thomassiuum
906 3556 1021 3609 Vet.
1050 3556 1271 3628 Discipl.
1288 3564 1496 3625 parte],
1513 3557 1615 3612 lib.
1634 3552 1696 3613 ni
1709 3572 1831 3628 cap.

184 3620 289 3697 4.5),
330 3629 604 3697 tanquam
636 3625 864 3694 insigne
886 3620 1432 3694 potestatis'coilatae
1463 3620 1637 3697 supra
1677 3620 1839 3685 com-

186 3695 388 3760 plures
419 3695 579 3766 regni
610 3703 712 3750 aut
743 3697 1049 3763 provinciae
1064 3697 1365 3766 episc0pos
1385 3717 1396 3752 :
1416 3698 1521 3753 alii
1542 3695 1675 3755 vero
1695 3714 1841 3756 cou-

185 3766 432 3821 teudant
476 3765 993 3837 Alexandrinorum
1037 3765 1371 3837 po’ntiilCum
1404 3768 1578 3837 pallia
1610 3771 1691 3825 ita
1719 3785 1841 3826 esse

184 3836 455 3905 proxima
476 3837 630 3892 sedis
651 3836 818 3908 illius
848 3836 1199 3908 fundatioui,
1224 3847 1285 3893 ut
1312 3836 1505 3895 mosiu
1530 3840 1840 3896 illaEccle—

186 3909 271 3962 sia
290 3908 553 3979 viguerit
580 3908 768 3976 ipsum
787 3907 935 3963 beati
960 3910 1132 3965 Marci
1157 3908 1397 3978 pallium
1422 3910 1675 3979 singulis
1699 3927 1843 3967 suc-

185 3977 522 4050 cessoribus
542 3979 601 4032 iu
632 3979 754 4046 ipsa
776 3977 1205 4035 consecratione
1230 3980 1507 4035 induendi
1524 3977 1543 4050 ”;
1575 3982 1690 4036 haec
1710 3996 1841 4037 om-

187 4050 282 4105 nia
311 4048 558 4123 pallium
576 4063 648 4123 ac
664 4049 970 4120 Phrygium
987 4051 1309 4121 episcopale
1331 4048 1653 4107 innumeris
1675 4068 1840 4123 quae-

187 4120 487 4175 stionibus
508 4119 785 4175 subdunt.

255 4192 374 4246 Has
446 4203 645 4264 omnes
684 4191 926 4247 dissolvi
978 4205 1141 4261 posse
1219 4199 1458 4250 autumo
1529 4201 1837 4264 conspectu

185 4261 439 4317 duarum
458 4261 826 4335 antiquarum
851 4264 1167 4335 imaginum
1185 4279 1330 4335 quas
1351 4279 1419 4320 ex
1450 4261 1833 4322 Romanorum

186 4339 446 4389 veterum
497 4333 744 4399 picturis
783 4332 1063 4389 Camillus
1100 4332 1417 4391 cardinalis
1445 4338 1516 4391 de
1571 4338 1836 4392 Maximis

184 4404 327 4459 olim
361 4403 614 4471 collegit,
646 4404 704 4459 in
737 4404 1054 4460 lectia‘simo
1086 4405 1251 4462 illius
1271 4407 1667 4462 cimeliarchio
1692 4422 1840 4463 com-

186 4476 376 4547 pactis
410 4476 466 4529 in
501 4488 681 4530 unum
721 4476 998 4547 codicem,
1029 4476 1455 4547 elegantissime
1483 4478 1833 4535 delineatum

1955 1853 2341 1925 probantcum
2368 1858 2697 1925 hujusmodi
2727 1857 3057 1927 insignibus
3077 1856 3448 1927 Triboniauo,
3470 1853 3598 1927 Gal-

1952 1924 2027 1996 lo,
2059 1928 2391 1993 Aureliano,
2422 1924 2622 1991 Probo,
2652 1924 2869 1983 Cariuo
2896 1928 3274 1995 Diocletiano,
3306 1924 3599 1981 Maximia-

1950 2012 2025 2053 no
2049 2014 2115 2055 ac
2155 1999 2379 2054 Licinio
2408 2000 2556 2063 cusi,
2594 1998 2907 2068 praesertim
2937 1998 3297 2070 integerrimi
3322 2008 3469 2070 quos
3494 2008 3596 2070 as-

1947 2077 2134 2127 servat
2183 2071 2329 2125 Gaza
2390 2064 2720 2141 antiquaria
2779 2064 3229 2141 eminentissimi
3282 2064 3599 2141 ca'rdinalis

1952 2141 2259 2218 {Alexandri
2285 2140 2514 2206 Albani,
2535 2136 2974 2218 'etuosteuduut
3016 2138 3291 2218 diptycba
3320 2136 3596 2218 superius

1953 2213 2227 2289 iudicata.
2242 2226 2411 2289 qurea
2424 2211 3295 2289 consulibusdistribuebantur,
3315 2214 3374 2263 et
3391 2211 3597 2289 amicis

1950 2282 2773 2352 trausmittebanturiauquam
2798 2283 3146 2352 apophoreta
3181 2283 3241 2336 in
3264 2282 3595 2335 memoriam

1949 2356 2096 2426 gesti
2127 2354 2501 2422 magistratus
2528 2368 2594 2409 ac
2619 2366 2919 2409 munerum
2959 2353 3266 2426 editurum.

2020 2420 2247 2501 Rursus
2281 2430 2638 2501 perspectum
2676 2429 2763 2479 est
2806 2429 3033 2501 nostrus
3070 2420 3457 2501 Christianos.
3486 2430 3599 2501 an-

1948 2497 2184 2561 tistites,
2212 2502 2333 2550 tum
2362 2496 2421 2549 in
2443 2495 2695 2552 Oriente.
2716 2502 2836 2549 tum
2867 2495 2925 2549 in
2952 2494 3279 2559 Occidente,
3300 2498 3412 2561 tam
3442 2494 3597 2544 intra

1948 2560 2188 2623 Romani
2220 2565 2448 2635 imperii
2473 2566 2612 2621 ﬁnes
2629 2579 2796 2636 quem
2814 2572 2994 2633 extra,
3021 2570 3223 2634 praeter
3251 2560 3452 2636 civilia
3476 2572 3597 2636 cur-

1952 2653 2074 2707 pori
2109 2627 2444 2691 indumenta
2475 2650 2601 2706 quae
2633 2627 2933 2707 nationum
2965 2627 3107 2691 usus
3152 2627 3598 2707 communisfe-

1948 2699 2107 2765 rebat
2130 2715 2186 2762 et
2211 2699 2525 2762 moderatio
2556 2705 2933 2776 professionis
2977 2711 3185 2761 nostra:
3222 2699 3593 2776 approbabat,

1951 2778 2375 2854 philosophicis
2391 2790 2502 2854 non
2524 2773 2839 2854 dissimilia
2860 2778 3019 2854 (puta
3041 2776 3239 2846 pallia,
3258 2780 3381 2829 sive
3408 2773 3597 2854 homo:

1955 2842 2156 2919 phoria
2182 2842 2532 2913 communia,
2551 2863 2677 2918 quae
2696 2842 3169 2919 etiam'mafortes
3190 2842 3306 2902 aevo
3336 2842 3594 2919 sequiori

1951 2911 2106 2976 dicta
2138 2925 2294 2983 sunt,
2327 2925 2383 2973 et
2427 2911 2616 2973 birros
2652 2920 2863 2981 laueos,
2906 2924 2962 2974 et
3015 2918 3277 2988 vulgares
3306 2911 3592 2988 tunicas),

1956 2991 2226 3046 habuisse
2256 2991 2515 3059 quaedam
2545 2990 2799 3060 insignia
2829 2986 3137 3045 sacerdotii
3169 2986 3354 3060 sacris
3373 2994 3594 3060 tantum

1952 3062 2159 3117 usibus
2179 3056 2525 3127 adhibenda,
2548 3072 2615 3114 ex
2637 3056 2858 3115 divinis
2884 3061 3099 3116 litteris
3127 3059 3434 3128 utriusque
3452 3056 3597 3128 Tes—

1870 3159 1917 3220 c
1955 3132 2216 3220 tamen“;
2232 3125 2891 3220 ,ιῖειῑξεξιθαεπξοξείέίρςμ
2920 3125 3599 3220 οε.Αιέοοεμγ.ιξξίζξιε.νὶιέ-

1951 3204 2164 3278 rimu‘m
2177 3202 2450 3278 deducta,
2480 3213 2606 3269 quae
2635 3203 2919 3278 munditia
2941 3207 2997 3256 et
3019 3200 3397 3278 simplicitate
3416 3202 3473 3278 et
3491 3208 3588 3264 pa—

1953 3273 2115 3329 randi
2170 3265 2448 3327 facilitate
2483 3265 3035 3326 commendarentur.
3093 3265 3348 3338 Quorum
3396 3265 3595 3338 aliqua

1947 3344 2253 3417 attigimus
2301 3343 2359 3396 in
2393 3342 2556 3417 uo_t_is_
2592 3342 2660 3396 ad
2720 3342 2822 3417 _R._
2848 3334 3136 3417 Zosimuui
3163 3341 3304 3417 gnita
3341 3334 3597 3417 _J_accbus

1948 3408 2245 3484 apostolus
2272 3426 2413 3468 usus
2441 3412 2663 3467 dicitur
2683 3411 2754 3484 ab
2786 3413 3029 3467 Eusebio
3057 3409 3316 3484 vestibus
3340 3408 3517 3463 lineis
3536 3411 3597 3484 _et

1949 3477 2184 3564 frontali
2214 3484 2431 3564 lamina
2458 3482 3012 3564 seu_petalu,_quem
3053 3481 3225 3564 etiam
3256 3481 3502 3564 Joannes
3535 3477 3593 3564 iu

1946 3558 2090 3631 Asiae
2132 3561 2380 3631 gestasse
2420 3550 2689 3631 traditur.
2743 3550 2924 3631 Pallia
2958 3554 3091 3631 sive
3107 3550 3497 3631 _homophoria
3540 3552 3598 3602 et

1948 3628 2095 3683 birri
2126 3620 2439 3695 pastorales
2468 3638 2534 3679 ac
2561 3624 2883 3695 dalmaticae
2912 3626 2968 3678 in
2996 3620 3453 3695 ActisCypriani
3482 3631 3602 3695 _me-

1950 3689 2246 3753 morantur
2267 3702 2323 3751 et
2342 3696 2551 3751 tunicae
2572 3694 2842 3750 trabeate:
2868 3695 2987 3751 sive
3018 3689 3593 3760 fasciis'quibusdam

1949 3770 2240 3825 distinctae
2262 3767 2533 3841 visuntur
2561 3768 2619 3821 in
2644 3766 3060 3841 vetustissimis
3080 3774 3375 3841 sacrorum
3400 3772 3599 3841 caeme-

1952 3841 2228 3894 teriorum
2263 3837 2619 3912 imaginibus
2649 3850 2716 3912 ex
2737 3835 3200 3912 vitreislaminis
3230 3832 3328 3889 ubi
3347 3828 3594 3912 apostoli

1952 3914 2436 3979 repraesentantur
2478 3915 2537 3963 et
2564 3908 2674 3963 viri
2709 3908 3033 3977 apostolici.
3068 3906 3197 3961 Haec
3225 3915 3358 3979 vero
3402 3906 3598 3956 moni-

1954 3976 2139 4036 menta
2168 3978 2541 4054 comprobant
2583 3976 2882 4054 palliorum
2909 3994 3034 4033 oras
3073 3983 3123 4031 et
3154 3976 3469 4054 tunicarum
3496 3986 3598 4054 ca:-

1942 4055 2089 4121 pitia
2136 4045 2647 4124 siverinsertiones
2683 4050 2841 4111 colli,
2893 4063 3004 4104 non
3034 4062 3211 4124 secus
3231 4059 3315 4124 _ac
3356 4045 3599 4124 Aarouis

1948 4115 2225 4177 bumeralc
2278 4121 2624 4176 instructum
2665 4124 2862 4189 capitio
2907 4121 3104 4183 textili,
3138 4120 3269 4172 loris
3299 4131 3379 4189 _ac
3420 4115 3598 4189 impiis

1946 4192 2397 4258 sacerdotalibus,
2418 4205 2544 4261 quae
2567 4183 2743 4246 etiam
2758 4190 3183 4247 adhibebantur
3199 4188 3269 4261 ad
3281 4185 3317 4261 _l‘_
3320 4183 3596 4261 routalem

1949 4264 2220 4337 laminam
2254 4263 2350 4317 Dei
2382 4255 2595 4318 nonine
2623 4263 2961 4337 inscriptam
2984 4262 3165 4316 cidari
3183 4255 3594 4337 culliganuam,

1949 4336 2207 4406 quaedam
2236 4342 2571 4390 ornamenta
2618 4326 2997 4390 constituisse
3032 4326 3376 4406 pontiﬁcum
3422 4326 3599 4381 Chri-

1947 4405 2290 4470 stianorum,
2313 4405 2467 4460 circa
2497 4406 2765 4460 humeros
2784 4405 3104 4478 praesertim
3136 4407 3436 4478 et_pec_t_uS,
3460 4409 3595 4478 equm

1948 4478 2185 4533 reducto
2215 4489 2388 4545 supra
2419 4483 2593 4543 caput
2621 4471 2820 4544 capitib
2853 4476 2992 4528 bii-ri
3027 4471 3378 4527 sacerdotalis
3421 4471 3597 4545 etiam

182 4527 777 4616 stagnans-uas
792 4527 998 4615 ipsis
1020 4527 1418 4603 causam
1430 4527 1834 4616 agitantium
1865 4527 1917 4584 Ι)
1946 4527 2443 4616 ias-“saeuam
2457 4527 2781 4601 scissam
2812 4564 2828 4613 ;
2853 4527 3007 4616 quod
3029 4556 3247 4612 possem
3272 4553 3383 4616 nou
3408 4538 3595 4593 solum

185 4620 643 4687 magistratuum
678 4620 1057 4688 Romanorum
1089 4619 1337 4674 concilia
1369 4619 1460 4673 his
1502 4619 1558 4673 in
1593 4621 1838 4688 picturis

183 4690 541 4744 exhibentur
568 4691 704 4759 (Tab
735 4691 869 4745 Illet
894 4687 1005 4758 lll).
1027 4690 1288 4761 Singulis
1313 4690 1578 4759 praesidet
1597 4687 1836 4747 concilii

185 4762 482 4829 princeps,
509 4761 730 4828 adjecto
759 4760 1069 4829 dignitatis
1098 4760 1268 4817 titulo
1296 4762 1591 4816 PRAESES
1619 4762 1674 4816 in
1702 4776 1836 4831 uno,

181 4839 241 4886 et
273 4832 339 4887 in
380 4832 561 4886 altero
592 4830 894 4886 PRAESES
931 4831 1241 4887 CONSlLll.
1276 4834 1381 4888 Hic
1421 4845 1552 4887 vero
1574 4848 1775 4900 praeses
1806 4830 1839 4888 a

183 4902 416 4958 caeteris
428 4900 1193 4959 omnibusdiscriminantur
1207 4908 1539 4959 ornamento
1551 4903 1837 4972 singulari

181 4973 509 5044 convoluta
526 4973 680 5028 circa
704 4974 939 5042 collum,
974 4974 1245 5030 humeros
1268 4988 1333 5029 ac
1359 4980 1576 5044 pectus,
1608 4986 1719 5027 nou
1741 4987 1838 5028 se-

182 5058 293 5100 cus
323 5058 392 5100 ac
424 5042 602 5113 pallia
638 5058 933 5101 sacrorum
975 5046 1328 5107 antistitum,
1360 5042 1674 5115 praesertim
1706 5058 1839 5099 vero

180 5116 541 5183 Graecorum,
593 5118 782 5183 quasi,
827 5117 887 5170 in
926 5129 1137 5172 morem
1180 5119 1368 5184 fasciae
1425 5118 1660 5183 latioris,
1712 5129 1837 5185 quae

180 5188 341 5257 apud
372 5188 659 5242 Romanos
677 5188 973 5241 Laticlavii
985 5201 1188 5244 nomen
1201 5189 1476 5257 obtinuit,
1502 5196 1557 5243 et
1584 5187 1642 5242 iu
1673 5199 1838 5242 com—

182 5257 465 5326 pluribus
491 5260 666 5329 etiam
712 5259 992 5328 clypeatis
1023 5258 1378 5329 imaginibus
1411 5260 1832 5315 Autoninorum

180 5330 403 5413 saeculo
431 5342 497 5413 ac
528 5328 1035 5413 subsequentibus,
1070 5328 1412 5413 quandoque
1439 5343 1600 5413 pura,
1643 5342 1835 5413 quan-

177 5400 379 5471 doque
406 5400 580 5455 etiam
612 5414 734 5472 acu
763 5401 913 5470 picta
946 5416 1046 5458 seu
1087 5400 1388 5472 phrygiata
1433 5400 1784 5470 exprimitur
1813 5419 1825 5455 :

180 5473 282 5527 sed
338 5474 399 5526 iu
425 5471 834 5544 consularibus
880 5472 1174 5544 diptychis
1199 5486 1230 5526 a
1257 5473 1620 5544 Constantini
1667 5477 1832 5527 aetate

181 5544 531 5613 plerumque
549 5541 971 5599 exhibeturacu
990 5541 1207 5599 variata
1218 5548 1276 5597 et
1298 5542 1615 5613 phrygiata,
1642 5556 1832 5612 quem—

178 5614 497 5685 admodum
526 5620 782 5683 spectare
808 5615 944 5671 licet
990 5616 1047 5671 in
1089 5616 1360 5685 imagine,
1388 5626 1558 5681 quam
1608 5626 1830 5685 appono

178 5683 523 5767 Leudieusis
542 5698 610 5740 ex
632 5686 975 5767 Wiltbemio
992 5700 1203 5767 egcusa
1216 5683 1362 5756 '(Tab
1382 5684 1468 5767 Ν)
1488 5684 1637 5767 apud
1663 5697 1829 5767 quem

178 5755 348 5811 aliud
378 5770 622 5828 quoque
661 5757 976 5828 diptychon
1015 5754 1374 5814 Bituriceuse
1414 5754 1596 5811 simili
1624 5761 1832 5813 ornatu

179 5826 459 5883 consules
482 5826 870 5898 repraesentat,
890 5828 1368 5900 quemadmodum
1392 5828 1531 5884 etin
1560 5828 1833 5897 diptycho

1946 4621 2146 4679 dictis.
2175 4610 2270 4673 sed
2286 4618 2459 4672 etiam
2484 4617 2728 4671 vetustis
2752 4610 3113 4686 imaginibus
3128 4610 3524 4686 comprobare.

2020 4692 2120 4745 His
2139 4688 2323 4761 igitur
2350 4686 2806 4761 indicatiouibus
2820 4683 3271 4761 compendiariis
3293 4692 3593 4761 munerum

1951 4751 2377 4832 pontiﬁciorum
2408 4757 2673 4832 deductis
2701 4756 2772 4811 ab
2793 4751 3162 4832 institutione
3181 4764 3474 4807 sacrarum
3506 4751 3597 4806 lit-

1920 4826 2200 4904 .ierarum
2227 4835 2339 4904 eta
2369 4828 2665 4904 communi
2692 4828 2991 4904 nutiouum
3023 4826 3594 4904 cultarum‘usu‘uon

1946 4900 2414 4975 abhorrentibus,
2446 4899 2711 4975 insignia
2724 4897 3049 4975 Christiani
3082 4894 3391 4975 sacerdotii
3420 4894 3593 4975 etiam

1950 4971 2245 5041 prioribus
2260 4963 2527 5041 Ecclesiae
2544 4963 2773 5041 saeculis
2791 4966 3312 5041 constituebantur.
3330 4963 3517 5041 Q_u_ar_e
3535 4963 3593 5018 iu

1949 5034 2194 5099 iuusivis
2218 5040 2571 5113 imaginibus
2596 5039 2852 5113 basilicae
2877 5040 3213 5113 Liberiauae,
3240 5050 3339 5113 per
3365 5034 3593 5090 Sixtum

1946 5114 2183 5171 tertium
2206 5109 2361 5168 circa
2388 5112 2625 5167 initium
2646 5111 2838 5182 quinti
2864 5111 3061 5167 saeculi
3082 5109 3322 5182 curatis,
3348 5119 3593 5182 quarum

1945 5187 2140 5241 icoues
2167 5183 2515 5239 exhibentur
2544 5183 2602 5238 in
2635 5177 2790 5238 n'otis
2830 5184 2899 5238 ad
2932 5184 3056 5252 ejus
3090 5180 3298 5241 Vitam,
3329 5177 3596 5252 sacerdos

1942 5259 2042 5312 Dei
2075 5255 2288 5311 summi
2319 5254 2733 5309 Melchisedech
2766 5255 2941 5323 pallio
2964 5251 3043 5307 et
3067 5252 3268 5321 capitio
3292 5251 3593 5318 purpureis

1945 5329 2123 5383 limbis
2167 5329 2502 5386 lemniscato,
2539 5330 2590 5379 et
2626 5326 2867 5393 pectoral
2895 5325 3068 5395 ﬁbula
3104 5325 3373 5392 gemmata
3416 5332 3595 5389 supra

1940 5406 2195 5456 sternum
2242 5398 2481 5452 astricto
2517 5405 2756 5452 ornatus
2802 5396 3127 5461 exhibetur,
3174 5406 3286 5447 non
3315 5403 3483 5446 secus
3528 5404 3597 5461 ac

1945 5471 2224 5541 imagines
2246 5466 2586 5541 pontiﬁcum
2623 5472 2943 5541 nostrorum
2985 5467 3042 5521 in
3079 5460 3320 5541 basilica
3340 5460 3594 5541 S.__Pauli

1940 5535 2133 5598 eodem
2158 5535 2362 5610 quinto
2399 5538 2608 5593 saeculo
2648 5538 2985 5608 procedente
3013 5536 3120 5610 sub
3172 5537 3349 5610 Leone
3392 5535 3594 5605 Magno

1938 5607 2200 5683 depictae',
2227 5618 2281 5665 et
2312 5612 2437 5666 ἰείη
2462 5610 2547 5683 Pii
2575 5607 2702 5678 ejus
2724 5610 2977 5683 nominis
3018 5607 3192 5683 primi
3227 5607 3284 5661 in
3316 5610 3589 5661 cmmete-

1940 5678 2051 5739 riis
2074 5690 2388 5753 martyrum
2417 5681 2597 5736 multo
2621 5687 2754 5737 ante
2783 5680 3053 5753 colorata,
3076 5678 3246 5747 cujus
3276 5682 3589 5753 typumex-

1943 5745 2298 5811 cudimus'iu
2334 5755 2460 5822 ejus
2498 5754 2648 5822 Vita,
2683 5765 2899 5827 necnon
2944 5745 3245 5827 beatorum
3270 5745 3506 5827 Damasi
3533 5753 3593 5827 et

1938 5827 2110 5897 Sixti,
2143 5840 2174 5882 e
2210 5815 2382 5882 vitris
2430 5815 2885 5882 cmmeteriorum
2926 5821 3250 5892 deliueataa,
3309 5831 3454 5890 quas
3493 5815 3590 5870 hic
