3994 6172
264 306 373 364 993

1593 309 1870 366 CHARTA
1903 307 2367 367 CORNUTIANA.

3593 319 3701 376 994

257 437 390 512 ejus
418 436 561 512 tilio_
592 438 808 506 scripta
850 438 999 512 (pag.
1048 437 1170 508 435)
1212 441 1508 498 Laziorum
1562 454 1747 512 regem
1791 441 1923 512 Zta—
1953 435 2012 496 A
2103 438 2359 495 Vestium
2418 441 2660 496 istarum
2685 442 3076 498 consideratio
3099 457 3203 498 nos
3233 444 3401 502 facile
3443 446 3700 503 adduce-

262 508 479 580 tbium,
533 510 831 565 Persarum
861 508 1014 580 jugo
1061 525 1325 578 excusso,
1368 508 1922 580 Constantinopolim

258 578 581 647 profectum
623 587 679 634 et
704 578 1050 636 sacro’fo‘nte
1076 581 1385 638 lustratum
1422 598 1550 639 cum
1581 578 1923 638 Christiana

258 650 537 720 religioni
594 665 795 706 nomen
834 652 1087 707 dedisset
1129 653 1401 710 donatum
1450 653 1628 710 fuisse
1661 675 1685 704 α
1715 653 1922 708 diade—

256 729 413 795 mate
454 723 612 792 regio
645 735 798 777 more
845 723 1118 795 Romano,
1169 724 1464 795 chlamyde
1511 725 1639 781 alba
1689 724 1922 795 holose-

258 793 408 856 rica,
450 804 550 868 pro
566 806 865 868 purpureo
893 793 1115 868 clavum
1156 793 1395 868 aureum
1428 798 1659 868 regium
1703 794 1922 868 haben-

258 868 336 936 te,
370 864 541 936 cujus
562 865 620 918 in
647 864 832 919 medio
857 865 1116 936 sigillum
1148 865 1259 920 fuit
1279 864 1922 936 «naipzoaimperatoris

253 935 477 989 Justini
534 948 856 1010 expressam
922 934 1170 1010 referens
1250 934 1578 1010 imaginem.
1645 937 1918 1010 Tunicam

257 1018 494 1074 quoque
523 1004 710 1078 albam
775 1006 1224 1078 paragaudiam»
1273 1004 1609 1078 παρᾶγαύδιον
1665 1006 1920 1078 στιχοὶριον

256 1059 434 1148 quam
476 1076 691 1148 eruditi
723 1059 1263 1133 notarumedito‘res
1313 1059 1923 1148 probant,exSirmone

253 1146 785 1211 Thessalonicensi,
833 1159 958 1202 esse
1010 1149 1180 1203 etiam
1225 1146 1434 1204 vestem
1489 1148 1920 1215 sacerdotalem,

255 1224 316 1288 et
335 1231 408 1272 ex
432 1217 717 1273 Trebellio
743 1217 1001 1272 Pollione
1039 1219 1098 1272 in
1129 1219 1390 1287 Claudio,
1419 1222 1764 1287 Parthicam,
1795 1233 1921 1288 qua

254 1287 410 1344 loris
441 1289 637 1343 aureis
676 1288 1170 1360 succingebatur),
1198 1311 1225 1341 «
1274 1291 1533 1360 gestabat
1579 1292 1774 1346 aureis
1821 1287 1920 1357 pro

254 1373 422 1431 more
449 1360 607 1431 regio
637 1359 816 1414 clavis
832 1361 1186 1431 adornatam,
1218 1359 1286 1415 et
1305 1362 1451 1431 ipsis
1475 1363 1647 1416 etiam
1673 1362 1920 1430 impera-

260 1430 416 1486 toris
447 1429 684 1497 eﬁigiem
723 1429 1242 1498 praseferentibus.
1273 1450 1298 1480 »
1332 1429 1556 1487 'Aureos
1589 1431 1918 1500 hujusmodi

254 1501 425 1556 clavo
478 1514 577 1556 seu
625 1500 832 1556 limbos
887 1501 1106 1556 tunicis
1149 1508 1378 1558 assutos
1432 1518 1534 1572 pro
1578 1504 1735 1568 regio
1769 1516 1923 1558 more

255 1572 555 1639 episcopis
577 1572 954 1640 diaconisque
975 1578 1030 1625 et
1057 1573 1434 1630 subdiaconis
1461 1580 1586 1642 post
1602 1574 1923 1629 oblationes

259 1643 595 1715 principum
664 1642 734 1696 ab
805 1642 1057 1715 Ecclesia
1107 1644 1359 1711 adjectos
1425 1646 1643 1715 regium
1705 1645 1921 1699 Christi

255 1714 690 1785 signum,icrux
738 1713 981 1785 scilicet,
1010 1730 1198 1785 aqua
1241 1713 1510 1782 regnavit,
1561 1716 1918 1785 condecorat,

2033 512 2205 587 retad
2258 512 2632 587 sacerdotalis
2651 512 2991 587 hierarchia
3017 521 3226 587 nostra
3263 516 3516 586 insignia
3537 518 3698 587 sigil-

2032 579 2192 655 latim
2224 584 2574 650 exponenda,
2603 590 2658 637 et
2707 596 2871 640 voces
2903 584 3203 655 plurimas,
3251 579 3412 655 qua"
3443 579 3697 642 barbara

2028 651 2299 707 videntur
2326 655 2382 707 in
2416 655 2738 722 Anastasio,
2771 655 2865 709 sed
2891 651 2920 708 e
2951 653 3210 709 fontibus
3243 651 3517 712 indicatis
3549 660 3698 713 Gra-

2029 723 2405 778 cn-Romanis
2431 725 2686 780 deducta
2717 733 2872 789 sunt,
2919 727 3304 793 exponendas.
3333 741 3532 795 nempe
3588 730 3699 781 Pa-

2027 795 2321 858 ragaudes,
2373 797 2437 848 de
2485 796 2822 862 Crysoclaeo,
2869 797 3169 861 Pcriclysin
3210 798 3274 849 de
3318 798 3592 863 Starausi,
3633 800 3697 852 de

2034 865 2217 938 Tyrio,
2274 871 2373 919 aut
2414 867 2480 938 de
2544 868 3072 934 blattea’By/zantea
3119 868 3305 936 (num.
3353 865 3478 929 468,
3553 867 3694 938 469).

2030 934 2265 1008 ςναερηιί
2300 943 2348 989 et
2397 936 2747 990 Gammadias
2796 939 2861 991 de
2912 934 3266 1003 (Ih-rysoélavo
3307 940 3488 1006 (num.
3546 934 3692 1008 416).

2029 1007 2209 1059 Pallia
2247 1007 2496 1061 holovera
2549 1010 2718 1061 blatta
2777 1025 2894 1061 cum
2953 1011 3156 1062 tabulis
3213 1025 3350 1063 auro
3405 1013 3556 1064 tectis
3633 1007 3698 1064 de

2031 1077 2333 1145 chlamyde,
2370 1079 2454 1130 vel
2484 1079 2549 1132 de
2583 1081 2722 1132 stola
2753 1081 3030 1148 imperiali
3058 1077 3235 1148 (num.
3268 1078 3356 1148 85)
3381 1087 3436 1135 et
3481 1081 3694 1148 hujus-

2033 1149 2185 1203 modi
2248 1149 2458 1215 plures.
2505 1153 2541 1203 A
2592 1150 2848 1204 vestibus
2895 1151 3103 1205 deinde
3134 1151 3569 1218 procederemus
3625 1152 3694 1206 ad

2029 1231 2160 1273 vasa
2190 1221 2337 1272 sacri
2365 1220 2696 1283 ministerii,
2729 1222 2879 1288 apud
2910 1221 3275 1276 Anastasium
3335 1223 3552 1290 pariter
3593 1235 3700 1277 oc-

2031 1289 2343 1354 currentia,
2367 1307 2520 1344 amas
2540 1297 2826 1358 argenteas
2865 1297 2915 1345 et
2943 1307 3160 1358 aureas,
3205 1289 3406 1358 gabata
3435 1294 3695 1348 clectrina

2027 1363 2206 1433 (num.
2256 1357 2369 1429 85),
2428 1378 2680 1416 coronam
2725 1363 2948 1433 phararl
2981 1368 3107 1416 ante
3144 1357 3320 1416 altare
3346 1365 3527 1433 (num.
3578 1361 3688 1432 64),

2033 1432 2252 1485 Crach
2298 1434 2593 1502 Diacopton
2641 1432 2820 1503 (num.
2853 1431 2977 1502 366)
3005 1438 3060 1487 et
3109 1431 3362 1488 similia.
3403 1433 3504 1490 Sed
3552 1431 3697 1489 con?—

2032 1503 2310 1558 trahenda
2337 1510 2474 1558 sunt
2502 1505 2646 1573 vela,
2676 1518 2746 1560 ne
2775 1503 3119 1573 opusculum
3166 1505 3440 1560 reddatur
3487 1504 3689 1560 obser-

2034 1575 2332 1646 vationum
2363 1577 2670 1643 appendix,
2716 1582 2772 1630 et
2819 1590 2888 1630 ex
2937 1575 3361 1646 prolegomenis
3409 1581 3691 1631 tractatus

2039 1645 2450 1714 procudantur.

2104 1716 2368 1769 Chartam
2400 1717 2595 1784 itaque
2619 1715 2953 1770 donationis
2989 1715 3264 1782 proferam
3292 1716 3512 1772 additis
3544 1717 3697 1771 inter

248 1784 390 1852 jure
414 1784 641 1878 pralata
670 1783 1022 1878 imagipibus
1053 1784 1613 1878 Augustorum,qua
1648 1783 2003 1878 inLazioéIB
2036 1783 2726 1878 'uncos.castiga.t.ionibus
2746 1801 2870 1856 qua
2912 1787 3348 1878 in.B‘i-bliotheca
3365 1788 3693 1878 JBarbLerina

259 1869 395 1910 rum
431 1856 583 1925 regis
608 1855 806 1926 tunica
843 1855 1111 1926 Justinus
1129 1855 1351 1926 aliique
1379 1858 1670 1925 principes
1706 1859 1762 1912 in
1798 1858 1922 1912 suis

254 1923 528 1980 donariis
555 1925 622 1980 ad
667 1923 970 1980 foederatos
999 1925 1196 1981 missis
1237 1923 1674 1996 impressera‘nt;
1717 1943 1844 1983 cum
1869 1935 1925 1982 et

259 1997 381 2069 ipsi
427 1997 696 2069 Augusti,
753 1996 1420 2069 exemploConstantini
1479 1999 1689 2069 edocti,
1756 2001 1925 2069 regia

253 2067 424 2122 stola
445 2081 562 2122 sua
597 2067 982 2136 imposuerint
1018 2067 1282 2123 divinum
1313 2069 1529 2124 Christi
1561 2067 1928 2134 monogram—

258 2151 375 2198 ma,
426 2138 734 2192 videndum
786 2138 845 2191 in
903 2137 1172 2205 pectorali
1218 2147 1550 2196 ornamento
1599 2141 1814 2196 Justini
1863 2155 1929 2196 ac

251 2209 582 2264 Justiniani
611 2209 1062 2265 numismatibus
1091 2210 1464 2280 insculptum.

2034 1858 2308 1927 leguntur
2349 1857 2556 1925 partim
2601 1857 2912 1924 impressa,
2946 1865 3003 1912 et
3033 1858 3136 1911 has
3186 1858 3432 1913 rotundo
3483 1859 3696 1913 chara-

2034 1935 2188 1982 ctere
2227 1927 2615 1998 typographus
2655 1929 2977 1998 exprimet;
3032 1929 3240 1997 partim
3299 1929 3567 1998 ascripta
3621 1929 3692 1983 ab

2034 2000 2264 2069 erudito
2289 1997 2486 2069 aliquo
2533 1999 2676 2056 viro.
2712 1997 2977 2054 fortassis
3024 1999 3094 2053 ab
3151 2001 3277 2067 ipso
3314 2001 3604 2064 Suaresio,
3639 2006 3695 2053 et

2037 2070 2139 2124 has
2177 2068 2436 2194 gbliquo,
2497 2082 2597 2124 seu
2637 2072 2861 2139 cci-sivo,
2923 2076 2988 2125 ut
3037 2069 3234 2125 ltalice
3267 2077 3490 2141 vocant,
3531 2071 3691 2126 reddi

2037 2155 2171 2194 cura
2219 2155 2268 2194 0.

2036 2155 2171 2197 cura
2181 2155 2268 2196 DO.

1487 2640 1822 2712 CHARTA
1895 2636 2438 2710 CORNUTIANA
2455 2688 2476 2708 .

336 3050 643 3120 Exemplar
665 3053 1011 3109 authentica
1040 3056 1272 3125 charta,
1302 3058 1452 3112 unde
1500 3055 1772 3126 colligere
1801 3068 1924 3110 eam

260 3139 585 3209 potuimus,
617 3141 870 3197 ecclesia
898 3143 1286 3208 Cornutiana,
1313 3145 1600 3212 videlicet,
1631 3149 1693 3199 ut
1725 3142 1924 3198 divino

2034 3054 2257 3123 apsida,
2282 3055 2432 3109 etde
2459 3053 2781 3123 parietibus
2806 3052 2954 3121 ipsis
2985 3066 3081 3121 per
3109 3066 3319 3122 sepem,
3341 3066 3467 3122 qua
3493 3052 3690 3106 hortos

2037 3141 2488 3212 inquilinorum,
2517 3143 2617 3210 qui
2649 3141 2706 3194 in
2749 3142 3022 3196 Pratorio
3052 3146 3430 3206 commanent,
3462 3139 3690 3193 videtur

254 3227 597 3284 ministerio
623 3230 891 3299 subjecti,
919 3238 1329 3301 competentem
1363 3233 1588 3302 possint
1613 3238 1669 3288 et
1705 3231 1923 3286 deloco
1953 3227 2002 3293 Ο
2035 3229 2280 3292 munire,
2322 3243 2450 3298 qua
2499 3229 2656 3296 sepis
2697 3228 2996 3282 descendit
3053 3241 3151 3296 per
3203 3240 3390 3295 regam
3435 3233 3568 3280 ante
3618 3225 3684 3279 ad

252 3316 358 3370 cui
393 3317 654 3372 serviunt
686 3317 892 3374 habere
924 3320 1329 3376 substantiam.
1366 3322 1529 3376 Illico
1573 3333 1803 3390 quoque
1832 3321 1926 3375 de-

260 3415 468 3458 corum
502 3409 772 3472 putamus
799 3412 864 3461 ut
911 3407 1304 3465 luminaribus
1337 3409 1611 3478 templum
1659 3407 1924 3478 quotidie

255 3491 481 3546 divina
509 3493 813 3563 religionis
844 3502 1103 3564 ornetur,
1133 3502 1189 3552 et
1221 3497 1628 3569 ingruentibus
1652 3511 1766 3566 pra
1787 3501 1924 3551 tem-

256 3592 469 3648 porum
496 3581 848 3651 prolixitate,
882 3585 1028 3639 artis
1054 3584 1315 3656 (sartum)
1346 3592 1578 3654 tectum,
1613 3585 1923 3654 reparatio-

254 3669 441 3738 nique
469 3676 736 3738 sumptus
785 3671 890 3726 hoc
921 3678 1115 3728 nostro
1159 3686 1393 3728 munere
1443 3672 1689 3728 collatus
1727 3673 1922 3728 deesse

253 3771 374 3813 non
433 3759 640 3826 possit.
704 3759 927 3828 Quibus
986 3761 1157 3816 rebus
1211 3775 1495 3832 congruas
1546 3774 1921 3830 procuramus

253 3860 562 3916 expensas,
599 3854 662 3902 ut
686 3848 1026 3918 obsequium
1052 3857 1308 3905 nostrum
1359 3849 1919 3920 possitprOpitiatio-

254 3949 386 3990 nem
415 3935 750 3992 divinitatis
781 3943 1008 3993 mereri.
1032 3940 1153 4007 Qua
1179 3939 1642 3995 consideratione
1692 3952 1921 4008 permo—

255 4033 374 4093 tus,
408 4024 624 4095 largior
649 4033 843 4082 tenore
871 4030 1170 4095 prasentis
1225 4030 1445 4100 pagina
1475 4028 1731 4084 ecclesia
1774 4028 1921 4084 Cor-

253 4113 572 4169 nutanensi
607 4128 804 4170 massa
829 4116 985 4184 juris
1025 4118 1207 4172 nostri
1232 4131 1263 4172 a
1298 4130 1385 4172 me
1427 4118 1552 4187 ipso
1591 4117 1693 4172 Dei
1731 4115 1920 4172 favore

255 4207 314 4255 et
333 4203 631 4270 juvamine
659 4205 1010 4274 constituta,
1036 4213 1208 4275 atque
1251 4204 1523 4273 fundata,
1569 4206 1624 4260 id
1663 4211 1750 4260 est
1779 4203 1921 4260 fun—

255 4291 397 4346 dum
429 4298 748 4363 paternum,
782 4295 1098 4362 Maranum,
1131 4293 1371 4351 fundum
1422 4300 1668 4350 montem
1723 4299 1921 4364 pater—

258 4395 422 4449 num,
457 4379 699 4438 fundum
748 4397 938 4439 casam
964 4385 1166 4440 Martis
1210 4383 1451 4440 fundum
1491 4389 1763 4454 vegetem,
1815 4383 1913 4453 qui

255 4475 348 4525 est
374 4483 506 4524 casa
537 4471 860 4543 Projectici,
898 4478 953 4528 et
1005 4471 1248 4528 fundum
1287 4471 1635 4528 Batilianum
1666 4473 1919 4540 (excepta

2032 3317 2186 3371 viam
2227 3331 2440 3384 cavam,
2494 3317 2615 3371 sive
2662 3315 2732 3370 ad
2777 3317 3007 3382 Torum,
3061 3329 3187 3384 qua
3215 3315 3575 3384 reditusque
3612 3313 3680 3366 ad

2031 3419 2226 3461 arcum
2261 3419 2437 3475 supra
2470 3406 2786 3475 scriptum;
2823 3411 2887 3459 ut
2913 3405 3064 3459 inter
3101 3416 3290 3472 sepem
3320 3408 3377 3457 et
3409 3403 3559 3456 viam
3581 3416 3686 3457 ca—

2032 3509 2156 3550 vam
2209 3496 2586 3566 postapsida,
2629 3495 2950 3564 supradicti
2979 3493 3177 3548 clerici
3212 3492 3410 3547 hortos
3458 3492 3686 3560 possint

2032 3584 2258 3639 habere.
2292 3586 2562 3640 Praterea
2613 3584 2805 3638 eadem
2839 3583 3105 3654 largitate
3135 3581 3310 3637 offero
3364 3579 3593 3650 fundos,
3631 3581 3685 3636 id

2028 3680 2115 3728 est
2141 3673 2380 3729 fundum
2421 3673 2822 3741 Callicianum,
2856 3685 3046 3727 casam
3082 3684 3304 3738 novam,
3328 3683 3514 3726 casam
3545 3671 3684 3724 Pra-

2029 3763 2096 3830 ti,
2128 3775 2315 3818 casam
2364 3761 2628 3830 Marturi,
2679 3773 2868 3816 casam
2903 3760 3178 3829 Crispini,
3213 3758 3454 3814 fundum
3483 3760 3691 3814 Boari~

2028 3865 2179 3920 cum,
2199 3856 2254 3906 et
2276 3864 2463 3906 casam
2486 3862 2734 3919 pressam
2757 3849 2816 3904 in
2851 3848 3146 3918 provincia
3173 3847 3359 3902 Picini
3381 3847 3690 3902 Tiburtino

2030 3940 2328 3994 territorio
2351 3940 2720 3994 constitutos.
2747 3939 2984 3993 Retineo
3006 3952 3175 3992 usum
3197 3935 3448 3991 fructum
3480 3937 3538 3990 in
3569 3936 3687 3990 vita

2031 4042 2176 4096 mea,
2209 4028 2395 4084 eidem
2425 4028 2695 4084 Ecclesia
2734 4027 3036 4083 catholica
3073 4026 3481 4095 proprietatem
3513 4025 3688 4092 hujus

2027 4117 2288 4186 epistola
2331 4117 2645 4188 largitione
2689 4115 3108 4183 transcribens,
3137 4128 3202 4170 ea
3235 4115 3354 4186 lege
3385 4121 3442 4169 et
3471 4114 3682 4169 condi—

2029 4207 2205 4274 tione,
2239 4210 2306 4261 ut
2327 4219 2456 4262 cum
2492 4208 2666 4261 etiam
2699 4204 2924 4261 fructus
2955 4209 3084 4275 post
3111 4203 3333 4259 obitum
3367 4216 3552 4258 meum
3583 4214 3686 4256 ca—

2030 4309 2160 4366 pere
2188 4295 2444 4364 caperit,
2479 4309 2544 4351 ac
2571 4295 2806 4351 sibimet
2848 4294 3178 4362 vindicare;
3213 4306 3324 4348 non
3367 4291 3554 4346 solum
3587 4305 3690 4346 so-

2029 4383 2267 4439 lemnem
2294 4385 2460 4440 modo
2475 4391 2750 4457 agnoscat
2772 4383 3055 4438 tiscalium
3084 4381 3460 4448 functionem,
3489 4393 3685 4436 verum

2027 4472 2205 4527 etiam
2250 4475 2715 4544 prepagatiouem
2752 4469 3088 4537 formarum,
3143 4485 3270 4539 qua
3313 4469 3384 4523 ab
3413 4468 3688 4524 omnibus

256 4557 529 4628 sigillosa
563 4558 682 4614 illia
726 4561 1044 4631 Anastasii,
1078 4567 1134 4617 et
1160 4561 1288 4616 Pice
1318 4560 1444 4630 (imo
1466 4560 1642 4630 picae)
1670 4560 1920 4616 Colono—
1951 4573 2004 4634 ι)
2027 4561 2284 4616 dominis
2313 4561 2646 4627 huiusmodi
2701 4560 3046 4629 pradiorum
3077 4558 3322 4626 dependi
3350 4557 3668 4612 consuevit.

259 4661 411 4713 rum,
447 4661 617 4716 quam
666 4649 789 4717 juri
844 4655 1041 4706 nostro
1089 4649 1440 4705 retinuimus
1486 4655 1658 4720 atque
1697 4650 1919 4705 retine—

259 4735 435 4803 mus).
475 4735 778 4792 Provincia
803 4737 988 4792 Picini
1029 4737 1252 4808 (Piceni)
1274 4737 1580 4793 Tiburtino
1621 4739 1917 4794 territorio

253 4825 629 4895 constitutos,
666 4841 825 4895 pura
846 4841 912 4883 ac
940 4828 1176 4897 directa
1205 4828 1580 4884 liberalitatis
1604 4827 1775 4883 titulo
1795 4842 1920 4897 pos-

251 4913 534 4969 sidendos
569 4928 698 4970 cum
728 4915 1001 4972 omnibus
1027 4917 1095 4972 ad
1141 4931 1202 4974 se
1229 4916 1673 4987 pertinentibus,
1701 4922 1913 4971 etcum

252 5002 414 5056 omni
460 5002 592 5071 jure
622 5003 910 5060 instructo
956 5011 1129 5076 atque
1174 5007 1556 5062 instrumento
1603 5017 1726 5071 suo,
1761 5005 1916 5059 sicut

255 5091 383 5158 ipse
416 5093 702 5162 possideo,
725 5107 855 5150 cum
877 5094 1033 5151 omni
1057 5094 1284 5150 scilicet
1322 5107 1493 5150 onere
1533 5090 1913 5163 professionis

250 5194 396 5250 sua,
449 5181 538 5237 vel
604 5184 964 5253 necessitate,
1007 5197 1176 5255 quam
1230 5189 1449 5240 certum
1505 5190 1592 5240 est
1641 5180 1911 5239 formesia

251 5272 602 5341 (formensia)
626 5274 838 5342 pradia
865 5274 1173 5329 sustinere.
1205 5275 1495 5329 Donamus
1528 5273 1701 5329 etiam
1723 5271 1910 5328 eidem

251 5358 515 5414 ecclesia
555 5361 742 5417 solum
766 5362 824 5416 in
854 5375 966 5431 quo
994 5363 1312 5418 constituta
1333 5367 1439 5432 est,
1463 5376 1592 5417 cum
1623 5374 1752 5416 area
1785 5375 1912 5432 sua,

248 5455 310 5503 et
331 5461 365 5502 a
389 5449 650 5518 pradicti
679 5451 937 5507 Pratorii
963 5451 1094 5520 jure
1114 5465 1466 5521 separamus,
1507 5456 1566 5505 et
1592 5450 1662 5506 ad
1709 5449 1919 5506 facien-

246 5537 360 5592 dos
419 5537 616 5594 hortos
663 5539 750 5594 vel
800 5539 1128 5597 habitacula
1165 5541 1397 5596 clericis
1458 5538 1918 5609 custodibusque

250 5626 563 5699 largimur,
599 5628 654 5683 id
677 5634 764 5684 est
796 5644 827 5684 a
858 5643 994 5685 cava
1017 5645 1207 5698 arcus,
1235 5631 1333 5702 qui
1377 5630 1635 5685 mittitur
1657 5629 1726 5684 ad
1760 5630 1918 5684 Pra-

254 5715 498 5784 torium,
524 5722 581 5772 et
595 5717 808 5773 deinde
827 5731 924 5788 per
942 5719 1205 5788 parietes.
1232 5720 1331 5790 qui
1360 5724 1559 5775 contra
1577 5717 1914 5773 Pratorium

255 5804 566 5860 redeuntes
615 5819 804 5861 aream
863 5807 1118 5863 ecclesia
1170 5807 1471 5878 claudunt,
1527 5821 1710 5877 usque
1759 5813 1918 5861 trans

2027 4650 2295 4719 Impendo
2316 4656 2616 4720 argentum
2647 4660 2878 4718 quoque
2905 4647 2974 4701 ad
3003 4653 3270 4703 ornatum
3300 4643 3555 4712 ejusdem
3583 4658 3685 4698 ec—

2028 4740 2239 4808 clesia,
2267 4739 2350 4794 vel
2378 4737 2767 4793 celebritatem
2805 4735 3188 4805 suprascripti
3218 4732 3686 4803 mysteriisacro-

2024 4830 2229 4896 sancti,
2265 4829 2322 4881 in
2351 4827 2441 4881 his
2479 4826 2707 4881 scilicet
2744 4824 3065 4894 speciebus,
3103 4823 3158 4876 id
3193 4828 3280 4877 est
3311 4827 3568 4890 patenam
3597 4833 3684 4874 ar-

2025 4923 2300 4986 genteam,
2361 4915 2598 4970 calicem
2651 4920 2981 4986 argenteum
3050 4913 3320 4980 majorem
3383 4923 3420 4971 ι,
3473 4908 3682 4964 calices

2020 5011 2319 5075 argenteos
2341 5005 2592 5060 minores
2622 5018 2681 5067 ιι,
2729 5015 2962 5066 urceum
3008 5006 3360 5071 argenteum,
3392 4997 3679 5053 hamulam

2021 5092 2383 5164 oblatoriam,
2416 5093 2628 5163 colum,
2673 5091 3190 5152 thimiamatorion,
3222 5089 3486 5159 pharum,
3537 5099 3681 5142 can—

2025 5170 2252 5238 tharum
2302 5188 2635 5254 argenteum
2679 5195 2809 5237 cum
2849 5181 3069 5235 catenis
3098 5185 3154 5236 et
3181 5177 3480 5248 delphinis
3511 5189 3674 5243 xvm,

2022 5283 2268 5328 coronas
2288 5276 2585 5342 argenteas
2617 5284 2693 5330 ιν,
2726 5283 2856 5324 cum
2879 5268 3165 5324 catenulis
3195 5267 3320 5323 suis
3349 5271 3406 5321 et
3442 5264 3680 5334 delphi—

2026 5361 2118 5416 nis
2139 5374 2258 5427 vm,
2291 5358 2604 5414 cicindelas
2634 5363 2932 5429 argenteas
2961 5371 2993 5409 v
3041 5370 3172 5412 cum
3199 5353 3484 5412 catenulis
3517 5354 3672 5408 suis.

2023 5451 2318 5506 Stantarea
2379 5446 2650 5517 (πηδάρια)
2714 5452 3004 5516 argentea,
3085 5453 3142 5501 et
3197 5445 3257 5500 in
3320 5441 3680 5500 confessione

2025 5545 2213 5595 ostrea
2233 5543 2499 5607 argentea
2540 5549 2601 5605 ιι,
2637 5549 2768 5591 cum
2798 5535 2945 5591 clavi
2976 5549 3115 5590 sua:
3170 5548 3297 5604 qua
3322 5545 3520 5588 omnes
3541 5545 3678 5601 spe-

2025 5628 2144 5682 cies
2179 5630 2502 5696 appensata
2533 5624 2745 5680 habent
2772 5625 2840 5679 ad
2867 5628 3134 5678 stateram
3169 5621 3426 5676 urbicam
3452 5619 3675 5691 argenti

2028 5715 2216 5786 pondo
2244 5715 2668 5786 quinquaginta
2700 5719 2949 5783 quatuor
2970 5711 3192 5767 uncias.
3221 5711 3442 5780 Septem
3467 5709 3679 5778 pharos

2026 5819 2232 5862 arcos:
2268 5805 2414 5861 duos
2442 5803 2713 5860 habentes
2740 5801 3048 5872 delphinos
3078 5805 3314 5856 octonos
3347 5805 3402 5853 et
3442 5796 3676 5852 hermo—
