3994 6168
379 259 486 316 995

1177 261 1270 315 ΑΙ)
1307 259 1738 315 ANASTASIUM
1777 257 2291 316 PROLEGOMENA
2330 259 2504 315 EDIT.
2546 259 2975 317 ROM.-VATIC.

3681 262 3777 322 996

383 386 531 441 rias:
588 386 895 444 cantharos
936 399 1114 443 areos
1153 388 1395 456 majores
1419 399 1518 441 sex
1557 386 1808 441 minores
1835 398 1942 449 ιιι,
1983 381 2041 439 el
2069 383 2128 442 A
2154 398 2282 439 cum
2307 385 2477 456 (quod
2507 386 2680 455 absit)
2708 387 3028 443 observatio
3057 387 3364 458 cultusque
3382 386 3638 444 ecclesia
3664 387 3778 444 Cor.

380 475 511 531 lilia
553 488 696 530 area
730 489 790 544 11,
823 482 880 531 et
925 477 1206 532 stantaria
1255 475 1524 545 (στηδάρια)
1561 487 1714 530 area
1767 487 1896 542 x111,
1941 486 2042 528 nec

381 577 494 620 non
523 569 582 619 et
635 565 692 618 in
737 564 936 634 palliis
982 565 1222 634 pallium
1272 563 1656 619 holosericum
1710 562 2035 634 agnaphum

380 652 816 709 auroclavum1.
864 656 1000 708 ltem
1047 652 1286 722 pallium
1323 651 1704 708 holosericum
1733 651 2034 721 tetrapho-

383 735 510 797 rum
571 755 608 810 1,
664 740 959 797 mafortem
1038 741 1494 809 tramosericum,
1563 739 2028 796 rhodomelinum

381 831 727 900 aquilatum.
771 831 906 885 Item
962 828 1258 884 mafortem
1281 843 1310 884 e
1341 829 1780 900 teleoporphyro
1811 834 2033 885 tramo-

392 919 642 975 sericum
665 932 811 988 opus
843 919 1158 986 marinum;
1187 918 1322 974 item
1354 919 1533 974 alium
1559 918 1834 990 (pallium)
1865 920 2035 975 holo-

383 1007 632 1063 sericum
680 1006 986 1062 inritatum
1041 1006 1411 1077 (Iuricatum);
1467 1005 1705 1076 pallium
1751 1008 2039 1064 Cassioti-

381 1109 532 1161 cum,
591 1096 726 1151 item
781 1095 1023 1165 pallium
1076 1095 1294 1152 lineum
1349 1097 1782 1166 Aquitanicum,
1837 1103 1894 1153 et
1923 1097 2039 1154 alia

383 1183 558 1254 pallia
595 1184 746 1240 linea
776 1191 1043 1255 quatuor.

453 1273 521 1327 Et
570 1286 672 1342 pro
697 1286 810 1328 ara
839 1287 960 1343 ora,
1002 1273 1124 1328 vela
1174 1274 1549 1330 tramoserica
1577 1274 1706 1330 alba
1736 1274 2038 1331 auroclava

383 1373 446 1428 ιι,
474 1359 597 1416 vela
628 1360 841 1416 blattea
887 1363 1191 1416 auroclava
1215 1363 1598 1434 paragaudata
1623 1377 1685 1431 11,
1714 1363 1836 1419 vela
1868 1364 2040 1419 holo-

385 1448 569 1504 serica
618 1449 748 1504 alba
776 1449 1082 1504 auroclava
1109 1449 1476 1520 orthopluma
1514 1465 1574 1518 ιι,
1609 1451 1730 1507 vela
1754 1459 2038 1508 tramose-

384 1537 504 1592 rica
538 1537 1031 1606 prasinopurpura
1056 1551 1116 1606 ιι,
1161 1538 1282 1593 vela
1322 1540 1692 1595 tramoserica
1728 1540 2036 1595 leucorho-

381 1625 521 1680 dina
578 1638 639 1690 ιι,
704 1625 825 1680 vela
874 1627 1241 1682 tramoserica
1297 1627 1743 1698 leucoporphyra
1802 1642 1862 1691 11,
1915 1628 2036 1684 vela

2153 475 2515 532 nutianensis
2535 476 2798 532 videatur
2813 476 3093 545 occidere,
3118 481 3181 530 ut
3209 475 3384 546 legem
3411 480 3467 530 et
3495 476 3779 536 conditio-

2149 577 2273 619 nem
2307 577 2566 633 ponerem
2607 565 2908 620 donationi
2961 579 3116 632 mea,
3161 577 3232 618 ne
3256 577 3508 634 unquam
3554 564 3782 619 cuilibet

2144 653 2472 707 antistitum
2508 651 2959 724 presbyterorum
2988 652 3683 719 sibimetsuccedentium,
3706 653 3778 707 vel

2142 740 2480 797 clericorum
2509 741 2826 811 quidquam
2853 755 2918 797 ex
2947 740 3039 796 his
3066 741 3318 810 pra-diis,
3350 740 3435 795 vel
3461 741 3665 810 hortis,
3704 741 3779 795 vel

2143 829 2443 899 speciebus
2467 830 2775 900 argenteis,
2807 843 2910 885 seu
2933 829 3190 885 vestibus
3219 844 3250 884 a
3289 842 3376 884 me
3419 843 3597 896 supra
3635 828 3783 884 desi—

2147 917 2356 988 gnatis,
2381 917 2633 973 alienare
2661 918 2717 972 in
2746 917 2919 973 aliam
2946 917 3206 987 quolibet
3230 917 3402 972 titulo
3434 931 3684 987 unquam
3713 918 3782 973 li-

2145 1011 2288 1075 ceat,
2322 1013 2422 1062 aut
2451 1012 2603 1062 certe
2627 1007 2736 1062 sub
2767 1007 3068 1063 occasione
3097 1006 3290 1062 cultus
3327 1006 3518 1061 divini
3549 1006 3620 1060 ad
3650 1005 3783 1061 alte-

2148 1095 2274 1150 rius
2302 1095 2556 1151 ecclesia
2574 1102 2839 1151 ornatum
2863 1095 3254 1166 qualicunque
3269 1108 3338 1150 ex
3365 1093 3470 1148 hac
3496 1095 3781 1149 occasione

2149 1183 2473 1240 transferre.
2507 1182 2666 1252 Quod
2699 1185 2870 1240 etiam
2905 1185 2963 1239 in
2999 1183 3089 1238 his
3126 1182 3417 1238 observari
3441 1183 3640 1237 eadem
3669 1196 3781 1238 con-

2145 1273 2369 1328 ditione
2400 1272 2548 1342 volo,
2594 1287 2720 1343 qua
2760 1271 2956 1328 futuro
2982 1278 3234 1342 tempore
3268 1271 3486 1328 fuerint
3520 1287 3783 1341 provoca-

2145 1361 2300 1416 tione
2338 1367 2546 1417 nostra
2569 1361 2895 1416 devotionis
2921 1362 3168 1429 adjecta,
3200 1362 3474 1430 quoniam
3501 1360 3778 1432 largitatis

2147 1453 2355 1504 nostra
2381 1451 2678 1518 prasentis
2702 1456 3026 1520 perpetuam
3064 1447 3311 1518 prafata
3337 1449 3612 1504 Ecclesia
3628 1450 3780 1519 cupio

2145 1539 2429 1606 pertinere
2449 1537 2856 1593 substantiam.
2890 1537 3047 1606 Quod
3077 1539 3126 1592 si
3157 1537 3471 1608 quidquam
3505 1539 3576 1593 de
3595 1539 3782 1594 aliena-

2143 1626 2301 1681 tione
2334 1640 2365 1681 a
2412 1640 2496 1680 me
2551 1626 2841 1696 prohibita
2889 1624 3066 1682 fuerit
3113 1625 3259 1681 forte
3315 1631 3624 1688 tentatum,
3664 1633 3780 1681 tunc

387 1711 706 1769 holoserica
733 1714 1138 1782 coccoprasina
1167 1727 1230 1769 ιι.
1264 1717 1399 1770 Item
1423 1715 1539 1771 alia
1589 1722 1859 1786 paratura
1882 1716 2038 1773 holo-
2065 1718 2116 1777 B
2143 1728 2266 1784 ego,
2293 1715 2376 1770 vel
2423 1715 2603 1770 hares
2640 1715 3004 1784 haredesque
3044 1715 3158 1782 sui,
3200 1713 3286 1770 vel
3315 1729 3621 1770 successor
3660 1729 3777 1770 suc-

384 1801 568 1857 serica
619 1801 742 1857 vela
782 1801 992 1856 blattea
1031 1803 1335 1858 auroclava
1387 1803 1752 1874 orthopluma
1807 1819 1869 1875 11,
1913 1805 2036 1861 vela

386 1890 760 1947 tramoserica
825 1889 1085 1960 aquilata
1144 1893 1551 1962 coccoprasina
1603 1907 1668 1961 ιι,
1723 1893 1845 1949 vela
1911 1899 2038 1949 tra-

390 1980 667 2036 moserica
731 1979 1079 2036 holoblattea
1151 1994 1218 2050 ιι,
1287 1981 1410 2038 vela
1459 1980 1697 2038 loricata
1750 1983 2038 2053 (luricata)

389 2067 890 2138 melinoporphyra
917 2069 1189 2124 uncinata
1210 2069 1349 2139 duo,
1378 2070 1500 2126 vela
1523 2071 1842 2127 holoserica
1870 2070 2040 2127 holo-

395 2155 548 2212 blata
576 2170 639 2226 ιι,
657 2157 777 2212 vela
797 2158 1095 2227 apoplacia
1121 2158 1436 2228 (apoblacia
1457 2160 1577 2216 sive
1606 2161 1675 2216 ad
1703 2160 2036 2232 ploblatea);

395 2245 800 2312 coccoprasina
851 2246 1162 2301 cancellata
1230 2247 1484 2303 rosulata
1531 2249 1680 2313 duo;
1729 2249 1864 2304 item
1921 2249 2041 2304 vela

391 2331 735 2402 aploblattea
779 2334 1181 2402 coccoprasina
1247 2336 1580 2392 cantharata
1633 2351 1682 2390 v.
1740 2339 1873 2393 Item
1923 2338 2041 2393 alia

388 2426 678 2490 paratura,
730 2420 855 2475 vela
898 2421 1050 2476 linea
1098 2424 1398 2480 auroclava
1457 2426 1749 2482 clavatura
1797 2428 2036 2497 quadra,

387 2507 504 2562 duo
555 2507 678 2562 vela
750 2508 904 2563 linea
951 2510 1253 2566 auroclava
1308 2516 1690 2584 paragaudata
1747 2515 2039 2570 clavatura

395 2596 640 2651 rotunda
663 2609 724 2665 ιι,
753 2595 876 2651 vela
903 2596 1056 2652 linea
1088 2601 1471 2670 paragaudata
1493 2603 1718 2657 Persica
1747 2602 2038 2658 clavatura

391 2683 780 2740 coccomelina
813 2685 1046 2753 prasina
1081 2699 1142 2748 11,
1163 2687 1286 2740 vela
1315 2687 1466 2742 linea
1491 2691 1876 2760 paragaudata
1899 2691 2041 2745 Per-

389 2771 512 2827 sica
541 2771 833 2828 clavatura
863 2771 1273 2828 leucorhodina
1298 2788 1358 2839 ιι,
1379 2773 1499 2830 vela
1527 2775 1677 2831 linea
1695 2777 2039 2834 blatoserica

390 2861 778 2932 paragaudata
802 2875 864 2930 ιι,
887 2860 1010 2916 vela
1032 2861 1184 2916 linea
1203 2861 1547 2920 blatoserica
1573 2865 1940 2935 orthopluma
1971 2881 2033 2922 ιι.

388 2951 525 3004 Item
548 2949 667 3005 vela
699 2949 852 3005 linea
879 2963 1021 3019 pura
1049 2963 1166 3004 x1v.
1195 2952 1330 3006 Item
1362 2958 1493 3008 ante
1529 2954 1715 3025 regias
1759 2953 2037 3019 basilica,

2146 1817 2467 1860 cessoresve
2497 1804 2628 1870 mei,
2658 1803 2743 1858 vel
2791 1803 2894 1873 qui
2939 1802 3062 1857 illis
3089 1803 3361 1872 deinceps
3387 1804 3776 1866 successerint.

2149 1893 2415 1948 universa
2443 1906 2570 1962 qua
2602 1891 2778 1959 hujus
2805 1891 3138 1947 donationis
3168 1898 3306 1946 sunt
3326 1898 3526 1946 tenore
3549 1905 3782 1960 compre-

2149 1983 2344 2050 hensa,
2368 1981 2436 2035 ad
2457 1993 2625 2036 suum
2649 1981 2749 2049 jus
2776 1980 3298 2050 proprietatemque
3318 1979 3636 2034 reducant:
3664 1993 3783 2050 quo.

2149 2071 2301 2126 niam
2334 2069 2483 2139 quod
2519 2068 2734 2124 anobis
2764 2069 3112 2140 cogitatione
3139 2067 3469 2124 veneranda
3494 2067 3779 2139 religionis

2149 2157 2425 2227 oblatum,
2460 2159 2774 2213 secundum
2808 2157 2984 2228 legem
3012 2161 3069 2212 et
3099 2156 3492 2212 conditionem
3532 2157 3778 2226 positam,

2151 2247 2324 2302 licere
2353 2260 2465 2302 non
2487 2247 2654 2302 debet
2682 2245 3011 2316 cuicunque
3043 2259 3293 2315 persona
3319 2245 3404 2300 vel
3427 2245 3672 2301 alterius
3699 2257 3782 2299 ec—

2148 2335 2359 2403 clesia,
2392 2335 2478 2391 vel
2514 2335 2746 2405 pradiis
2765 2334 3080 2404 cujuslibet
3107 2335 3400 2404 deputare.
3426 2336 3585 2388 Hanc
3613 2341 3778 2390 autem

2150 2425 2497 2494 scripturam
2541 2424 2876 2480 donationis
2902 2423 3190 2479 Feliciano
3233 2423 3459 2478 notario
3495 2436 3620 2478 meo
3645 2423 3779 2477 scri-

2150 2512 2390 2568 bendam
2421 2512 2657 2572 dictavi,
2687 2513 2858 2582 eique
2891 2511 3109 2566 relecta
3131 2525 3164 2566 a
3197 2525 3282 2566 me
3313 2513 3443 2566 sine
3475 2511 3616 2566 dolo
3649 2509 3778 2565 malo

2153 2615 2324 2657 manu
2356 2603 2590 2672 propria
2634 2600 2955 2670 subscripsi
2981 2607 3038 2655 et
3089 2601 3267 2672 gestis
3295 2600 3534 2671 allegari
3571 2599 3780 2669 propria

2151 2691 2444 2746 voluntate
2463 2691 2747 2758 mandavi,
2775 2689 3314 2760 stipulantibusque
3335 2687 3652 2744 venerabili
3676 2689 3782 2742 viro

2151 2779 2498 2849 presbytero,
2521 2778 2868 2834 diaconibus
2894 2777 3300 2846 universisque
3329 2776 3566 2832 clericis
3595 2788 3783 2831 memo-

2149 2875 2286 2924 rata
2299 2869 2555 2924 ecclesia
2581 2869 2650 2923 de
2665 2867 2934 2924 omnibus
2961 2867 3314 2936 supradictis
3336 2866 3638 2936 spopondi.
3662 2863 3784 2920 Sub-

2150 2957 2366 3024 scripta
2398 2969 2468 3010 xv
2504 2955 2634 3010 Kal.
2665 2954 2967 3025 Maiarum,
2989 2955 3201 3011 domno
3217 2956 3399 3010 Leone
3421 2955 3519 3007 PP.
3543 2955 3780 3024 Augusto

388 3035 509 3093 vela
538 3037 690 3093 linea
723 3037 978 3107 plumata
1025 3040 1238 3108 majora
1267 3039 1399 3096 ﬁssa
1451 3055 1687 3098 numero
1719 3043 1851 3098 tria.
1903 3048 2036 3100 Item
2065 3043 2112 3102 Ο
2150 3050 2308 3114 quat.
2344 3043 2625 3098 PROBIANO
2652 3043 2714 3098 V.
2737 3045 2794 3098 C.
2819 3057 2966 3099 coss.
2995 3043 3075 3097 Fl.
3112 3042 3294 3098 Valia.
3322 3041 3385 3109 Q.
3428 3041 3780 3097 Theudovius

391 3124 514 3180 vela
545 3125 696 3180 linea
734 3138 875 3194 pura
909 3128 1042 3180 tria.
1075 3127 1218 3183 Ante
1263 3128 1678 3186 consistorium
1724 3131 1910 3187 velum
1958 3132 2041 3188 li--

392 3225 559 3270 neum
589 3227 792 3282 purum
818 3227 854 3268 1.
884 3215 944 3270 In
970 3229 1184 3283 pronao
1206 3216 1391 3272 velum
1422 3218 1638 3274 lineum
1674 3234 1880 3289 purum
1914 3236 1950 3290 1,
1984 3229 2041 3278 et

397 3301 549 3357 intra
569 3302 867 3357 basilicam
887 3305 1239 3373 proporticia
1263 3307 1382 3376 {pro
1396 3309 1720 3377 porticibus)
1739 3310 1860 3364 vela
1888 3310 2039 3366 linea

388 3389 644 3446 rosulata
688 3403 769 3460 v1,
803 3397 860 3446 et
899 3398 1031 3447 ante
1056 3394 1430 3449 secretarium
1461 3395 1547 3450 vel
1579 3396 1875 3452 curricula
1918 3399 2040 3454 vela

389 3477 541 3535 linea
573 3479 827 3535 rosulata
855 3481 1102 3550 pensilia
1136 3482 1404 3538 habentia
1427 3497 1597 3540 arcus
1630 3498 1692 3539 11.
1724 3487 1857 3540 Item
1888 3487 2044 3542 codi-

387 3579 500 3628 ces.
525 3568 832 3640 Evangelia
869 3582 946 3639 1v,
979 3569 1336 3640 Apostolum,
1363 3572 1724 3641 Psalterium,
1753 3580 1810 3629 et
1842 3575 2038 3630 Comi-

387 3664 521 3714 tem.
548 3657 710 3714 lllico
752 3663 886 3714 ante
909 3661 1104 3716 omnia
1133 3661 1402 3717 cautione
1435 3661 1796 3731 prospiciens
1828 3676 1896 3718 ne
1917 3677 2043 3719 me-

2147 3133 2211 3187 V.
2243 3133 2302 3187 C.
2326 3137 2382 3188 et
2413 3131 2515 3186 Inl.
2549 3137 2606 3187 et
2635 3145 2823 3186 comes
2848 3138 2904 3187 et
2934 3132 3206 3201 magister
3234 3132 3546 3200 utriusque
3571 3129 3780 3184 militia

2150 3222 2289 3277 huic
2311 3219 2611 3276 donationi
2645 3233 2676 3274 a
2697 3233 2782 3274 me
2807 3220 3036 3274 dictata
3061 3225 3118 3273 et
3151 3219 3290 3273 mihi
3315 3219 3538 3273 relecta
3567 3217 3785 3286 pradio~

2151 3324 2279 3365 rum
2330 3310 2589 3365 omnium
2623 3308 3162 3377 suprascriptorum
3199 3307 3422 3378 argenti
3449 3315 3506 3361 et
3533 3307 3782 3362 vestium.

2151 3403 2371 3453 servata
2401 3403 2456 3452 et
2480 3397 2538 3451 in
2564 3403 2899 3466 perpetuum
2926 3397 3216 3452 custodita
3237 3396 3367 3468 lege
3387 3403 3442 3450 et
3469 3396 3785 3452 conditione

2151 3501 2320 3558 quam
2347 3486 2526 3543 eidem
2549 3485 2850 3541 donationi
2872 3486 3144 3555 imposui,
3173 3485 3439 3540 consensi
3469 3491 3526 3540 et
3554 3483 3786 3540 subscri-

2153 3576 2263 3645 psi,
2301 3575 2456 3631 salvo
2485 3575 2708 3630 scilicet
2737 3573 3039 3630 usufructu
3072 3574 3595 3642 suprascriptorum
3625 3587 3783 3644 agro-

2153 3677 2304 3733 rum,
2336 3677 2504 3733 quem
2529 3676 2701 3732 supra
2731 3663 2926 3719 eadem
2977 3663 3122 3719 mihi
3149 3663 3440 3732 scriptura
3486 3664 3720 3718 servavi.

1992 3841 2214 3898 NOTE.

458 4029 616 4084 Hanc
644 4027 920 4092 chartam,
945 4038 1072 4096 qua
1105 4025 1355 4094 primum
1381 4038 1414 4079 a
1444 4025 1687 4095 Josepho
1705 4026 1884 4080 Maria
1905 4026 2043 4082 Sua-

390 4101 543 4155 resio
573 4112 641 4155 ex
670 4098 904 4154 archivo
931 4097 1240 4152 Tiburtino
1275 4096 1566 4165 publicata
1596 4104 1700 4158 est,
1740 4097 1834 4150 hic
1852 4097 2042 4153 denuo

388 4171 579 4226 visum
608 4176 695 4225 est
740 4169 1027 4235 recudere,
1073 4174 1128 4222 et
1161 4166 1218 4220 in
1262 4169 1450 4236 capite
1479 4169 1736 4222 omnium
1786 4173 2040 4223 veterum

393 4239 904 4296 instrumentorum
930 4250 1230 4306 apponere,
1257 4243 1525 4306 tanquam
1565 4237 2037 4306 antiquissimum

393 4315 850 4378 monumentum,
899 4309 1049 4378 quod
1077 4307 1419 4380 -ΙμεοηθηΡῌ
1471 4307 1548 4376 (id
1607 4313 1697 4380 est
1729 4309 2040 4380 perpetuo)

391 4383 538 4453 Aug.
573 4377 844 4453 quantum
880 4385 939 4453 e_t
971 4377 1250 4432 Probiano
1275 4379 1337 4431 V.
1370 4379 1444 4453 C._
1476 4392 1649 4453 coss._,
1685 4378 1741 4433 id
1775 4385 1861 4453 e_s_t
1889 4377 2038 4453 anno

387 4447 608 4510 Christi
628 4447 726 4506 474
758 4451 1055 4506 conditum
1086 4454 1193 4510 est,
1227 4454 1292 4504 ut
1315 4461 1382 4503 ex
1405 4448 1766 4510 Cassiodoro,
1795 4451 2040 4506 Marcel-

390 4525 514 4581 lino
540 4523 761 4579 Comite
783 4520 1036 4590 aliisque
1067 4518 1234 4574 fastis
1259 4526 1504 4575 constat.
1537 4522 1598 4574 In
1631 4520 1831 4576 multis
1852 4521 2043 4578 obser-

387 4601 522 4652 vatu
543 4594 742 4664 dignis
771 4605 881 4664 non
907 4591 1108 4646 leviter
1141 4591 1434 4664 praterire
1464 4590 1601 4646 licet
1626 4591 1682 4646 id
1701 4591 1859 4664 quod
1888 4593 2040 4664 legi—

388 4673 485 4724 tur
511 4666 583 4722 de
611 4661 775 4718 Libro
801 4663 1035 4728 Comite;
1068 4661 1168 4732 qui
1198 4662 1540 4732 Hieronymo
1564 4661 1880 4717 ascribitur
1908 4661 2040 4718 ante

396 4750 578 4793 annos
609 4736 1006 4806 octingentos;
1073 4738 1570 4806 cert_e_auctorem
1630 4732 2036 4806 Hieronymum

388 4807 686 4879 aqualem,
715 4803 818 4861 aut
847 4817 1152 4875 supparem
1182 4803 1372 4872 habet,
1399 4817 1468 4858 ex
1517 4803 1624 4859 hac
1651 4803 1871 4859 charta.
1913 4807 2039 4860 MA-

389 4893 530 4935 BILL.

463 4951 662 5007 Visum
689 4953 776 5005 est
795 4948 1020 5019 aliquot
1045 4960 1208 5019 voces
1235 4960 1302 5002 ex
1343 4945 1554 5019 oblatis
1584 4946 1739 5019 vasis
1758 4959 1838 5019 ac
1855 4946 2038 5019 vesti-

390 5023 499 5079 bus
526 5021 765 5091 hujusce
783 5017 1117 5076 donationis
1148 5018 1537 5091 interpretari,
1563 5031 1689 5091 qua
1719 5017 1778 5091 in
1810 5017 2039 5074 Biblio—

389 5088 648 5149 thecari'o
675 5089 1005 5160 frequentes
1032 5103 1163 5144 cum
1191 5089 1472 5160 legantur,
1500 5088 1670 5144 lexici
1705 5088 1856 5143 vices
1889 5104 2037 5158 sup-

393 5164 546 5233 plere
589 5159 833 5232 possunt
877 5162 945 5215 ad
983 5159 1141 5214 Vitas
1182 5159 1611 5214 Anastasianas.
1641 5161 1700 5214 ln
1741 5165 1901 5215 textu
1932 5173 2038 5216 oc-

391 5239 636 5290 currunt
661 5233 828 5301 juxta
858 5237 1160 5301 sequentes
1187 5243 1473 5286 numeros.

461 5307 516 5382 I._
537 5299 830 5382 Haniulam
855 5299 1197 5382 oblato-riam.
1234 5300 1624 5382 Hamplgsive
1644 5301 1831 5382 amula
1859 5299 2034 5382 dimi:

392 5375 658 5430 nutivum
691 5372 849 5429 vocis
879 5375 1054 5427 Hama
1079 5386 1180 5427 seu
1202 5388 1347 5438 ama,
1374 5371 1595 5426 indicat
1619 5370 1912 5438 sequioris
1931 5372 2035 5425 avl

391 5443 778 5514 scriptoribus
808 5443 1106 5514 urceolum,
1134 5445 1351 5514 nostris
1381 5456 1512 5498 vero
1539 5440 1858 5514 ritualibus
1885 5442 1944 5495 in
1972 5440 2040 5514 ii-

393 5512 530 5570 bris‘
569 5514 881 5571 adhibetur
922 5513 1137 5582 sapius
1165 5514 1234 5569 ad
1279 5513 1446 5568 illum
1483 5512 1941 5582 exprimendum,
1977 5512 2036 5565 in

391 5599 508 5658 quo
523 5597 680 5658 aqua
711 5587 779 5640 ad
809 5585 1158 5658 oblationem
1194 5583 1470 5658 sacriﬁcii
1503 5585 1640 5638 vino
1669 5582 2037 5658 admiscenda

392 5653 762 5713 ministratur
785 5669 881 5723 per
901 5654 1355 5721 subdiaconum;
1382 5654 1522 5708 licet
1545 5655 1696 5708 sumi
1724 5653 1897 5708 etiam
1917 5666 2037 5722 pos-

392 5729 473 5785 sit
495 5739 600 5798 pro
627 5730 872 5794 utroque
901 5725 1132 5783 urceolo
1178 5726 1376 5781 vinum
1405 5730 1462 5780 et
1491 5736 1697 5793 aquam
1723 5723 2039 5780 oblationis

2069 4422 2123 4482 D

2153 4035 2430 4100 servante.
2486 4028 2652 4084 Illius
2701 4029 2941 4100 ﬁguram
2974 4043 3042 4086 ex
3092 4030 3268 4086 veteri
3311 4034 3576 4100 argenteo
3616 4023 3782 4080 sacris

2155 4097 2510 4173 imaginibus
2540 4113 2709 4173 opere
2747 4097 3074 4172 anaglypho
3105 4097 3473 4173 exstantibus
3513 4101 3780 4173 decorate.

2151 4165 2374 4224 dedi'in
2428 4165 2593 4226 notis'
2611 4172 2676 4226 ad
2711 4173 2764 4226 S.
2821 4165 3130 4240 Urbanum,
3180 4186 3328 4241 quas
3367 4172 3521 4226 vide.
3555 4165 3781 4241 videndi

2151 4253 2378 4308 quoque
2407 4240 2694 4297 Altaserra
2725 4249 2782 4298 et
2813 4238 3126 4299 Bencinius'
3150 4238 3215 4297 in
3239 4243 3394 4298 notis
3430 4242 3498 4298 ad
3517 4241 3571 4295 S.
3599 4238 3783 4308 Sylvej

2151 4303 2614 4385 strum,_necnon
2663 4314 2914 4385 Cangius
2961 4315 3020 4368 in
3067 4313 3362 4369 Glossario
3405 4312 3548 4367 Med.
3591 4303 3647 4364 et
3680 4303 3779 4360 Inf.

2152 4382 2335 4454 Latin.
2370 4383 2680 4438 Panvinius
2715 4382 3046 4454 In‘interpr.
3071 4399 3272 4440 vocum
3301 4385 3663 4454 obscurarum
3705 4389 3782 4431 ec-

2150 4450 2630 4524 clesiasticarum,
2657 4456 2812 4511 edita
2834 4469 2942 4511 una
2963 4450 3099 4510 cum
3124 4455 3378 4524 ejusdem
3405 4453 3778 4524 supplemento

2149 4521 2218 4576 ad
2248 4524 2524 4580 Platinam
2563 4520 2635 4580 de
2666 4526 2815 4581 Vitis
2861 4520 3223 4589 Pontiﬁcum,
3271 4520 3533 4580 observat
3558 4520 3780 4589 ama—lam

2151 4598 2206 4646 et
2225 4610 2405 4668 amem
2433 4597 2626 4652 eadem
2661 4597 3091 4668 signiﬁcatione
3114 4587 3380 4652 adhiberi
3411 4595 3576 4650 etiam
3601 4604 3629 4645 a
3654 4587 3780 4668 vul-

2189 4671 2283 4720 ato
2330 4665 2641 4736 interprete
2691 4659 2988 4724 sacrorum
3040 4669 3360 4723 Bibliorum
3413 4668 3473 4721 in
3527 4659 3772 4736 vertenda

2206 4749 2346 4810 raca
2373 4727 2506 4794 voce
2557 4739 2742 4808 φυάλας
2769 4739 2940 4794 tertio
2972 4739 3187 4810 Regum
3220 4751 3344 4807 cap.
3379 4751 3480 4800 v11,
3517 4748 3653 4810 vers.
3680 4727 3771 4810 ιο.

2151 4805 2302 4874 Quin
2325 4811 2500 4864 etiam
2529 4802 2900 4866 a'Columella
2927 4810 2988 4864 in
3009 4802 3172 4865 cultu
3196 4802 3497 4865 hortorum
3519 4802 3774 4859 hamulum

2151 4876 2262 4948 legi
2296 4893 2396 4949 pro
2425 4894 2556 4938 vase
2574 4881 2643 4935 ad
2675 4893 2854 4952 aquas
2897 4880 3274 4936 continendas
3332 4877 3612 4936 adhibito.

2211 4988 2316 5037 Aut
2345 4985 2569 5036 habilem
2591 4985 2818 5048 lymphis
2848 4985 3110 5035 hamulum
3158 4985 3454 5049 Bacchique
3485 4984 3719 5045 lagenam.

2218 5083 2404 5154 Quare
2435 5099 2544 5142 non
2599 5090 2822 5141 tantum
2875 5085 3073 5140 media
3120 5089 3177 5140 et
3224 5083 3456 5148 inﬁma,
3501 5081 3592 5139 sed
3621 5077 3774 5134 etiam

2150 5170 2429 5228 germana
2451 5155 2788 5228 Latinitatis
2814 5155 3156 5212 vocabulum
3187 5155 3512 5210 habendum
3542 5159 3595 5207 et
3620 5158 3773 5219 aqua—

2151 5227 2303 5282 rium
2332 5227 2730 5282 vasindicare.
3178 5296 3186 5297 ,
3507 5294 3557 5297 μ,
3691 5288 3700 5297 ,
3736 5287 3746 5297 .

2224 5301 2288 5352 ll.
2336 5299 2540 5354 Colum.
2587 5319 2613 5350 α
2651 5299 2765 5354 Hoc
2811 5304 2933 5353 erat
2997 5296 3292 5353 vasculum
3373 5294 3650 5366 quoddam
3687 5288 3776 5366 (ait

2131 5369 2466 5444 .Panvinius
2485 5371 2595 5424 loco
2612 5369 2860 5439 laudato)
2880 5368 3296 5444 subtilissimis
3313 5356 3770 5444 foraminibusai)

2153 5440 2269 5511 imo
2297 5439 2666 5509 perforatum,
2702 5453 2815 5511 quo
2834 5434 3039 5511 vinum
3070 5454 3138 5495 ex
3167 5439 3420 5511 hamulis
3453 5439 3512 5511 i_n
3558 5434 3767 5511 calicem

2152 5505 2580 5568 refundebatur.
2616 5531 2642 5561 ι)
2669 5505 2890 5567 Idcirco
2911 5525 2981 5566 ex
3016 5510 3230 5583 lamina
3262 5509 3421 5583 tenui
3459 5505 3768 5583 ducebatur.

2152 5583 2626 5652 quemadmodum
2663 5585 2834 5639 etiam
2867 5595 3021 5638 nunc
3048 5582 3110 5652 in
3133 5581 3388 5652 ofﬁcinis
3414 5581 3772 5652 aromatorio—

2151 5642 2278 5707 rum
2307 5658 2365 5723 et
2394 5653 2713 5720 similibus,
2742 5658 2808 5710 ut
2831 5667 2930 5723 per
2955 5653 3057 5709 illa
3089 5651 3375 5723 foramina
3407 5650 3613 5723 exigua
3635 5642 3775 5723 συθ·

2151 5727 2278 5778 ctus
2313 5721 2508 5793 liquor
2522 5719 2744 5780 omnem
2765 5719 3073 5794 deponeret
3098 5721 3312 5792 facem,
3336 5735 3408 5777 ne
3439 5719 3657 5777 scilicet
3684 5723 3773 5768 ma-
