3994 6168
209 293 314 359 997

207 502 333 552 tum
383 491 722 552 contineret.
772 495 924 550 Ordo
971 494 1260 549 Romanus
1306 491 1511 562 probat
1539 491 1868 560 antiquitus

203 567 561 628 adhibitum.
624 570 761 620 tunc
805 571 957 620 certe
1009 561 1392 619 necessarium
1424 577 1526 632 pro
1551 561 1865 631 disciplina

205 637 677 694 communicandi
695 635 803 693 sub
823 640 1066 704 utraque
1083 637 1289 704 specie,
1311 649 1436 704 qua:
1449 635 1736 704 copiosam
1758 645 1866 687 ma-

206 710 411 764 teriem
449 721 577 764 cum
612 708 936 778 requireret
957 706 1024 760 ad
1040 706 1524 778 consecrandum,
1552 705 1864 778 cavendum

206 787 334 836 erat
365 793 435 835 ne
457 780 514 833 in
549 776 709 833 tanta
733 777 1014 833 affusione
1039 776 1287 846 liquoris
1331 776 1666 831 illaberetur
1692 776 1866 846 inca-

207 851 381 906 licem
413 849 708 920 quidpiam
739 845 1491 920 extraneum,_animalcula,
1518 853 1624 902 etc.
1660 845 1864 920 Eadem

205 923 282 977 de
313 917 484 977 causa
542 918 967 974 adhibebantur
996 918 1206 973 calices
1255 919 1497 986 majores
1519 931 1585 972 ac
1619 917 1867 972 minores

211 993 312 1047 hic
338 993 510 1048 etiam
545 989 865 1045 memorati.
895 989 1036 1043 Vide
1058 989 1296 1057 ﬁguram
1320 989 1586 1044 colatorii
1611 1001 1718 1057 seu
1749 986 1863 1042 coli

208 1064 273 1118 in
314 1063 471 1118 notis
501 1062 718 1116 nostris
737 1061 805 1115 ad
836 1060 898 1114 S.
932 1056 1246 1129 Urbanum,
1277 1073 1436 1115 num.
1465 1057 1500 1115 3
1523 1056 1647 1128 eti,
1673 1073 1742 1113 ex
1769 1071 1863 1112 an-

207 1135 381 1204 tiquo
410 1132 638 1188 cimelio
668 1143 1018 1204 expressam.

283 1200 382 1260 Ιιι.
414 1204 674 1269 Pharum,
697 1207 810 1256 etc.
843 1201 1176 1270 Lampadem
1200 1201 1294 1257 cui
1327 1215 1425 1271 per
1445 1200 1740 1257 catenulas
1781 1201 1862 1256 in-

207 1275 374 1331 ferne
404 1287 722 1343 suspensus
745 1277 868 1327 erat
895 1272 1206 1327 cantharus
1237 1278 1542 1343 argenteus
1573 1273 1763 1337 latior,
1795 1284 1863 1343 ne

208 1346 445 1402 scilicet
471 1342 539 1400 ex
593 1344 853 1413 lampade
900 1349 1181 1398 commota
1230 1342 1416 1398 oleum
1471 1343 1762 1398 excideret
1803 1342 1861 1396 in

208 1418 626 1487 pavimentum.
654 1415 1082 1487 Catenzeautem
1115 1415 1452 1487 cantharum
1483 1415 1652 1487 istum
1683 1415 1866 1487 adne—

207 1484 435 1543 ctentes
461 1486 708 1554 lampadi
736 1499 832 1554 per
856 1485 1194 1554 delphinum
1223 1485 1418 1552 sigilla
1443 1484 1654 1539 aﬁ'abre
1682 1484 1868 1539 elabo-

209 1565 339 1613 rata
381 1557 671 1626 eleganter
695 1556 1150 1622 sustinebantur,
1185 1556 1660 1624 quemadmodum
1692 1556 1865 1610 etiam

207 1629 494 1684 catenulte
507 1640 846 1683 coronarum
868 1626 1150 1695 lampadis
1174 1627 1232 1680 in
1255 1640 1462 1681 morem
1485 1639 1864 1695 appensarum

211 1700 294 1753 ita
346 1698 730 1753 inﬁbulantur
760 1716 775 1750 :
803 1713 1027 1751 coronas
1057 1702 1344 1764 argenteas
1368 1711 1419 1750 tv
1458 1713 1578 1749 cum
1603 1699 1866 1750 catena/is

1543 294 1817 353 CHARTA
1853 294 2319 354 CORNUTIANA.

205 426 384 481 teries
407 424 657 495 liquoris
687 423 746 478 in
771 422 952 478 calice
972 418 1250 495 offerendi
1284 420 1579 495 quidpiam
1611 419 1873 495 faeculen-
1895 417 1954 477 A
1977 419 2159 495 igitur
2195 419 2586 495 similitudine
2636 421 2922 495 ellychnia
2955 423 3013 478 in
3057 425 3235 481 vtreis
3263 425 3625 495 lampadibus
3722 400 3728 402 ἡ

3519 299 3628 357 998

1975 491 2099 546 oleo
2120 491 2443 546 innatantia
2473 492 2755 548 cicindela
2779 491 2936 548 dicta
2965 501 3122 560 sunt,
3153 508 3219 550 ac
3245 491 3444 552 nomen
3475 511 3625 552 com-

1978 563 2346 617 municarunt
2377 563 2522 630 ipsis
2578 562 2939 632 lampadibus
2987 569 3043 619 et
3073 565 3304 620 vasculo
3335 567 3621 623 metallico

1973 632 2188 702 quibus
2221 634 2342 688 ista:
2365 634 2655 703 lampades
2674 635 2867 688 vitreae
2898 635 3298 691 includuntur.

2044 703 2358 777 Stantarea.
2406 705 2703 777 Stantarea
2736 718 2768 759 a
2815 706 3021 762 stando
3071 706 3437 777 denominata
3455 708 3623 777 juxta

1972 774 2233 830 eumdem
2261 781 2398 830 sunt
2426 775 2764 831 candelabra
2789 790 2884 844 per
2905 790 2966 830 se
2995 776 3231 832 stantia.

2043 847 2119 918 In_
2153 849 2484 918 confessione
2537 853 2731 900 ostrea.
2785 847 2952 904 Recte
2999 849 3148 903 idem
3205 853 3411 905 auctor
3459 854 3623 918 putat

1974 916 2376 990 corrigendum
2391 931 2513 990 esse
2528 918 2796 990 mendum
2817 919 3211 990 amanuensis,
3233 932 3298 974 ac
3317 916 3620 990 legendum

1972 990 2132 1053 ostia,
2167 989 2374 1060 valvas;
2411 988 2634 1043 scilicet
2661 990 2729 1044 ad
2791 988 3229 1060 confessionem,
3280 988 3403 1046 sive
3434 991 3493 1047 in
3528 992 3628 1046 in—

1972 1073 2172 1184 gltfssu
2231 1058 2572 1128 presbyterii
2619 1061 2933 1130 appositas,
2996 1074 3126 1116 nam
3178 1058 3454 1132 sequitur
3504 1078 3628 1116 cum

1972 1146 1997 1184 c
2059 1145 2260 1184 msua.

1969 1145 2112 1184 οιαυι
2133 1145 2234 1184 sua
2247 1169 2260 1182 .

2039 1204 2111 1256 Et
2156 1203 2215 1254 in
2262 1200 2470 1268 palliis.
2530 1201 2614 1256 Ab
2669 1202 3100 1258 enumeratione
3152 1217 3418 1260 vasorum
3473 1202 3623 1259 sacri

1972 1271 2286 1343 ministerii
2323 1273 2688 1341 progreditur
2711 1274 2779 1326 ad
2815 1279 2996 1328 vestes
3017 1275 3339 1343 etprimum
3370 1281 3624 1330 recenset

1973 1341 2373 1408 sacerdotales,
2401 1344 2577 1411 pallia
2599 1343 2825 1398 scilicet
2850 1351 2904 1398 et
2932 1341 3211 1410 mafortes.
3247 1346 3463 1400 Deinde
3502 1345 3626 1400 vela

1975 1429 2101 1484 quae
2131 1414 2564 1481 praetenduntur
2583 1415 2776 1479 altari,
2804 1421 2860 1469 et
2883 1415 3060 1484 regiis
3091 1415 3344 1470 basilicte
3375 1414 3622 1482 foribus,

1974 1483 2031 1540 et
2056 1483 2426 1549 consistorio,
2461 1491 2516 1538 et
2576 1485 2634 1538 in
2664 1498 2897 1553 pronao,
2953 1491 3010 1539 et
3049 1493 3182 1540 ante
3230 1486 3621 1541 secretarium.

1975 1556 2163 1611 Facile
2187 1561 2411 1610 constat
2441 1555 2648 1625 legenti
2675 1555 2906 1610 illarum
2932 1555 3176 1610 vestium
3193 1555 3548 1612 differentias
3563 1570 3630 1610 ac

1977 1628 2209 1682 nomina
2259 1625 2371 1693 peti
2421 1627 2504 1680 vel
2553 1639 2620 1680 ex
2670 1627 2905 1680 materia
2957 1626 3163 1688 serica,
3229 1640 3423 1689 aurea,
3480 1627 3630 1682 unde

1978 1699 2339 1761 intexuntur,
2371 1696 2454 1750 vel
2489 1710 2552 1750 ex
2588 1701 2826 1751 texturae
2855 1695 3055 1766 forma,
3089 1697 3208 1752 sive
3232 1699 3429 1752 addito
3471 1697 3628 1752 clavo

208 1773 330 1842 suis
353 1775 402 1822 et
421 1769 698 1842 delphinis
714 1781 839 1842 vni.
859 1768 1209 1842 Coronarum
1238 1769 1543 1842 suspensio
1568 1767 1780 1842 visitur
1808 1767 1867 1842 in
1897 1782 1950 1842 Β
1976 1783 2076 1842 seu
2108 1767 2626 1842 limbopurpureo,
2656 1781 2850 1842 aureo,
2885 1768 3005 1822 sive
3041 1781 3110 1842 ex
3163 1767 3343 1838 ﬁgura
3372 1769 3628 1842 ejusdem

208 1841 240 1895 d
253 1836 934 1909 iptychis’consularibus
951 1839 1099 1906 apud
1122 1839 1398 1909 Cangium
1415 1838 1649 1892 dissert.
1672 1839 1742 1892 de
1763 1836 1864 1891 inf.

208 1908 317 1965 aevi
353 1908 823 1974 numismatibus,
851 1915 906 1962 et
935 1913 1067 1962 ante
1093 1908 1362 1964 thronum
1382 1909 1636 1977 episcOpi
1670 1909 1728 1962 in
1755 1921 1872 1962 mu-

209 1983 342 2038 sive
371 1981 683 2036 Ravennati
709 1979 980 2049 aliisque.

285 2053 379 2107 IV.
423 2051 729 2106 Cicindelas
771 2055 1074 2117 argenteas.
1121 2050 1349 2119 Species
1395 2049 1719 2119 lampadum
1772 2049 1874 2104 di-

208 2136 515 2178 versarum
534 2121 848 2176 Panvinius
871 2123 1230 2190 recognoscit
1253 2121 1311 2175 in
1337 2122 1494 2176 hisce
1510 2121 1726 2190 pharis,
1746 2133 1876 2174 can-

210 2194 429 2261 tharis,
473 2193 797 2260 cerostotis,
830 2193 1081 2257 coronis,
1132 2198 1238 2247 etc.
1273 2195 1354 2247 Ita
1405 2193 1557 2247 enim
1584 2191 1872 2247 scribitin

212 2265 410 2321 lexico
462 2269 773 2320 memorato
815 2263 904 2318 sui
972 2263 1345 2319 additamenti
1399 2264 1467 2318 ad
1525 2263 1802 2317 Platinam
1856 2281 1868 2316 :

216 2358 242 2387 α
310 2338 502 2391 Phara
548 2337 826 2390 Damasus
867 2339 924 2388 et
961 2333 1445 2388 Bibliothecarius
1490 2335 1872 2388 Romanorum

218 2406 593 2478 pontificum,
626 2411 681 2461 et
722 2405 1038 2474 prazsertim
1086 2405 1142 2458 S.
1187 2405 1448 2478 silvestri
1504 2404 1650 2478 Vita,
1696 2405 1874 2473 phura

213 2476 518 2540 canthara,
567 2482 854 2538 cerostata,
895 2489 1138 2535 coronas,
1189 2477 1490 2544 delphinos,
1526 2476 1767 2542 lychnos,
1819 2480 1876 2529 et

211 2549 478 2617 Iynochos
501 2561 600 2618 pro
636 2547 850 2602 diversi
886 2547 1111 2615 generis
1155 2546 1518 2615 lampadibus
1536 2553 1592 2600 et
1624 2547 1877 2618 lucernis

213 2623 281 2675 in
314 2617 581 2674 ecclesiis
602 2618 941 2674 ardentibus
965 2625 1326 2686 acceperunt.
1347 2619 1414 2671 Et
1434 2617 1632 2672 multis
1653 2617 1878 2671 erudite

210 2690 456 2746 collatis
480 2690 548 2744 ad
579 2689 982 2745 illustrandam
1008 2702 1141 2743 voce
1159 2688 1479 2757 pharorum,
1508 2688 1691 2742 addit.
1722 2687 1879 2743 «Cur

211 2769 414 2817 autem
466 2761 680 2830 pharus
727 2759 1037 2816 cantharus
1063 2760 1313 2830 dicatur,
1352 2759 1505 2830 haud
1547 2767 1701 2814 certo
1733 2758 1873 2820 scio,

214 2834 341 2887 nisi
374 2832 434 2886 in
467 2828 707 2887 formam
737 2831 889 2895 vasis
917 2831 1107 2901 magni
1133 2829 1319 2884 factus
1341 2828 1518 2885 fuerit
1545 2830 1600 2883 in
1625 2836 1876 2885 extrema

217 2908 406 2972 parte.
439 2904 580 2957 Nam
614 2902 880 2972 poculum
915 2902 1030 2957 fuit
1062 2902 1212 2971 quod
1240 2901 1457 2956 Baccho
1489 2901 1871 2972 tribuebatur,

215 2971 383 3039 Sicut
414 2973 667 3043 scyphus
693 2972 923 3027 Herculi
952 2972 1148 3027 dictus
1167 2985 1200 3025 a
1225 2972 1524 3043 cantharo,
1565 2971 1713 3043 quod
1753 2977 1875 3024 erat

222 3044 454 3115 navigii
479 3039 686 3115 genus.
713 3043 938 3098 Plinius
960 3043 1066 3115 lib.
1093 3056 1300 3115 χχχιιι,
1321 3039 1877 3115 cap._-H._refertMa-

217 3113 901 3208 rium'pe‘stvjctoriam.‘
928 3113 1271 3208 Cimrbricam
1314 3113 1610 3168 cantharis
1649 3119 1875 3180 potasse
1907 3147 1955 3208 Ο

214 3183 427 3242 Liberi
464 3186 647 3240 Patris
686 3185 968 3255 exemplo.
1014 3183 1298 3254 Virgilius
1331 3200 1344 3237 :

448 3299 510 3348 Et
545 3300 714 3360 gravis
748 3299 912 3348 attrita
939 3299 1192 3360 pendebat
1217 3297 1490 3347 cantharus
1523 3312 1666 3347 ansa.

286 3398 808 3471 Ulpianusitradit
853 3399 1160 3471 Cantharos
1207 3411 1330 3454 esse
1393 3411 1490 3467 per
1542 3413 1687 3468 quos
1716 3413 1878 3471 aquae

216 3472 472 3526 saliunt.
510 3487 535 3518 ι›
568 3470 694 3524 Hzec
720 3470 1050 3524 Panvinius.
1083 3470 1250 3524 Recte
1283 3488 1295 3524 :
1329 3483 1455 3524 nam
1487 3471 1703 3538 patulis
1724 3470 1878 3527 vasis

217 3542 544 3610 utrobique
565 3540 762 3610 liquor
784 3541 1093 3610 excipitur.

287 3611 618 3668 Cantharos
666 3612 850 3682 igitur
894 3618 1125 3666 ansatos
1177 3610 1521 3682 candelabro
1574 3611 1879 3681 impositos

211 3685 604 3739 constituisse
635 3681 1047 3754 pharacantara
1095 3695 1163 3737 ex
1208 3681 1498 3754 veteribus
1535 3684 1879 3754 anaglyphis

212 3757 543 3826 arguimus
559 3753 1235 3826 passimoccurrentibus
1260 3755 1318 3826 in
1350 3753 1618 3826 zophoris
1650 3761 1757 3826 tem
1770 3756 1882 3825 plo-

216 3823 353 3880 ruin
387 3824 459 3879 ad
485 3823 863 3879 illustrandas
886 3824 1034 3878 mdes
1057 3838 1167 3878 non
1190 3824 1373 3879 solum
1392 3825 1560 3894 ceris,
1586 3825 1681 3880 sed
1705 3823 1877 3882 etiam

213 3897 466 3952 odorata
514 3895 760 3950 mistura
790 3895 1037 3949 aliarum
1088 3896 1405 3964 specierum
1438 3895 1720 3951 ﬂammam
1764 3912 1881 3953 nu-

213 3968 555 4035 trientium,
590 3971 930 4028 aromatum,
962 3965 1201 4020 balsami
1237 3966 1458 4034 stactis,
1491 3971 1598 4021 etc.

291 4037 610 4108 Pinguiori
628 4049 760 4091 vero
794 4036 1025 4091 materie
1044 4037 1333 4108 etingrati
1355 4036 1552 4091 odoris
1577 4051 1749 4108 succo
1780 4053 1877 4096 re-

215 4108 394 4164 fertis
415 4107 568 4162 vasis
601 4107 769 4163 bodie
792 4107 1004 4176 passim
1032 4107 1449 4163 collustrantur
1478 4108 1583 4162 via:
1616 4109 1673 4162 in
1707 4107 1870 4167 festis

217 4180 478 4249 publicae
499 4178 736 4249 laetitia,
762 4177 930 4248 vulgo
949 4178 1128 4233 dictis
1142 4178 1396 4249 padellae,
1425 4192 1550 4248 qua:
1572 4178 1696 4234 loco
1712 4182 1866 4249 pha-

211 4247 552 4305 racanthari
580 4247 929 4305 adhibentur
973 4249 1082 4304 sub
1121 4249 1239 4304 dio.

289 4320 626 4393 Cicindelas
645 4320 797 4393 quod
854 4322 1061 4375 attinet
1095 4319 1200 4393 hic
1247 4319 1594 4393 enuntiatas,
1629 4320 1881 4393 Cangius

214 4391 503 4460 ostendit,
543 4403 610 4445 ex
642 4391 824 4460 Festo,
873 4391 1167 4446 cicindelas
1211 4391 1488 4460 appellari
1523 4391 1738 4448 insecta
1756 4391 1876 4450 “illa

215 4463 473 4532 parvula
499 4461 650 4516 alata
672 4474 997 4517 muscarum
1022 4462 1226 4530 instar,
1275 4475 1400 4531 quae
1439 4467 1609 4517 noctu
1638 4477 1735 4532 per
1762 4479 1877 4522 ms—

214 4539 404 4590 tatem
433 4532 742 4603 collucent,
783 4533 938 4588 dicta
965 4535 1139 4589 etiam
1169 4533 1488 4588 noctulicas.
1529 4533 1611 4588 Ex
1643 4533 1882 4607 illarum

1976 1839 2120 1894 clavi
2156 1837 2432 1908 quadrata
2483 1844 2584 1892 aut
2631 1839 2897 1903 rotunda,
2952 1839 3119 1894 modo
3165 1837 3233 1894 ex
3292 1838 3629 1908 regionibus

1980 1910 2130 1965 unde
2173 1906 2596 1962 afferebaiitur:
2634 1921 2810 1978 quare
2851 1909 3132 1963 dicuntur
3163 1909 3337 1977 pallia
3361 1906 3627 1978 'Aquata—

1981 1982 2129 2049 nica,
2161 1979 2578 2049 etCassiotica,
2606 1984 2663 2034 et
2691 1979 2814 2034 vela
2837 1981 3066 2035 Persica
3092 1997 3108 2047 ς
3153 1979 3274 2035 sive
3314 1993 3374 2034 ea
3408 1978 3630 2034 colori—

1981 2052 2088 2108 bus
2119 2048 2771 2121 quibusimbuebantur
2801 2068 2813 2121 ;
2843 2051 2995 2117 albo,
3023 2063 3270 2114 rosaceo,
3300 2063 3404 2105 seu
3424 2049 3633 2121 rhodo-

1988 2118 2218 2185 melino,
2251 2125 2308 2174 et
2340 2120 2775 2189 leucorhodino,
2801 2120 3012 2176 blatteo
3032 2134 3132 2176 seu
3162 2134 3450 2190 purpureo
3477 2118 3628 2190 (nam

1985 2195 2214 2263 ϐλαγτιον
2275 2189 2510 2263 (ἶπιελτξείδΔ
2543 2199 2627 2246 est
2679 2192 2955 2247 conchilii
3033 2189 3231 2262 genus,
3276 2189 3631 2247 notantibus

1982 2261 2197 2334 Can'gio
2226 2271 2283 2318 et
2313 2261 2538 2330 Macro),
2587 2265 2818 2334 prasino
2851 2268 2907 2317 et
2951 2263 3378 2332 cocc0prasino,
3424 2275 3630 2334 cocco-

1985 2333 2218 2398 melino,
2247 2334 2528 2404 aquilato,
2567 2333 2976 2405 ac_similibus.
3001 2334 3150 2402 Quid
3178 2334 3258 2389 sit
3286 2333 3630 2405 paragaudis

1982 2408 2107 2463 dixi
2162 2401 2337 2475 supra
2408 2401 2523 2458 col.
2559 2401 2666 2459 993
2744 2401 3042 2460 occasione
3127 2401 3630 2475 icunculae'aaneae

1987 2479 2210 2532 institis
2239 2474 2340 2532 seu
2373 2475 2572 2530 fasciis
2617 2477 2952 2546 prmcinctae,
2983 2489 3110 2546 quae
3140 2475 3428 2531 numisma
3475 2474 3632 2546 Con-

1985 2549 2227 2604 stantini
2251 2547 2483 2602 Maximi
2515 2545 2736 2614 praefert
2759 2548 2970 2614 pectori
2991 2544 3242 2612 aﬁixum,
3267 2559 3390 2600 esse
3405 2544 3632 2600 scilicet

1987 2620 2219 2676 fasciam
2256 2618 2517 2674 latiorem
2541 2632 2642 2672 seu
2660 2617 2880 2671 clavum
2903 2629 3142 2671 aureum
3166 2629 3268 2685 pro
3299 2616 3455 2687 regio
3479 2628 3631 2671 more

1986 2698 2242 2761 aptatum
2275 2689 2505 2755 tunicae,
2537 2687 2712 2761 pallio
2737 2700 2835 2741 nec
2861 2700 2973 2761 non
3004 2687 3144 2742 aliis
3165 2687 3428 2761 vestibus
3448 2700 3514 2741 ac
3541 2699 3630 2761 ve-

1987 2757 2082 2828 li's,
2105 2763 2256 2816 unde
2278 2757 2622 2828 paragaudis
2637 2769 2836 2812 nomen
2862 2757 2988 2812 illis
3014 2759 3359 2827 quandoque
3379 2757 3626 2813 obvenit.

1984 2835 2096 2887 Nec
2136 2830 2494 2886 dissentiunt
2535 2828 2950 2898 lexic0graphi.
3005 2829 3206 2884 Macer.
3262 2829 3629 2896 Paragaudis,

1982 2904 2161 2970 fascia
2179 2905 2290 2955 sive
2317 2901 2560 2954 laticlavi
2577 2902 2774 2968 species
2796 2904 2963 2953 serico
2985 2905 3036 2953 et
3058 2915 3194 2954 auro
3219 2905 3489 2970 contexta,
3521 2914 3634 2968 qua

1981 2969 2208 3027 uestium
2246 2973 2614 3025 extremitates
2660 2970 3004 3023 ornabantur
3034 2988 3045 3024 :
3082 2985 3147 3024 ea:
3179 2969 3308 3024 Cod.

2056 3042 2412 3112 Paragaudes
2446 3053 2761 3112 purpureas
2781 3040 3022 3095 violacei
3052 3041 3267 3096 coloris
3291 3040 3422 3096 albo
3451 3039 3628 3112 pallio

1984 3119 2040 3170 et
2068 3111 2444 3168 albaa’tunicaa
2476 3112 2585 3164 rite
2627 3111 2926 3178 adjunctas
2977 3112 3232 3166 ostendit
3265 3112 3452 3182 imago
3481 3111 3629 3166 Mel—

1985 3185 2287 3241 chisedech
2334 3183 2482 3252 regis
2525 3182 2948 3252 et_sacerdotis
2987 3196 3020 3236 a
3057 3183 3111 3237 S.
3141 3182 3305 3236 Sixto
3338 3181 3509 3237 tertio
3570 3182 3628 3235 in

1989 3255 2210 3312 musivo
2245 3249 2557 3306 Liber‘ianze
2592 3249 2858 3322 basilica:
2901 3265 3185 3322 expressa,
3218 3253 3387 3320 cujus
3436 3260 3630 3322 typum

1987 3325 2138 3383 infra
2167 3325 2371 3378 damus
2399 3323 2456 3376 in
2485 3321 2639 3376 notis
2667 3323 2735 3375 ad
2764 3323 2889 3389 ejus
2910 3323 3196 3378 Vitam.ln
3219 3323 3471 3390 ejusdem
3525 3322 3633 3375 ba-

1986 3398 2169 3454 silicae
2218 3395 2440 3449 musivo
2465 3406 2635 3447 arcus
2680 3392 3053 3460 triumphalis
3074 3407 3170 3462 per
3193 3393 3453 3448 eumdem
3496 3393 3636 3448 Six—

1987 3477 2109 3525 tum
2140 3467 2352 3536 pariter
2371 3463 2664 3519 eﬁ‘ormato
2694 3463 2903 3536 scribae
2924 3464 3248 3536 Iudaeorum
3277 3469 3333 3536 et
3362 3465 3636 3536 sacerdo-

1988 3549 2094 3609 tes,
2139 3533 2235 3608 ξιιιί
2272 3536 2476 3609 Herodi
2533 3535 2909 3609 interroganti
2968 3535 3038 3589 de
3065 3534 3190 3590 loco
3236 3533 3336 3609 ubi
3365 3533 3634 3609 Christus

1991 3604 2320 3668 nasceretur
2347 3607 2675 3674 Scripturas
2700 3605 3102 3674 prOphetarum
3136 3604 3450 3660 ostendunt
3489 3605 3635 3659 indi-

1989 3688 2182 3739 cantes
2211 3677 2558 3742 Bethlehem,
2596 3675 2766 3744 pallia
2796 3690 2937 3745 pura
2966 3674 3297 3745 praeferunt,
3333 3675 3515 3730 nullis
3542 3688 3630 3729 as-

1988 3754 2140 3811 sutis
2164 3751 2364 3817 clavis,
2389 3749 2485 3804 sed
2509 3753 2730 3802 tantum
2753 3747 2965 3816 pectori
2995 3745 3306 3816 aﬂlbulata,
3337 3752 3402 3802 ut
3423 3746 3483 3801 in
3509 3746 3635 3814 ejus

1993 3825 2199 3881 musivi
2258 3823 2421 3877 icone
2469 3832 2568 3889 per
2611 3831 2716 3873 nos
2772 3817 2986 3873 ibidem
3035 3817 3211 3873 allata
3257 3817 3634 3888 spectandum

1989 3895 2349 3952 exhibemus.

2063 3968 2242 4020 Pauca
2276 3965 2390 4017 haec
2423 3961 2677 4017 indicata
2702 3960 3000 4016 occasione
3031 3959 3243 4016 charta:
3269 3959 3636 4018 Cornutianae

1989 4037 2134 4094 satis
2164 4033 2406 4090 fortasse
2438 4031 2657 4087 fuerint
2676 4031 2743 4086 ad
2772 4031 3058 4088 obsoletas
3104 4031 3236 4087 illas
3275 4045 3442 4088 voces
3463 4043 3636 4086 vaso—

1990 4121 2115 4165 rum
2140 4120 2204 4161 ac
2237 4109 2479 4160 vestium
2508 4105 2565 4157 in
2596 4103 2752 4158 hisce
2793 4103 2942 4158 Vitis
2965 4110 3405 4159 memoratorum
3425 4100 3638 4157 intelli-

1994 4173 2583 4252 gendas,_aut_saltem
2609 4175 2677 4252 ad
2701 4174 3158 4244 cognoscendum
3190 4174 3416 4252 nullum
3445 4172 3636 4252 adimo-

1995 4243 2132 4306 dum
2159 4249 2216 4301 in
2235 4245 2682 4301 Bibliothecario
2702 4243 3076 4300 oceursurum
3103 4259 3172 4300 ex
3196 4243 3528 4315 hujusmodi
3548 4256 3640 4315 vo-

1995 4319 2240 4386 cabulis,
2270 4318 2436 4386 cujus
2452 4315 2806 4388 signiﬁcatio
2825 4315 2882 4370 in
2913 4317 3133 4388 Lexicis
3155 4313 3357 4387 Cangii
3375 4327 3442 4370 ac
3458 4313 3636 4368 Macri

1996 4405 2106 4448 non
2128 4390 2491 4460 reperiatur..
2511 4387 2696 4460 Quare
2708 4400 2810 4460 nec
2828 4387 3531 4460 Panvinianumirecudere
3549 4398 3640 4440 ne-

1991 4475 2147 4520 cesse
2169 4457 2459 4528 ducimus,
2484 4471 2586 4513 nec
2604 4457 2836 4513 diutius
2857 4457 2950 4512 his
2966 4458 3279 4512 immorari.
3311 4459 3633 4514 BLANcatm.
