3994 6172
125 298 244 358 4005

954 290 1273 346 HISTORIA
1309 291 1399 345 DE
1436 290 1610 345 vms
1648 289 1815 344 non.
1858 288 2055 345 PONT.
2088 319 2156 330 —
2193 292 2248 345 s.
2293 250 2570 346 ramus.

3331 293 3469 350 4006

1254 382 1259 387 ’
1335 402 1637 464 VARLjE
1709 401 2196 465 LECTIONES.

124 533 422 599 Lectiones
473 529 677 590 carie
730 545 772 589 a
831 527 1147 590 Fabrotto
1211 528 1458 590 additae
1513 510 1789 588 ecetraA
1826 508 1939 599 sibi
1977 510 3046 599 immjﬁe,[9yf34¢lpgnitf{ll.episcopum
3077 513 3468 599 consecravit,

186 611 530 689 marginem
570 625 648 670 ea:
697 608 1034 670 codicibus
1084 608 1500 688 Marqzcardi
1552 609 1715 668 Fre-

185 692 313 754 lteri
336 689 389 751 A
412 689 652 769 primo,
688 690 749 749 Β
777 690 1088 750 secundo.

179 794 316 847 Num.
338 784 383 841 4.
406 788 501 839 lin.
528 782 577 851 4,
596 786 671 855 Α,
691 787 861 841 annis
879 785 931 848 6,
952 788 1050 840 lin.
1072 787 1218 849 ead.,
1241 788 1300 856 B,
1323 783 1560 854 mensi,
1587 784 1713 841 dies

122 861 168 917 7.
216 864 304 914 lin.
341 858 390 923 6,
426 858 479 926 Β,
534 872 659 927 quae
689 858 1002 913 canonicos.
1038 859 1143 910 lin.
1191 857 1247 919 7,
1292 861 1359 919 A,
1412 873 1537 928 qua:
1588 863 1714 926 post

124 946 326 999 omnem,
374 935 511 993 etc.,
563 929 833 998 ﬁrmatae;
888 931 949 997 B,
1007 928 1282 984 formatae.
1339 930 1418 982 lin
1470 930 1616 989 ead,
1647 930 1710 994 B,

124 1005 335 1059 ﬁrmatze.
379 1001 476 1053 Hic
525 1000 813 1054 ordinavit
860 1000 1006 1055 duos
1050 1001 1370 1070 episcopos,
1410 1002 1610 1055 Linum
1660 1006 1715 1054 et

123 1076 320 1135 Cletum,
343 1072 435 1141 qui
460 1072 898 1138 priesentialiter
918 1084 1083 1125 omne
1108 1071 1495 1126 ministerium
1534 1084 1716 1125 sacer-

123 1145 275 1200 dotale
303 1145 354 1197 in
402 1142 536 1197 urbe
582 1143 755 1197 Roma
798 1142 1006 1210 populo
1037 1143 1121 1196 vel
1167 1141 1713 1212 supervenientibus

122 1215 429 1271 exhiberem.
460 1215 664 1268 Beatus
685 1220 871 1267 autem
908 1215 1108 1267 Petrus
1137 1215 1387 1269 orationi
1410 1222 1466 1268 et
1500 1215 1715 1281 praedi-

121 1288 315 1353 cationi,
354 1284 589 1353 populos
605 1284 897 1353 erudiens,
923 1284 1176 1339 vacabat.
1202 1286 1306 1339 Hic
1331 1299 1461 1339 cum
1484 1286 1713 1338 Simone

120 1358 249 1427 Mago
276 1357 471 1411 multas
499 1358 926 1424 disputationes
960 1355 1181 1422 habuit,
1228 1362 1339 1409 tam
1372 1364 1503 1410 ante
1530 1358 1714 1409 Nero—

123 1442 220 1482 nem
245 1441 394 1496 quam
420 1435 550 1481 ante
580 1427 875 1496 populum,
898 1434 954 1481 et
976 1441 1121 1496 quos
1142 1430 1198 1481 Β.
1227 1428 1428 1482 Petrus
1450 1428 1516 1481 ad
1546 1427 1707 1481 tidem

119 1499 292 1552 Christi
341 1498 699 1568 aggregabat.
760 1498 857 1552 ille
912 1512 1009 1566 per
1055 1500 1303 1568 magicas
1346 1499 1710 1565 deceptiones

122 1569 417 1641 segregabat,
465 1577 520 1623 et
566 1570 699 1632 dum
746 1570 976 1625 diutius
1028 1570 1464 1641 altercarentur,
1514 1569 1711 1623 Simon

120 1640 279 1695 divino
300 1647 433 1695 nutu
458 1641 840 1709 interemptus
861 1647 966 1695 est.
994 1641 1095 1694 Hic
1115 1640 1337 1695 beatum
1360 1640 1711 1695 Clementum

121 1714 399 1779 episcopum
431 1712 812 1781 consecravit,
863 1713 1032 1781 eique
1061 1712 1388 1766 cathedram
1428 1718 1483 1765 et
1512 1710 1713 1765 Eccle—

122 1783 234 1835 siam
260 1796 460 1837 omnem
488 1783 909 1850 disponendam
941 1784 1252 1841 commisit.
1278 1784 1478 1837 dicens
1506 1800 1517 1834 :
1548 1782 1711 1836 Sicut

123 1854 233 1905 mihi
270 1854 615 1923 gubernandi
665 1854 876 1908 tradita
920 1859 1007 1908 est
1048 1867 1081 1908 a
1120 1854 1363 1908 Domino
1408 1866 1530 1907 meo
1579 1855 1709 1906 Jesu

120 1922 304 1979 Christo
327 1932 573 1992 potestas
598 1925 816 1990 ligandi
844 1931 900 1980 et
924 1925 1204 1991 solvendi,
1229 1931 1286 1979 et
1306 1938 1408 1993 ego
1434 1922 1541 1977 tibi
1567 1937 1713 1977 com-

125 1994 269 2061 mitto,
304 2000 359 2049 ut
386 1996 665 2050 ordinans
691 1995 1071 2064 dispositores
1102 1997 1455 2050 diversarum
1503 2006 1715 2048 causa—

123 2078 237 2131 rum,
257 2080 340 2131 per
357 2080 496 2136 quos
514 2074 682 2121 actus
704 2067 1129 2121 ecclesiasticus
1151 2067 1506 2136 proﬂigetur,
1531 2075 1591 2119 tu
1617 2065 1719 2118 mi-

123 2136 309 2190 nimein
337 2140 491 2192 curis
524 2137 721 2191 surculi
754 2139 987 2192 deditus
1017 2137 1347 2206 reperiaris,
1380 2137 1473 2191 sed
1510 2136 1718 2190 solum-

123 2206 251 2260 modo
263 2209 493 2262 orationi
522 2216 581 2263 et
599 2208 905 2275 praedicare
925 2208 1132 2277 pepulo
1155 2222 1352 2263 vacare
1375 2208 1562 2261 stude.
1588 2208 1719 2261 Post

124 2276 699 2346 hancdispositionem,
731 2276 1009 2346 martyrio
1034 2294 1162 2337 cum
1190 2279 1361 2335 Paulo
1383 2285 1715 2334 coronatur.

124 2296 699 2346 nanculsposulonem,
731 2296 877 2334 m3?!
922 2296 931 2334 1

122 2347 213 2400 Lin.
232 2347 305 2419 44,
328 2352 373 2402 Α
398 2354 446 2403 et
477 2352 540 2411 Β,
568 2351 850 2405 Diaconos

119 2438 396 2515 Ejusdem
424 2439 744 2501 Fabrotti
772 2439 1091 2502 lectiones
1120 2458 1199 2501 etc
1225 2440 1451 2502 tribns
1481 2438 1723 2501 codici-

180 2516 280 2578 bus
302 2520 528 2598 Regio,
563 2521 922 2581 Masarino
953 2524 1017 2582 et
1046 2520 1330 2582 T/cnano
1359 2523 1709 2600 excerpta.

176 2616 227 2667 In
255 2620 399 2684 epist.
420 2620 481 2671 B.
515 2618 653 2671 Hier
680 2628 709 2657 δ
733 2618 879 2673 deest
900 2622 1186 2687 inscriptio
1213 2638 1223 2669 :
1251 2634 1362 2688 qua
1389 2627 1543 2687 gesta
1564 2626 1719 2682 sunt,

127 2688 294 2739 scilicet
318 2691 389 2741 in.
417 2690 492 2741 ib.
536 2695 727 2743 nostra
755 2691 1033 2745 sanctitas
1063 2705 1110 2744 r.
1140 2693 1200 2743 in
1225 2706 1360 2743 ora:
1388 2691 1464 2744 al.
1493 2689 1727 2743 humili-

131 2764 199 2811 tas
230 2760 478 2814 sentiens.
524 2761 593 2813 Et
619 2776 763 2825 more,
797 2761 930 2830 quis
960 2762 1256 2826 meruerit,
1285 2768 1383 2814 etc.
1416 2764 1592 2828 Epist.
1624 2764 1728 2813 Da-

128 2832 241 2880 masi
264 2831 332 2883 ad
357 2832 747 2898 Hieronymum
772 2851 788 2885 :
812 2838 1109 2903 temporum
1144 2833 1584 2887 sacerdotatium.
1633 2833 1732 2886 Ve-

129 2906 385 2953 rumtamen
410 2909 564 2969 gesta
595 2905 637 2957 P
649 2944 662 2957 .

186 2972 295 3037 Pag.
327 2970 373 3040 4,
401 2977 457 3027 in
490 2990 593 3027 ora
641 2992 691 3028 ο.
747 2976 886 3028 Maz.
917 2992 933 3027 :
974 2974 1143 3030 Liber
1185 2976 1293 3029 iste
1344 2974 1682 3029 intitulatur
1714 2988 1727 3023 :

130 3041 316 3097 Damasi
345 3045 410 3099 de
438 3045 637 3099 Gestis
663 3046 1021 3100 Pontiﬁcum.
1056 3047 1162 3101 Sed
1194 3062 1313 3099 cum
1346 3059 1458 3099 non
1495 3047 1731 3111 potuerit

65 3164 70 3171 ,
126 3114 218 3185 nisi
243 3116 309 3166 ad
335 3130 430 3168 sua
453 3122 699 3185 tempora
725 3117 975 3179 scribere,
1012 3118 1159 3185 quod
1182 3117 1600 3185 superadditum
1629 3121 1726 3183 est,

125 3184 317 3262 alterius
342 3184 709 3262 estauctoris,
743 3188 900 3262 cuius
935 3203 1126 3262 nomen
1155 3184 1265 3262 non
1309 3193 1477 3262 teneo.
1530 3187 1730 3262 Verum
1761 3201 1808 3262 α

126 3255 171 3327 in
196 3256 308 3308 Vita
344 3259 552 3313 Gelasii
600 3274 761 3327 pupae
801 3260 859 3311 II
900 3259 1127 3326 quidam
1170 3259 1523 3327 Pandolphus
1553 3261 1730 3312 ostia-

126 3326 220 3379 rius
244 3331 476 3397 afﬁrmat
517 3344 572 3382 se
600 3326 709 3382 ista
756 3332 1058 3398 scripsisse,
1091 3331 1238 3398 quod
1279 3326 1516 3397 intelligi
1554 3334 1731 3398 potest

122 3397 268 3470 eelde
302 3406 401 3453 toto
437 3415 600 3469 opere
642 3416 809 3468 usque
839 3397 913 3453 ad
936 3416 1038 3453 sua
1082 3397 1342 3470 tempora,
1374 3402 1459 3454 vel
1501 3397 1566 3454 de
1602 3402 1729 3455 Vita

124 3464 296 3543 Gelitsii
315 3464 557 3543 tantum,
591 3464 737 3540 quod
765 3487 832 3525 ea:
868 3474 998 3527 Vita
1025 3464 1308 3526 Paschalis
1333 3464 1565 3526 secundi
1594 3487 1731 3525 con—

114 3541 283 3601 jectori
307 3541 441 3595 licet.

183 3610 356 3664 Titulis
384 3615 437 3666 in
472 3613 600 3666 cod.
634 3614 711 3667 Μ.
742 3632 758 3666 :
792 3613 1004 3683 Incipit
1033 3614 1215 3669 series
1243 3612 1584 3668 Pontiﬁcum
1626 3613 1731 3667 Ro-

126 3690 401 3750 manorum,
432 3685 536 3753 qui
564 3685 622 3739 in
655 3685 787 3739 sede
816 3685 875 3739 B.
903 3687 1051 3740 Petri
1086 3685 1330 3754 apostoli
1365 3684 1436 3738 ab
1468 3685 1595 3753 ipso
1623 3699 1729 3739 us-

123 3763 211 3816 que
232 3754 294 3808 ad
335 3754 435 3810 hoc
468 3761 697 3824 tempus
727 3756 1019 3811 sederunt.
1053 3758 1122 3809 Et
1164 3759 1222 3809 in
1266 3771 1400 3808 ora:
1447 3756 1729 3810 Dominus

123 3829 282 3901 hoster
304 3826 462 3901 lesus
492 3827 761 3901 Christus
791 3828 834 3880 Ι.
866 3829 1137 3901 Summus
1178 3826 1433 3901 pontifex
1467 3828 1727 3901 nascitur

120 3890 222 3947 Xlll
248 3908 388 3951 anno
416 3899 655 3966 Imperii
688 3899 831 3969 Aug.
866 3896 1150 3969 annis733,
1179 3890 1262 3952 'm.
1289 3895 1342 3965 3,
1380 3898 1438 3951 in
1473 3897 1575 3969 hoc
1613 3912 1727 3952 nu—

120 3974 245 4039 mero
282 3968 445 4023 vixit.
500 3968 801 4037 trigesimo
845 3983 996 4024 anno
1042 3968 1387 4037 baptizatus.
1435 3968 1726 4039 reliquum

119 4035 306 4104 tempus
336 4035 692 4109 praedicavit.
727 4041 859 4095 Post
901 4041 1028 4108 ejus
1077 4035 1396 4108 passionem
1439 4035 1588 4094 anno
1628 4053 1727 4094 se—

115 4109 281 4181 tmenti
306 4113 493 4167 tenuit
530 4115 725 4168 Petrus
752 4111 1050 4178 apostolus
1086 4112 1143 4165 in
1177 4111 1439 4181 partibus
1467 4111 1723 4166 Orientis

113 4177 402 4249 cathedram
445 4184 620 4238 annis
651 4181 701 4249 4,
747 4177 956 4238 deinde
1002 4195 1152 4237 anno
1177 4177 1428 4237 'Domini
1469 4181 1539 4236 38
1569 4183 1725 4237 venit

111 4244 464 4321 Antiochiam,
498 4254 598 4309 ubi
630 4244 782 4308 sedit
814 4254 986 4309 annis
1020 4249 1075 4321 7,
1109 4253 1165 4321 d.
1198 4252 1270 4306 8:
1318 4254 1525 4308 deinde
1568 4254 1726 4309 venit

110 4314 333 4393 Romam,
372 4314 476 4380 ubi
509 4326 658 4380 sedit
687 4326 859 4380 annis
888 4324 977 4393 2:3,
1014 4314 1088 4379 ιη’.
1119 4320 1173 4392 7,
1207 4325 1263 4379 d.
1295 4322 1351 4378 8.

170 4392 318 4447 Num.
354 4393 400 4460 4,
436 4398 536 4448 lin.
576 4392 599 4449 4
649 4397 797 4449 deest
824 4402 882 4451 et
911 4392 1009 4449 lin.
1040 4393 1110 4450 2:
1155 4396 1259 4464 Ap.
1294 4396 1525 4450 natione
1554 4395 1726 4451 Gali-

109 4458 228 4537 laeus
252 4465 319 4519 de
348 4458 501 4521 terra
536 4467 865 4536 Bethsayda,
901 4467 1060 4522 ﬁlius
1088 4458 1344 4537 Joannis,
1393 4466 1569 4521 frater
1598 4468 1724 4521 An—

1831 581 2000 650 eique
2021 582 2346 635 cathedram
2373 582 2455 636 vel
2480 583 2789 637 Ecclesium
2812 597 3029 637 omnem
3057 584 3471 652 disponendam

1828 653 2138 724 commisit,
2191 653 2426 708 dicens:
2479 655 2641 708 Sicut
2688 654 2830 707 mihi
2867 655 3084 724 ligandi
3133 663 3188 710 et
3219 655 3473 710 solvendi

1828 722 2035 777 tradita
2068 730 2154 777 est
2182 737 2214 777 a
2245 725 2486 780 Domino
2522 739 2641 779 meo
2670 727 2799 779 Jesu
2827 722 3056 780 Christo
3090 732 3356 793 potestas,
3393 727 3475 780 ita

1824 801 1881 848 et
1904 808 2006 863 ego
2039 794 2144 849 tibi
2179 796 2496 859 committo,
2532 803 2594 850 ut
2623 797 2856 851 ordines
2883 797 3263 863 dispositores
3292 798 3476 853 diver-

1827 878 2018 919 sarum
2045 880 2370 933 causarum,
2400 881 2498 934 per
2522 880 2665 935 quos
2690 873 2852 921 actus
2878 868 3308 924 ecclesiasticus
3330 869 3472 923 diri-

1823 943 1991 1061 getur
2037 938 2197 1007 (Μαι,
2238 938 2592 1009 proﬂigetur)
2622 945 2679 993 et
2705 944 2764 992 tu
2815 938 3053 993 minime
3082 941 3242 994 curis
3272 941 3470 995 saeculi

1863 1007 2056 1061 editus
2088 1009 2417 1061 reneriaris.
2448 1010 2543 1061 sed
2585 1010 2942 1061 solummodo
2972 1010 3038 1061 ad
3068 1013 3385 1061 orationem
3417 1021 3470 1061 et

1863 1007 2056 1062 editus
2088 1007 2430 1077 reperiaris,
2448 1010 2543 1064 sed
2585 1010 2942 1064 solummodo
2972 1010 3038 1064 ad
3068 1013 3385 1065 orationem
3417 1021 3473 1067 et

1826 1079 2286 1144 prtedicationem
2320 1081 2515 1148 populi
2536 1093 2733 1134 vacare
2755 1080 2940 1134 stude.
2969 1082 3097 1136 Post
3117 1082 3262 1135 hanc
3282 1083 3473 1150 dispo-

1823 1150 2113 1216 sitionem,
2147 1151 2421 1219 martyrio
2448 1165 2575 1205 cum
2607 1152 2780 1205 Paulo
2806 1154 3132 1220 coapostolo
3162 1167 3269 1207 suo
3296 1167 3470 1208 coro-

1824 1228 1994 1274 natus
2023 1228 2128 1288 est,
2165 1228 2287 1290 post
2323 1223 2639 1290 passionem
2674 1222 2902 1276 Domini
2934 1236 3085 1279 anno
3113 1223 3204 1278 39.
3240 1224 3341 1278 llic
3371 1238 3471 1278 se—

1822 1291 1910 1345 dit
1944 1291 2000 1345 in
2033 1293 2369 1361 episcopatu
2403 1295 2588 1347 Romae.
2632 1306 2813 1347 annos
2842 1292 2930 1359 25,
2964 1309 3035 1348 m.
3084 1292 3137 1361 2,
3185 1295 3238 1348 d.
3275 1294 3330 1348 8.
3364 1295 3469 1350 Se—

1827 1362 2024 1434 pultus
2051 1370 2136 1417 est
2164 1371 2352 1417 autem
2381 1366 2474 1418 via
2507 1364 2739 1419 Aurelia
2766 1365 2820 1417 in
2854 1364 3126 1434 templum
3154 1366 3464 1434 Apollinis,

1817 1433 1983 1501 juxta
2004 1432 2189 1488 locum
2218 1435 2315 1488 ubi
2339 1434 2657 1490 cruciﬁxus
2673 1442 2757 1489 est
2775 1450 2943 1489 secus
2966 1432 3241 1502 palatium
3262 1432 3465 1492 Neron.

1825 1504 1882 1557 in
1911 1503 2093 1558 Vatic.
2123 1502 2172 1566 4,
2210 1512 2312 1559 ter.
2348 1506 2445 1560 tri.
2496 1520 2557 1560 ιιι
2588 1506 2712 1561 Kal.
2756 1507 2866 1561 Jul.
2912 1508 3013 1561 llic
3054 1506 3192 1561 fecit
3227 1508 3470 1562 ordina—

1824 1575 2011 1629 tiones
2039 1589 2138 1644 per
2169 1590 2415 1632 mensem
2447 1577 2668 1631 Decem.
2704 1577 2879 1646 episc.
2909 1578 2961 1647 6,
3001 1593 3083 1646 pr.
3119 1577 3205 1646 40,
3234 1580 3384 1634 diae.
3410 1577 3468 1633 8.

1820 1664 2155 1742 Ejusdem
2192 1667 2402 1728 carie
2440 1664 2758 1807 lectiéenes
2796 1683 2878 1728 ea;
2925 1667 3141 1731 codice
3184 1667 3470 1731 T/tuano

2531 1763 2571 1807 (ι
2638 1762 2777 1806 ero.

2531 1762 2747 1808 (ιιιθγο
2764 1791 2777 1805 .

1895 1842 2107 1910 Incipit
2140 1840 2288 1896 liber
2312 1841 2678 1911 episcopalis,
2711 1843 2769 1897 in
2797 1857 2910 1913 quo
2941 1844 3315 1899 continentur
3345 1852 3469 1900 acta

1826 1914 1885 1969 B.
1919 1913 2259 1968 Pontiﬁcum
2291 1913 2454 1968 urbis
2483 1915 2694 1967 Roma}.

1900 1987 1963 2038 In
1992 1986 2167 2056 613.3.
2202 1985 2356 2056 Hier.
2388 2001 2400 2028 τ
2434 1984 2643 2053 Incipit
2671 1998 2759 2053 ep.
2807 1986 2869 2038 Β.
2926 1986 3256 2056 Hieronymi
3308 1998 3470 2053 pres-

1828 2054 2007 2125 byteri
2041 2054 2109 2109 ad
2147 2054 2540 2110 beatissimum
2584 2058 2885 2110 Damasum
2935 2054 3269 2126 episcopum
3309 2058 3474 2112 urbis

1830 2127 2034 2199 Romae.
2066 2126 2202 2199 ibid.
2236 2132 2430 2199 nostra
2465 2126 2783 2199 humilitas,
2816 2129 3031 2181 sentire
3069 2141 3191 2199 cog.
3218 2129 3317 2197 qui
3351 2142 3472 2183 me-

1829 2198 1977 2251 ruit.
2016 2196 2334 2265 Rescriptio
2362 2198 2425 2249 Β.
2468 2198 2692 2252 Damasi
2728 2211 2883 2266 papa:
2912 2199 2981 2254 ad
3009 2196 3165 2254 Hier:
3194 2201 3467 2268 p.D.e.v.

1830 2269 1975 2322 R.ll.
2011 2283 2063 2336 p.
2094 2268 2198 2340 sal.
2230 2276 2401 2340 temp.
2432 2269 2806 2323 sacerdotalis
2836 2277 3018 2323 tamen
3056 2286 3107 2339 q.
3146 2286 3200 2340 g.

1900 2341 2065 2393 Num.
2119 2336 2169 2391 4.
2218 2340 2316 2392 lin.
2371 2337 2424 2404 2,
2474 2340 2609 2394 Vico
2652 2341 2978 2395 Bethsaida.
3022 2336 3119 2393 (in.
3152 2336 3220 2408 ’3,
3266 2354 3364 2395 an.
3418 2339 3473 2395 7.

1832 2410 1933 2464 llic
1964 2411 2019 2463 Β.
2058 2411 2111 2462 Ρ.
2148 2410 2243 2480 (in.
2279 2408 2330 2477 4L,
2361 2412 2487 2465 dies
2518 2411 2567 2465 3.
2606 2412 2704 2463 lin.
2744 2408 2800 2475 7,
2844 2411 3002 2465 ﬁlius
3040 2412 3111 2466 de
3155 2411 3469 2480 baptismo.

1833 2482 1932 2533 lin.
1961 2482 2106 2544 ead,
2136 2479 2369 2536 fontem.
2416 2482 2484 2535 ad
2522 2483 2631 2535 int.
2677 2483 2824 2536 Petri
2874 2483 3110 2536 ﬁrmatae
3140 2479 3294 2537 sunt.
3338 2484 3476 2538 dum

1835 2552 1991 2606 alius
2015 2567 2098 2621 gr.
2132 2553 2207 2606 al.
2241 2552 2366 2605 heb.
2397 2553 2470 2606 al.
2506 2552 2604 2607 lat.
2635 2562 2928 2618 consonet,
2960 2560 3006 2607 t.
3055 2568 3104 2608 e.
3136 2561 3176 2606 t.
3205 2561 3340 2609 sunt
3380 2555 3485 2609 tir—

1840 2630 2020 2677 matae.
2051 2624 2150 2676 Hic
2172 2623 2486 2677 ordinavit.
2512 2625 2606 2677 lin.
2637 2622 2703 2677 42
2731 2639 2790 2678 ιιι
2817 2625 2937 2679 Kal.
2964 2626 3059 2678 lin.
3091 2622 3180 2694 43,
3210 2639 3309 2694 per
3332 2640 3481 2681 men-

1838 2706 1952 2747 sem
1979 2695 2361 2767 Decembrem,
2401 2695 2755 2767 presbyteros
2785 2693 2868 2755 40.
2899 2697 3049 2751 diac.
3080 2693 3134 2759 7,
3181 2693 3480 2767 episcopos

1840 2777 1939 2833 per
1963 2765 2188 2819 diversa
2220 2765 2340 2820 loca
2372 2778 2607 2821 numero
2632 2765 2684 2821 3.
2714 2767 2815 2821 Hic
2844 2768 3156 2823 ordinavit.

1838 2854 2185 2915 Lectiones
2211 2854 2423 2916 carice
2450 2857 2514 2916 V.
2553 2855 2625 2916 0.
2660 2857 2851 2917 Luca
2880 2856 3234 2920 Holstenii
3256 2860 3486 2921 studio

1922 2937 2248 3015 excerpta
2270 2952 2350 2995 ea;
2379 2934 2716 3015 codicibus
2740 2936 2968 3015 Italia
2987 2940 3490 3015 prastantissi—
3594 2958 3597 2959 '

1920 3014 2072 3095 rnis,
2097 3011 2447 3095 Vaticanis
2460 3015 2504 3074 d
2511 3013 2734 3095 nobns,
2757 3011 2880 3076 F’lo
2890 3011 3189 3078 rentinis
3209 3018 3485 3095 duobus,

1926 3092 2124 3154 Cassi
2132 3093 2347 3167 nensi,
2364 3093 2572 3170 Regio
2589 3096 2653 3153 et
2665 3095 3316 3170 Farnesiano,editw
3332 3092 3487 3159 vero

1921 3187 1963 3233 (ι
2001 3175 2070 3235 V.
2110 3172 2183 3232 Ο.
2220 3171 2664 3234 Emrnannele
2693 3188 2735 3232 ιι
2770 3172 3225 3236 Sclcelestrate
3253 3180 3421 3238 torno
3450 3179 3497 3237 Ῑ

1919 3251 2391 3346 Antignitatis
2418 3250 2755 3346 Elcclesice,
2780 3268 2947 3346 pag.
2989 3254 3108 3346 4οΒ
3137 3258 3411 3346 etseqo.
3446 3271 3489 3316 a

1919 3348 2043 3411 quo
2059 3328 2265 3411 etiam
2282 3346 2359 3411 ea
2372 3328 2627 3411 collata
2646 3328 2982 3411 sntit—team
3000 3328 3492 3396 vetustioribus

1923 3408 2277 3489 Uatalogis
2316 3409 2715 3489 bibliotliecd
2791 3408 3113 3472 Czesctr'zew
3173 3413 3492 3476 Vindobo—

1921 3488 2181 3563 nensis,
2212 3490 2464 3569 reginae
2492 3488 2748 3552 Snecia
2776 3494 2842 3552 et
2876 3490 3296 3554 C’olbertinae.

1912 3605 2075 3668 Num,
2126 3603 2176 3671 4,
2226 3602 2431 3659 linea?
2458 3605 2585 3658 Flor
2624 3602 2677 3673 2,
2725 3604 3071 3659 cathedram.
3114 3608 3213 3660 lin.
3261 3605 3295 3663 4
3341 3610 3484 3663 Flor.

1842 3675 1969 3744 duo,
2002 3688 2225 3730 menses
2247 3672 2301 3735 2,
2332 3676 2457 3730 dies
2481 3675 2538 3728 3.
2577 3672 2675 3728 lin.
2703 3674 2755 3739 6,
2805 3677 2931 3729 Flor
2971 3682 3022 3729 et
3078 3679 3280 3740 Vatic.,
3307 3692 3488 3735 cano-

1842 3747 2005 3802 nicm.
2039 3748 2137 3799 lin.
2166 3744 2252 3801 40.
2279 3748 2451 3808 Flor.,
2480 3745 2566 3801 39.
2599 3747 2695 3799 lin.
2728 3744 2809 3800 42.
2839 3748 2966 3801 Vat.
2990 3754 3045 3801 et
3064 3749 3205 3804 Flor.
3250 3763 3315 3804 ιιι
3346 3750 3477 3806 Kal.

1841 3819 1937 3871 lin.
1974 3815 2039 3872 44
2065 3819 2283 3871 Floreat
2313 3817 2420 3871 duo
2446 3823 2497 3871 et
2538 3819 2686 3881 Vat.,
2714 3819 2861 3874 diac.
2892 3817 3006 3873 VII.

1836 3908 2183 3969 Lectiones
2198 3906 2408 3987 carice
2419 3907 2667 3969 codicis
2691 3907 3038 3983 Uticensis,
3056 3914 3377 3987 excerpta:
3408 3911 3486 3973 ab

1915 3984 2326 4066 ill.pra2snle
2396 3987 2762 4048 Francisco
2834 3988 3081 4065 Penia,
3175 3984 3489 4054 Romanos

1916 4069 2098 4131 Rata?
2124 4067 2461 4147 auditore,
2496 4067 2698 4147 cujus
2725 4068 3233 4147 antoyrdpltnm
3274 4087 3489 4132 asser-

1916 4151 2127 4209 catur
2149 4147 2230 4208 in
2251 4145 2643 4209 bibliotheca
2669 4145 3179 4222 Ottltoboniana,
3204 4152 3284 4211 at
3305 4152 3488 4215 docet

1915 4226 2131 4305 [cujus
2169 4227 2349 4288 modi
2389 4227 2852 4289 testimonium
2885 4228 3074 4306 operi
3097 4229 3479 4309 prae/ticam.

1912 4345 1938 4375 α
1984 4326 2159 4394 Prope
2194 4325 2491 4379 Salernum
2538 4325 2596 4379 in
2626 4338 2799 4395 regno
2836 4324 3214 4394 Neapolitano
3241 4328 3353 4383 sita
3397 4338 3484 4385 est

1838 4414 1864 4445 »
1906 4396 2113 4451 civitas
2151 4396 2438 4464 Cavensis,
2491 4402 2547 4450 et
2591 4395 2648 4449 in
2692 4409 2755 4451 ea
2806 4397 3035 4465 insigne
3067 4400 3479 4456 monasterium

1839 4485 1863 4516 »
1908 4468 2136 4522 ordinis
2158 4468 2339 4522 sancti
2367 4467 2653 4522 Benedicti
2676 4468 3141 4537 congregationis
3166 4470 3479 4525 Cassinen-

104 4518 515 4608 licentiam;
538 4518 1073 4608 sedigitalia};
1094 4518 1723 4607 instititinstitit-
1754 4518 1805 4577 D
1837 4556 1861 4586 ιο
1907 4518 2701 4608 gisjgaiiiaiacainae‘ss:
2719 4518 3138 4593 ratirati];
3164 4518 3478 4595 aliaalia-

105 4602 349 4679 tioenia'm
364 4611 535 4664 annis
553 4607 620 4678 7;
640 4608 756 4665 fuit
775 4620 965 4664 autem
991 4602 1717 4679 tenip'oribusTiberiiCms.

100 4679 145 4750 et
168 4676 280 4732 Caii
311 4676 616 4750 Caligula},
638 4687 693 4735 et
721 4680 847 4735 Tib.
878 4681 959 4734 CI.
994 4687 1050 4735 et
1079 4676 1343 4736 Neronis.
1376 4680 1497 4733 Lin.
1534 4678 1586 4746 6,
1617 4680 1718 4749 qui

100 4745 158 4797 Μ.
178 4761 221 4799 a.
252 4763 304 4821 e.
329 4749 367 4804 f.
392 4745 629 4807 et'ﬁliu's
658 4752 716 4806 in
740 4751 893 4821 bapt.
917 4752 1050 4807 Post
1076 4754 1335 4807 omnium
1359 4766 1412 4820 q.
1438 4751 1507 4806 ad
1534 4745 1722 4805 inter-

102 4820 432 4891 [ogationem
450 4825 577 4891 ejus
591 4823 942 4878 testimonio.
968 4823 1072 4878 hoc
1089 4824 1251 4878 estP.
1280 4822 1319 4876 f.
1343 4838 1387 4877 s.
1409 4823 1544 4877 dum
1564 4822 1639 4877 ali
1653 4836 1718 4876 us

95 4885 283 4958 Graece,
315 4885 791 4958 alius'Hebraice,
824 4895 977 4949 alius
999 4896 1197 4950 Latine
1225 4899 1557 4949 consonent.
1592 4894 1712 4947 Lin.

97 4952 167 5036 13.
200 4952 299 5017 Hic
331 4965 627 5020 ordinavit
662 4952 852 5021 Roma:
882 4968 1029 5022 duos
1059 4967 1380 5036 episcopos,
1428 4967 1628 5019 Linum
1661 4970 1718 5019 et

94 5026 312 5105 Qletum,
335 5036 440 5105 qui
467 5037 905 5104 praesentialiter
926 5026 1506 5093 omne‘mini'sterium
1536 5048 1721 5091 sacer-

93 5099 260 5178 dotale
290 5099 372 5161 in'
398 5099 539 5162 urbe
582 5108 756 5164 Roma
802 5108 1013 5178 populo
1056 5109 1141 5163 vel
1174 5106 1714 5177 supervenientibus

92 5172 428 5251 exhiberem.
466 5179 519 5232 Β.
556 5185 745 5234 autem
778 5172 981 5235 Petrus
1023 5180 1091 5234 ad
1125 5172 1441 5251 orationem
1474 5185 1529 5234 et
1563 5192 1712 5249 prae-

89 5240 422 5323 Qicationem
447 5251 718 5319 pupulum
741 5251 1015 5306 erudiens
1032 5250 1287 5305 vacabat.
1308 5252 1410 5306 Hic
1430 5240 1712 5306 verorum

90 5310 296 5373 Simone
327 5310 490 5391 Mago
524 5310 687 5392 prius
736 5323 795 5377 in
824 5323 1037 5392 Iudaea,
1069 5327 1125 5377 et
1156 5328 1347 5392 postea
1378 5323 1568 5378 Roma:
1599 5329 1713 5376 tam

91 5392 201 5465 ῖξζιῐθ
230 5392 508 5465 Neronem
560 5395 699 5465 imp.
734 5407 903 5463 quam
934 5400 991 5448 et
1033 5399 1164 5448 ante
1196 5394 1466 5465 populum
1504 5394 1714 5465 multas

88 5453 502 5527 disputationes
523 5453 823 5533 habuit,‘et
846 5479 988 5534 quos
1007 5453 1290 5520 Petrusad
1314 5464 1475 5519 ﬁdem
1495 5462 1712 5518 Christi

89 5534 438 5607 aggregabat,
462 5535 557 5590 ille
582 5550 679 5604 per
703 5537 954 5607 magicas
973 5537 1338 5606 deceptiones
1361 5535 1712 5606 segregabat.

87 5595 175 5675 Sed
203 5595 340 5658 dum
368 5595 603 5662 diutius
640 5595 1074 5672 altercarentur,
1106 5595 1301 5663 Simon
1342 5595 1715 5661 difinovnutu

89 5676 455 5745 Inter-emptus
481 5686 592 5735 est.
628 5680 827 5736 Petrus
868 5692 1000 5735 vero
1043 5679 1300 5735 sentiens
1328 5678 1482 5735 diem
1511 5676 1717 5734 mortis

1836 4628 1861 4659 ι)
1905 4610 2082 4665 sterio
2103 4609 2382 4677 antiquus
2414 4607 2561 4663 liber
2589 4608 2835 4662 vetustis
2865 4608 3298 4664 characteribus
3328 4612 3473 4664 scri-

1837 4699 1860 4729 »
1906 4688 2038 4749 ptus
2081 4681 2151 4735 de
2192 4679 2339 4732 Vitis
2378 4678 2711 4748 pontiﬁcum
2759 4679 3142 4733 Romanorum
3189 4680 3469 4735 exstabat.

1834 4769 1861 4800 »
1902 4750 2329 4822 Ηιιιιεῌὶὶὺιιιιηι,
2386 4749 2635 4803 instante
2679 4750 2743 4822 D.
2792 4749 3046 4804 Antonio
3093 4751 3163 4805 de
3215 4751 3464 4822 Aquino,

1834 4839 1859 4870 υ
1902 4822 2002 4891 qui
2034 4820 2199 4875 illum
2232 4821 2289 4874 in
2318 4831 2383 4874 eo
2421 4821 2767 4875 monasterio
2808 4822 3119 4891 invenerat,
3152 4824 3207 4876 et
3233 4823 3304 4874 D.
3341 4820 3467 4877 Οιεέ

1832 4910 1857 4940 »
1900 4890 2320 4963 sareBaronio
2362 4896 2603 4963 petente.
2648 4890 3090 4963 D.'cardina_lis
3128 4892 3462 4963 Montaltus,

1830 4979 1856 5010 υ
1898 4962 2152 5030 ejusdem
2184 4961 2411 5017 ordinis
2437 4967 2740 5029 protector,
2768 4974 2920 5016 anno
2949 4959 3087 5016 4593
3110 4963 3342 5017 Romam
3367 4959 3464 5019 af-L

1831 5052 1856 5081 υ
1899 5032 2036 5088 ferri
2064 5034 2260 5101 jussit.
2288 5032 2544 5101 Cumque
2573 5045 2675 5102 ego
2708 5033 3047 5088 Franciscus
3079 5034 3270 5097 Penia,
3306 5036 3461 5090 Rotas

1829 5125 1855 5154 υ
1896 5104 2149 5173 auditor,
2178 5103 2436 5159 eumdem
2472 5102 2685 5158 librum
2718 5109 2921 5159 nactus
2940 5117 3140 5171 essem,
3169 5118 3320 5173 eum,
3350 5120 3465 5161 ser-

1828 5195 1855 5225 »
1896 5176 2045 5230 vatis
2070 5175 2283 5230 eisdem
2314 5173 2761 5236 characteribus,
2780 5175 3088 5230 transcribi
3114 5176 3254 5230 mihi
3284 5190 3461 5231 cura-

1830 5265 1855 5297 »
1896 5248 1972 5313 vi,
1993 5253 2048 5301 et
2066 5259 2168 5318 per
2185 5258 2270 5300 me
2295 5247 2479 5318 ipsum
2503 5259 2630 5299 cum
2655 5246 2895 5318 antiquo
2911 5247 3246 5318 exemplari,
3267 5248 3327 5301 in
3346 5262 3460 5318 quo

1829 5337 1855 5368 ι)
1897 5324 2034 5373 sunt
2055 5316 2809 5387 frequentessolmcismi,ob
2830 5317 3175 5385 imperitiam
3196 5316 3460 5375 fortassis

1829 5409 1854 5440 ιο
1897 5390 2221 5459 scriptoris,
2249 5387 2493 5451 contuli,
2527 5394 2590 5441 ut
2614 5394 2850 5456 apparet
2882 5389 2941 5442 in
2970 5389 3073 5443 hoc
3102 5389 3279 5444 libro.
3323 5409 3349 5439 ››

1898 5462 2010 5515 Hac
2042 5460 2335 5530 praemissa
2362 5459 2612 5532 notione,
2658 5460 2927 5532 sequitur
2950 5466 3253 5532 contextus
3299 5460 3459 5532 libri,

1830 5532 1887 5586 in
1923 5529 2325 5602 quo’primum
2365 5530 2620 5602 occurrit
2644 5529 2947 5602 CataIOgus
2988 5531 3325 5586 Pontiﬁcum
3352 5529 3467 5586 Ec;

1826 5599 2015 5658 clesite
2049 5599 2717 5671 ConstantinOpolitanm,
2748 5599 2991 5657 fortasse
3014 5610 3251 5658 assutns
3274 5604 3462 5658 codici

1825 5675 2234 5731 Anastasiano.
2267 5672 2410 5728 Tum
2438 5670 2712 5743 leguntur
2738 5673 2997 5742 epistolae
3020 5674 3168 5745 duae,
3193 5675 3252 5729 B.
3275 5674 3469 5731 Hiere-

138 5794 163 5826 τι
209 5787 353 5839 Hanc
387 5793 654 5855 epistolam
685 5795 890 5846 exhibet
923 5796 1075 5846 editis
1106 5796 1374 5848 Fabrotti?
1411 5796 1557 5848 deest
1582 5796 1637 5845 iu
1675 5792 1900 5844 editione
1935 5791 2173 5842 Romano
2199 5788 2450 5840 Vaticana
2478 5802 2633 5852 quam
2654 5788 2937 5850 sequimur.
2974 5788 3120 5839 EDIT.
