3994 6168
434 265 573 322 4045

1661 260 2018 316 ANASTASII
2054 257 2599 318 BIBLIOTHECARII

3678 260 3797 320 4046

432 394 737 459 martyrem
774 402 992 458 vosque
1023 401 1221 443 omnes
1240 386 1546 459 saecularis
1599 391 1850 459 postetas
1878 383 2072 459 subito
2107 382 2161 443 Α
2191 383 2315 440 fuse
2332 386 2499 454 epist.
2526 384 2647 458 465,
2682 387 2781 443 ubi
2805 387 3061 457 cataIOgo
3084 356 3464 444 Romanorum
3488 388 3800 458 pontiﬁcum

429 453 763 530 proruperit
809 453 951 522 (arte
994 472 1193 526 nempe
1236 453 1703 530 Novatianorum)
1744 472 1759 523 ;
1812 456 1962 530 unde
2003 453 2071 507 ad

431 527 866 587 confundendos
899 530 1219 594 hareticos,
1251 536 1306 585 et
1337 528 1722 583 retundendos
1753 527 2075 584 ostenderet

429 604 603 657 Deus.
633 616 757 671 qua
782 608 928 656 esset
959 600 1232 671 Ecclesia,
1265 600 1395 670 quis
1434 600 1732 671 episcopos
1760 600 1885 667 ejus
1926 610 2077 651 unus

431 670 1046 728 divina’ordinatione
1083 670 1358 726 delectus.
1404 690 1429 719 ι)
1477 673 1535 724 In
1591 670 1899 725 schismate
1946 678 2075 721 vero

431 744 862 799 Donatistarum
890 743 1100 797 veritas
1126 742 1263 807 hac,
1286 748 1342 796 et
1370 741 1755 806 catalogorum
1781 739 2073 802 identitas,

433 820 490 869 et
521 814 866 869 universalis
909 814 1167 868 Ecclesia
1202 813 1516 881 persuasio,
1547 812 1617 867 de
1646 812 1911 867 cathedra
1941 822 2074 869 una.

354 916 369 925 ρ
435 884 547 941 soli
582 885 743 940 Petro
794 886 944 945 data.
995 884 1221 952 origine
1265 883 1584 939 necessaria
1631 882 1701 937 ab
1751 882 2077 952 unoPetro

436 956 819 1025 proveniente,
873 951 1294 1023 spectatissime
1344 954 1578 1023 probata
1620 959 1708 1008 est
1757 953 1829 1008 ab
1870 951 2077 1025 Optato

440 1021 499 1081 in
544 1025 715 1080 libris
753 1021 1032 1081 adversus
1079 1021 1540 1081 Parmenianum.
1592 1025 1732 1079 Cum
1773 1021 2078 1078 catholicis

436 1097 848 1152 conveniebant
873 1097 1187 1152 Donatista:
1210 1098 1267 1150 in
1296 1097 1474 1165 priori
1495 1109 1638 1151 vera
1673 1095 1937 1150 Ecclesia
1967 1092 2079 1165 do-

436 1172 510 1231 te,
572 1182 739 1237 quam
768 1169 1036 1223 dicebant
1073 1181 1197 1223 esse
1245 1164 1593 1225 cathedram.
1632 1167 1781 1220 Petri
1815 1184 1831 1231 :,
1866 1164 2081 1234 pariter

439 1239 498 1291 in
530 1241 868 1293 continuata
902 1240 1264 1293 successione
1288 1238 1345 1291 in
1378 1238 1670 1305 cathedra,
1708 1237 1764 1290 in
1790 1250 1901 1305 qua
1928 1247 2082 1289 unus

435 1309 743 1378 episcopus
795 1310 1007 1364 sedeat.
1062 1309 1156 1363 Sic
1215 1309 1365 1362 enim
1428 1322 1496 1362 ex
1553 1313 1856 1375 utriusque
1906 1318 2080 1359 sensu

435 1386 699 1448 Uptatus,
732 1394 861 1434 cum
889 1382 959 1434 de
993 1380 1176 1447 prima
1224 1392 1366 1433 vera
1393 1378 1659 1433 Ecclesia
1680 1379 1847 1433 dote:
1880 1397 1905 1427 «
1932 1378 2081 1429 Inter

436 1463 580 1519 quas
601 1450 869 1505 cathedra
890 1456 977 1504 est
1005 1452 1205 1519 prima,
1242 1449 1339 1504 ubi
1366 1451 1481 1505 nisi
1513 1450 1726 1504 sederit
1752 1448 2076 1519 episcopus,

436 1514 713 1590 conjungi
735 1521 914 1575 altera
935 1514 1038 1576 dos
1061 1534 1174 1575 non
1195 1514 1449 1589 poterit.
1489 1539 1512 1569 υ
1541 1520 1683 1590 (Lib.
1723 1514 2080 1589 tt,'pag.'3i.)

432 1591 768 1645 Cathedram
802 1605 932 1646 vero
975 1605 1098 1646 esse
1125 1604 1158 1647 a
1202 1594 1258 1646 S.
1308 1593 1471 1647 Petro
1504 1592 1689 1646 Roma
1721 1591 2076 1653 collocatam,

438 1662 499 1716 in
533 1676 641 1732 qua
670 1662 829 1717 solus
853 1664 1086 1728 sederit,
1128 1668 1185 1718 et
1227 1663 1371 1717 hanc
1415 1676 1447 1717 a
1472 1663 1792 1718 Donatistis
1822 1660 2079 1731 ignorari

435 1745 549 1788 non
592 1746 773 1803 posse,
806 1734 1007 1799 sicuti,
1040 1740 1092 1790 et
1124 1734 1544 1789 successionem
1572 1748 1603 1788 a
1652 1737 1810 1789 Petro
1847 1732 2073 1787 deriva-

432 1809 544 1858 tam
581 1804 659 1859 ita
680 1806 963 1873 expressit
989 1824 1001 1859 :
1040 1826 1065 1857 (ι
1100 1805 1415 1860 Videndum
1440 1813 1545 1871 est,
1579 1806 1681 1874 qui
1710 1810 1766 1859 et
1795 1803 1892 1859 ubi
1923 1804 2082 1871 prior

432 1874 700 1947 cathedra
740 1877 956 1931 sederit
989 1895 1000 1931 :
1044 1877 1096 1931 si
1150 1878 1381 1947 ignoras
1410 1876 1569 1931 disce
1602 1893 1614 1928 :
1666 1877 1716 1930 si
1757 1876 1904 1930 nosti
1934 1888 2084 1947 eru-

432 1946 664 2002 besce...
699 1947 1026 2017 ignorantia
1072 1946 1193 2002 tibi
1220 1947 1435 2002 ascribi
1478 1960 1587 2002 non
1613 1952 1870 2016 potest.»
1904 1946 2081 1999 Tanta

430 2025 552 2073 erat
582 2024 639 2073 et
670 2018 848 2074 unius
881 2019 1165 2074 cathedra
1204 2019 1376 2083 Petri,
1400 2026 1455 2073 et
1485 2018 1874 2073 successionis
1901 2019 2082 2072 conti-

430 2094 605 2145 nuata
651 2092 850 2160 series,
894 2099 955 2146 ut
1000 2103 1107 2144 non
1151 2088 1505 2145 dubitaverit
1537 2089 1616 2143 ita
1646 2089 2079 2160 schismaticum

429 2161 793 2229 compellare.
832 2159 857 2213 α
905 2161 1089 2231 Igitur
1124 2174 1332 2231 negare
1371 2174 1479 2215 non
1516 2166 1692 2229 potes,
1727 2160 1877 2214 scire
1918 2167 1971 2215 te
2020 2159 2080 2214 in

434 2232 575 2286 urbe
631 2233 806 2287 Roma
861 2234 1022 2287 Petro
1085 2232 1268 2301 primo
1320 2232 1648 2287 cathedram
1696 2231 2077 2300 episc0palem

428 2316 552 2358 esse
582 2302 867 2371 collatam,
913 2303 971 2357 in
1000 2317 1116 2373 qua
1145 2304 1361 2358 sederit
1397 2303 1654 2359 omnium
1685 2303 2078 2371 apostolorum

426 2374 610 2443 Caput
656 2374 927 2427 Petrus...
981 2374 1038 2428 in
1090 2388 1201 2443 qua
1243 2389 1354 2429 una
1398 2374 1681 2429 cathedra
1760 2375 1953 2428 unitas
2008 2373 2079 2428 ab

428 2444 699 2500 omnibus
720 2448 1067 2512 servaretur,
1095 2458 1164 2499 ne
1185 2446 1374 2500 cateri
1415 2445 1660 2514 apostoli
1688 2443 1801 2498 sibi
1832 2446 2078 2513 quisque

426 2514 816 2583 defenderent,
846 2523 909 2570 ut
929 2516 1047 2584 jam
1073 2516 1502 2584 schismaticus,
1521 2523 1578 2570 et
1615 2522 1873 2583 peccator
1906 2525 2075 2584 esset,

429 2587 531 2656 qui
559 2592 757 2642 contra
788 2587 1141 2658 singularem
1184 2587 1510 2641 cathedram
1555 2587 1791 2658 alteram
1818 2586 2077 2658 colloca-

428 2664 534 2713 ret.
590 2676 614 2706 υ
662 2656 976 2712 Deinde—ex
1025 2657 1206 2726 priori
1265 2658 1441 2711 unius
1485 2657 1766 2711 cathedra
1814 2656 2078 2711 Romana

428 2728 746 2784 constituta
815 2728 1073 2793 veritate,
1128 2727 1426 2782 descendit
1489 2729 1559 2782 ad
1632 2734 2076 2794 perseverantem

428 2799 849 2855 successionem
903 2797 1334 2858 ostendendam,
1395 2811 1562 2866 quam
1604 2799 1769 2866 juxta
1823 2805 2078 2854 vetustos

427 2868 717 2951 catalogos
761 2869 846 2951 sic
878 2875 1148 2951 recenset.
1186 2889 1211 2919 α
1262 2871 1404 2951 Ergo
1433 2868 1703 2951 cathedra
1731 2869 1923 2951 unica,
1954 2884 2078 2939 qua

429 2947 519 2996 est
563 2939 748 3010 prima
777 2942 846 2995 de
875 2939 1132 3003 dotibus,
1182 2940 1333 2994 sedit
1360 2940 1518 3008 prior
1562 2942 1778 3007 Petrus,
1814 2941 1909 2994 cui
1938 2956 2079 2995 suc-

428 3013 606 3067 cessit
644 3012 846 3078 Linus,
878 3030 904 3060 »
954 3010 1313 3080 reliquisque
1365 3010 1737 3078 pontificibus
1770 3012 2079 3082 assignatis

431 3096 614 3152 usque
652 3083 719 3138 ad
773 3082 1070 3143 Siricium,
1106 3095 1219 3151 quo
1247 3090 1496 3150 tempore
1527 3082 1913 3137 velitationem
1948 3097 2076 3137 cum

431 3153 824 3209 schismaticis
848 3152 1122 3224 agitabat,
1157 3153 1493 3224 concludit:
1531 3172 1556 3204 α
1598 3155 1737 3207 Cum
1766 3168 1879 3223 quo
1911 3152 2080 3209 nobis

431 3226 616 3281 totius
653 3224 813 3279 orbis
856 3221 1198 3279 commercio
1247 3221 1619 3279 formatarum
1662 3225 1720 3279 in
1764 3221 1876 3278 una
1920 3238 2083 3279 com-

432 3295 732 3351 munionis
766 3297 1038 3351 societate
1080 3295 1465 3350 concordat.»
1507 3295 1817 3350 Donatista
1863 3296 2083 3364 priores

431 3367 691 3422 videntes
705 3366 849 3421 hanc
866 3367 1025 3421 orbis
1049 3370 1227 3421 totius
1245 3379 1601 3421 communem
1629 3368 2078 3434 persuasionem,

435 3451 507 3493 ne
532 3438 713 3505 prioi‘i
757 3437 888 3492 dote
944 3451 1089 3492 vera
1116 3437 1386 3491 Ecclesia
1406 3437 1692 3491 cathedra
1716 3438 2000 3504 Romana,
2027 3445 2083 3491 et

436 3507 616 3580 unius
643 3507 917 3580 episcopi
963 3522 994 3563 a
1026 3510 1189 3564 Petro
1229 3508 1830 3580 deductainecessaria
1860 3509 2085 3580 origine

436 3579 690 3634 sedentis
720 3579 911 3634 orbari
943 3580 1299 3643 viderentur,
1328 3579 1535 3633 exinde
1564 3579 2087 3634 comminiscuntur

437 3650 862 3719 phantasticum
895 3657 1087 3719 caput,
1116 3657 1172 3704 et
1194 3652 1507 3704 Romanum
1542 3650 2085 3719 propriumepisco-

439 3735 597 3791 pum,
643 3722 792 3791 quod
847 3723 925 3776 ita
969 3726 1027 3775 in
1070 3722 1158 3776 eis
1203 3722 1442 3790 Opponit
1487 3720 1747 3789 Optatus.
1794 3741 1819 3772 α
1876 3721 2088 3776 Vestra

436 3793 720 3848 cathedra
746 3807 845 3847 vos
882 3793 1165 3862 originem
1210 3793 1447 3859 reddite,
1480 3793 1581 3861 qui
1610 3792 1790 3847 vultis
1833 3799 2085 3847 sanctam

435 3863 749 3919 Ecclesiam
806 3861 1121 3918 vindicare.
1176 3862 1279 3916 Sed
1331 3868 1388 3917 et
1435 3861 1641 3918 habere
1693 3878 1792 3918 vos
1840 3864 1897 3917 in
1948 3862 2088 3917 urbe

439 3935 617 3989 Roma
658 3939 872 4001 partem
911 3935 1166 4003 aliquam
1197 3934 1419 3988 dicitis.
1458 3933 1671 3988 Ramus
1695 3943 1780 3989 est
1801 3935 1976 3989 vestri
2007 3948 2089 3987 er-

437 4008 594 4062 roris
616 4013 918 4075 protensus
945 4006 1016 4060 de
1061 4005 1374 4073 mendacio,
1410 4017 1522 4059 non
1549 4005 1619 4059 de
1651 4006 1841 4061 radice
1872 4005 2091 4060 verita-

437 4079 541 4135 tis.
585 4077 842 4145 Denique
872 4078 921 4130 si
966 4076 1253 4132 Macrobio
1278 4077 1528 4137 dicatur,
1580 4077 1675 4131 ubi
1708 4078 1830 4134 illic
1873 4079 2086 4148 sedeat,

442 4149 707 4218 nunquid
743 4148 1137 4216 potestdicere
1174 4149 1231 4202 in
1268 4148 1534 4203 cathedra
1574 4148 1723 4202 Petri
1757 4148 1970 4218 ?quam
2002 4164 2089 4204 ne-

440 4221 564 4277 scio
594 4220 643 4274 si
675 4218 759 4273 vel
801 4219 989 4273 oculis
1016 4218 1194 4282 novit,
1223 4225 1280 4272 et
1314 4219 1383 4273 ad
1412 4220 1579 4286 cujus
1616 4222 1944 4276 memoriam
1976 4235 2088 4276 non

443 4292 666 4349 accedit
694 4291 859 4360 quasi
893 4290 1302 4345 schismaticus
1331 4288 1358 4342 ?
1387 4309 1411 4338 υ
1444 4290 1757 4345 Romanum
1791 4293 1941 4347 hunc
1970 4294 2090 4348 Do-

445 4364 790 4420 natistarum
861 4362 1189 4429 primatum,
1261 4361 1705 4429 cathedramque
1780 4365 2089 4419 Romanam

434 4434 651 4491 exinde
697 4432 1020 4502 proscindit
1050 4433 1187 4501 quia
1229 4445 1338 4487 non
1378 4445 1411 4487 a
1467 4434 1647 4501 Petro,
1686 4434 1781 4488 sed
1809 4449 1838 4489 a
1868 4435 2091 4490 Victore

444 4505 771 4570 Garbiensi,
807 4505 905 4573 qui
933 4502 1242 4575 schismate
1289 4504 1347 4557 in
1377 4502 1571 4558 Africa
1598 4505 1839 4561 conflato
1867 4508 2089 4575 primus

447 4592 625 4634 ausus
647 4583 733 4632 est
772 4577 960 4631 Roma
1001 4573 1343 4644 pestilentia
1367 4576 1552 4630 sedem
1587 4573 1885 4631 collocare.
1913 4577 2090 4633 Infert

448 4651 646 4718 itaque
692 4647 973 4716 Optatus:
1013 4666 1037 4698 α
1087 4647 1235 4718 Ergo
1279 4654 1472 4716 restat,
1509 4652 1574 4701 ut
1618 4645 1865 4704 fateatur
1896 4664 2093 4704 socius

446 4717 633 4776 vester
666 4718 990 4774 Macrobius
1019 4731 1080 4773 se
1107 4717 1186 4771 ibi
1219 4718 1432 4781 sedere,
1475 4718 1576 4773 ubi
1602 4718 1914 4789 aliquando
1945 4721 2096 4776 sedit

446 4790 880 4863 Enclopius._Si
911 4790 1120 4863 etipse
1148 4788 1463 4863 Enclopius
1508 4791 1690 4863 possit
1714 4788 2089 4863 interrogari,

448 4863 668 4918 diceret
697 4876 756 4917 se
780 4861 860 4916 ibi
896 4861 1093 4917 sedere
1131 4860 1227 4915 ubi
1269 4866 1400 4916 ante
1432 4862 1582 4916 sedit
1612 4860 2096 4919 Bonifacius—Bel—

476 4935 690 4990 itanus.
728 4933 940 4988 Deinde
965 4933 1013 4988 si
1061 4936 1116 4987 et
1147 4932 1268 5000 ipse
1297 4932 1640 5003 interrogari
1666 4933 1967 5003 potuisset,
1994 4935 2096 4989 di—

450 5013 603 5060 ceret
626 5004 725 5060 ubi
748 5004 964 5059 sederit
983 5003 1179 5058 Victor
1212 5002 1549 5058 Garbiensis
1568 5020 1599 5057 a
1622 5007 1828 5059 vestris
1845 5002 1961 5074 jam
1978 5006 2096 5060 du—

447 5076 585 5131 dum
610 5076 680 5130 de
700 5074 892 5130 Africa
929 5075 998 5132 ad
1047 5088 1254 5143 paucos
1275 5077 1551 5129 erraticos
1577 5075 1808 5131 missus.
1837 5076 1983 5144 Quid
2009 5083 2095 5130 est

451 5146 558 5201 hoc
578 5146 729 5216 quod
755 5160 884 5214 pars
904 5154 1104 5216 vestra,
1120 5145 1177 5216 in
1207 5160 1345 5214 urpe
1368 5146 1539 5200 Roma
1560 5147 1891 5215 episcopum
1913 5148 2090 5202 civem

451 5213 659 5272 habere
684 5213 795 5273 non
821 5216 1055 5286 potuit?
1074 5213 1221 5282 Quid
1255 5213 1506 5284 eStquod
1533 5213 1636 5271 toti
1671 5213 1816 5281 Afri,
1846 5224 1901 5272 et
1930 5232 2097 5285 pere-

451 5288 603 5356 grini
631 5291 689 5343 in
715 5287 814 5342 illa
839 5287 1069 5341 civitate
1090 5286 1205 5341 sibi
1238 5287 1582 5343 successisse
1602 5296 1916 5343 noscuntur
1934 5290 1961 5334 ν
1984 5303 2093 5343 non

449 5366 684 5428 apparet
703 5360 873 5414 dolus
898 5358 1052 5414 ‘lnon
1082 5359 1237 5413 tictio
1259 5372 1384 5427 qua
1403 5368 1489 5413 est
1514 5366 1686 5414 mater
1717 5360 2048 5414 schismatis
2070 5361 2097 5414 "I

451 5432 669 5486 Interea
719 5432 910 5486 Victor
953 5429 1311 5495 Garbiensis,
1349 5438 1411 5484 ut
1439 5430 1574 5484 hinc
1606 5431 1948 5493 mitteretur,
1984 5446 2092 5485 non

447 5501 581 5556 dico
599 5503 746 5570 lapis
766 5504 834 5556 ad
861 5500 1090 5561 fontem.
1114 5501 1250 5569 quia
1268 5514 1369 5554 nec
1389 5501 1890 5569 valuitpuritatem
1906 5504 2095 5557 catlto~

472 5572 575 5627 ica
611 5572 1007 5627 multitudinis
1036 5572 1388 5642 perturbare.
1423 5599 1446 5623 κ
1484 5574 1894 5642 Argumentum
1944 5572 2088 5627 idem

447 5642 660 5711 sapius
694 5642 1013 5697 illustravit
1039 5644 1094 5697 S.
1117 5641 1500 5711 Augustinus,
1535 5641 1633 5711 qui
1658 5657 1725 5696 ex
1752 5656 1861 5697 una
1891 5643 2092 5697 cathe-

448 5710 576 5783 dra,
624 5718 681 5766 et
710 5714 1072 5783 successione
1095 5713 1167 5767 ab
1200 5710 1332 5780 uno,
1366 5710 1586 5783 etsolo
1621 5715 1781 5767 Petro
1819 5712 2086 5783 deducta,

450 5781 878 5835 schismaticam
889 5783 1317 5837 Donatistarum
1334 5781 1639 5836 Ecclesiam
1653 5781 2087 5853 ostendit.Quod

2112 1773 2165 1832 Β

2187 468 2432 523 expenso
2461 459 2661 514 addit:
2696 480 2721 511 «
2752 461 2812 514 In
2847 459 2951 514 hoc
2973 460 3176 514 ordine
3197 459 3581 515 successionis
3626 460 3801 514 nullus

2184 527 2481 599 Donatista
2511 532 2815 599 episcopus
2847 530 3180 598 invenitur;
3207 531 3301 586 sed
3329 544 3396 585 ex
3417 537 3730 585 transverso
3748 545 3803 586 ex

2183 596 2375 670 Africa
2404 596 2731 657 ordinatum
2781 601 3071 669 miserant,
3113 596 3213 670 qui
3269 603 3465 670 paucis
3514 602 3806 670 prasidens

2183 667 2339 723 Afris
2389 671 2448 725 in
2490 672 2631 727 urbe
2661 674 2834 727 Roma
2885 667 3283 726 Montens'ium'
3305 673 3388 727 vel
3418 667 3807 740 Cuiupitarum

2185 740 2522 813 vocabulum
2560 742 2910 813 propagavit.
2946 760 2972 792 υ
3006 744 3171 797 Tanti
3199 756 3333 799 vero
3363 744 3697 812 episcopum
3723 744 3809 797 Do.

2188 811 2813 883 natianumRomanum
2834 812 3116 868 faciebant
3135 814 3353 883 populi,
3370 821 3433 868 ut
3449 818 3505 868 in
3520 811 3810 869 conatione

2184 882 2619 950 Carthaginensi
2669 882 3141 953 disputationem
3175 886 3480 940 iucundam
3511 886 3811 940 detractare

2188 952 2585 1025 obniterentur
2613 968 2679 1011 eo
2708 952 2959 1021 absente,
3003 956 3155 1010 sicut
3183 956 3241 1010 in
3282 955 3461 1025 gestis
3500 956 3809 1011 collationis

2190 1023 2720 1096 Iegitur.ilgnorare
2745 1026 3071 1081 cathedram
3102 1039 3268 1080 unam
3291 1023 3361 1079 'in
3407 1027 3684 1093 Ecclesia,
3718 1027 3810 1080 Pe—

2190 1101 2341 1148 trum
2368 1095 2553 1151 solum
2586 1097 2871 1152 sedentem
2915 1111 3045 1152 cum
3074 1097 3438 1152 successione
3474 1097 3809 1166 pontiﬁcum,

2189 1166 2365 1220 sicuti
2384 1167 2628 1239 Optatos
2651 1168 2897 1235 dixerat,
2924 1169 3260 1239 ignorantia
3292 1167 3511 1223 ascribi
3534 1173 3814 1239 nonpote—

2191 1243 2294 1308 rat.
2325 1239 2408 1291 Ita
2438 1237 2737 1293 Cornelius
2774 1239 2922 1307 apud
2955 1237 3165 1293 viruseb.
3198 1238 3299 1293 lib.
3343 1252 3405 1307 II,
3453 1253 3580 1306 cap.
3624 1237 3693 1295 53
3726 1252 3813 1308 pag

2187 1304 2312 1372 244,
2336 1310 2608 1364 adversus
2628 1304 3003 1364 Novatianutn
3033 1323 3208 1379 agens
3230 1310 3287 1363 in
3310 1304 3559 1378 epistola
3588 1310 3657 1364 ad
3677 1304 3816 1364 Fabi-

2191 1391 2284 1432 um
2311 1379 2723 1435 Antiochenum
2743 1394 2811 1435 ex
2836 1394 2901 1435 eo
2919 1381 3086 1435 etiam
3107 1382 3296 1447 capite
3318 1394 3473 1435 reum
3505 1380 3815 1435 schismatis

2193 1450 2484 1505 traducit:
2537 1471 2562 1501 «
2609 1453 2754 1520 Ergo
2807 1451 2905 1505 ille
2937 1452 3227 1521 Evangelii
3273 1452 3484 1506 vindex
3540 1451 3815 1521 ignorabat

2193 1534 2266 1573 un
2279 1535 2368 1574 um
2389 1523 2720 1590 episcopum
2735 1536 2857 1577 esse
2872 1530 3132 1591 oportere
3148 1525 3203 1576 in
3227 1522 3477 1576 Ecclesia
3494 1522 3811 1577 catholica.»

2193 1592 2258 1644 Et
2285 1591 2345 1644 in
2375 1592 2552 1647 altera
2582 1594 2714 1647 data
2742 1595 3024 1662 Cypriano
3054 1611 3065 1646 :
3099 1613 3123 1642 α
3175 1595 3287 1649 Nec
3312 1595 3463 1647 enim
3501 1596 3813 1655 ignoramus

2194 1675 2370 1716 unum
2400 1664 2576 1718 Deum
2606 1677 2750 1734 esse,
2793 1678 2967 1719 unum
3022 1664 3315 1719 Christum
3351 1678 3476 1719 esse
3503 1664 3808 1730 Dominum,

2194 1744 2359 1801 quem
2409 1734 2654 1790 confessi
2705 1749 2924 1795 sumus.
2983 1749 3161 1790 unum
3217 1736 3502 1804 Spiritum
3558 1742 3811 1793 sanctum.

2193 1816 2369 1857 unum
2402 1806 2734 1874 episcopum
2756 1806 2812 1860 in
2841 1806 3122 1861 catholica
3142 1807 3389 1861 Ecclesia
3412 1820 3542 1861 esse
3568 1806 3771 1859 debere.
3790 1823 3810 1851 ι

2187 1873 2316 1948 Mox
2345 1876 2413 1930 ad
2441 1873 2563 1931 rem
2593 1884 2844 1931 nostram
2877 1878 2962 1931 sic
2995 1877 3052 1931 in
3086 1878 3419 1948 Novatianis
3448 1876 3691 1948 sugillat
3716 1876 3814 1943 opi-

2190 1947 2439 2017 nionem,
2457 1948 2837 2017 auditumque
2861 1949 2930 2002 de
2954 1947 3180 2015 bicipiti
3215 1949 3402 2017 capite
3423 1947 3807 2003 commentum.

2192 2035 2218 2066 α
2262 2014 2405 2070 Dum
2436 2014 2767 2086 episcopum
2801 2018 2913 2073 sibi
2948 2014 3375 2076 constituit.'et
3404 2028 3609 2073 contra
3639 2031 3811 2072 sacra-

2192 2095 2442 2159 mentum
2473 2089 2645 2143 semel
2679 2090 2957 2144 traditum
2983 2090 3194 2145 divina
3219 2091 3655 2159 dispositionis,
3677 2097 3727 2143 et
3744 2101 3811 2140 ca-

2190 2157 2419 2214 tholica
2465 2161 2710 2217 unitatis
2755 2161 3103 2223 adulterum,
3154 2167 3210 2214 et
3256 2157 3615 2215 contrarium
3646 2157 3812 2226 caput

2189 2235 2349 2284 extra
2377 2231 2682 2286 Ecclesiam
2703 2230 2840 2285 fecit
2867 2250 2879 2285 :
2908 2232 2981 2285 Ea
3007 2234 3292 2287 communi
3321 2231 3587 2286 ﬁdelium
3617 2242 3808 2300 persua-

2190 2301 2354 2356 sione
2378 2304 2619 2357 enutriti
2644 2304 2883 2358 Romani
2907 2302 2964 2356 in
2992 2302 3448 2357 circoludentes.
3479 2304 3595 2357 etsi
3625 2305 3807 2370 inpar-

2191 2380 2276 2426 tes
2311 2372 2509 2441 divisi,
2552 2388 2681 2429 cum
2741 2374 2991 2428 edictum
3038 2373 3334 2440 imperiale
3388 2374 3681 2439 audirent,
3718 2383 3811 2439 quo

2192 2444 2428 2513 utrique
2470 2446 2617 2513 parti
2645 2451 2747 2499 aut
2780 2444 3063 2510 Liberius,
3096 2452 3196 2497 aut
3226 2444 3383 2499 Felix
3419 2445 3679 2511 daretur,
3707 2455 3813 2496 con-

2190 2527 2329 2568 sona
2386 2528 2538 2585 voce,
2583 2515 2982 2585 simultatibus
3020 2515 3301 2583 depositis
3347 2529 3417 2569 ex
3457 2516 3810 2574 Theodoram,

2188 2586 2337 2639 Ilist.
2368 2584 2533 2640 Eccl.
2562 2585 2601 2640 Ι.
2635 2600 2696 2652 Il,
2742 2600 2788 2640 c.
2842 2584 2926 2653 47,
2960 2587 3396 2641 conclamarunt
3426 2604 3438 2639 :
3484 2588 3637 2640 Unus
3671 2588 3811 2641 Deus,

2186 2671 2330 2709 unus
2342 2656 2609 2718 Christus,
2625 2674 2767 2711 unus
2795 2659 3092 2726 episcopus.
3123 2658 3338 2711 Exinde
3354 2658 3404 2711 si
3422 2656 3540 2711 alia
3561 2658 3813 2719 deessent,

2192 2727 2295 2780 hoc
2315 2742 2489 2781 unum
2518 2726 2810 2783 coliectori
2831 2728 2966 2783 libri
2994 2727 3347 2783 Pontiﬁt'alis
3362 2727 3660 2795 debemus,
3685 2727 3811 2795 quod

2189 2801 2561 2853 reservaverit
2605 2800 2984 2854 Romanorum
3021 2798 3352 2868 pontiﬁcum
3406 2812 3640 2861 seriem,
3682 2810 3739 2850 ac
3765 2796 3813 2848 in

2186 2869 2456 2925 cathedra
2488 2871 2637 2925 Petri
2664 2870 3090 2925 succedentium
3123 2871 3529 2939 episcoporum
3562 2870 3813 2929 ordinem,

2189 2954 2315 3008 qua
2341 2942 2587 3013 priorem
2616 2955 2759 3013 vera
2790 2941 3055 2996 Ecclesia
3088 2942 3277 2995 dotem
3308 2940 3608 2995 exhibent.
3631 2941 3693 3013 Si
3707 2950 3815 3013 vero

2189 3007 2534 3080 quandoque
2576 3007 2763 3067 Patres
2794 3026 2924 3067 cum
2970 3014 3128 3067 I’etro
3167 3014 3499 3066 societatem
3547 3011 3698 3066 Pauli
3725 3007 3817 3062 ad—

2189 3083 2354 3149 dunt,
2392 3082 2445 3136 id
2494 3083 2932 3154 intelligendum
2963 3084 3035 3137 de
3077 3082 3350 3137 societate
3383 3080 3813 3154 pradicationis,

2111 3144 2156 3201 (ἶ
2191 3166 2304 3206 non
2335 3144 2635 3208 cathedra.
2671 3144 2829 3222 Quod
2854 3154 3204 3208 adnotaruut
3227 3144 3547 3208 Eutherius
3570 3154 3817 3222 Thianenj

2190 3225 2276 3278 sis
2295 3231 2350 3278 et
2367 3218 3054 3292 HelladiusTharsiensis,
3072 3225 3215 3294 quia
3235 3224 3476 3278 Joannis
3494 3218 3815 3294 Antiocheni

2191 3296 2474 3349 sententia
2505 3296 2891 3365 depositionis
2922 3300 2978 3350 in
3013 3293 3136 3364 ipso
3168 3295 3281 3350 lata
3322 3296 3393 3348 ob
3420 3293 3815 3350 contumaciam

2194 3368 2253 3420 in
2286 3367 2593 3421 schismate
2622 3368 2896 3421 adversus
2921 3375 3179 3420 sanctum
3211 3366 3486 3435 Cyrillum
3526 3368 3598 3421 ad
3625 3368 3815 3435 Sixtum

2191 3436 2562 3506 appellantes,
2592 3439 2670 3492 ita
2703 3438 2962 3493 scribunt
2996 3439 3051 3491 in
3075 3428 3351 3506 synodico
3368 3437 3625 3499 Cassin.,
3648 3451 3694 3491 c.
3718 3428 3814 3497 407,

2196 3504 2322 3579 pag.
2367 3504 2514 3563 250;
2549 3528 2574 3559 (ί
2603 3509 2918 3563 Imitamini
2960 3516 3015 3563 et
3042 3504 3306 3578 magnum
3359 3508 3600 3575 pietatis
3632 3518 3817 3576 praco—

2198 3592 2354 3654 item,
2369 3580 2674 3654 oraculum
2698 3581 2894 3635 mundi
2927 3593 3129 3648 ;quem
3172 3593 3275 3633 nos
3304 3587 3366 3634 ut
3399 3580 3616 3654 pignus
3646 3580 3817 3654 habere

2196 3648 2620 3705 familiaritatis
2652 3659 2858 3706 nostra
2883 3664 3017 3720 erga
3049 3656 3290 3704 vestram
3322 3648 3624 3705 credimus
3644 3648 3818 3703 sancti-

2197 3726 2389 3775 tatem.
2420 3723 2576 3777 tlivis
2605 3724 2756 3778 enim
2788 3729 2981 3778 noster
3008 3724 3282 3787 existens,
3314 3734 3510 3775 errore
3543 3723 3714 3776 totius
3737 3730 3819 3771 or—

2197 3791 2288 3845 bis
2310 3793 2613 3861 exstincto,
2628 3794 2806 3867 illius
2816 3793 3152 3867 apostolica
3175 3793 3268 3847 sed
3281 3795 3331 3847 is
3353 3790 3551 3867 factus
3568 3800 3653 3847 est
3671 3800 3820 3867 orna-

2198 3870 2473 3932 mentum,
2502 3872 2559 3919 et
2578 3879 2609 3919 a
2627 3864 2790 3919 beato
2814 3865 2976 3918 Petro
2997 3865 3255 3918 dextram
3277 3864 3585 3918 societatis
3611 3864 3817 3926 accepit.

2198 3944 2261 3989 ut
2301 3944 2600 4003 appareret
2624 3936 2710 4009 ab
2744 3938 3007 4009 utrisque
3036 3949 3251 4009 aquam
3280 3932 3821 4009 subtilitatem‘dog-

2197 4011 2405 4060 matam
2435 4008 2741 4062 custodiri.
2777 4025 2802 4057 »
2835 4006 2957 4076 Quo
3001 4019 3171 4060 sensu
3204 4006 3470 4075 loquitur
3493 4004 3754 4061 Gelasius
3776 4004 3824 4054 in

2197 4090 2303 4132 suo
2343 4079 2411 4132 de
2436 4079 2622 4133 sacris
2649 4078 2818 4133 libris
2844 4079 3091 4144 decreto,
3125 4084 3180 4131 et
3207 4076 3309 4131 alii
3349 4079 3567 4131 Patres.

2268 4149 2660 4203 Antiochenus.
2693 4152 2738 4204 Α
2774 4149 2949 4203 nriori
2995 4148 3317 4202 Antiochia
3356 4149 3638 4210 sessione,
3672 4156 3824 4209 mora,

2196 4225 2254 4296 et
2269 4220 3054 4296 episcopa.uappellationem
3076 4218 3298 4296 habuit.
3315 4220 3492 4273 sicuti
3514 4220 3830 4296 Redemptor

2198 4294 2523 4345 Nazarenus
2561 4293 2756 4347 dictus
2802 4306 2835 4347 a
2873 4291 3235 4346 diuturniori
3286 4304 3462 4345 mora.
3501 4290 3827 4347 Antiocheni

2200 4362 2407 4418 exinde
2431 4364 2768 4430 patriarcha
2788 4363 3167 4433 episcopalem
3186 4362 3470 4432 originem
3495 4376 3526 4416 a
3556 4366 3713 4418 Petro
3737 4359 3831 4433 tle-

2201 4432 2568 4489 ducebantex
2592 4430 2909 4505 Fulgent'io',
2941 4430 3043 4488 lib.
3070 4447 3083 4486 I
3110 4432 3180 4487 de
3201 4430 3360 4487 Trin.
3391 4454 3403 4487 :
3444 4454 3470 4483 ‹‹
3504 4434 3665 4488 Illam
3686 4431 3828 4486 tidem

2116 4529 2169 4587 ι)
2200 4505 2367 4560 corde
2383 4504 2792 4587 sincerissima
2816 4507 3241 4587 mentituanos
3259 4504 3405 4587 velle
3422 4512 3730 4587 notescere,
3750 4512 3832 4587 per

2200 4589 2369 4645 quam
2386 4576 2689 4643 justiﬁcati
2710 4584 2845 4632 sunt
2868 4576 3225 4645 patriarcha,
3249 4576 3557 4643 propheta,
3580 4571 3831 4644 apostoli,

2203 4656 2479 4716 martyres
2529 4649 2810 4717 coronati,
2860 4661 3026 4717 quam
3064 4647 3340 4700 hactenus
3389 4660 3486 4714 per
3519 4654 3699 4701 totum
3743 4658 3831 4699 or-

2203 4720 2325 4774 bem
2372 4727 2566 4774 sancta
2618 4726 2771 4775 tenet
2818 4718 3091 4773 Ecclesia.
3142 4717 3277 4791 Qua
3327 4719 3703 4791 usqueihunc
3749 4724 3831 4791 per

2203 4791 2633 4847 successionum
2687 4792 2891 4844 seriem
2952 4792 3010 4844 in
3068 4784 3336 4843 cathedra
3398 4784 3550 4843 Petri
3605 4784 3829 4857 apostoli

2203 4863 2411 4927 Roma,
2460 4861 2546 4917 vel
2594 4861 2932 4928 Antiochia,
2978 4861 3035 4915 in
3085 4859 3355 4914 cathedra
3398 4860 3574 4914 Marci
3604 4869 3831 4926 evange—

2204 4934 2444 4989 lista....
2473 4934 2545 4988 ab
2568 4933 2713 5000 ipsis
2737 4932 3026 5001 episcopis
3054 4931 3422 4999 pradicatur.
3449 4947 3477 4978 ››
3507 4931 3586 4984 Ex
3610 4943 3719 4999 qua
3738 4940 3834 4982 ses-

2204 5006 2367 5060 sione
2403 5004 2681 5071 civitatis,
2723 5008 2779 5057 et
2817 5003 3100 5057 cathedra
3131 5001 3531 5055 excellentiam
3558 5002 3834 5071 deducunt

2203 5077 2568 5145 Chcysostom
2581 5090 2644 5129 us
2672 5067 2730 5128 et
2748 5073 3137 5145 Theodoretus
3161 5090 3172 5125 :
3193 5070 3301 5145 ille
3320 5072 3352 5126 d
3366 5086 3459 5145 uim
3485 5072 3542 5125 in
3563 5074 3618 5125 S.
3642 5067 3833 5145 Ignatii

2208 5141 2475 5215 martyris
2519 5147 2779 5199 encomio
2810 5145 2928 5199 hac
2977 5143 3263 5198 adnectit:
3304 5163 3328 5193 ‹‹
3380 5141 3738 5215 Quanquam,
3786 5142 3837 5215 et

2206 5209 2491 5286 pracipua
2522 5217 2634 5270 Deo
2665 5217 2901 5285 hujusce
2943 5215 3202 5269 civitatis
3231 5227 3366 5286 cura
3400 5213 3534 5281 fuit,
3568 5209 3654 5286 id
3676 5209 3835 5280 quod,

2204 5283 2259 5342 et
2292 5303 2348 5343 re
2382 5283 2505 5357 ipsa
2538 5287 2699 5355 plene
2726 5283 3058 5342 declaravit.
3082 5284 3380 5353 Siquidem
3409 5288 3516 5358 toti
3535 5283 3660 5337 orbi
3683 5290 3836 5358 terra:

2208 5374 2333 5414 rum
2374 5373 2501 5415 eum
2549 5372 2712 5427 quem
2751 5357 3003 5428 prafecit
3038 5358 3293 5428 Petrum,
3326 5357 3421 5410 cui
3452 5356 3635 5428 claves
3686 5356 3833 5421 regni

2205 5431 2478 5487 calorum
2532 5426 2926 5501 deditgcujus
2969 5426 3217 5483 arbitrio
3263 5433 3318 5480 et
3349 5426 3617 5495 potestati
3644 5429 3837 5501 cuncta

2209 5502 2489 5570 permisit,
2523 5501 2675 5555 hunc
2700 5500 2778 5554 ibi
2804 5500 2975 5565 longo
3007 5501 3459 5566 temporejassit
3488 5506 3836 5570 commorari.

2201 5564 2576 5641 Quamobrem
2609 5573 2871 5626 universo
2893 5564 3025 5642 orbi
3057 5564 3330 5623 ex‘altera
3362 5575 3519 5636 parte
3550 5564 3839 5642 reSpondet

2201 5637 2406 5697 civitas
2437 5650 2647 5697 nostra.
2695 5660 2720 5691 »
2769 5641 3160 5697 Theodoretus
3218 5654 3344 5693 vero
3402 5653 3529 5713 cum
3588 5637 3835 5713 Dioscuri

2200 5714 2480 5769 ambitum
2504 5715 2739 5780 videret,
2763 5728 2878 5784 quo
2901 5713 3212 5784 primatum
3233 5713 3290 5784 in
3315 5711 3548 5784 Oriente
3569 5706 3686 5784 sibi
3706 5706 3833 5784 viii—

2199 5784 2554 5853 dicabat,,ita
2575 5775 2864 5852 Flaviano,
2888 5775 3058 5857 épist.
3085 5779 3172 5849 44,
3198 5782 3384 5850 primo
3416 5778 3619 5836 scribit
3652 5794 3665 5829 :
3695 5796 3720 5825 α
3746 5775 3837 5827 llic
