3994 6172
202 314 347 372 4017

1102 320 1420 377 HISTORIA
1456 322 1546 379 DE
1582 324 1757 379 VITIS
1794 322 1959 380 ROM.
2003 323 2200 379 PONT.
2228 355 2302 364 —
2327 325 2384 379 S.
2430 325 2705 381 PETRUS.

3496 327 3635 385 1048

194 439 1477 516 veroDioscorusAlexandrinuslegibusistis
1499 444 1863 514 acquiescere
1896 445 1953 505 A
1973 443 2146 499 liores
2177 445 2303 513 ipso
2336 445 2697 514 exstiterant,
2746 446 3269 516 instituere,'nov:e
3297 452 3483 503 autem
3522 447 3634 503 do-

195 524 312 565 non
344 510 489 578 vult,
520 512 613 566 sed
676 525 927 579 rursum,
957 527 1022 568 ac
1065 510 1332 569 deorsum
1369 516 1517 570 beati
1556 510 1728 570 Marci
1766 528 1862 569 se-—

186 581 325 657 dem
354 584 626 657 ostendit,
654 583 826 657 idque
860 598 988 639 cum
1023 584 1248 655 liquido
1282 586 1567 653 intelligat
1603 598 1859 657 magnam

188 651 494 726 civitatem
542 651 951 726 Antiochenam
996 651 1183 726 magni
1216 658 1366 711 Petri
1412 651 1599 712 sedem
1635 651 1859 723 habere,

188 724 297 796 qui
323 722 475 778 beati
496 725 669 779 Marci
693 725 960 795 magister
983 722 1124 794 erat,
1166 726 1446 796 chorique
1474 727 1861 796 apostolorum

190 793 472 864 princeps
501 800 557 849 et
586 793 941 865 coryplireus.
965 793 1170 851 Verum
1214 811 1318 853 nos
1346 793 1866 854 Sedis'sublimita—

188 871 304 938 tem
342 867 632 938 novimus,
663 880 767 920 nos
794 867 951 935 ipsos
976 881 1106 922 vero
1149 873 1204 922 et
1224 870 1643 938 cognoscimus,
1676 876 1732 924 et
1760 881 1864 922 me-

184 936 398 1008 timur.
414 954 448 1008 γ»
480 935 602 1004 Quo
653 950 826 993 sensu
852 939 1256 994 Innocentius!
1281 935 1520 1008 scripsit
1542 939 1864 995 Alexandro

183 1006 577 1075 Antiocheno,
621 1010 722 1081 qui
766 1009 835 1062 ad
892 1009 1102 1063 monita
1139 1006 1429 1078 pontiﬁcia
1472 1010 1858 1081 Chrysostomi

182 1090 429 1131 causam
464 1078 730 1133 tuendam
761 1085 1123 1147 susceperat:
1153 1101 1178 1131 α
1210 1082 1565 1137 Antiochena
1591 1078 1864 1136 'Ecclesia

185 1147 357 1202 velut
384 1148 666 1203 Germana
690 1151 956 1204 Romana:
984 1150 1254 1205 Ecclesia:
1270 1154 1370 1206 diu
1399 1151 1471 1206 ab
1502 1152 1692 1207 eadem
1729 1151 1865 1205 alie-

188 1231 326 1272 nam
362 1232 423 1273 se
446 1232 570 1273 esse
619 1232 788 1292 passa
832 1234 944 1275 non
988 1228 1091 1275 est.
1127 1224 1267 1277 Nam
1301 1223 1495 1277 missis
1530 1222 1734 1292 legatis
1783 1222 1864 1275 ita

184 1303 386 1357 pacem
446 1288 761 1359 postulavit
797 1296 853 1345 et
886 1292 1113 1357 meruit,
1151 1299 1214 1347 ut
1240 1293 1477 1347 Joannis
1503 1288 1711 1347 salicta;
1742 1304 1864 1346 me—

191 1360 402 1414 moria:
450 1360 536 1415 vel
590 1362 854 1427 clericos,
905 1362 990 1417 vel
1046 1362 1225 1418 laicos
1260 1365 1318 1417 in
1362 1377 1538 1418 unum
1569 1363 1866 1433 colligeret

184 1436 373 1500 atque
400 1442 791 1502 congregaret.
823 1451 849 1480 ιο

259 1520 455 1574 Linete
497 1516 551 1574 3.
601 1550 669 1558 —
717 1522 816 1575 Hic
860 1521 1053 1574 Petrus
1098 1523 1374 1587 ingressus
1425 1523 1485 1574 in
1523 1522 1705 1574 urbem
1749 1522 1863 1574 Ro-

181 1606 359 1643 mam.
424 1588 655 1661 Gravis
706 1598 903 1645 exorta
948 1597 1035 1646 est
1102 1592 1447 1661 disceptatio
1501 1593 1571 1647 de
1613 1593 1860 1647 adventu

184 1664 253 1712 s.
288 1661 443 1715 Petri
480 1662 534 1714 in
572 1660 794 1729 Urbem,
824 1668 880 1716 et
909 1661 979 1716 de
999 1675 1170 1722 anno.
1205 1660 1379 1717 sieuti
1420 1663 1614 1724 etiam,
1637 1675 1709 1717 an
1744 1676 1858 1717 un-

183 1744 367 1797 quam
398 1734 455 1785 iu
487 1731 632 1786 Urbe
656 1732 850 1786 fuerit.
884 1733 1222 1788 Heterodoxi
1251 1739 1382 1787 ante
1411 1733 1690 1788 Lactantii
1728 1732 1854 1787 vul—

1971 516 2171 571 ctrinte
2204 516 2573 585 patrocinari.
2611 534 2637 565 ιο

2042 588 2400 654 Evangelium
2445 588 2639 640 Marci.
2681 587 2761 640 De
2813 586 2986 641 istius
3013 588 3143 643 nodi
3201 588 3634 644 confirmatione

1975 656 2234 727 loquitur
2270 658 2550 713 Eusebius
2595 658 2631 711 l.
2672 671 2735 725 ll,
2768 671 2797 711 c
2874 655 2959 721 45,
2992 671 3057 713 ex
3106 660 3450 713 auctoritate
3500 659 3635 714 Cle—

1978 729 2185 782 mentis
2236 730 2391 784 Rom.
2457 736 2514 783 et
2578 729 2978 794 Alexandrini,
3028 736 3083 783 et
3126 730 3331 798 Papiae,
3382 729 3518 784 dum
3564 730 3635 785 de

1976 799 2283 869 Evangelio
2330 801 2527 855 Marci.
2562 820 2587 850 (ι
2625 797 2784 865 Quod
2830 812 2958 853 cum
3010 797 3217 855 Petrus
3259 813 3356 869 per
3412 799 3636 855 revela—

1974 869 2186 924 tionem
2226 870 2481 939 Spiritus
2519 870 2702 925 sancti
2752 871 3133 940 cognovisset,
3184 869 3503 925 delectatus
3533 884 3635 924 ar—

1971 941 2127 994 denti
2166 942 2461 996 hominum
2490 941 2688 996 studio
2712 939 2924 995 librum
2956 941 3119 996 illum
3153 942 3499 996 auctoritate
3529 955 3635 996 sua

1973 1013 2369 1082 comprobasse
2393 1012 2633 1079 dicitur,
2659 1018 2723 1066 ut
2742 1011 3013 1080 deinceps
3038 1011 3098 1065 in
3126 1012 3377 1066 Ecclesia
3408 1011 3633 1082 legere-

1975 1090 2087 1136 tur.
2121 1081 2386 1138 Refertur
2414 1083 2469 1138 id
2501 1096 2533 1136 a
2560 1082 2845 1136 Clemente
2894 1081 2953 1136 in
2981 1097 3032 1135 Vl
3065 1082 3505 1137 Institutionum
3550 1081 3634 1136 li-

1972 1151 2094 1207 bro.
2124 1154 2229 1208 Cui
2281 1153 2445 1208 testis
2474 1153 2645 1207 etiam
2671 1153 2893 1208 accedit
2923 1153 3124 1221 Papias
3162 1152 3633 1222 Hierapolitanus

1970 1236 2295 1292 episcOpus.
2327 1243 2352 1273 ι)

2044 1296 2213 1349 Linea
2257 1293 2311 1349 8.
2370 1324 2445 1335 —
2501 1296 2884 1348 Testimonium
2945 1295 3086 1362 ejus.
3156 1295 3251 1349 hoc
3327 1298 3407 1348 est
3460 1295 3626 1360 Petri,

1972 1367 2190 1431 ﬁrmata
2214 1370 2362 1419 sunt.
2402 1366 2724 1435 Legendum
2759 1379 2887 1420 cum
2924 1365 3062 1420 aliis
3106 1366 3270 1420 codd.
3304 1365 3623 1435 testimonio.

1974 1436 2166 1503 Neque
2216 1436 2271 1491 id
2326 1434 2616 1504 perperam
2658 1436 2900 1500 dictum,
2938 1437 3074 1491 dum
3110 1436 3282 1505 hujus
3308 1434 3626 1490 testimonii

1972 1506 2219 1560 exhibiti
2257 1507 2562 1562 indubium
2595 1513 2793 1561 testem
2844 1506 3118 1562 habemus
3146 1504 3198 1561 S.
3232 1506 3490 1571 Paulum,
3526 1504 3628 1574 qui

1969 1590 2001 1628 a
2035 1575 2198 1632 falsis
2250 1576 2530 1632 fratribus
2559 1585 2881 1646 accusatus,
2916 1584 2971 1632 et
3009 1578 3240 1647 quidem
3271 1591 3341 1632 ex
3378 1577 3632 1646 Spiritus

1968 1648 2150 1701 sancti
2186 1648 2529 1703 revelatione
2562 1648 3004 1715 Hierosolymam
3036 1649 3204 1712 adiit,
3263 1654 3329 1703 ut
3372 1648 3632 1717 Evange-

1968 1717 2112 1771 lium
2136 1720 2307 1773 etiam
2335 1732 2464 1773 cum
2490 1720 2650 1773 Petro
2677 1717 2983 1787 conferret,
3011 1725 3074 1773 ut
3120 1718 3328 1773 scribit
3356 1719 3425 1773 ad
3451 1717 3630 1771 Galae

178 1789 389 1923 gutum
417 1803 760 1870 Opusculum
779 1803 849 1857 de
873 1804 1155 1859 mortibus
1179 1810 1604 1873 persecutorum
1628 1817 1857 1866 prorue-
1889 1796 1977 1873 ΒΔ

224 1879 330 1923 ant
364 1872 424 1923 in
468 1874 797 1923 Opinionem
828 1877 1167 1923 negativam-
1197 1889 1262 1923 ac
1311 1874 1580 1923 ﬁctitium
1613 1876 1759 1923 Petri
1796 1875 1855 1923 in
1964 1876 1977 1911 ί

1976 1796 2054 1842 las
2076 1803 2122 1842 c.
2176 1803 2213 1844 ιι
2246 1807 2259 1843 :
2313 1789 2554 1843 Ascendi
2588 1793 2768 1842 autem
2800 1790 3098 1843 secundum
3143 1791 3545 1856 reuelationem,
3578 1791 3630 1841 et

1976 1860 2172 1912 tantuli
2208 1875 2329 1913 cum
2344 1863 2478 1923 ipsis
2520 1860 2891 1923 Evangelium.
2927 1861 3003 1914 De
3034 1874 3146 1923 qua
3169 1860 3477 1915 collatione
3511 1860 3628 1913 haec

224 1879 330 1945 ant
364 1872 424 1927 in
468 1874 797 1945 opinionem
827 1872 1262 1945 negativam,ac
1311 1874 1581 1929 ﬁctitium
1613 1876 1759 1929 Petri
1796 1875 1855 1945 in

181 1942 399 1997 Urbem
430 1944 736 1999 adventum
798 1942 1250 2013 propugnabant.
1298 1946 1504 2000 Verum
1549 1952 1676 2013 post
1721 1944 1859 1999 vul—

182 2021 388 2081 gatum
419 2029 447 2069 a
483 2014 719 2069 Balusio
774 2016 1058 2070 Lactantii
1110 2016 1407 2071 laudatum
1441 2030 1588 2084 opus
1619 2016 1851 2069 nonnisi

183 2084 418 2139 insulse
442 2085 579 2140 huic
612 2087 837 2140 veritati
869 2084 1143 2157 refragari
1175 2095 1434 2155 possunt,
1459 2100 1559 2141 nec
1596 2087 1847 2141 audent:

177 2169 320 2210 cum
356 2157 685 2211 Lactantius
707 2157 788 2212 uti
806 2158 876 2212 de
895 2170 953 2211 re
976 2158 1348 2212 testatissima
1373 2158 1674 2226 loquatur;
1703 2170 1857 2211 cum-

178 2240 301 2297 que
332 2234 390 2281 et
419 2228 670 2294 suscepti
700 2228 892 2296 operis
920 2234 1343 2297 argumentum,
1372 2235 1428 2283 et
1456 2228 1748 2297 impensus
1780 2228 1855 2282 la-

176 2296 295 2351 bor
322 2297 379 2352 id
412 2304 605 2365 aperte
633 2298 952 2353 insinuent.
986 2296 1499 2354 Laclantius'enim
1538 2296 1684 2368 Opus
1707 2298 1851 2353 illud

178 2382 434 2451 exarare
465 2368 664 2433 voluit,
699 2369 1076 2451 Constantino
1098 2370 1300 2451 Magno
1330 2376 1637 2451 annuente,
1666 2371 1732 2422 ad
1766 2381 1859 2422 no-

176 2438 440 2494 biliores
463 2453 673 2509 agones
696 2443 1071 2494 recensendos
1090 2454 1157 2495 ex
1197 2438 1553 2495 immanitate
1586 2452 1859 2507 persecu-

184 2518 390 2564 torum
419 2510 847 2578 imperatorum,
877 2518 931 2565 et
959 2511 1160 2566 horum
1197 2512 1583 2565 miserandum
1614 2512 1855 2577 exitum,

177 2588 252 2635 ut
299 2582 436 2636 inde
481 2581 824 2636 Christianae
878 2581 1181 2651 religionis
1205 2582 1499 2636 veritatem
1526 2588 1750 2636 erueret
1788 2593 1858 2635 ex

180 2652 503 2720 reportatis
532 2652 847 2720 triumphis
886 2659 942 2706 et
981 2661 1351 2722 tyrannorum
1390 2652 1855 2721 persequentium

178 2735 379 2792 poena.
406 2722 767 2776 Constantini
801 2736 903 2790 ope
937 2723 1164 2791 publica
1201 2723 1609 2778 commentaria
1654 2722 1859 2776 invisit

180 2801 246 2847 et
279 2793 675 2861 perlustravit,
704 2794 912 2849 exinde
931 2808 1058 2849 cum
1082 2794 1152 2849 de
1176 2795 1323 2848 Petri
1355 2801 1410 2848 et
1431 2793 1592 2848 Pauli
1620 2792 1678 2846 in
1711 2792 1859 2846 Urbe

185 2876 375 2930 mora,
410 2873 466 2917 et
494 2864 741 2919 Neronis
769 2864 826 2918 in
870 2865 1028 2932 ipsos
1068 2867 1467 2933 persecutione
1510 2870 1770 2928 testetur,
1802 2868 1859 2917 et

185 2936 431 3004 quidem
455 2934 801 2989 Christianae
828 2934 1137 3005 religionis
1167 2941 1465 2990 veritatem
1492 2941 1854 3005 ostensurus,

181 3003 360 3059 siuti
415 3005 485 3060 de
534 3019 594 3059 re
640 3003 969 3059 certissima
995 3006 1269 3075 loquatur
1314 3008 1384 3061 de
1412 3006 1560 3060 Petri
1590 3013 1648 3059 et
1694 3003 1855 3058 Pauli

182 3076 473 3145 martyrio
507 3094 519 3129 :
570 3081 627 3130 et
670 3077 1049 3132 multitudine
1075 3077 1536 3132 Christianorum
1572 3090 1669 3144 per
1701 3075 1856 3143 ipsos

182 3160 625 3212 conversorum,
688 3147 746 3200 in
800 3155 1089 3216 p0sterum
1133 3161 1246 3203 rem
1303 3147 1734 3202 testatissimam
1795 3148 1854 3198 in

180 3217 438 3272 dubium
456 3230 720 3272 revocare
739 3218 1165 3287 ineptissimum
1179 3219 1528 3273 censebitur.
1554 3216 1856 3271 Exstitisse

186 3288 314 3341 haec
358 3296 666 3358 martyrum
702 3288 809 3343 sub
840 3291 1059 3344 Nerone
1082 3291 1553 3357 interemptorum
1576 3299 1856 3341 commen-

182 3361 345 3413 taria
366 3365 520 3413 certo
551 3360 828 3428 supponit
873 3360 1266 3415 Tertullianus
1297 3374 1344 3414 c.
1375 3358 1426 3414 ὃ.
1479 3360 1614 3413 dum
1646 3363 1702 3411 et
1734 3359 1856 3425 ipse

184 3432 249 3483 in
270 3429 643 3500 Apologetico
658 3431 1110 3499 disputationem
1129 3431 1380 3498 suscipit
1397 3428 1854 3500 etdefensionem

184 3498 523 3569 religionis,
551 3514 680 3554 cum
731 3498 816 3555 sic
864 3508 1058 3570 gentes
1102 3501 1447 3569 compellat:
1491 3521 1512 3550 κ
1558 3498 1857 3554 Consulite

184 3572 639 3626 commentarios
666 3580 904 3628 vestros.
939 3572 1065 3626 illic
1106 3572 1404 3641 reperietis
1449 3571 1695 3639 primum
1738 3570 1856 3621 Ne—

188 3655 393 3696 ronem
429 3642 487 3695 in
521 3642 665 3696 hanc
690 3650 896 3698 sectam
932 3650 1052 3698 tum
1088 3644 1335 3697 maxime
1362 3643 1549 3695 Roma:
1575 3642 1852 3693 orientem

184 3714 511 3767 czesariano
539 3713 730 3782 gladio
759 3712 1049 3769 ferocisse.
1075 3714 1181 3768 Sed
1211 3713 1313 3767 tali
1344 3712 1673 3767 dedicatore
1701 3709 1856 3764 dam-

190 3783 455 3838 nationis
484 3790 691 3839 nostrte
715 3786 888 3839 etiam
920 3784 1265 3856 gloriamur.
1308 3802 1334 3833 ι)

265 3872 441 3926 Linea
471 3868 523 3925 4.
568 3901 638 3927 τ-
682 3873 874 3941 Ibique
925 3873 1067 3926 sedit
1118 3872 1432 3925 cathedram
1488 3873 1853 3939 episcopatus-

186 3943 516 4005 Legemlum
543 3942 666 3997 cod.
695 3944 825 4011 Reg.
856 3943 1139 3997 cathedra.
1172 3944 1590 4011 Correspondet
1634 3948 1856 4011 marty—

190 4014 480 4083 rologium
508 4029 578 4067 xv
606 4014 731 4068 Kal.
760 4013 912 4069 Feb.
940 4014 1201 4068 cathedra
1233 4016 1296 4069 S.
1335 4015 1499 4079 Petri,
1534 4013 1595 4065 id
1622 4018 1698 4066 est
1728 4015 1854 4081 cpi-

187 4091 468 4153 scopatus.
498 4084 820 4154 Cyprianus
848 4087 1079 4154 pariter.
1113 4086 1212 4154 qui
1250 4086 1417 4153 juxta
1464 4090 1722 4139 vetustos
1747 4098 1851 4138 co-

188 4157 356 4211 dices
385 4156 451 4208 de
480 4160 688 4209 unitate
708 4157 1051 4225 opusculum
1079 4157 1455 4224 iuscripserat
1479 4176 1489 4208 :
1515 4157 1590 4209 De
1608 4156 1853 4221 singula-

188 4230 360 4280 ritate
396 4227 684 4294 cathedrae,
718 4228 789 4282 de
833 4241 945 4297 qua
988 4228 1137 4281 inter
1176 4233 1374 4281 caetera
1409 4226 1615 4293 habet,
1658 4246 1683 4275 α
1720 4227 1853 4279 Pri-

195 4307 389 4352 matus
421 4300 580 4353 Petro
627 4299 819 4364 datur,
856 4306 920 4352 ut
953 4312 1064 4353 una
1105 4298 1322 4352 Christi
1356 4297 1628 4362 Ecclesia,
1660 4302 1715 4350 et
1749 4308 1853 4350 ca-

192 4369 399 4423 thedra
433 4382 544 4423 una
577 4375 946 4424 monstretur.
991 4387 1017 4418 ι)
1045 4368 1167 4437 Quo
1207 4383 1380 4423 sensu
1412 4369 1586 4423 etiam
1614 4367 1851 4435 scripsit

190 4440 367 4509 epist.
400 4437 460 4494 51
503 4458 514 4494 :
552 4460 578 4492 (ι
610 4440 755 4494 Petri
799 4440 1147 4502 cathedram,
1179 4447 1236 4494 et
1261 4439 1569 4493 Ecclesium
1627 4439 1850 4507 princi-

195 4511 405 4579 palem,
438 4512 587 4566 unde
618 4512 812 4566 unitas
842 4511 1218 4565 sacerdotalis
1234 4517 1428 4566 exorta
1454 4516 1559 4564 est.
1588 4527 1613 4558 »
1641 4510 1854 4564 Conci-

192 4586 288 4636 nit
311 4586 554 4649 Uptatus
581 4601 593 4635 :
626 4603 650 4631 α
681 4582 833 4636 Βοηο
864 4582 1107 4636 unitatis
1129 4582 1330 4636 beatus
1349 4583 1567 4640 Petrus,
1591 4582 1687 4636 cui
1712 4580 1855 4635 satis

188 4659 341 4723 erat,
373 4653 423 4705 si
452 4661 747 4723 postquam
783 4653 1027 4722 negavit.
1057 4652 1237 4707 solam
1267 4652 1488 4706 veniam
1533 4664 1857 4723 conseque—

192 4722 362 4778 retur
400 4741 413 4776 :
438 4730 493 4777 et
516 4722 770 4793 praeferri
799 4723 1079 4792 apostolis
1100 4722 1370 4777 omnibus
1394 4722 1623 4790 meruit,
1655 4730 1712 4776 et
1732 4722 1859 4793 cla—

190 4808 295 4849 ves
336 4795 493 4864 regni
520 4792 822 4850 caelorum
876 4794 1378 4849 communicandas
1420 4793 1665 4862 caeteris,
1699 4792 1860 4847 solus

198 4865 445 4932 accepit.
480 4886 507 4914 ι)

270 4973 447 5027 Linea
478 4971 528 5027 6.
564 5002 634 5011 —
689 4972 817 5037 Qua:
865 4972 1146 5026 catholica
1201 4972 1579 5025 nominantur.
1632 4969 1863 5026 Titulus

191 5046 419 5114 scripto
441 5043 619 5099 alicui
642 5045 893 5098 traditus
916 5042 1223 5098 denotabat
1246 5043 1626 5114 dOgmaticam
1653 5048 1863 5114 aucto-5

194 5112 493 5170 ritativam
559 5115 1010 5169 institutionem.
1058 5114 1202 5169 Hinc
1255 5112 1465 5168 saeculo
1518 5112 1860 5181 proximiori

191 5186 533 5241 Themision
575 5199 715 5240 nova
774 5185 1240 5255 cataphrigarum
1276 5184 1483 5252 placita
1518 5197 1858 5253 proponens,

193 5258 501 5327 epistolam
530 5256 735 5323 edidit,
789 5263 847 5311 et
896 5256 1196 5311 catholica:
1243 5256 1416 5310 titulo
1450 5256 1754 5326 insignivit
1791 5268 1860 5311 ex

192 5326 515 5397 Apollonio
588 5327 822 5382 hzrresis
880 5326 1136 5395 ejusdem
1189 5327 1400 5381 celebri
1443 5333 1855 5397 Oppugnatore,

193 5406 336 5455 dum
376 5398 495 5452 htec
520 5398 899 5467 scribitapud
931 5399 1130 5452 Euseb.
1169 5398 1273 5453 lib.
1322 5412 1374 5463 v,
1419 5411 1468 5451 c.
1507 5397 1611 5451 ἅδε
1650 5417 1674 5447 ‹‹
1707 5398 1857 5451 Τιιθ-

195 5472 414 5525 mision
444 5468 703 5534 speciosa
727 5469 972 5523 avaritia
1002 5469 1316 5535 obvelatus,
1349 5470 1447 5538 qui
1474 5467 1855 5524 confessionis

194 5546 430 5609 signum
469 5553 579 5593 non
615 5539 875 5610 pertulit,
905 5541 1000 5594 sed
1036 5552 1235 5610 magna
1269 5539 1525 5608 pecunia:
1550 5539 1603 5592 vi
1626 5546 1855 5606 erogata

194 5611 434 5667 vincula
486 5611 692 5677 ahjecit
724 5629 735 5663 :
772 5624 901 5665 eum
958 5612 1028 5665 ob
1083 5625 1203 5666 eam
1249 5622 1476 5664 causam
1538 5611 1853 5664 modestius

194 5685 492 5751 deinceps,
539 5688 596 5736 et
649 5681 1001 5754 submissius
1060 5696 1225 5754 agere
1282 5680 1530 5754 deberet,
1583 5687 1852 5754 tanquam

200 5762 422 5823 martyr
465 5767 589 5809 sese
639 5752 897 5819 efferens,
930 5752 1119 5809 ausus
1158 5760 1245 5809 est
1281 5752 1539 5821 exemplo
1567 5752 1850 5821 Apostoli,

195 5825 530 5894 conscripta
560 5823 805 5893 epistola
824 5823 1131 5892 catholica,
1155 5837 1254 5879 eos
1291 5823 1547 5895 quidem,
1589 5824 1686 5894 qui
1714 5823 1850 5879 iide-

1882 3171 1932 3236 C

1964 1860 2172 1912 contuli
2208 1875 2329 1913 cum
2344 1863 2478 1929 ipsis
2520 1860 2891 1925 Evangelium.
2927 1861 3003 1914 De
3034 1874 3146 1930 qua
3169 1860 3477 1930 collatione
3511 1860 3628 1930 haec

1965 1931 2135 1984 Leoni
2160 1928 2996 2000 Magno’scribitTheodoretus
3023 1928 3194 1998 epist.
3223 1928 3345 1998 453,
3381 1935 3507 1998 post
3535 1928 3627 1982 Ia-

1965 2000 2246 2055 trocinale
2280 2001 2625 2069 Ephesinum
2652 2001 2907 2056 Dioscort
2938 2002 3240 2071 tyrannide
3264 2013 3572 2070 oppressus
3595 2011 3628 2054 a

1969 2071 2236 2138 pontiﬁce
2281 2072 2577 2141 suppetias
2620 2072 2857 2142 exigens
2913 2089 2926 2125 :
2982 2100 3005 2123 tt
3066 2073 3125 2128 Si
3181 2071 3393 2127 Paulus
3444 2082 3627 2140 prisco

1965 2143 2252 2214 veritatis,
2296 2143 2433 2197 tuba
2473 2143 2728 2211 Spiritus
2766 2143 2949 2198 sancti
3000 2144 3067 2198 ad
3100 2144 3365 2214 Magnum
3398 2143 3622 2196 Petrum

1965 2226 2027 2267 se
2051 2213 2321 2279 contulit,
2356 2221 2418 2268 ut
2452 2214 2530 2268 iis
2561 2218 2658 2283 qui
2688 2214 3009 2268 Antiochiae
3034 2215 3104 2269 de
3135 2213 3303 2283 legali
3335 2223 3620 2283 conversa-

1967 2284 2125 2337 tione
2168 2284 2552 2353 ambigebant,
2580 2281 3051 2353 explicationem
3083 2284 3154 2338 ab
3193 2281 3296 2339 illo
3343 2281 3620 2337 referret:

1970 2353 2152 2408 multo
2187 2356 2365 2425 magis
2401 2368 2502 2410 nos
2529 2355 2798 2410 humiles.
2823 2361 2879 2409 et
2908 2355 3109 2425 pusilli
3148 2355 3217 2409 ad
3250 2353 3625 2425 apostolicam

1968 2425 2157 2479 sedem
2190 2424 2433 2481 vestram
2459 2439 2840 2488 accurrtmus,
2892 2432 2959 2480 ut
2988 2424 3369 2480 Ecclesiurum
3406 2424 3630 2478 ulceri-

1967 2494 2075 2564 bus
2101 2498 2413 2551 remedium
2445 2510 2476 2552 a
2508 2496 2673 2555 vobis
2714 2496 3090 2564 accipiamus.
3126 2513 3153 2545 ››
3180 2495 3315 2564 Quae
3347 2494 3557 2551 Paulus
3594 2506 3627 2550 a

1967 2562 2134 2637 falsis
2164 2566 2444 2623 fratribus
2494 2573 2761 2636 expertus
2816 2562 2983 2637 juxta
3034 2562 3437 2637 revelationem
3486 2565 3625 2635 egit.

1970 2634 2321 2707 perfecitque
2344 2634 3068 2705 Petrus,'similis'occasio
3098 2650 3164 2692 ex
3194 2634 3625 2707 Judaizantium

1969 2707 2190 2763 malitia
2227 2706 2414 2777 potuit
2443 2709 2661 2774 adesse,
2706 2709 2929 2763 Petrum
2967 2708 3314 2777 compellens
3338 2707 3406 2761 ad
3437 2706 3629 2777 decla;

1968 2779 2207 2850 randum
2230 2775 2368 2849 qua:
2397 2785 2587 2850 essent
2634 2779 2942 2850 Evangelia
2974 2775 3312 2850 retinenda,
3366 2777 3505 2850 dum
3538 2775 3627 2831 illi

1967 2847 2249 2919 legitimis
2263 2847 2590 2905 exsufﬂatis
2612 2847 2819 2905 novum
2848 2849 3261 2910 conﬁnxerunt,
3287 2848 3435 2919 quod
3452 2848 3630 2901 Evan-

1964 2889 2166 2984 geiium
2225 2889 2522 2974 secimjtu'm
2591 2889 3323 2989 Hebrwosappellabani‘i
3371 2920 3442 2973 de
3515 2930 3630 2985 quo

1969 2990 2046 3043 ita
2100 2991 2383 3046 Eusebius
2440 2991 2540 3046 lib.
2601 3006 2684 3057 lit,
2744 3005 2794 3045 c.
2851 2987 3135 3055 27,"dum
3166 2991 3236 3045 de
3259 2989 3628 3045 Judaizanti—

1967 3058 2121 3115 bus:
2170 3081 2194 3111 α
2233 3063 2396 3117 Legis
2438 3062 2856 3117 observantiam
2910 3060 3024 3116 sibi
3073 3062 3308 3116 omnino
3357 3072 3627 3115 necessa-

1967 3132 2111 3185 riam
2161 3131 2515 3187 ducebant...
2543 3132 2628 3186 lbi
2659 3131 2936 3201 epistolas
2980 3133 3213 3201 quidem
3251 3131 3410 3185 Pauli
3456 3142 3627 3198 pror-

1965 3215 2067 3255 sus
2117 3202 2463 3270 rejiciendas
2511 3216 2635 3256 esse
2692 3203 3070 3257 censebant...
3111 3201 3297 3256 solum
3355 3202 3619 3270 Evange-

1966 3271 2109 3325 lium
2136 3269 2305 3335 illud,
2329 3274 2478 3341 quod
2498 3272 2812 3327 secundum
2832 3271 3329 3341 Hebraeosdicitur
3348 3269 3622 3337 amplexi,

1965 3343 2188 3411 reliqua
2225 3340 2376 3410 parvi
2408 3340 2711 3397 faciebant.
2745 3359 2771 3390 ι
2822 3344 2900 3395 Ex
2925 3340 3354 3396 iudaizantium
3384 3341 3440 3393 in
3466 3341 3624 3411 Pau-

1965 3412 2082 3467 lum
2095 3409 2239 3469 ‘odio
2264 3412 2579 3483 profectum
2617 3426 2761 3483 reor,
2788 3419 2852 3467 ut
2879 3413 3105 3483 idemAS.
3144 3413 3345 3483 Petrus
3367 3409 3621 3483 scripse—

1968 3483 2044 3536 rit
2091 3485 2147 3537 in
2180 3480 2284 3538 sua
2313 3485 2562 3539 secunda
2600 3480 2843 3551 epistola
2876 3497 2962 3549 ιιι,
2994 3480 3061 3538 ’15
3105 3500 3117 3536 :
3174 3482 3327 3536 Sicut
3356 3482 3626 3535 charissi-

1961 3569 2082 3606 mus
2112 3557 2290 3621 frater
2342 3562 2526 3608 noster
2578 3556 2777 3607 Paulus
2825 3554 3122 3608 secundum
3160 3553 3350 3606 datam
3394 3553 3500 3605 sibi
3521 3567 3624 3604 sa-

1956 3628 2225 3692 pientiam
2274 3628 2492 3694 scripsit
2522 3626 2693 3688 vobis,
2744 3628 2886 3678 sicut
2911 3629 2961 3677 et
2990 3627 3050 3677 in
3089 3624 3337 3677 omnibus
3378 3623 3621 3694 epistolis

1965 3695 2189 3762 loquens
2218 3698 2276 3749 in
2315 3693 2396 3750 eis
2421 3697 2487 3749 de
2537 3697 2641 3761 his,
2674 3698 2734 3749 in
2772 3697 2968 3765 quibus
3002 3700 3130 3748 sunt
3179 3694 3431 3762 quaedam
3460 3693 3625 3761 difﬁ-

1964 3767 2094 3819 cilia
2134 3767 2430 3833 intellectu,
2465 3783 2586 3836 quae
2613 3766 2823 3820 indocti
2873 3772 2922 3820 et
2959 3765 3243 3819 instabiles
3292 3765 3619 3836 depravant,

1962 3839 2105 3891 sicut
2149 3843 2198 3892 et
2227 3844 2449 3892 ceteras
2493 3838 2831 3907 Scripturas,
2872 3837 2948 3890 ad
2971 3852 3129 3891 suam
3157 3839 3399 3905 ipsorum
3420 3835 3625 3905 pcrdi-

1961 3912 2178 3963 tionem.

2034 3980 2207 4035 Linea
2252 3977 2404 4034 9.—
2450 3981 2665 4035 Latine.
2696 3980 2835 4035 Cum
2891 3978 3059 4035 Libro
3100 3976 3418 4034 Pontiﬁcali
3475 3988 3623 4031 con-

1960 4051 2202 4106 cordant
2256 4052 2485 4121 Syriaca
2555 4058 2613 4106 et
2675 4050 2917 4106 Arabica
2986 4049 3279 4121 Evangelii
3337 4049 3393 4103 S.
3447 4047 3621 4121 Marci

1960 4118 2431 4191 versioues,'qu:e
2463 4124 2523 4177 in
2572 4129 2733 4179 textu
2780 4121 2988 4177 habent
3016 4122 3075 4176 in
3108 4118 3219 4176 ﬁne
3249 4118 3623 4190 Evangelium

1960 4195 2161 4249 Latine
2181 4194 2462 4262 scriptum
2492 4208 2524 4248 a
2557 4202 2757 4249 sancto
2784 4195 2988 4247 Marco.

2032 4265 2206 4320 Linea
2234 4259 2319 4318 ii.
2365 4295 2440 4304 —
2480 4267 2546 4319 In
2585 4266 2780 4334 templo
2824 4265 3125 4333 Apollinis.
3155 4265 3502 4335 Ignorantur
3530 4259 3624 4316 lo-

1960 4349 2064 4389 cus
2088 4345 2144 4391 et
2174 4336 2399 4391 occasio
2424 4336 2621 4404 templi
2659 4332 2834 4404 hujus
2869 4336 2925 4390 in
2953 4332 3229 4391 Vaticano
3257 4333 3329 4388 ab
3364 4332 3624 4387 Reatinus:

1960 4407 2335 4476 antiquitatis
2376 4407 2781 4476 scriptoribus.
2821 4408 3023 4462 Verum
3067 4420 3196 4461 cum
3219 4405 3414 4459 circus
3438 4404 3622 4457 Nero-

1962 4475 2174 4533 nianus
2231 4482 2288 4532 in
2334 4475 2606 4533 Vaticano
2658 4478 3037 4545 admittatur;
3090 4489 3218 4531 cum
3247 4490 3307 4530 ex
3357 4476 3510 4528 Suet.
3563 4475 3621 4527 iu

1892 4550 2093 4617 DNer.
2144 4563 2194 4602 c.
2226 4546 2296 4604 53
2338 4555 2494 4604 certo
2540 4555 2781 4612 constet,
2843 4550 2994 4617 quod
3042 4547 3421 4617 destinaverat
3459 4546 3623 4596 etiam

1967 4622 2064 4688 qui
2107 4620 2421 4689 Apollinem
2470 4624 2635 4671 cantu
2704 4615 2875 4671 solem
2924 4617 3236 4689 aurigando
3276 4615 3622 4689 aequiparare

1969 4684 2378 4744 existimaretur
2400 4707 2415 4753 ;
2443 4701 2689 4757 cumque
2708 4690 2775 4743 ad
2796 4689 2939 4743 circi
2969 4687 3182 4742 vicinia
3208 4684 3462 4757 Apollini
3488 4689 3621 4738 tem-

1972 4762 2063 4835 pla
2110 4762 2536 4835 dedicareu_tur,
2592 4754 2746 4835 Sicut
2786 4758 2858 4813 de
2903 4758 3188 4813 Flaminio
3235 4754 3503 4835 refertur,
3557 4761 3620 4809 ut

1968 4831 2216 4886 victores
2245 4836 2373 4885 vota
2400 4832 2511 4884 Deo
2537 4831 2926 4897 persolverent
2957 4848 2973 4897 ;
2999 4835 3222 4899 poterat
3253 4828 3311 4882 in
3349 4827 3619 4899 Vaticano

1970 4915 2170 4977 campo
2200 4900 2641 4977 esseApollinis
2681 4897 3513 4977 templum,'quod‘exs_titisse
3563 4900 3620 4976 et

1972 4969 2173 5038 hic,'et
2198 4972 2341 5027 alibi
2369 4969 2706 5026 afﬁrmatur.
2756 4973 2969 5027 Deinde
2995 4977 3150 5025 certo
3183 4969 3266 5024 ibi
3306 4969 3615 5022 Neroniani

1973 5044 2124 5098 horti
2157 5043 2477 5118 exstabant,
2514 5041 2924 5118 piaculumque
2956 5040 3334 5111 reputabatur
3366 5039 3483 5118 haec
3506 5049 3617 5118 ex-

1972 5120 2195 5169 struere
2234 5114 2361 5168 sine
2387 5106 2550 5182 sacra
2580 5106 2957 5182 mdicula,ut
2982 5106 3217 5182 apparet
3255 5124 3325 5166 ex
3372 5106 3617 5177 Apuleio

1972 5185 2032 5259 in
2061 5184 2230 5259 Apol.
2251 5199 2376 5254 pag.
2400 5180 2523 5259 496,
2558 5184 2779 5259 qui_sui
2809 5180 3336 5259 adversariimores
3356 5191 3614 5259 carpens,

1972 5252 2126 5331 inter
2158 5252 2274 5311 alia
2318 5252 2621 5310 scribitz’u
2664 5257 2774 5331 Iste
2818 5267 2949 5311 vero
2991 5254 3239 5331 nec_dii_s_
3273 5252 3612 5331 rurationis,

1969 5328 2070 5396 qui
2097 5340 2224 5382 eum
2252 5332 2595 5398 pascunt,et
2620 5326 2894 5390 vestiunt,
2928 5326 3139 5398 segetis
3161 5325 3310 5398 ullas
3328 5328 3429 5398 aut
3455 5325 3612 5398 vitis,

1967 5392 2069 5470 aut
2093 5392 2282 5470 gregis
2315 5397 2603 5470 primitias
2631 5401 2924 5466 impertit;
2962 5392 3190 5470 nullum
3224 5397 3283 5449 in
3325 5392 3464 5470 villa
3489 5392 3616 5459 ejus

1964 5467 2294 5536 delubrum,
2344 5467 2540 5523 nullus
2583 5467 2763 5533 locus,
2812 5476 2911 5523 aut
2967 5469 3133 5522 lucus
3164 5469 3610 5536 consecratus.»

1966 5542 2204 5606 Insuper
2225 5540 2409 5607 liquet
2427 5551 2494 5592 ex
2518 5539 2831 5593 Censorino
2859 5539 2930 5595 de
2956 5538 3053 5593 die
3097 5536 3296 5607 natali,
3344 5535 3447 5606 qui
3476 5536 3611 5587 dum

1961 5613 2031 5665 de
2070 5612 2294 5683 origine
2323 5609 2661 5683 templorum
2687 5610 2806 5679 agit
2849 5609 2967 5663 haec
3019 5607 3274 5683 profert:
3306 5627 3333 5658 «
3366 5608 3432 5661 Et
3484 5617 3610 5659 cum

1963 5696 2130 5749 agros
2154 5680 2327 5752 atque
2362 5680 2529 5736 urbes
2559 5683 2794 5736 deorum
2830 5693 3061 5752 munere
3084 5680 3463 5752 possiderent,
3496 5689 3616 5744 par-

1960 5762 2070 5810 tem
2095 5749 2397 5823 quamdam
2436 5752 2685 5821 templis,
2715 5750 3078 5821 sacellisque,
3102 5751 3199 5806 ubi
3226 5763 3324 5806 eos
3338 5749 3610 5823 colerent,

1958 5821 2239 5891 dicavere,
2271 5843 2299 5874 ι
2328 5825 2407 5879 Ex
2431 5823 2524 5878 his
2551 5825 2744 5892 itaque
2774 5823 3171 5878 deducendum
3203 5828 3310 5890 est,
3334 5821 3607 5875 Neronem
