3994 6168
391 268 532 328 4019

389 462 750 587 όθὲὶῗὶέῗιὸῇ.
775 561 844 570 -
877 532 1048 585 ,Ταωῑα
1071 529 1346 598 palatium
1363 527 1735 598 Neronianum
1762 522 2035 598 in__‘Vati-

391 619 547 657 cano.
582 604 657 657 De
685 602 899 671 palatio
925 593 1169 655 Neronis
1188 599 1244 652 in
1271 599 1543 651 Vaticano
1566 593 2033 671 altum_silentir_n

391 675 543 743 apud
576 663 892 741 scriptores
921 671 1169 743 Neronis
1191 674 1345 743 gesta
1371 672 1687 743 narrantes.
1715 665 1875 721 llorti
1909 663 2036 733 qui-

392 738 520 799 dem
550 744 630 799 ibi
660 738 853 816 erant,
878 742 975 797 ubi
1012 740 1280 816 immanis
1307 740 1476 816 p_rior
1499 738 1809 816 illaii‘omze
1834 744 2035 816 marty-

395 829 520 869 rum
563 820 686 870 acta
741 805 990 874 laniena,
1037 812 1107 866 de
1164 824 1276 879 qua
1323 810 1559 864 Tacitus
1608 809 1711 863 lib.
1766 822 1836 862 xv
1865 805 2034 860 Urbis

396 885 728 940 incendium
741 883 1151 948 Neronisjussu
1168 885 1489 950 perpetratu
1503 894 1676 933 mcom
1690 889 2029 950 memorans,

396 956 515 1010 haac
526 956 715 1009 addit:
740 976 764 1006 «
785 957 926 1025 Ergo
939 949 1217 1025 abolendo
1231 953 1448 1007 rumori
1465 952 1608 1025 Nero
1621 949 1883 1025 subdidit
1908 959 2035 1025 reos

391 1032 451 1080 et
496 1019 929 1095 quaesitissimis
980 1024 1183 1093 pmnis,
1203 1036 1363 1095 quos
1414 1035 1510 1095 per
1542 1021 1761 1095 ﬂagitia
1814 1019 2034 1095 invisos

394 1088 602 1165 vulgus
628 1088 994 1152 Christianos
1033 1088 1300 1165 appellat.
1353 1088 1540 1146 Primo
1573 1088 1759 1165 igitur
1782 1088 2032 1165 correpti

394 1160 854 1235 qui‘fatebantur,
885 1160 1094 1221 deinde
1111 1160 1346 1218 indicio
1363 1176 1559 1235 eorum
1599 1160 1910 1235 inultitudo
1938 1160 2038 1235 in—

394 1229 533 1306 gens
547 1237 694 1293 haud
717 1237 954 1306 perinde
974 1237 1029 1290 in
1049 1233 1583 1297 crimineincendii,
1600 1245 1767 1300 quam
1785 1233 1918 1306 odio
1938 1229 2039 1306 hu-

396 1301 548 1361 inani
579 1301 804 1378 generis
848 1306 1096 1362 convicti
1126 1311 1281 1360 sunt.
1321 1308 1390 1378 lit
1435 1302 1917 1378 praetereuntibus
1944 1301 2038 1354 ad-

392 1378 512 1432 dita
540 1372 815 1445 ludibria,
836 1383 901 1431 ut
918 1378 1166 1432 ferarum
1194 1374 1653 1445 tergiscontecti,
1689 1372 1911 1445 laniatu
1935 1384 2039 1445 ca—

396 1461 532 1503 num
557 1442 1001 1512 interirent,aut
1017 1442 1481 1511 crucibus’aﬁixi,
1505 1442 2036 1502 autinﬁammandi,

394 1526 566 1587 atque
603 1519 701 1573 ubi
728 1517 1153 1573 defuissetdies
1186 1518 1243 1570 in
1276 1529 1442 1570 usum
1484 1513 2040 1587 nocturni_luminis

394 1584 713 1644 urerentur.
738 1593 952 1653 ,Hortos
976 1602 1112 1643 suos
1131 1588 1183 1643 ei
1206 1586 1533 1656 spectaculo
1558 1588 1705 1640 Nero
1731 1584 2036 1656 obtulerat,

392 1666 449 1715 et
469 1661 724 1714 circense
746 1659 1033 1714 ludicrum
1055 1655 1256 1714 edebat
1274 1657 1472 1712 habitu
1496 1671 1524 1710 a
1538 1658 1713 1727 urigae
1732 1655 2041 1727 permistus

394 1730 567 1800 plebi,
593 1730 989 1786 velcurriculo
1018 1730 1313 1784 insistens.
1337 1747 1361 1777 ››
1385 1729 1570 1797 Quare
1599 1722 1659 1782 si
1680 1722 2040 1800 hortosinibi
2069 1722 2119 1782 Β
2154 1737 2228 1800 no
2247 1723 2436 1800 claves
2460 1723 2618 1793 regni
2652 1722 2950 1787 caelorum,
2975 1728 3031 1776 et
3060 1735 3257 1800 curam
3285 1722 3570 1800 ‘universi

389 1795 737 1867 exstructos,
758 1802 1030 1857 ludorum
1058 1814 1290 1869 pompas
1324 1795 1606 1866 exceptas,
1625 1795 2045 1869 splendidissi-
2069 1830 2088 1849 .

395 1875 1041 1928 mascmnasinstructas
1060 1869 1241 1926 fuisse
1266 1875 1619 1938 compertum
1644 1874 1749 1924 est:
1772 1882 1901 1923 cum
1926 1868 2044 1921 haec

390 1944 582 1998 omnia
630 1956 699 1998 ex
751 1958 860 1999 usu
911 1949 1136 2011 recepto
1170 1942 1362 2010 perﬁci
1423 1954 1531 1994 non
1565 1946 1795 2006 possent
1824 1938 2043 2011 absque

393 2014 701 2083 tricliniis,
743 2014 987 2079 balneis,
1032 2008 1284 2083 aliisque
1314 2010 1581 2079 ofﬁcinis,
1616 2025 1769 2083 quae
1794 2008 2039 2077 amplam

392 2076 625 2139 aediﬁcii
658 2076 861 2140 molem
906 2076 1294 2153 ex’postulant,
1328 2083 1464 2136 hinc
1494 2076 1581 2137 est
1622 2076 1774 2151 quod
1810 2076 2042 2153 potuere

393 2154 600 2210 rudera
620 2156 903 2211 exstantia
924 2150 1164 2209 Neronia
1178 2155 1233 2208 ni
1261 2153 1459 2222 palatii
1479 2150 1680 2207 nomen
1707 2150 2039 2221 promereri,

390 2227 457 2280 ad
476 2227 945 2295 quorumvicinia
965 2226 1355 2281 reconduntur
1377 2224 1766 2292 apostolorum
1780 2235 2039 2295 corpora.

464 2292 637 2350 Linea
676 2293 760 2351 43.
808 2299 1012 2350 —Per
1038 2311 1243 2350 menses
1296 2296 1651 2350 Decembrios.
1701 2296 1840 2348 Cum
1892 2292 2042 2347 liber

394 2365 749 2421 Pontiﬁcalis
794 2366 1076 2422 coaluerit
1125 2380 1191 2420 ex
1238 2367 1483 2422 vetustis
1510 2364 1839 2434 apostolicae
1886 2364 2043 2418 sedis

395 2437 697 2505 catalogis,
730 2444 850 2493 tum
887 2439 985 2505 iis,
1020 2437 1077 2491 in
1105 2436 1320 2506 quibus
1358 2437 1649 2492 successio
1678 2435 2036 2506 designatur,

396 2513 518 2562 tum
540 2504 755 2575 illis,in
778 2504 993 2578 quibus
1011 2504 1430 2577 ordinationes,
1450 2521 1481 2562 a
1499 2523 1531 2576 q
1545 2506 1759 2562 uolibet
1773 2504 2041 2578 pentiﬁce

397 2578 608 2633 habitae
630 2575 1023 2647 recensentur;
1042 2578 1173 2632 inde
1194 2578 1256 2632 ﬁt
1277 2575 1425 2647 quod
1444 2575 1616 2632 etiam
1633 2578 1757 2631 istae
1781 2578 1839 2630 in
1862 2575 2040 2645 gestis

396 2649 713 2717 cujuslibet
733 2651 1099 2704 adnotentur.
1132 2650 1264 2702 Tria
1291 2663 1420 2703 vero
1455 2650 1512 2701 in
1544 2648 1644 2702 hac
1680 2652 1810 2701 nota
1837 2659 2039 2717 occurf

397 2716 536 2773 runt
567 2721 1090 2775 animadvertenda.
1150 2720 1400 2772 Primum
1427 2726 1531 2785 est,
1573 2718 1724 2786 quod
1761 2729 1941 2785 usque
1967 2716 2035 2770 ad

393 2790 757 2859 Simplicium
789 2791 1184 2845 ordinationes
1218 2787 1341 2842 ﬁeri
1368 2794 1790 2859 consueverunt
1822 2790 1880 2841 in
1911 2786 2041 2859 Sab—

398 2858 531 2915 hato
561 2862 914 2928 jejuniorum
958 2876 992 2915 χ
1040 2859 1252 2914 mensis
1302 2858 1417 2914 :de
1464 2871 1577 2928 qua
1619 2858 2040 2913 consuetudine

399 2931 562 3000 plura
590 2932 757 2987 habet
776 2932 886 2987 Leo
901 2934 972 2986 M.
997 2931 1054 2985 in
1075 2930 1439 2985 sermonibus
1454 2930 1703 2998 ejusdem
1728 2930 1847 3000 diei
1876 2946 1888 2981 :
1913 2935 2041 3000 post

394 2998 759 3071 Simplicium
778 3016 910 3058 vero
922 3001 1429 3070 aliistemporibus
1446 3000 1737 3055 ordinatio
1749 2998 1863 3071 fuit
1877 2998 2040 3071 aﬁiita

399 3079 469 3163 ut.
488 3069 595 3128 suo
626 3074 750 3129 loco
776 3069 1452 3163 dicendum.lsecundum
1482 3077 1591 3163 est,
1616 3069 2038 3163 mimici-mula
2071 3102 2119 3163 ρ

396 3144 506 3198 ista
535 3160 638 3213 per
675 3160 880 3199 menses
912 3144 1249 3198 Decembrios
1298 3144 1564 3213 designat
1614 3142 2037 3197 ordinationem

395 3214 658 3283 quolibet
677 3228 826 3270 anno
860 3218 917 3270 in
936 3214 1263 3270 Decembris
1284 3212 1527 3268 Sabbato
1547 3214 1868 3282 repetitam.
1898 3213 2041 3266 Ter—

395 3286 544 3356 tium
590 3292 698 3354 est,
758 3287 908 3356 quod
966 3286 1317 3356 assignatur,
1370 3284 1721 3356 quandoque
1765 3296 2040 3356 numerus

393 3353 810 3412 determinatus
852 3353 1306 3413 ordinati’onum.
1349 3353 1432 3409 An
1464 3367 1597 3410 vero
1626 3368 1756 3409 cum
1782 3353 2040 3409 clericali

396 3428 762 3483 ordinatione
799 3429 991 3483 eadem
1018 3429 1112 3483 die
1131 3428 1532 3496 episcoporum
1578 3426 2042 3480 consecrationes

397 3496 614 3568 ﬁerent,
649 3498 800 3554 infra
832 3498 1291 3566 disceptandum.

924 3639 1088 3695 ΒΙΝΙΙ
1140 3653 1205 3694 ET
1254 3637 1512 3694 LABBEI.

468 3782 569 3854 (Ex
616 3781 767 3852 BIN.)
819 3782 993 3838 Linea
1038 3779 1126 3854 2.7
1161 3811 1230 3854 —_-
1276 3783 1466 3854 Petrus
1522 3779 1666 3854 sedit
1730 3779 2043 3854 cathedram

396 3850 734 3923 episcopatus
746 3850 785 3905 Α
800 3853 1072 3906 ntiochiaa.
1091 3851 1398 3906 Ecclesiam
1412 3850 1823 3906 Antiochenam
1841 3850 2041 3923 beatus

397 3922 599 3979 Petrus
624 3923 1039 3977 instituendam
1058 3922 1334 3990 suscepit,
1354 3934 1594 3990 eamque
1616 3928 1826 3988 septem
1847 3922 2038 3989 annis,

398 4007 511 4050 non
545 4000 729 4047 tamen
754 3993 1076 4059 completis,
1110 3992 1559 4047 administravit.
1589 3992 1723 4046 Vide
1743 3992 1868 4046 Bar.
1903 4004 2036 4045 ann.

395 4060 741 4188 ([3)hritstic3’7(,5
781 4076 836 4117 η.
877 4060 913 4119 9
954 4070 1010 4118 et
1039 4076 1192 4133 seqq.
1241 4080 1255 4131 ;
1310 4062 1574 4117 Bellarm.
1618 4061 1719 4116 lib.
1771 4063 1841 4116 de
1878 4061 2039 4116 Rom.

440 4149 511 4188 on
545 4173 582 4188 ..
653 4175 665 4187 .
747 4174 760 4187 .

399 4138 582 4203 Pont.,
616 4148 665 4189 c.
688 4138 760 4203 κδ.

471 4206 644 4259 Linea
674 4202 725 4258 4.
755 4235 823 4243 —
861 4205 1053 4258 Annos
1076 4205 1279 4271 viginti
1312 4204 1664 4275 quinque._B.
1707 4204 1933 4275 Petrum
1982 4204 2042 4259 in

403 4276 509 4331 hac
565 4275 836 4330 cathedra
891 4277 1139 4329 Romana
1188 4288 1370 4342 usque
1408 4277 1477 4328 ad
1525 4274 1760 4328 martem
1800 4274 2037 4342 sedisse,

403 4345 843 4416 intelligendum
882 4352 969 4400 est
994 4347 1064 4401 de
1083 4346 1449 4408 auctoritate,
1477 4351 1771 4413 potestate,
1798 4358 1864 4416 ac
1892 4359 2046 4414 prte-

402 4415 620 4472 fectura
649 4416 1007 4486 gubernandi
1036 4416 1320 4471 Ecclesias
1353 4417 1670 4479 universas,
1693 4428 1806 4471 non
1827 4415 1897 4470 de
1923 4418 2043 4471 situ

1634 262 1953 319 ANATASII
1987 256 2528 316 BIBLIOTHECARII

394 392 454 446 in
470 390 598 447 suis
609 389 796 448 hortis
811 385 1136 455 aediculam,
1156 386 1280 443 sive
1295 384 1466 441 etiam
1483 382 1756 453 templum
1776 378 2029 451 Apollini
2056 377 2118 437 A

3643 252 3770 311 4020

2774 374 3143 431 BLANCHINI

2653 496 2808 539 NOTE
2836 494 3276 537 CHRONOLOGICE.

2212 588 2455 645 Servabo
2486 588 2634 644 hanc
2666 588 2992 644 methodum
3021 587 3162 643 meis
3194 588 3253 642 in
3278 587 3433 643 notis
3462 587 3776 657 afferendis,

2145 666 2209 716 ut
2237 660 2674 728 chronologicas
2699 660 3057 729 praemittam,
3081 658 3293 714 deinde
3337 666 3583 715 attexam
3621 659 3780 715 histo-

2145 732 2322 786 riras.
2352 730 2793 801 Chronologiam
2828 731 3292 800 uniuscujusque
3334 729 3628 801 pontiﬁcis
3674 732 3779 785 du-

2145 802 2282 871 plici
2313 800 2665 858 indicatione
2685 801 3040 871 colligimus,
3070 808 3189 856 tum
3221 814 3289 855 ex
3317 800 3774 865 Bibliothecario,

2143 879 2263 928 tum
2286 887 2353 927 ex
2379 873 2689 944 catalogis:
2729 886 2928 940 nempe
2955 886 3023 926 ex
3047 872 3315 927 consulib
3334 887 3412 931 is.
3432 886 3576 944 quae;
3595 872 3779 944 prima

2142 951 2260 1013 est;
2289 951 2345 999 et
2366 958 2435 999 ex
2465 942 2700 999 numero
2725 957 3030 1010 annorum,
3058 944 3361 1007 mensium,
3425 956 3491 996 ac
3543 942 3776 1011 dierum,

2144 1029 2271 1085 qua:
2300 1015 2479 1070 altera
2505 1022 2592 1069 est
2620 1014 2920 1070 iudicatio.
2946 1016 3008 1068 In
3038 1013 3383 1085 consulibus
3421 1013 3779 1085 assignandis

2146 1084 2310 1141 video
2336 1086 2674 1155 plerumque
2695 1086 2750 1140 id
2778 1085 3063 1154 placuisse
3079 1084 3469 1153 scriptoribus
3495 1084 3781 1155 catalogo-

2146 1171 2273 1212 rum
2300 1170 2365 1211 ac
2398 1158 2690 1222 Vitarum;
2724 1162 2783 1211 ut
2809 1169 2907 1210 eos
2956 1155 3222 1211 consules
3248 1156 3622 1227 assignarent
3650 1169 3778 1223 pon—

2148 1227 2316 1294 tiﬁci,
2341 1228 2442 1298 qui
2497 1228 2895 1298 magistratum
2949 1227 3197 1298 obirent,
3228 1227 3362 1281 dum
3400 1240 3598 1281 annus
3640 1240 3781 1280 sacer

2149 1300 2345 1367 iniret,
2395 1313 2427 1352 a
2480 1297 2751 1353 PasSione
2800 1297 3052 1364 Domini,
3112 1297 3233 1351 sive
3284 1312 3316 1352 a
3348 1299 3648 1363 Paschate,
3696 1311 3781 1365 pro

2152 1383 2303 1425 more
2333 1370 2508 1423 veteri
2557 1369 2823 1423 Romanae
2856 1368 3123 1423 Ecclesia:
3151 1375 3538 1437 computatus.
3574 1369 3635 1424 Id
3664 1381 3781 1437 per-

2148 1440 2416 1508 spicuum
2441 1444 2528 1494 est
2568 1439 2625 1493 in
2648 1440 2796 1494 Petri
2816 1439 3062 1508 apostoli
3081 1438 3415 1508 pontiﬁcatu
3443 1438 3773 1494 inchoando.

2146 1512 2372 1566 Certum
2396 1516 2483 1565 est
2503 1515 2831 1579 susceptum
2860 1508 3041 1565 fuisse
3058 1511 3371 1564 maximum
3403 1511 3777 1564 sacerdotium

2150 1596 2181 1635 a
2206 1582 2259 1635 Β.
2286 1584 2445 1636 Petro
2484 1581 2738 1636 Paschali
2772 1587 3043 1648 tempore,
3107 1582 3258 1635 inter
3302 1581 3778 1635 Resurrectionem

2150 1653 2529 1733 Dominicam,
2562 1658 2619 1733 et
2640 1651 3063 1733 Ascensionem,
3094 1652 3466 1733 contradente
3487 1651 3581 1733 illi
3617 1651 3783 1733 Domi-

3651 1736 3781 1792 regis

2153 1794 2463 1857 Dominici,
2501 1801 2562 1848 ut
2590 1808 2717 1848 eum
2757 1800 3028 1861 pasceret,
3058 1798 3115 1848 et
3166 1792 3534 1848 conﬁrmaret
3597 1792 3780 1848 fratres

2154 1878 2310 1920 suos.
2343 1864 2600 1933 Contigit
2629 1865 2825 1934 itaque
2851 1863 3080 1919 duobus
3134 1862 3397 1919 Geminis
3425 1865 3774 1929 consulibus,

2152 1937 2221 1992 ad
2243 1950 2385 2006 quos
2416 1934 2616 1990 referri
2642 1935 3484 2006 PassionisChristiepocham,
3532 1936 3782 1991 Resurre-

2152 2004 2386 2075 ctionis,
2412 2012 2468 2061 et
2488 2006 2884 2074 Ascensionis,
2917 2019 2986 2061 ex
3006 2004 3279 2075 Patribus
3304 2007 3518 2074 passim
3544 2006 3783 2074 probavi-

2155 2093 2283 2133 mus
2311 2073 2486 2147 supra
2506 2078 2681 2145 Opus.
2714 2090 2791 2144 IV,
2833 2090 2956 2145 cap.
2994 2073 3043 2143 4,
3084 2089 3238 2131 anno
3269 2073 3775 2148 vulgaris’tersQS.

2149 2150 2274 2205 Non
2299 2150 2391 2203 his
2416 2157 2615 2204 tamen
2630 2148 2988 2213 consulibus,
3023 2148 3118 2202 sed
3155 2148 3410 2216 proxime
3434 2149 3781 2204 succedenti-

2153 2222 2280 2287 bus,
2341 2222 2553 2274 Vinicio
2599 2220 2801 2273 scilicet
2865 2234 2929 2272 ac
2981 2219 3244 2285 Longino,
3294 2232 3421 2273 terte
3472 2218 3780 2274 communis

2148 2290 2219 2347 29
2245 2291 2528 2346 tribuitur
2554 2291 2790 2345 initium
2826 2290 3010 2344 Petri:
3057 2289 3275 2358 quibus
3317 2290 3546 2345 scilicet
3587 2304 3784 2345 consu-

2151 2363 2309 2418 libus
2338 2364 2587 2431 primum
2613 2361 2823 2415 Pascha
2840 2375 2871 2415 a
2899 2361 3116 2415 Christi
3140 2362 3360 2416 vicario
3389 2361 3446 2415 in
3470 2362 3651 2416 terris
3669 2373 3781 2430 per-

2150 2435 2446 2506 agebatur.
2470 2434 2621 2506 Hanc
2642 2431 3262 2506 epocham‘an‘ni‘sacri
3296 2444 3328 2506 a
3385 2445 3582 2506 mense
3624 2433 3780 2506 Nisan

2148 2501 2300 2574 apud
2322 2504 2583 2559 Hebraeos
2611 2502 2872 2574 inchoati
2900 2502 3151 2557 Ecclesia
3180 2502 3518 2557 Christiana
3553 2501 3782 2558 retinuit

2152 2573 2333 2631 multo
2350 2575 2646 2630 lubentius
2670 2592 2684 2643 ς
2707 2587 2837 2628 cum
2860 2573 3258 2642 Reparationis
3275 2578 3484 2628 nostrae
3499 2574 3780 2644 mysteria-

2152 2648 2285 2701 inde
2314 2646 2637 2715 repetenda,
2668 2658 2734 2699 ac
2764 2651 2883 2698 tum
2911 2645 3187 2712 temporis
3221 2645 3522 2699 recolenda
3575 2657 3779 2716 cogno—

2149 2717 2571 2785 sceret.Quare
2612 2721 2857 2771 testatur
2912 2716 3077 2785 Beda,
3138 2716 3274 2770 dum
3330 2716 3522 2770 Romae
3569 2715 3779 2771 essetin

2149 2790 2331 2844 cereis
2356 2794 2566 2843 sancta:
2596 2787 2788 2841 Mariae
2809 2801 2982 2841 annos
3002 2804 3036 2839 a
3074 2788 3329 2841 Passione
3378 2788 3664 2840 Dominica
3704 2786 3782 2839 si—

2153 2860 2316 2930 gnari
2338 2858 2725 2913 consuevisse.
2754 2858 2821 2930 Et
2866 2871 2995 2930 cum
3029 2870 3127 2930 per
3178 2858 3405 2930 eosdem
3453 2858 3648 2930 Patres
3689 2869 3784 2930 ap—

2154 2928 2308 2986 tetur
2335 2931 2519 3002 eidem
2553 2929 2792 3002 tempori
2825 2929 3085 3002 Paschali
3117 2928 3331 3002 epocha
3354 2928 3675 3002 Dominicis,
3699 2929 3786 2980 ln—

2150 3001 2505 3057 carnationis
2525 3014 2626 3054 VIII
2654 3000 2778 3054 Kal.
2812 3000 3071 3069 Aprilis;
3126 2999 3262 3053 hinc
3305 2999 3478 3053 etiam
3513 2999 3782 3054 mos'ino-

2150 3073 2293 3128 levit
2345 3071 2684 3125 numerandi
2727 3083 2907 3126 annos
2964 3087 2998 3123 α
3045 3070 3327 3125 Dominica
3378 3071 3778 3124 Incarnatione:

2150 3157 2279 3214 quae
2301 3141 2934 3214 consuetudonondum
2956 3141 3258 3214 antiquata
3276 3144 3362 3194 est
3391 3141 3546 3214 apud
3572 3141 3783 3214 aliquot

2149 3211 2329 3270 Italia;
2359 3214 2644 3276 civitates,
2668 3212 2934 3267 Venetias
2958 3213 3298 3281 praesertim,
3319 3223 3385 3265 ac
3412 3211 3779 3270 Florentiam:

2150 3286 2287 3341 licet
2319 3285 2623 3339 universus
2646 3283 3015 3338 Christianus
3055 3282 3215 3337 orbis
3240 3295 3411 3336 atram
3439 3294 3782 3338 communem

2148 3356 2454 3412 deduxerit
2494 3368 2527 3409 a
2549 3354 2878 3409 Nativitate.
2909 3354 3207 3408 Praemissa
3228 3352 3333 3406 hac
3365 3356 3661 3409 notatione
3689 3364 3783 3406 mo-

2153 3428 2241 3482 ris
2265 3426 2669 3497 catalogorumr
2699 3425 2756 3480 in
2794 3424 3042 3497 collegio
3084 3424 3385 3478 consulum
3448 3422 3781 3497 assignando

2154 3494 2548 3568 pontiﬁcibus,
2577 3496 2677 3568 qui
2720 3494 2987 3551 Paschale
3017 3494 3247 3568 festum,
3285 3506 3399 3568 non
3433 3509 3566 3551 vero
3591 3495 3782 3549 Kalen-

2152 3566 2256 3624 das
2289 3567 2550 3623 Januarii
2584 3567 2694 3622 sub
2736 3581 2802 3622 eo
2827 3566 3133 3622 consulatu
3161 3567 3597 3633 celebraverint,
3623 3577 3782 3634 expe-

2150 3640 2379 3695 diemus
2395 3638 2821 3709 chronologiam
2841 3637 3222 3693 consularem.
3245 3639 3301 3692 Β.
3321 3639 3473 3693 Petri
3495 3638 3600 3693 hoc
3614 3638 3780 3706 primo

2152 3724 2390 3766 numero
2423 3709 2504 3763 ita
2526 3709 2969 3777 disponendam.

2223 3781 2441 3836 Duobus
2461 3776 2699 3834 Geminis
2719 3780 3051 3848 consulibus,
3103 3792 3206 3833 vrtt
3256 3781 3541 3835 Kalendas
3566 3776 3779 3848 Aprilis.

2150 3867 2273 3906 arae
2315 3851 2518 3905 Christi
2560 3853 2855 3904 communis
2902 3849 2992 3915 28,
3050 3865 3194 3904 anno
3233 3852 3523 3918 bissextili,
3577 3852 3715 3918 feria
3734 3860 3779 3913 ν,

2147 3924 2323 3993 primo
2366 3922 2453 3975 die
2485 3922 2852 3993 iAzymorum,
2896 3922 3154 3977 Dominus
3199 3923 3355 3977 Iesus
3408 3923 3652 3977 Christus
3684 3934 3785 3972 ra-

2152 4009 2293 4047 nans
2313 4008 2433 4046 cum
2462 3992 2748 4062 discipulis
2772 3994 2907 4054 suis,
2925 3998 3215 4061 postquam
3225 3996 3565 4062 suicorporis
3584 3998 3631 4046 et
3654 4005 3787 4044 san—-

2150 4066 2336 4132 guinis
2359 4068 2700 4117 sacramenta
2721 4066 3003 4132 patefecit,
3039 4064 3116 4116 ad
3141 4070 3374 4118 montem
3417 4064 3625 4129 Oliven',
3652 4064 3788 4114 sicut

2157 4135 2453 4201 Evangelia
2472 4139 2662 4187 sancta
2684 4139 2976 4205 testantur,
3005 4149 3344 4203 progressus,
3394 4136 3578 4205 ibique
3601 4134 3787 4205 deteri-

2153 4212 2242 4260 tus
2261 4211 2338 4259 est
2366 4221 2402 4258 a
2429 4205 2658 4266 Iudaeis,
2708 4204 2956 4259 tradente
3006 4206 3297 4274 discipulo.
3351 4207 3556 4260 Dehinc
3583 4219 3631 4257 vt
3649 4204 3784 4268 feria

2152 4277 2533 4344 subsequente,
2554 4276 2613 4328 id
2642 4281 2721 4329 est
2750 4290 2827 4329 vu
2876 4276 3105 4347 Kalend.
3152 4279 3365 4347 Aprilis
3405 4280 3684 4346 cruciﬁxus
3707 4278 3787 4347 est

2155 4353 2205 4401 et
2241 4349 2502 4416 sepultus.
2534 4348 2716 4400 Tertia
2745 4347 2853 4415 die,
2883 4346 2978 4400 hoc
2997 4352 3077 4418 est
3106 4362 3163 4401 v.
3192 4349 3317 4415 Kal,
3346 4349 3584 4418 Aprilis,
3622 4346 3786 4418 Darni-

2154 4419 2299 4486 nica,
2350 4419 2604 4489 surrexit,
2631 4433 2679 4489 ar
2730 4419 2984 4471 mortuis.
3043 4417 3361 4488 (Victorius
3401 4416 3680 4489 'Aquitan.
3711 4416 3782 4489 in

403 4487 597 4543 locali.
647 4484 1058 4542 Constatenim
1104 4501 1233 4542 cum
1274 4486 1420 4541 hanc
1449 4486 1779 4559 cathedram
1806 4494 2043 4559 septem
2085 4484 2295 4546 Dc‘an.
2318 4488 2533 4559 Pasch.)
2579 4488 2625 4559 A
2669 4484 3105 4544 Resurrectione
3156 4504 3263 4546 sua
3305 4503 3433 4545 cum
3484 4484 3783 4559 discipulis

401 4562 571 4615 annis
595 4559 1078 4627 administrasset,
1114 4570 1263 4613 anno
1301 4558 1515 4612 Christi
1548 4555 1610 4612 54
1649 4564 1705 4612 et
1733 4556 1767 4611 9
1790 4555 2042 4625 Claudii,

401 4630 571 4698 cujus
594 4630 783 4685 edicto
832 4642 1024 4689 omnes
1051 4629 1230 4685 Judaai
1272 4641 1337 4683 ac
1372 4629 1690 4684 Christiani
1718 4630 1891 4684 Roma
1937 4642 2046 4683 ex-

404 4701 781 4771 pellebantur,
815 4702 1041 4756 Petrum
1070 4701 1242 4755 etiam
1264 4700 1567 4769 expulsum
1596 4700 2043 4770 Hierosolymam

403 4773 667 4840 rediisse,
695 4778 752 4826 et
794 4772 1312 4841 Hierosolymitano
1363 4771 1614 4826 concilio
1654 4773 1824 4826 tertio
1857 4773 2045 4827 inter-

401 4843 622 4899 fuisse:
682 4852 907 4898 mortuo
956 4850 1142 4897 tamen
1188 4842 1429 4897 Claudio
1478 4842 1711 4897 Romam
1753 4843 1948 4912 rediit,
1990 4848 2090 4897 et-

404 4915 617 4971 ibidem
644 4915 818 4969 vitam
853 4913 1061 4969 ﬁnivit.

474 4986 646 5040 Linea
691 4982 777 5039 10.
828 5014 902 5025 —
930 4987 1196 5052 Martyrio
1222 4999 1343 5038 cum
1390 4985 1560 5037 Paulo
1590 4989 1901 5038 coronatur.
1935 4985 2047 5039 Pe—

403 5062 530 5112 trus
560 5063 615 5111 et
641 5056 852 5111 Paulus
889 5070 1039 5111 anno
1085 5055 1300 5110 Christi
1327 5052 1417 5126 68,
1451 5053 1800 5119 Neronile,
1830 5056 1886 5110 in
1918 5068 2045 5110 car-

403 5141 585 5182 cerem
631 5127 874 5208 conjecti
909 5145 939 5208 :_
975 5126 1075 5181 ille
1132 5127 1283 5208 quod
1334 5127 1622 5208 Simonem
1664 5129 1888 5208 {uagum
1948 5140 2048 5208 per

402 5211 587 5252 aerem
620 5199 897 5252 volantem
927 5196 1287 5251 invocatione
1314 5197 1501 5252 divini
1530 5196 2049 5266 nominiédejecis-

404 5276 489 5323 set
521 5268 651 5337 ;hic
679 5268 830 5338 quod
866 5267 1123 5336 pellicem
1176 5269 1418 5322 Neronis
1438 5268 1505 5322 ad
1539 5268 1928 5323 Christianam
1955 5281 2051 5323 re-

405 5339 677 5409 ligionem
695 5340 1087 5397 convertisset.
1111 5344 1169 5393 et
1190 5351 1265 5409 ex
1287 5338 1580 5407 impudica
1606 5348 1817 5394 castam
1848 5340 2051 5394 reddi-

403 5408 603 5463 disset.
624 5412 786 5465 Anno
804 5416 1076 5479 sequente
1092 5408 1257 5464 ambo
1274 5409 1456 5479 virgis
1469 5410 1622 5475 cmsi,
1648 5415 1773 5478 post
1789 5411 2047 5466 osculum

405 5479 518 5534 sibi
555 5486 754 5535 mutuo
779 5482 978 5536 datum
1001 5480 1351 5535 occiduntur
1382 5498 1394 5533 :
1425 5484 1622 5537 Petrus
1668 5482 1828 5537 cruci
1861 5481 2051 5548 capite

405 5551 462 5623 in
497 5552 1004 5623 terramgdemisso
1040 5548 1293 5623 at’ﬁgitur
1326 5569 1341 5621 ς
1379 5552 1588 5607 Paulus
1632 5558 1821 5607 autem
1856 5552 2052 5623 gladio

403 5620 825 5692 gloriosissime
846 5620 1141 5692 occubuit.

471 5691 585 5814 (Etx.
615 5690 793 5814 ιΑΒΒὰ)
821 5692 993 5745 Linea
1039 5690 1125 5747 40.
1171 5720 1243 5731 -
1283 5690 1465 5744 Annis
1507 5692 1737 5758 triginta
1772 5698 1906 5748 octo.
1937 5695 2051 5749 De-

471 5777 513 5814 .n
574 5775 634 5814 In
663 5776 714 5814 0.
781 5801 792 5814 .

405 5769 541 5818 sunt
574 5762 634 5817 in
663 5776 714 5815 c.
740 5762 792 5814 ll.

2155 4566 2415 4633 versatur
2436 4556 2533 4628 per
2561 4558 2686 4633 dies
2710 4561 3093 4631 quadraginta
3135 4574 3418 4633 apparens
3466 4563 3575 4627 eis,
3598 4565 3655 4633 et
3698 4556 3782 4633 lo-

2155 4644 2338 4701 quens
2357 4631 2427 4685 de
2454 4643 2628 4701 regno
2655 4628 2786 4696 Dei;
2822 4628 3023 4701 nempe
3052 4644 3121 4686 ex
3149 4628 3247 4687 die
3277 4631 3348 4688 28
3379 4634 3573 4687 Martii
3595 4628 3780 4684 Domi—

2157 4699 2285 4757 nica
2306 4701 2375 4756 ad
2401 4699 2553 4756 diem
2581 4699 2615 4755 6
2641 4701 2775 4756 Maii
2808 4700 2910 4757 fer.
2947 4699 2997 4770 v,
3032 4717 3143 4772 qua
3165 4703 3290 4759 illis
3312 4703 3643 4759 videntibus
3671 4700 3773 4754 ele-

2154 4780 2322 4828 vatus
2345 4772 2607 4827 ascendit
2638 4773 2698 4825 in
2724 4772 2932 4828 caelum
2957 4792 2969 4827 :
3006 4787 3120 4843 quo
3143 4780 3398 4843 tempore
3423 4779 3778 4831 numerantur

2156 4843 2538 4916 communiter
2556 4857 2589 4897 a
2616 4844 2886 4916 Patribus
2911 4854 2967 4899 et
3015 4845 3431 4916 interpretibus
3478 4847 3665 4901 decem
3690 4855 3777 4907 ap-

2157 4915 2476 4984 paritiones
2507 4913 2828 4983 principum,
2860 4916 2919 4970 in
2974 4913 3184 4971 sacris’
3211 4916 3427 4971 litteris
3464 4916 3772 4972 recensita:

2157 4998 2400 5056 quarum
2424 4986 2481 5039 in
2504 4984 2747 5054 septima
2762 4986 2914 5054 apud
2939 4985 3341 5055 Capharnaum
3363 4988 3654 5056 pontiﬁcis
3687 4996 3780 5039 mas

2154 5058 2298 5130 ximi
2335 5069 2562 5124 munus,
2603 5068 2705 5110 seu
2761 5057 3027 5113 Ecclesiae
3062 5058 3409 5130 universalis
3442 5062 3706 5130 regimen,
3735 5059 3781 5107 et

2155 5128 2568 5198 episcOpatum,
2600 5130 2767 5198 antea
2797 5129 3166 5198 promissum,
3219 5129 3494 5185 Christus
3514 5128 3780 5198 Dominus

2158 5194 2319 5253 Petro
2349 5194 2896 5271 contu|_it,_t_lic_ens:
2944 5201 3109 5253 Pasce
3138 5194 3257 5254 oves
3284 5216 3433 5254 meas
3458 5198 3621 5271 (Joan
3649 5194 3778 5264 ut};

2159 5276 2224 5324 ut
2249 5268 2587 5342 euenistola
2622 5264 2710 5331 37,
2743 5269 2843 5323 lib.
2878 5283 2933 5342 vt
2987 5272 3175 5341 magni
3202 5264 3496 5342 Gregorii,
3552 5272 3783 5342 aliisque

2158 5338 2426 5394 Patribus
2446 5338 2840 5395 conﬁrmatur.
2866 5339 3035 5396 Gesta
3056 5338 3193 5396 sunt
3221 5338 3343 5397 haec
3383 5338 3594 5396 duobus
3619 5340 3785 5396 Gemi-

2160 5415 2245 5464 nis
2276 5424 2420 5463 cons.
2453 5409 2535 5463 Ab
2564 5409 2658 5464 his
2681 5412 2928 5479 proximi
2963 5414 3232 5467 consules
3299 5415 3547 5467 Vinicius
3575 5418 3628 5468 et
3659 5415 3787 5465 Lon-

2159 5485 2322 5549 ginus
2356 5480 2631 5554 Kalendis
2659 5482 2918 5536 Januarii
2947 5484 3085 5537 anni
3104 5480 3177 5537 29
3204 5485 3611 5554 magistratum
3647 5481 3785 5554 inie—

2161 5560 2318 5624 runt.
2367 5552 2503 5607 dum
2538 5553 2995 5624 Petrusnonum
3051 5550 3435 5609 mensem'sui
3502 5550 3786 5624 regiminis

2160 5623 2473 5694 inchoaret.
2508 5623 2735 5694 Primus
2757 5623 2942 5693 igitur
2960 5637 3150 5680 annus
3174 5625 3321 5680 Petri
3350 5623 3640 5694 pontiﬁCis
3654 5634 3787 5678 com-

2161 5692 2525 5766 pleturcirca
2560 5693 2726 5766 ﬁnem
2748 5696 2985 5766 mensis,
3008 5694 3230 5766 Aprilis
3262 5692 3471 5752 iisdem
3502 5711 3642 5753 coss.
3674 5703 3787 5747 ama

2160 5763 2376 5833 Christi
2403 5765 2728 5821 communis
2755 5778 2906 5822 anno
2926 5763 3016 5821 29.
3050 5763 3400 5824 Postremum
3436 5768 3643 5825 Pascha
3667 5767 3786 5819 ante
