  <div class='ocr_page' id='page_1' title='image "/cluster/home/n/w/nwhite01/storage/ocr_20150623/127/hvd.32044054759881/516.png"; bbox 0 0 3994 6172; ppageno 0'>
   <div class='ocr_carea' id='block_1_1' title="bbox 354 233 485 294">
    <p class='ocr_par' dir='ltr' id='par_1_1' title="bbox 354 233 485 294">
     <span class='ocr_line' id='line_1_1' title="bbox 354 233 485 294; baseline 0 -2"><span class='ocrx_word' id='word_1_1' title='bbox 354 233 485 294; x_wconf 74' lang='grc'><strong>4024</strong></span> 
     </span>
    </p>
   </div>
   <div class='ocr_carea' id='block_1_2' title="bbox 1240 202 2842 307">
    <p class='ocr_par' dir='ltr' id='par_1_2' title="bbox 1240 202 2842 307">
     <span class='ocr_line' id='line_1_2' title="bbox 1240 202 2842 307; baseline 0.004 -9"><span class='ocrx_word' id='word_1_2' title='bbox 1240 240 1557 299; x_wconf 76' lang='lat' dir='ltr'><strong>HISTORIA</strong></span> <span class='ocrx_word' id='word_1_3' title='bbox 1591 242 1682 298; x_wconf 87' lang='lat' dir='ltr'><strong>DE</strong></span> <span class='ocrx_word' id='word_1_4' title='bbox 1719 241 1896 299; x_wconf 81' lang='lat' dir='ltr'><strong>vms</strong></span> <span class='ocrx_word' id='word_1_5' title='bbox 1920 202 2095 300; x_wconf 73' lang='lat' dir='ltr'><strong>sou.</strong></span> <span class='ocrx_word' id='word_1_6' title='bbox 2140 242 2337 301; x_wconf 84' lang='grc' dir='ltr'><strong>ΡΟΝΤ.</strong></span> <span class='ocrx_word' id='word_1_7' title='bbox 2365 274 2439 287; x_wconf 93' lang='grc'><strong>--</strong></span> <span class='ocrx_word' id='word_1_8' title='bbox 2463 248 2519 303; x_wconf 92' lang='lat' dir='ltr'><strong>s.</strong></span> <span class='ocrx_word' id='word_1_9' title='bbox 2560 248 2842 307; x_wconf 75' lang='lat' dir='ltr'><strong>parans.</strong></span> 
     </span>
    </p>
   </div>
   <div class='ocr_carea' id='block_1_3' title="bbox 3618 253 3759 314">
    <p class='ocr_par' dir='ltr' id='par_1_3' title="bbox 3618 253 3759 314">
     <span class='ocr_line' id='line_1_3' title="bbox 3618 253 3759 314; baseline 0.021 -3"><span class='ocrx_word' id='word_1_10' title='bbox 3618 253 3759 314; x_wconf 79' lang='grc'>4022</span> 
     </span>
    </p>
   </div>
   <div class='ocr_carea' id='block_1_4' title="bbox 346 361 3758 446">
    <p class='ocr_par' dir='ltr' id='par_1_4' title="bbox 346 361 3758 446">
     <span class='ocr_line' id='line_1_4' title="bbox 346 361 3758 446; baseline 0.005 -31"><span class='ocrx_word' id='word_1_11' title='bbox 346 361 691 446; x_wconf 70' lang='lat' dir='ltr'><strong>martyrium</strong></span> <span class='ocrx_word' id='word_1_12' title='bbox 744 374 785 446; x_wconf 90' lang='lat' dir='ltr'><strong>a</strong></span> <span class='ocrx_word' id='word_1_13' title='bbox 823 363 986 446; x_wconf 68' lang='lat' dir='ltr'><strong>Petro</strong></span> <span class='ocrx_word' id='word_1_14' title='bbox 1032 363 1301 446; x_wconf 73' lang='lat' dir='ltr'><strong>pontifice</strong></span> <span class='ocrx_word' id='word_1_15' title='bbox 1348 366 1596 446; x_wconf 67' lang='lat' dir='ltr'><strong>maxime</strong></span> <span class='ocrx_word' id='word_1_16' title='bbox 1651 363 1997 446; x_wconf 63' lang='lat' dir='ltr'><strong>celebratum</strong></span> <span class='ocrx_word' id='word_1_17' title='bbox 2024 369 2079 429; x_wconf 89' lang='lat' dir='ltr'><strong>A</strong></span> <span class='ocrx_word' id='word_1_18' title='bbox 2107 365 2318 422; x_wconf 86' lang='lat' dir='ltr'><strong>Felicis</strong></span> <span class='ocrx_word' id='word_1_19' title='bbox 2343 369 2431 446; x_wconf 71' lang='lat' dir='ltr'><strong>IY,</strong></span> <span class='ocrx_word' id='word_1_20' title='bbox 2464 373 2519 446; x_wconf 79' lang='lat' dir='ltr'><strong>et</strong></span> <span class='ocrx_word' id='word_1_21' title='bbox 2540 370 2716 426; x_wconf 85' lang='lat' dir='ltr'><strong>codex</strong></span> <span class='ocrx_word' id='word_1_22' title='bbox 2748 370 3243 446; x_wconf 70' lang='lat' dir='ltr'><strong>tt_Colbertinus);</strong></span> <span class='ocrx_word' id='word_1_23' title='bbox 3270 375 3555 446; x_wconf 82' lang='lat' dir='ltr'><strong>terminus</strong></span> <span class='ocrx_word' id='word_1_24' title='bbox 3593 376 3758 446; x_wconf 89' lang='lat' dir='ltr'><strong>prior</strong></span> 
     </span>
    </p>
   </div>
   <div class='ocr_carea' id='block_1_5' title="bbox 344 431 1999 498">
    <p class='ocr_par' dir='ltr' id='par_1_5' title="bbox 344 431 1999 498">
     <span class='ocr_line' id='line_1_5' title="bbox 344 431 1999 498; baseline 0.002 -12"><span class='ocrx_word' id='word_1_25' title='bbox 344 431 598 488; x_wconf 76' lang='lat' dir='ltr'><strong>refertur</strong></span> <span class='ocrx_word' id='word_1_26' title='bbox 624 433 691 487; x_wconf 88' lang='lat' dir='ltr'><strong>ad</strong></span> <span class='ocrx_word' id='word_1_27' title='bbox 733 434 998 490; x_wconf 86' lang='lat' dir='ltr'><strong>consules</strong></span> <span class='ocrx_word' id='word_1_28' title='bbox 1034 436 1289 498; x_wconf 73' lang='lat' dir='ltr'><strong>Nervam,</strong></span> <span class='ocrx_word' id='word_1_29' title='bbox 1340 444 1390 489; x_wconf 83' lang='lat' dir='ltr'><strong>et</strong></span> <span class='ocrx_word' id='word_1_30' title='bbox 1424 438 1706 491; x_wconf 76' lang='lat' dir='ltr'><strong>Vestinum</strong></span> <span class='ocrx_word' id='word_1_31' title='bbox 1754 437 1813 491; x_wconf 93' lang='lat' dir='ltr'><strong>in</strong></span> <span class='ocrx_word' id='word_1_32' title='bbox 1843 436 1999 491; x_wconf 88' lang='lat' dir='ltr'><strong>Cata-</strong></span> 
     </span>
    </p>
   </div>
   <div class='ocr_carea' id='block_1_6' title="bbox 340 503 1999 575">
    <p class='ocr_par' dir='ltr' id='par_1_6' title="bbox 340 503 1999 575">
     <span class='ocr_line' id='line_1_6' title="bbox 340 503 1999 575; baseline 0.003 -18"><span class='ocrx_word' id='word_1_33' title='bbox 340 503 478 573; x_wconf 87' lang='lat' dir='ltr'><strong>logo</strong></span> <span class='ocrx_word' id='word_1_34' title='bbox 522 503 734 559; x_wconf 92' lang='lat' dir='ltr'><strong>Liberii</strong></span> <span class='ocrx_word' id='word_1_35' title='bbox 789 512 951 560; x_wconf 87' lang='lat' dir='ltr'><strong>atate</strong></span> <span class='ocrx_word' id='word_1_36' title='bbox 997 512 1295 562; x_wconf 83' lang='lat' dir='ltr'><strong>contexto:</strong></span> <span class='ocrx_word' id='word_1_37' title='bbox 1332 508 1433 575; x_wconf 85' lang='lat' dir='ltr'><strong>qui</strong></span> <span class='ocrx_word' id='word_1_38' title='bbox 1459 507 1724 563; x_wconf 86' lang='lat' dir='ltr'><strong>consules</strong></span> <span class='ocrx_word' id='word_1_39' title='bbox 1762 508 1999 575; x_wconf 84' lang='lat' dir='ltr'><strong>signant</strong></span> 
     </span>
    </p>
   </div>
   <div class='ocr_carea' id='block_1_7' title="bbox 337 523 1990 643">
    <p class='ocr_par' dir='ltr' id='par_1_7' title="bbox 337 523 1990 643">
     <span class='ocr_line' id='line_1_7' title="bbox 340 523 1990 575; baseline 0.003 -18"><span class='ocrx_word' id='word_1_40' title='bbox 340 523 478 573; x_wconf 72' lang='lat' dir='ltr'><strong>rogo</strong></span> <span class='ocrx_word' id='word_1_41' title='bbox 522 523 734 559; x_wconf 75' lang='lat' dir='ltr'><strong>Lincru</strong></span> <span class='ocrx_word' id='word_1_42' title='bbox 789 523 951 560; x_wconf 82' lang='lat' dir='ltr'><strong>atate</strong></span> <span class='ocrx_word' id='word_1_43' title='bbox 997 523 1295 562; x_wconf 86' lang='lat' dir='ltr'><strong>contexto:</strong></span> <span class='ocrx_word' id='word_1_44' title='bbox 1375 523 1724 563; x_wconf 83' lang='lat' dir='ltr'><strong>uiconsuies</strong></span> <span class='ocrx_word' id='word_1_45' title='bbox 1762 523 1990 575; x_wconf 83' lang='lat' dir='ltr'><strong>signant</strong></span> 
     </span>
     <span class='ocr_line' id='line_1_8' title="bbox 337 523 1990 643; baseline 0.001 -15"><span class='ocrx_word' id='word_1_46' title='bbox 337 586 562 629; x_wconf 88' lang='lat' dir='ltr'><strong>annum</strong></span> <span class='ocrx_word' id='word_1_47' title='bbox 613 575 869 643; x_wconf 84' lang='lat' dir='ltr'><strong>vulgaris</strong></span> <span class='ocrx_word' id='word_1_48' title='bbox 917 590 1043 631; x_wconf 84' lang='lat' dir='ltr'><strong>ara</strong></span> <span class='ocrx_word' id='word_1_49' title='bbox 1084 523 1450 639; x_wconf 92' lang='lat' dir='ltr'><strong>Christi</strong></span> <span class='ocrx_word' id='word_1_50' title='bbox 1488 586 1545 633; x_wconf 91' lang='lat' dir='ltr'><strong>et</strong></span> <span class='ocrx_word' id='word_1_51' title='bbox 1590 578 1793 633; x_wconf 88' lang='lat' dir='ltr'><strong>iisdem</strong></span> <span class='ocrx_word' id='word_1_52' title='bbox 1843 591 1990 633; x_wconf 89' lang='lat' dir='ltr'><strong>coss.</strong></span> 
     </span>
    </p>
   </div>
   <div class='ocr_carea' id='block_1_8' title="bbox 338 645 1995 720">
    <p class='ocr_par' dir='ltr' id='par_1_8' title="bbox 338 645 1995 720">
     <span class='ocr_line' id='line_1_9' title="bbox 338 645 1995 720; baseline 0.002 -21"><span class='ocrx_word' id='word_1_53' title='bbox 338 646 520 700; x_wconf 87' lang='lat' dir='ltr'><strong>tertio</strong></span> <span class='ocrx_word' id='word_1_54' title='bbox 546 645 669 720; x_wconf 80' lang='lat' dir='ltr'><strong>Kal.</strong></span> <span class='ocrx_word' id='word_1_55' title='bbox 707 646 847 720; x_wconf 86' lang='lat' dir='ltr'><strong>Julii</strong></span> <span class='ocrx_word' id='word_1_56' title='bbox 877 648 1076 702; x_wconf 89' lang='lat' dir='ltr'><strong>Petrus</strong></span> <span class='ocrx_word' id='word_1_57' title='bbox 1108 650 1279 720; x_wconf 87' lang='lat' dir='ltr'><strong>cruci</strong></span> <span class='ocrx_word' id='word_1_58' title='bbox 1308 648 1509 704; x_wconf 82' lang='lat' dir='ltr'><strong>aﬂixus</strong></span> <span class='ocrx_word' id='word_1_59' title='bbox 1536 650 1810 720; x_wconf 85' lang='lat' dir='ltr'><strong>martyrio</strong></span> <span class='ocrx_word' id='word_1_60' title='bbox 1840 662 1995 703; x_wconf 91' lang='lat' dir='ltr'><strong>coro-</strong></span> 
     </span>
    </p>
   </div>
   <div class='ocr_carea' id='block_1_9' title="bbox 338 718 1993 791">
    <p class='ocr_par' dir='ltr' id='par_1_9' title="bbox 338 718 1993 791">
     <span class='ocr_line' id='line_1_10' title="bbox 338 718 1993 791; baseline 0.003 -21"><span class='ocrx_word' id='word_1_61' title='bbox 338 723 535 791; x_wconf 80' lang='lat' dir='ltr'><strong>natur.</strong></span> <span class='ocrx_word' id='word_1_62' title='bbox 567 719 711 791; x_wconf 10' lang='lat' dir='ltr'><strong>Sgunt</strong></span> <span class='ocrx_word' id='word_1_63' title='bbox 746 718 936 791; x_wconf 81' lang='lat' dir='ltr'><strong>igitur</strong></span> <span class='ocrx_word' id='word_1_64' title='bbox 985 732 1051 773; x_wconf 88' lang='lat' dir='ltr'><strong>ex</strong></span> <span class='ocrx_word' id='word_1_65' title='bbox 1086 719 1378 791; x_wconf 73' lang='lat' dir='ltr'><strong>consulari</strong></span> <span class='ocrx_word' id='word_1_66' title='bbox 1411 718 1782 791; x_wconf 79' lang='lat' dir='ltr'><strong>chronologia</strong></span> <span class='ocrx_word' id='word_1_67' title='bbox 1828 720 1993 775; x_wconf 89' lang='lat' dir='ltr'><strong>Petro</strong></span> 
     </span>
    </p>
   </div>
   <div class='ocr_carea' id='block_1_10' title="bbox 336 787 1992 861">
    <p class='ocr_par' dir='ltr' id='par_1_10' title="bbox 336 787 1992 861">
     <span class='ocr_line' id='line_1_11' title="bbox 336 787 1992 861; baseline 0.002 -20"><span class='ocrx_word' id='word_1_68' title='bbox 336 788 640 861; x_wconf 85' lang='lat' dir='ltr'><strong>tribuendi</strong></span> <span class='ocrx_word' id='word_1_69' title='bbox 669 788 1034 857; x_wconf 75' lang='lat' dir='ltr'><strong>episcopatus</strong></span> <span class='ocrx_word' id='word_1_70' title='bbox 1074 792 1211 845; x_wconf 90' lang='lat' dir='ltr'><strong>anni</strong></span> <span class='ocrx_word' id='word_1_71' title='bbox 1245 787 1335 861; x_wconf 86' lang='lat'><strong>37,</strong></span> <span class='ocrx_word' id='word_1_72' title='bbox 1376 799 1433 845; x_wconf 90' lang='lat' dir='ltr'><strong>et</strong></span> <span class='ocrx_word' id='word_1_73' title='bbox 1463 787 1835 847; x_wconf 21' lang='lat' dir='ltr'><strong>mensesvduo</strong></span> <span class='ocrx_word' id='word_1_74' title='bbox 1870 792 1992 845; x_wconf 87' lang='lat' dir='ltr'><strong>cir-</strong></span> 
     </span>
    </p>
   </div>
   <div class='ocr_carea' id='block_1_11' title="bbox 333 859 1990 931">
    <p class='ocr_par' dir='ltr' id='par_1_11' title="bbox 333 859 1990 931">
     <span class='ocr_line' id='line_1_12' title="bbox 333 859 1990 931; baseline 0.002 -19"><span class='ocrx_word' id='word_1_75' title='bbox 333 859 509 926; x_wconf 88' lang='lat' dir='ltr'><strong>citer,</strong></span> <span class='ocrx_word' id='word_1_76' title='bbox 542 861 753 931; x_wconf 89' lang='lat' dir='ltr'><strong>partim</strong></span> <span class='ocrx_word' id='word_1_77' title='bbox 793 861 1223 930; x_wconf 87' lang='lat' dir='ltr'><strong>Hierosolymis,</strong></span> <span class='ocrx_word' id='word_1_78' title='bbox 1274 859 1481 931; x_wconf 81' lang='lat' dir='ltr'><strong>partim</strong></span> <span class='ocrx_word' id='word_1_79' title='bbox 1530 863 1887 917; x_wconf 87' lang='lat' dir='ltr'><strong>Antiochena</strong></span> <span class='ocrx_word' id='word_1_80' title='bbox 1932 863 1990 916; x_wconf 92' lang='lat' dir='ltr'><strong>in</strong></span> 
     </span>
    </p>
   </div>
   <div class='ocr_carea' id='block_1_12' title="bbox 336 930 1992 1002">
    <p class='ocr_par' dir='ltr' id='par_1_12' title="bbox 336 930 1992 1002">
     <span class='ocr_line' id='line_1_13' title="bbox 336 930 1992 1002; baseline 0.002 -19"><span class='ocrx_word' id='word_1_81' title='bbox 336 931 499 992; x_wconf 87' lang='lat' dir='ltr'><strong>sede,</strong></span> <span class='ocrx_word' id='word_1_82' title='bbox 527 935 583 984; x_wconf 91' lang='lat' dir='ltr'><strong>et</strong></span> <span class='ocrx_word' id='word_1_83' title='bbox 614 930 905 1002; x_wconf 83' lang='lat' dir='ltr'><strong>partimin</strong></span> <span class='ocrx_word' id='word_1_84' title='bbox 937 931 1186 987; x_wconf 86' lang='lat' dir='ltr'><strong>Romana</strong></span> <span class='ocrx_word' id='word_1_85' title='bbox 1216 930 1287 987; x_wconf 89' lang='lat' dir='ltr'><strong>ab</strong></span> <span class='ocrx_word' id='word_1_86' title='bbox 1315 933 1708 1001; x_wconf 85' lang='lat' dir='ltr'><strong>apostolorum</strong></span> <span class='ocrx_word' id='word_1_87' title='bbox 1730 933 1992 1002; x_wconf 88' lang='lat' dir='ltr'><strong>principe</strong></span> 
     </span>
    </p>
   </div>
   <div class='ocr_carea' id='block_1_13' title="bbox 333 1001 1986 1073">
    <p class='ocr_par' dir='ltr' id='par_1_13' title="bbox 333 1001 1986 1073">
     <span class='ocr_line' id='line_1_14' title="bbox 333 1001 1986 1073; baseline 0.002 -18"><span class='ocrx_word' id='word_1_88' title='bbox 333 1002 527 1056; x_wconf 90' lang='lat' dir='ltr'><strong>exacti</strong></span> <span class='ocrx_word' id='word_1_89' title='bbox 560 1020 574 1063; x_wconf 85' lang='lat'><strong>;</strong></span> <span class='ocrx_word' id='word_1_90' title='bbox 604 1008 743 1070; x_wconf 87' lang='lat' dir='ltr'><strong>quot</strong></span> <span class='ocrx_word' id='word_1_91' title='bbox 762 1001 934 1055; x_wconf 88' lang='lat' dir='ltr'><strong>etiam</strong></span> <span class='ocrx_word' id='word_1_92' title='bbox 966 1003 1023 1055; x_wconf 89' lang='lat' dir='ltr'><strong>S.</strong></span> <span class='ocrx_word' id='word_1_93' title='bbox 1051 1003 1432 1073; x_wconf 86' lang='lat' dir='ltr'><strong>Hieronymus</strong></span> <span class='ocrx_word' id='word_1_94' title='bbox 1463 1010 1762 1060; x_wconf 87' lang='lat' dir='ltr'><strong>enumerat</strong></span> <span class='ocrx_word' id='word_1_95' title='bbox 1790 1004 1849 1058; x_wconf 92' lang='lat' dir='ltr'><strong>in</strong></span> <span class='ocrx_word' id='word_1_96' title='bbox 1884 1004 1986 1058; x_wconf 89' lang='lat' dir='ltr'><strong>lib.</strong></span> 
     </span>
    </p>
   </div>
   <div class='ocr_carea' id='block_1_14' title="bbox 328 1072 1990 1140">
    <p class='ocr_par' dir='ltr' id='par_1_14' title="bbox 328 1072 1990 1140">
     <span class='ocr_line' id='line_1_15' title="bbox 328 1072 1990 1140; baseline 0.001 -13"><span class='ocrx_word' id='word_1_97' title='bbox 328 1072 407 1127; x_wconf 86' lang='lat' dir='ltr'><strong>de</strong></span> <span class='ocrx_word' id='word_1_98' title='bbox 432 1072 640 1140; x_wconf 89' lang='lat' dir='ltr'><strong>Script.</strong></span> <span class='ocrx_word' id='word_1_99' title='bbox 666 1073 1097 1128; x_wconf 76' lang='lat' dir='ltr'><strong>ecclesiasticis.</strong></span> <span class='ocrx_word' id='word_1_100' title='bbox 1125 1072 1437 1130; x_wconf 85' lang='lat' dir='ltr'><strong>Duodecim</strong></span> <span class='ocrx_word' id='word_1_101' title='bbox 1461 1089 1528 1129; x_wconf 87' lang='lat' dir='ltr'><strong>ex</strong></span> <span class='ocrx_word' id='word_1_102' title='bbox 1558 1076 1649 1130; x_wconf 91' lang='lat' dir='ltr'><strong>his</strong></span> <span class='ocrx_word' id='word_1_103' title='bbox 1680 1076 1736 1130; x_wconf 82' lang='lat' dir='ltr'><strong>in</strong></span> <span class='ocrx_word' id='word_1_104' title='bbox 1756 1072 1990 1130; x_wconf 84' lang='lat' dir='ltr'><strong>Oriente</strong></span> 
     </span>
    </p>
   </div>
   <div class='ocr_carea' id='block_1_15' title="bbox 339 1143 1987 1215">
    <p class='ocr_par' dir='ltr' id='par_1_15' title="bbox 339 1143 1987 1215">
     <span class='ocr_line' id='line_1_16' title="bbox 339 1143 1987 1215; baseline 0.001 -18"><span class='ocrx_word' id='word_1_105' title='bbox 339 1144 629 1213; x_wconf 89' lang='lat' dir='ltr'><strong>impendit</strong></span> <span class='ocrx_word' id='word_1_106' title='bbox 662 1143 827 1198; x_wconf 89' lang='lat' dir='ltr'><strong>illius</strong></span> <span class='ocrx_word' id='word_1_107' title='bbox 868 1149 1086 1200; x_wconf 89' lang='lat' dir='ltr'><strong>tractus</strong></span> <span class='ocrx_word' id='word_1_108' title='bbox 1117 1145 1392 1200; x_wconf 80' lang='lat' dir='ltr'><strong>Ecclesiis</strong></span> <span class='ocrx_word' id='word_1_109' title='bbox 1430 1146 1792 1215; x_wconf 89' lang='lat' dir='ltr'><strong>ordinandis,</strong></span> <span class='ocrx_word' id='word_1_110' title='bbox 1821 1151 1987 1200; x_wconf 88' lang='lat' dir='ltr'><strong>ante-</strong></span> 
     </span>
    </p>
   </div>
   <div class='ocr_carea' id='block_1_16' title="bbox 330 1215 1989 1285">
    <p class='ocr_par' dir='ltr' id='par_1_16' title="bbox 330 1215 1989 1285">
     <span class='ocr_line' id='line_1_17' title="bbox 330 1215 1989 1285; baseline 0.001 -17"><span class='ocrx_word' id='word_1_111' title='bbox 330 1230 511 1285; x_wconf 86' lang='lat' dir='ltr'><strong>quam</strong></span> <span class='ocrx_word' id='word_1_112' title='bbox 535 1216 764 1268; x_wconf 84' lang='lat' dir='ltr'><strong>Homam</strong></span> <span class='ocrx_word' id='word_1_113' title='bbox 780 1215 1016 1270; x_wconf 87' lang='lat' dir='ltr'><strong>veniret.</strong></span> <span class='ocrx_word' id='word_1_114' title='bbox 1043 1215 1248 1270; x_wconf 87' lang='lat' dir='ltr'><strong>Narrat</strong></span> <span class='ocrx_word' id='word_1_115' title='bbox 1265 1217 1417 1270; x_wconf 92' lang='lat' dir='ltr'><strong>enim</strong></span> <span class='ocrx_word' id='word_1_116' title='bbox 1437 1217 1798 1285; x_wconf 83' lang='lat' dir='ltr'><strong>Apollonius,</strong></span> <span class='ocrx_word' id='word_1_117' title='bbox 1813 1218 1989 1285; x_wconf 79' lang='lat' dir='ltr'><strong>scrip-</strong></span> 
     </span>
    </p>
   </div>
   <div class='ocr_carea' id='block_1_17' title="bbox 330 1285 1987 1356">
    <p class='ocr_par' dir='ltr' id='par_1_17' title="bbox 330 1285 1987 1356">
     <span class='ocr_line' id='line_1_18' title="bbox 330 1285 1987 1356; baseline 0 -17"><span class='ocrx_word' id='word_1_118' title='bbox 330 1285 867 1341; x_wconf 83' lang='lat' dir='ltr'><strong>torecelesiasticus</strong></span> <span class='ocrx_word' id='word_1_119' title='bbox 888 1286 1123 1341; x_wconf 92' lang='lat' dir='ltr'><strong>secundi</strong></span> <span class='ocrx_word' id='word_1_120' title='bbox 1147 1288 1535 1356; x_wconf 89' lang='lat' dir='ltr'><strong>saculi,apud</strong></span> <span class='ocrx_word' id='word_1_121' title='bbox 1559 1287 1987 1343; x_wconf 89' lang='lat' dir='ltr'><strong>Eusebiumlib.</strong></span> 
     </span>
    </p>
   </div>
   <div class='ocr_carea' id='block_1_18' title="bbox 329 1356 1987 1426">
    <p class='ocr_par' dir='ltr' id='par_1_18' title="bbox 329 1356 1987 1426">
     <span class='ocr_line' id='line_1_19' title="bbox 329 1356 1987 1426; baseline 0.003 -19"><span class='ocrx_word' id='word_1_122' title='bbox 329 1357 552 1421; x_wconf 86' lang='lat' dir='ltr'><strong>v,Hist.</strong></span> <span class='ocrx_word' id='word_1_123' title='bbox 572 1356 710 1411; x_wconf 90' lang='lat' dir='ltr'><strong>eccl.</strong></span> <span class='ocrx_word' id='word_1_124' title='bbox 733 1370 856 1425; x_wconf 87' lang='lat' dir='ltr'><strong>cap.</strong></span> <span class='ocrx_word' id='word_1_125' title='bbox 881 1356 967 1424; x_wconf 73' lang='lat'><strong>18,</strong></span> <span class='ocrx_word' id='word_1_126' title='bbox 992 1362 1259 1426; x_wconf 90' lang='lat' dir='ltr'><strong>tanquam</strong></span> <span class='ocrx_word' id='word_1_127' title='bbox 1287 1372 1355 1413; x_wconf 87' lang='lat' dir='ltr'><strong>ex</strong></span> <span class='ocrx_word' id='word_1_128' title='bbox 1374 1365 1627 1412; x_wconf 66' lang='lat' dir='ltr'><strong>veterum</strong></span> <span class='ocrx_word' id='word_1_129' title='bbox 1652 1359 1987 1425; x_wconf 88' lang='lat' dir='ltr'><strong>traditione,</strong></span> 
     </span>
    </p>
   </div>
   <div class='ocr_carea' id='block_1_19' title="bbox 323 1427 1991 1497">
    <p class='ocr_par' dir='ltr' id='par_1_19' title="bbox 323 1427 1991 1497">
     <span class='ocr_line' id='line_1_20' title="bbox 323 1427 1991 1497; baseline 0.001 -16"><span class='ocrx_word' id='word_1_130' title='bbox 323 1428 641 1482; x_wconf 90' lang='lat' dir='ltr'><strong>Dominum</strong></span> <span class='ocrx_word' id='word_1_131' title='bbox 669 1427 948 1496; x_wconf 83' lang='lat' dir='ltr'><strong>apostolis</strong></span> <span class='ocrx_word' id='word_1_132' title='bbox 974 1427 1098 1482; x_wconf 92' lang='lat' dir='ltr'><strong>suis</strong></span> <span class='ocrx_word' id='word_1_133' title='bbox 1123 1430 1476 1497; x_wconf 88' lang='lat' dir='ltr'><strong>pracepisse,</strong></span> <span class='ocrx_word' id='word_1_134' title='bbox 1508 1442 1576 1483; x_wconf 89' lang='lat' dir='ltr'><strong>ne</strong></span> <span class='ocrx_word' id='word_1_135' title='bbox 1603 1431 1753 1483; x_wconf 89' lang='lat' dir='ltr'><strong>intra</strong></span> <span class='ocrx_word' id='word_1_136' title='bbox 1780 1429 1991 1483; x_wconf 90' lang='lat' dir='ltr'><strong>duode-</strong></span> 
     </span>
    </p>
   </div>
   <div class='ocr_carea' id='block_1_20' title="bbox 325 1499 1988 1569">
    <p class='ocr_par' dir='ltr' id='par_1_20' title="bbox 325 1499 1988 1569">
     <span class='ocr_line' id='line_1_21' title="bbox 325 1499 1988 1569; baseline 0 -16"><span class='ocrx_word' id='word_1_137' title='bbox 325 1503 448 1553; x_wconf 87' lang='lat' dir='ltr'><strong>cim</strong></span> <span class='ocrx_word' id='word_1_138' title='bbox 474 1512 655 1552; x_wconf 89' lang='lat' dir='ltr'><strong>annos</strong></span> <span class='ocrx_word' id='word_1_139' title='bbox 688 1499 1098 1568; x_wconf 84' lang='lat' dir='ltr'><strong>Hierosolymis</strong></span> <span class='ocrx_word' id='word_1_140' title='bbox 1116 1501 1467 1555; x_wconf 85' lang='lat' dir='ltr'><strong>excederent.</strong></span> <span class='ocrx_word' id='word_1_141' title='bbox 1502 1512 1702 1569; x_wconf 90' lang='lat' dir='ltr'><strong>nempe</strong></span> <span class='ocrx_word' id='word_1_142' title='bbox 1731 1504 1891 1554; x_wconf 86' lang='lat' dir='ltr'><strong>extra</strong></span> <span class='ocrx_word' id='word_1_143' title='bbox 1923 1499 1988 1553; x_wconf 93' lang='lat' dir='ltr'><strong>li-</strong></span> 
     </span>
    </p>
   </div>
   <div class='ocr_carea' id='block_1_21' title="bbox 331 1570 1985 1638">
    <p class='ocr_par' dir='ltr' id='par_1_21' title="bbox 331 1570 1985 1638">
     <span class='ocr_line' id='line_1_22' title="bbox 331 1570 1985 1638; baseline 0.001 -16"><span class='ocrx_word' id='word_1_144' title='bbox 331 1570 505 1623; x_wconf 89' lang='lat' dir='ltr'><strong>mites</strong></span> <span class='ocrx_word' id='word_1_145' title='bbox 535 1570 731 1638; x_wconf 85' lang='lat' dir='ltr'><strong>Syria,</strong></span> <span class='ocrx_word' id='word_1_146' title='bbox 764 1570 857 1623; x_wconf 91' lang='lat' dir='ltr'><strong>cui</strong></span> <span class='ocrx_word' id='word_1_147' title='bbox 905 1570 1177 1623; x_wconf 86' lang='lat' dir='ltr'><strong>suberant</strong></span> <span class='ocrx_word' id='word_1_148' title='bbox 1224 1570 1645 1638; x_wconf 88' lang='lat' dir='ltr'><strong>Hierolosyma,</strong></span> <span class='ocrx_word' id='word_1_149' title='bbox 1676 1584 1745 1624; x_wconf 90' lang='lat' dir='ltr'><strong>ne</strong></span> <span class='ocrx_word' id='word_1_150' title='bbox 1792 1570 1985 1638; x_wconf 89' lang='lat' dir='ltr'><strong>pedem</strong></span> 
     </span>
    </p>
   </div>
   <div class='ocr_carea' id='block_1_22' title="bbox 325 1638 1978 1710">
    <p class='ocr_par' dir='ltr' id='par_1_22' title="bbox 325 1638 1978 1710">
     <span class='ocr_line' id='line_1_23' title="bbox 325 1638 1978 1710; baseline 0 -16"><span class='ocrx_word' id='word_1_151' title='bbox 325 1638 675 1710; x_wconf 87' lang='lat' dir='ltr'><strong>proferrent,</strong></span> <span class='ocrx_word' id='word_1_152' title='bbox 702 1640 771 1694; x_wconf 89' lang='lat' dir='ltr'><strong>ad</strong></span> <span class='ocrx_word' id='word_1_153' title='bbox 796 1640 958 1694; x_wconf 89' lang='lat' dir='ltr'><strong>sedes</strong></span> <span class='ocrx_word' id='word_1_154' title='bbox 985 1641 1338 1709; x_wconf 85' lang='lat' dir='ltr'><strong>episcopales</strong></span> <span class='ocrx_word' id='word_1_155' title='bbox 1359 1640 1500 1695; x_wconf 86' lang='lat' dir='ltr'><strong>alibi</strong></span> <span class='ocrx_word' id='word_1_156' title='bbox 1526 1641 1978 1696; x_wconf 89' lang='lat' dir='ltr'><strong>constituendas.</strong></span> 
     </span>
    </p>
   </div>
   <div class='ocr_carea' id='block_1_23' title="bbox 2110 439 3759 512">
    <p class='ocr_par' dir='ltr' id='par_1_23' title="bbox 2110 439 3759 512">
     <span class='ocr_line' id='line_1_24' title="bbox 2110 439 3759 512; baseline 0.006 -21"><span class='ocrx_word' id='word_1_157' title='bbox 2110 439 2551 512; x_wconf 78' lang='lat' dir='ltr'><strong>numerationis,</strong></span> <span class='ocrx_word' id='word_1_158' title='bbox 2575 441 2878 512; x_wconf 12' lang='lat' dir='ltr'><strong>etiepocha</strong></span> <span class='ocrx_word' id='word_1_159' title='bbox 2910 443 3146 498; x_wconf 83' lang='lat' dir='ltr'><strong>Romani</strong></span> <span class='ocrx_word' id='word_1_160' title='bbox 3191 439 3558 512; x_wconf 86' lang='lat' dir='ltr'><strong>episcopatus</strong></span> <span class='ocrx_word' id='word_1_161' title='bbox 3594 439 3759 502; x_wconf 81' lang='lat' dir='ltr'><strong>cadet</strong></span> 
     </span>
    </p>
   </div>
   <div class='ocr_carea' id='block_1_24' title="bbox 2108 507 3755 587">
    <p class='ocr_par' dir='ltr' id='par_1_24' title="bbox 2108 507 3755 587">
     <span class='ocr_line' id='line_1_25' title="bbox 2108 507 3755 587; baseline 0.006 -25"><span class='ocrx_word' id='word_1_162' title='bbox 2108 507 2468 587; x_wconf 41' lang='lat' dir='ltr'><strong>in‘diemfzﬁ</strong></span> <span class='ocrx_word' id='word_1_163' title='bbox 2500 507 2734 587; x_wconf 72' lang='lat' dir='ltr'><strong>Aprilis</strong></span> <span class='ocrx_word' id='word_1_164' title='bbox 2749 513 2887 587; x_wconf 87' lang='lat' dir='ltr'><strong>anni</strong></span> <span class='ocrx_word' id='word_1_165' title='bbox 2919 512 3175 587; x_wconf 86' lang='lat' dir='ltr'><strong>vulgaris</strong></span> <span class='ocrx_word' id='word_1_166' title='bbox 3204 507 3328 587; x_wconf 83' lang='lat' dir='ltr'><strong>ara</strong></span> <span class='ocrx_word' id='word_1_167' title='bbox 3353 507 3439 583; x_wconf 70' lang='grc'><strong>40,</strong></span> <span class='ocrx_word' id='word_1_168' title='bbox 3487 518 3555 571; x_wconf 92' lang='lat' dir='ltr'><strong>ad</strong></span> <span class='ocrx_word' id='word_1_169' title='bbox 3589 531 3755 587; x_wconf 89' lang='lat' dir='ltr'><strong>quem</strong></span> 
     </span>
    </p>
   </div>
   <div class='ocr_carea' id='block_1_25' title="bbox 2108 577 3757 653">
    <p class='ocr_par' dir='ltr' id='par_1_25' title="bbox 2108 577 3757 653">
     <span class='ocr_line' id='line_1_26' title="bbox 2108 577 3757 653; baseline 0.005 -20"><span class='ocrx_word' id='word_1_170' title='bbox 2108 577 2281 653; x_wconf 84' lang='lat' dir='ltr'><strong>refert</strong></span> <span class='ocrx_word' id='word_1_171' title='bbox 2321 581 2495 653; x_wconf 85' lang='lat' dir='ltr'><strong>etiam</strong></span> <span class='ocrx_word' id='word_1_172' title='bbox 2534 577 2955 638; x_wconf 85' lang='lat' dir='ltr'><strong>Henschenius.</strong></span> <span class='ocrx_word' id='word_1_173' title='bbox 3019 577 3327 653; x_wconf 85' lang='lat' dir='ltr'><strong>Septennio</strong></span> <span class='ocrx_word' id='word_1_174' title='bbox 3385 577 3573 641; x_wconf 89' lang='lat' dir='ltr'><strong>autem</strong></span> <span class='ocrx_word' id='word_1_175' title='bbox 3610 577 3757 642; x_wconf 66' lang='lat' dir='ltr'><strong>&#39;ante</strong></span> 
     </span>
    </p>
   </div>
   <div class='ocr_carea' id='block_1_26' title="bbox 2105 650 3755 728">
    <p class='ocr_par' dir='ltr' id='par_1_26' title="bbox 2105 650 3755 728">
     <span class='ocr_line' id='line_1_27' title="bbox 2105 650 3755 728; baseline 0.005 -24"><span class='ocrx_word' id='word_1_176' title='bbox 2105 651 2418 728; x_wconf 81' lang='lat' dir='ltr'><strong>contigerit</strong></span> <span class='ocrx_word' id='word_1_177' title='bbox 2442 650 3040 728; x_wconf 38' lang='lat' dir='ltr'><strong>fundatigﬂcathedra</strong></span> <span class='ocrx_word' id='word_1_178' title='bbox 3074 650 3464 728; x_wconf 76' lang='lat' dir='ltr'><strong>Antiochena,</strong></span> <span class='ocrx_word' id='word_1_179' title='bbox 3498 656 3755 728; x_wconf 87' lang='lat' dir='ltr'><strong>vulgaris</strong></span> 
     </span>
    </p>
   </div>
   <div class='ocr_carea' id='block_1_27' title="bbox 2103 721 3756 783">
    <p class='ocr_par' dir='ltr' id='par_1_27' title="bbox 2103 721 3756 783">
     <span class='ocr_line' id='line_1_28' title="bbox 2103 721 3756 783; baseline 0.004 -9"><span class='ocrx_word' id='word_1_180' title='bbox 2103 734 2228 775; x_wconf 85' lang='lat' dir='ltr'><strong>ara</strong></span> <span class='ocrx_word' id='word_1_181' title='bbox 2258 722 2472 776; x_wconf 79' lang='lat' dir='ltr'><strong>Christi</strong></span> <span class='ocrx_word' id='word_1_182' title='bbox 2499 737 2649 779; x_wconf 90' lang='lat' dir='ltr'><strong>anno</strong></span> <span class='ocrx_word' id='word_1_183' title='bbox 2674 721 2763 779; x_wconf 88' lang='lat'><strong>33.</strong></span> <span class='ocrx_word' id='word_1_184' title='bbox 2797 725 3010 780; x_wconf 86' lang='lat' dir='ltr'><strong>Littera</strong></span> <span class='ocrx_word' id='word_1_185' title='bbox 3056 721 3458 781; x_wconf 31' lang='lat' dir='ltr'><strong>Dominicalis‘</strong></span> <span class='ocrx_word' id='word_1_186' title='bbox 3482 728 3527 780; x_wconf 92' lang='lat' dir='ltr'><strong>D</strong></span> <span class='ocrx_word' id='word_1_187' title='bbox 3571 721 3756 783; x_wconf 73' lang='lat' dir='ltr'><strong>eidem</strong></span> 
     </span>
    </p>
   </div>
   <div class='ocr_carea' id='block_1_28' title="bbox 2103 795 3756 856">
    <p class='ocr_par' dir='ltr' id='par_1_28' title="bbox 2103 795 3756 856">
     <span class='ocr_line' id='line_1_29' title="bbox 2103 795 3756 856; baseline 0.005 -11"><span class='ocrx_word' id='word_1_188' title='bbox 2103 806 2253 847; x_wconf 90' lang='lat' dir='ltr'><strong>anno</strong></span> <span class='ocrx_word' id='word_1_189' title='bbox 2273 795 2563 856; x_wconf 78' lang='lat' dir='ltr'><strong>assignata</strong></span> <span class='ocrx_word' id='word_1_190' title='bbox 2608 796 2961 851; x_wconf 88' lang='lat' dir='ltr'><strong>Dominicam</strong></span> <span class='ocrx_word' id='word_1_191' title='bbox 3003 797 3151 851; x_wconf 89' lang='lat' dir='ltr'><strong>diem</strong></span> <span class='ocrx_word' id='word_1_192' title='bbox 3180 798 3402 853; x_wconf 86' lang='lat' dir='ltr'><strong>indicat</strong></span> <span class='ocrx_word' id='word_1_193' title='bbox 3437 797 3532 852; x_wconf 91' lang='lat' dir='ltr'><strong>die</strong></span> <span class='ocrx_word' id='word_1_194' title='bbox 3552 796 3621 852; x_wconf 83' lang='grc'><strong>22</strong></span> <span class='ocrx_word' id='word_1_195' title='bbox 3650 800 3756 853; x_wconf 74' lang='lat' dir='ltr'><strong>Fe—</strong></span> 
     </span>
    </p>
   </div>
   <div class='ocr_carea' id='block_1_29' title="bbox 2102 861 3757 934">
    <p class='ocr_par' dir='ltr' id='par_1_29' title="bbox 2102 861 3757 934">
     <span class='ocr_line' id='line_1_30' title="bbox 2102 861 3757 934; baseline 0.005 -18"><span class='ocrx_word' id='word_1_196' title='bbox 2102 861 2349 934; x_wconf 82' lang='lat' dir='ltr'><strong>bruarii,</strong></span> <span class='ocrx_word' id='word_1_197' title='bbox 2380 879 2490 934; x_wconf 89' lang='lat' dir='ltr'><strong>qua</strong></span> <span class='ocrx_word' id='word_1_198' title='bbox 2517 864 2724 921; x_wconf 86' lang='lat' dir='ltr'><strong>festum</strong></span> <span class='ocrx_word' id='word_1_199' title='bbox 2750 868 3033 922; x_wconf 88' lang='lat' dir='ltr'><strong>cathedra</strong></span> <span class='ocrx_word' id='word_1_200' title='bbox 3061 868 3432 924; x_wconf 90' lang='lat' dir='ltr'><strong>Antiochena</strong></span> <span class='ocrx_word' id='word_1_201' title='bbox 3456 882 3566 923; x_wconf 93' lang='lat' dir='ltr'><strong>non</strong></span> <span class='ocrx_word' id='word_1_202' title='bbox 3590 869 3757 924; x_wconf 92' lang='lat' dir='ltr'><strong>modo</strong></span> 
     </span>
    </p>
   </div>
   <div class='ocr_carea' id='block_1_30' title="bbox 2106 932 3757 1003">
    <p class='ocr_par' dir='ltr' id='par_1_30' title="bbox 2106 932 3757 1003">
     <span class='ocr_line' id='line_1_31' title="bbox 2106 932 3757 1003; baseline 0.005 -17"><span class='ocrx_word' id='word_1_203' title='bbox 2106 932 2210 988; x_wconf 90' lang='lat' dir='ltr'><strong>hac</strong></span> <span class='ocrx_word' id='word_1_204' title='bbox 2236 932 2411 989; x_wconf 87' lang='lat' dir='ltr'><strong>atate</strong></span> <span class='ocrx_word' id='word_1_205' title='bbox 2429 937 2757 1003; x_wconf 92' lang='lat' dir='ltr'><strong>recolimus,</strong></span> <span class='ocrx_word' id='word_1_206' title='bbox 2799 951 2995 992; x_wconf 86' lang='lat' dir='ltr'><strong>verum</strong></span> <span class='ocrx_word' id='word_1_207' title='bbox 3040 945 3096 993; x_wconf 88' lang='lat' dir='ltr'><strong>et</strong></span> <span class='ocrx_word' id='word_1_208' title='bbox 3154 941 3212 993; x_wconf 91' lang='lat' dir='ltr'><strong>in</strong></span> <span class='ocrx_word' id='word_1_209' title='bbox 3262 939 3613 995; x_wconf 86' lang='lat' dir='ltr'><strong>membranis</strong></span> <span class='ocrx_word' id='word_1_210' title='bbox 3645 939 3757 994; x_wconf 92' lang='lat' dir='ltr'><strong>sub</strong></span> 
     </span>
    </p>
   </div>
   <div class='ocr_carea' id='block_1_31' title="bbox 2101 1004 3747 1077">
    <p class='ocr_par' dir='ltr' id='par_1_31' title="bbox 2101 1004 3747 1077">
     <span class='ocr_line' id='line_1_32' title="bbox 2101 1004 3747 1077; baseline 0.004 -19"><span class='ocrx_word' id='word_1_211' title='bbox 2101 1004 2330 1077; x_wconf 85' lang='lat' dir='ltr'><strong>Liberio</strong></span> <span class='ocrx_word' id='word_1_212' title='bbox 2383 1020 2525 1075; x_wconf 88' lang='lat' dir='ltr'><strong>papa</strong></span> <span class='ocrx_word' id='word_1_213' title='bbox 2572 1008 2940 1077; x_wconf 88' lang='lat' dir='ltr'><strong>conscriptis,</strong></span> <span class='ocrx_word' id='word_1_214' title='bbox 2987 1015 3042 1063; x_wconf 91' lang='lat' dir='ltr'><strong>et</strong></span> <span class='ocrx_word' id='word_1_215' title='bbox 3071 1022 3102 1063; x_wconf 91' lang='lat' dir='ltr'><strong>a</strong></span> <span class='ocrx_word' id='word_1_216' title='bbox 3148 1009 3319 1065; x_wconf 90' lang='lat' dir='ltr'><strong>nobis</strong></span> <span class='ocrx_word' id='word_1_217' title='bbox 3347 1024 3415 1064; x_wconf 89' lang='lat' dir='ltr'><strong>ex</strong></span> <span class='ocrx_word' id='word_1_218' title='bbox 3465 1010 3747 1065; x_wconf 88' lang='lat' dir='ltr'><strong>Bucherio</strong></span> 
     </span>
    </p>
   </div>
   <div class='ocr_carea' id='block_1_32' title="bbox 2099 1075 3757 1151">
    <p class='ocr_par' dir='ltr' id='par_1_32' title="bbox 2099 1075 3757 1151">
     <span class='ocr_line' id='line_1_33' title="bbox 2099 1075 3757 1151; baseline 0.004 -23"><span class='ocrx_word' id='word_1_219' title='bbox 2099 1075 2276 1129; x_wconf 87' lang='lat' dir='ltr'><strong>editis</strong></span> <span class='ocrx_word' id='word_1_220' title='bbox 2293 1091 2464 1145; x_wconf 83' lang='lat' dir='ltr'><strong>supra</strong></span> <span class='ocrx_word' id='word_1_221' title='bbox 2489 1078 2545 1131; x_wconf 92' lang='lat' dir='ltr'><strong>in</strong></span> <span class='ocrx_word' id='word_1_222' title='bbox 2566 1075 3011 1149; x_wconf 72' lang='lat' dir='ltr'><strong>Pt&#39;olegoinenis,</strong></span> <span class='ocrx_word' id='word_1_223' title='bbox 3033 1093 3247 1136; x_wconf 90' lang='lat' dir='ltr'><strong>necnon</strong></span> <span class='ocrx_word' id='word_1_224' title='bbox 3267 1094 3335 1135; x_wconf 86' lang='lat' dir='ltr'><strong>ex</strong></span> <span class='ocrx_word' id='word_1_225' title='bbox 3350 1081 3404 1135; x_wconf 91' lang='lat' dir='ltr'><strong>S.</strong></span> <span class='ocrx_word' id='word_1_226' title='bbox 3429 1080 3757 1151; x_wconf 79' lang='lat' dir='ltr'><strong>Augustino</strong></span> 
     </span>
    </p>
   </div>
   <div class='ocr_carea' id='block_1_33' title="bbox 2099 1151 3755 1217">
    <p class='ocr_par' dir='ltr' id='par_1_33' title="bbox 2099 1151 3755 1217">
     <span class='ocr_line' id='line_1_34' title="bbox 2099 1151 3755 1217; baseline 0.004 -18"><span class='ocrx_word' id='word_1_227' title='bbox 2099 1153 2452 1215; x_wconf 91' lang='lat' dir='ltr'><strong>compertum</strong></span> <span class='ocrx_word' id='word_1_228' title='bbox 2477 1154 2585 1211; x_wconf 85' lang='lat' dir='ltr'><strong>est,</strong></span> <span class='ocrx_word' id='word_1_229' title='bbox 2624 1151 2920 1217; x_wconf 91' lang='lat' dir='ltr'><strong>prioribus</strong></span> <span class='ocrx_word' id='word_1_230' title='bbox 2946 1152 3119 1205; x_wconf 89' lang='lat' dir='ltr'><strong>etiam</strong></span> <span class='ocrx_word' id='word_1_231' title='bbox 3151 1152 3381 1206; x_wconf 90' lang='lat' dir='ltr'><strong>saculis</strong></span> <span class='ocrx_word' id='word_1_232' title='bbox 3414 1165 3541 1206; x_wconf 86' lang='lat' dir='ltr'><strong>ara</strong></span> <span class='ocrx_word' id='word_1_233' title='bbox 3579 1152 3755 1206; x_wconf 87' lang='lat' dir='ltr'><strong>Chri—</strong></span> 
     </span>
    </p>
   </div>
   <div class='ocr_carea' id='block_1_34' title="bbox 2099 1218 3754 1277">
    <p class='ocr_par' dir='ltr' id='par_1_34' title="bbox 2099 1218 3754 1277">
     <span class='ocr_line' id='line_1_35' title="bbox 2099 1218 3754 1277; baseline 0.005 -8"><span class='ocrx_word' id='word_1_234' title='bbox 2099 1218 2301 1271; x_wconf 88' lang='lat' dir='ltr'><strong>stiana</strong></span> <span class='ocrx_word' id='word_1_235' title='bbox 2330 1218 2606 1273; x_wconf 89' lang='lat' dir='ltr'><strong>celebrari</strong></span> <span class='ocrx_word' id='word_1_236' title='bbox 2635 1221 3021 1276; x_wconf 87' lang='lat' dir='ltr'><strong>consuevisse.</strong></span> <span class='ocrx_word' id='word_1_237' title='bbox 3058 1224 3215 1277; x_wconf 88' lang='lat' dir='ltr'><strong>Diem</strong></span> <span class='ocrx_word' id='word_1_238' title='bbox 3242 1235 3372 1276; x_wconf 88' lang='lat' dir='ltr'><strong>vero</strong></span> <span class='ocrx_word' id='word_1_239' title='bbox 3395 1223 3754 1277; x_wconf 87' lang='lat' dir='ltr'><strong>Dominicam</strong></span> 
     </span>
    </p>
   </div>
   <div class='ocr_carea' id='block_1_35' title="bbox 2102 1286 3758 1361">
    <p class='ocr_par' dir='ltr' id='par_1_35' title="bbox 2102 1286 3758 1361">
     <span class='ocr_line' id='line_1_36' title="bbox 2102 1286 3758 1361; baseline 0.005 -23"><span class='ocrx_word' id='word_1_240' title='bbox 2102 1286 2401 1361; x_wconf 59' lang='lat' dir='ltr'><strong>évoppvicpta</strong></span> <span class='ocrx_word' id='word_1_241' title='bbox 2423 1290 2734 1361; x_wconf 89' lang='lat' dir='ltr'><strong>episcopali</strong></span> <span class='ocrx_word' id='word_1_242' title='bbox 2781 1293 3047 1360; x_wconf 87' lang='lat' dir='ltr'><strong>deputari</strong></span> <span class='ocrx_word' id='word_1_243' title='bbox 3081 1293 3196 1361; x_wconf 90' lang='lat' dir='ltr'><strong>jam</strong></span> <span class='ocrx_word' id='word_1_244' title='bbox 3227 1298 3349 1347; x_wconf 91' lang='lat' dir='ltr'><strong>tum</strong></span> <span class='ocrx_word' id='word_1_245' title='bbox 3389 1294 3758 1348; x_wconf 89' lang='lat' dir='ltr'><strong>consuevisse</strong></span> 
     </span>
    </p>
   </div>
   <div class='ocr_carea' id='block_1_36' title="bbox 2102 1357 3757 1430">
    <p class='ocr_par' dir='ltr' id='par_1_36' title="bbox 2102 1357 3757 1430">
     <span class='ocr_line' id='line_1_37' title="bbox 2102 1357 3757 1430; baseline 0.005 -19"><span class='ocrx_word' id='word_1_246' title='bbox 2102 1357 2340 1427; x_wconf 87' lang='lat' dir='ltr'><strong>probare</strong></span> <span class='ocrx_word' id='word_1_247' title='bbox 2360 1357 2529 1430; x_wconf 80' lang='lat' dir='ltr'><strong>facile</strong></span> <span class='ocrx_word' id='word_1_248' title='bbox 2561 1357 2780 1430; x_wconf 81' lang='lat' dir='ltr'><strong>possem</strong></span> <span class='ocrx_word' id='word_1_249' title='bbox 2817 1357 3204 1419; x_wconf 78' lang='lat' dir='ltr'><strong>monumentis</strong></span> <span class='ocrx_word' id='word_1_250' title='bbox 3248 1364 3504 1419; x_wconf 88' lang='lat' dir='ltr'><strong>omnium</strong></span> <span class='ocrx_word' id='word_1_251' title='bbox 3557 1363 3757 1418; x_wconf 85' lang='lat' dir='ltr'><strong>Eccle-</strong></span> 
     </span>
    </p>
   </div>
   <div class='ocr_carea' id='block_1_37' title="bbox 2099 1429 3753 1503">
    <p class='ocr_par' dir='ltr' id='par_1_37' title="bbox 2099 1429 3753 1503">
     <span class='ocr_line' id='line_1_38' title="bbox 2099 1429 3753 1503; baseline 0.003 -20"><span class='ocrx_word' id='word_1_252' title='bbox 2099 1429 2317 1484; x_wconf 84' lang='lat' dir='ltr'><strong>siarutn</strong></span> <span class='ocrx_word' id='word_1_253' title='bbox 2348 1429 2730 1503; x_wconf 81' lang='lat' dir='ltr'><strong>orientalium</strong></span> <span class='ocrx_word' id='word_1_254' title='bbox 2773 1439 2828 1487; x_wconf 91' lang='lat' dir='ltr'><strong>et</strong></span> <span class='ocrx_word' id='word_1_255' title='bbox 2871 1432 3351 1490; x_wconf 88' lang='lat' dir='ltr'><strong>Occidentalium.</strong></span> <span class='ocrx_word' id='word_1_256' title='bbox 3395 1435 3583 1503; x_wconf 87' lang='lat' dir='ltr'><strong>Quare</strong></span> <span class='ocrx_word' id='word_1_257' title='bbox 3613 1434 3753 1489; x_wconf 90' lang='lat' dir='ltr'><strong>uni-</strong></span> 
     </span>
    </p>
   </div>
   <div class='ocr_carea' id='block_1_38' title="bbox 2097 1502 3755 1573">
    <p class='ocr_par' dir='ltr' id='par_1_38' title="bbox 2097 1502 3755 1573">
     <span class='ocr_line' id='line_1_39' title="bbox 2097 1502 3755 1573; baseline 0.004 -21"><span class='ocrx_word' id='word_1_258' title='bbox 2097 1513 2259 1573; x_wconf 85' lang='lat' dir='ltr'><strong>versa</strong></span> <span class='ocrx_word' id='word_1_259' title='bbox 2281 1502 2622 1573; x_wconf 82' lang='lat' dir='ltr'><strong>conﬁrmant</strong></span> <span class='ocrx_word' id='word_1_260' title='bbox 2657 1516 2850 1559; x_wconf 89' lang='lat' dir='ltr'><strong>assum</strong></span> <span class='ocrx_word' id='word_1_261' title='bbox 2862 1511 2987 1573; x_wconf 90' lang='lat' dir='ltr'><strong>ptas</strong></span> <span class='ocrx_word' id='word_1_262' title='bbox 3012 1505 3279 1573; x_wconf 89' lang='lat' dir='ltr'><strong>epochas.</strong></span> <span class='ocrx_word' id='word_1_263' title='bbox 3317 1505 3610 1560; x_wconf 88' lang='lat' dir='ltr'><strong>Passionis</strong></span> <span class='ocrx_word' id='word_1_264' title='bbox 3638 1506 3755 1559; x_wconf 87' lang='lat' dir='ltr'><strong>Do-</strong></span> 
     </span>
    </p>
   </div>
   <div class='ocr_carea' id='block_1_39' title="bbox 2098 1571 3754 1645">
    <p class='ocr_par' dir='ltr' id='par_1_39' title="bbox 2098 1571 3754 1645">
     <span class='ocr_line' id='line_1_40' title="bbox 2098 1571 3754 1645; baseline 0.002 -21"><span class='ocrx_word' id='word_1_265' title='bbox 2098 1571 2326 1645; x_wconf 74' lang='lat' dir='ltr'><strong>minica</strong></span> <span class='ocrx_word' id='word_1_266' title='bbox 2344 1585 2500 1645; x_wconf 71' lang='lat' dir='ltr'><strong>anno</strong></span> <span class='ocrx_word' id='word_1_267' title='bbox 2550 1572 2620 1626; x_wconf 98' lang='grc'><strong>28</strong></span> <span class='ocrx_word' id='word_1_268' title='bbox 2646 1588 2787 1645; x_wconf 76' lang='lat' dir='ltr'><strong>ara</strong></span> <span class='ocrx_word' id='word_1_269' title='bbox 2824 1571 3149 1629; x_wconf 80' lang='lat' dir='ltr'><strong>communis</strong></span> <span class='ocrx_word' id='word_1_270' title='bbox 3179 1577 3275 1630; x_wconf 91' lang='lat' dir='ltr'><strong>die</strong></span> <span class='ocrx_word' id='word_1_271' title='bbox 3297 1573 3391 1645; x_wconf 86' lang='grc'><strong>25,</strong></span> <span class='ocrx_word' id='word_1_272' title='bbox 3444 1582 3501 1630; x_wconf 91' lang='lat' dir='ltr'><strong>et</strong></span> <span class='ocrx_word' id='word_1_273' title='bbox 3552 1575 3754 1630; x_wconf 90' lang='lat' dir='ltr'><strong>mortis</strong></span> 
     </span>
    </p>
   </div>
   <div class='ocr_carea' id='block_1_40' title="bbox 2094 1640 3754 1707">
    <p class='ocr_par' dir='ltr' id='par_1_40' title="bbox 2094 1640 3754 1707">
     <span class='ocr_line' id='line_1_41' title="bbox 2094 1640 3754 1707; baseline 0.003 -13"><span class='ocrx_word' id='word_1_274' title='bbox 2094 1641 2191 1695; x_wconf 87' lang='lat' dir='ltr'><strong>die</strong></span> <span class='ocrx_word' id='word_1_275' title='bbox 2220 1640 2289 1695; x_wconf 79' lang='grc'>26</span> <span class='ocrx_word' id='word_1_276' title='bbox 2344 1642 2578 1707; x_wconf 83' lang='lat' dir='ltr'><strong>Martii;</strong></span> <span class='ocrx_word' id='word_1_277' title='bbox 2637 1642 3002 1700; x_wconf 88' lang='lat' dir='ltr'><strong>fundationis</strong></span> <span class='ocrx_word' id='word_1_278' title='bbox 3049 1646 3333 1701; x_wconf 89' lang='lat' dir='ltr'><strong>cathedra</strong></span> <span class='ocrx_word' id='word_1_279' title='bbox 3382 1640 3754 1701; x_wconf 85' lang='lat' dir='ltr'><strong>Antiochena</strong></span> 
     </span>
    </p>
   </div>
   <div class='ocr_carea' id='block_1_41' title="bbox 322 1711 3751 1802">
    <p class='ocr_par' dir='ltr' id='par_1_41' title="bbox 322 1711 3751 1802">
     <span class='ocr_line' id='line_1_42' title="bbox 322 1711 3751 1802; baseline 0.002 -38"><span class='ocrx_word' id='word_1_280' title='bbox 322 1711 1982 1802; x_wconf 38' lang='lat' dir='ltr'><strong>Na‘mintradu‘odecenniu‘mgmoetintraquinquennium</strong></span> <span class='ocrx_word' id='word_1_281' title='bbox 2016 1742 2067 1802; x_wconf 80' lang='grc' dir='ltr'>Β</span> <span class='ocrx_word' id='word_1_282' title='bbox 2097 1719 2361 1802; x_wconf 49' lang='grc' dir='ltr'><strong>χει-ςςεηιθ</strong></span> <span class='ocrx_word' id='word_1_283' title='bbox 2408 1714 2701 1802; x_wconf 38' lang='grc' dir='ltr'><strong>δόᾚίὶητςῑη</strong></span> <span class='ocrx_word' id='word_1_284' title='bbox 2741 1716 3162 1802; x_wconf 52' lang='lat' dir='ltr'><strong>quinquennio</strong></span> <span class='ocrx_word' id='word_1_285' title='bbox 3218 1723 3342 1800; x_wconf 64' lang='lat' dir='ltr'><strong>post</strong></span> <span class='ocrx_word' id='word_1_286' title='bbox 3392 1717 3751 1802; x_wconf 56' lang='lat' dir='ltr'><strong>Dominnicam</strong></span> 
     </span>
    </p>
   </div>
   <div class='ocr_carea' id='block_1_42' title="bbox 322 1782 1983 1852">
    <p class='ocr_par' dir='ltr' id='par_1_42' title="bbox 322 1782 1983 1852">
     <span class='ocr_line' id='line_1_43' title="bbox 322 1782 1983 1852; baseline 0 -15"><span class='ocrx_word' id='word_1_287' title='bbox 322 1796 357 1837; x_wconf 88' lang='lat' dir='ltr'><strong>a</strong></span> <span class='ocrx_word' id='word_1_288' title='bbox 388 1782 693 1837; x_wconf 85' lang='lat' dir='ltr'><strong>Dominica</strong></span> <span class='ocrx_word' id='word_1_289' title='bbox 724 1783 996 1836; x_wconf 90' lang='lat' dir='ltr'><strong>Passione</strong></span> <span class='ocrx_word' id='word_1_290' title='bbox 1038 1782 1360 1837; x_wconf 89' lang='lat' dir='ltr'><strong>Antiochia</strong></span> <span class='ocrx_word' id='word_1_291' title='bbox 1390 1783 1720 1837; x_wconf 88' lang='lat' dir='ltr'><strong>cathedram</strong></span> <span class='ocrx_word' id='word_1_292' title='bbox 1748 1783 1983 1852; x_wconf 87' lang='lat' dir='ltr'><strong>episco—</strong></span> 
     </span>
    </p>
   </div>
   <div class='ocr_carea' id='block_1_43' title="bbox 327 1852 1982 1925">
    <p class='ocr_par' dir='ltr' id='par_1_43' title="bbox 327 1852 1982 1925">
     <span class='ocr_line' id='line_1_44' title="bbox 327 1852 1982 1925; baseline 0.001 -18"><span class='ocrx_word' id='word_1_293' title='bbox 327 1852 515 1922; x_wconf 87' lang='lat' dir='ltr'><strong>palem</strong></span> <span class='ocrx_word' id='word_1_294' title='bbox 542 1852 728 1925; x_wconf 89' lang='lat' dir='ltr'><strong>fuisse</strong></span> <span class='ocrx_word' id='word_1_295' title='bbox 757 1854 1152 1920; x_wconf 88' lang='lat' dir='ltr'><strong>constitutam,</strong></span> <span class='ocrx_word' id='word_1_296' title='bbox 1193 1853 1477 1925; x_wconf 87' lang='lat' dir='ltr'><strong>colligunt</strong></span> <span class='ocrx_word' id='word_1_297' title='bbox 1513 1855 1705 1909; x_wconf 85' lang='lat' dir='ltr'><strong>Patres</strong></span> <span class='ocrx_word' id='word_1_298' title='bbox 1735 1868 1803 1907; x_wconf 89' lang='lat' dir='ltr'><strong>ex</strong></span> <span class='ocrx_word' id='word_1_299' title='bbox 1824 1854 1982 1908; x_wconf 86' lang='lat' dir='ltr'><strong>Actis</strong></span> 
     </span>
    </p>
   </div>
   <div class='ocr_carea' id='block_1_44' title="bbox 324 1924 1981 1993">
    <p class='ocr_par' dir='ltr' id='par_1_44' title="bbox 324 1924 1981 1993">
     <span class='ocr_line' id='line_1_45' title="bbox 324 1924 1981 1993; baseline 0 -14"><span class='ocrx_word' id='word_1_300' title='bbox 324 1924 746 1993; x_wconf 86' lang='lat' dir='ltr'><strong>apostolorum.</strong></span> <span class='ocrx_word' id='word_1_301' title='bbox 778 1925 896 1992; x_wconf 91' lang='lat' dir='ltr'><strong>Ipsi</strong></span> <span class='ocrx_word' id='word_1_302' title='bbox 922 1925 1095 1979; x_wconf 90' lang='lat' dir='ltr'><strong>etiam</strong></span> <span class='ocrx_word' id='word_1_303' title='bbox 1123 1931 1392 1979; x_wconf 59' lang='lat' dir='ltr'><strong>assaunt</strong></span> <span class='ocrx_word' id='word_1_304' title='bbox 1420 1926 1644 1979; x_wconf 87' lang='lat' dir='ltr'><strong>Petrum</strong></span> <span class='ocrx_word' id='word_1_305' title='bbox 1679 1925 1981 1993; x_wconf 89' lang='lat' dir='ltr'><strong>septennio</strong></span> 
     </span>
    </p>
   </div>
   <div class='ocr_carea' id='block_1_45' title="bbox 327 1994 1981 2065">
    <p class='ocr_par' dir='ltr' id='par_1_45' title="bbox 327 1994 1981 2065">
     <span class='ocr_line' id='line_1_46' title="bbox 327 1994 1981 2065; baseline 0 -16"><span class='ocrx_word' id='word_1_306' title='bbox 327 1997 544 2064; x_wconf 81' lang='lat' dir='ltr'><strong>prased</strong></span> <span class='ocrx_word' id='word_1_307' title='bbox 557 1996 669 2049; x_wconf 90' lang='lat' dir='ltr'><strong>isse</strong></span> <span class='ocrx_word' id='word_1_308' title='bbox 689 1994 971 2049; x_wconf 86' lang='lat' dir='ltr'><strong>cathedra</strong></span> <span class='ocrx_word' id='word_1_309' title='bbox 987 1997 1351 2051; x_wconf 87' lang='lat' dir='ltr'><strong>Antiochena</strong></span> <span class='ocrx_word' id='word_1_310' title='bbox 1366 2003 1669 2065; x_wconf 89' lang='lat' dir='ltr'><strong>antequam</strong></span> <span class='ocrx_word' id='word_1_311' title='bbox 1698 1997 1755 2049; x_wconf 88' lang='lat' dir='ltr'><strong>in</strong></span> <span class='ocrx_word' id='word_1_312' title='bbox 1778 1994 1981 2049; x_wconf 89' lang='lat' dir='ltr'><strong>Urbem</strong></span> 
     </span>
    </p>
   </div>
   <div class='ocr_carea' id='block_1_46' title="bbox 323 2066 1978 2136">
    <p class='ocr_par' dir='ltr' id='par_1_46' title="bbox 323 2066 1978 2136">
     <span class='ocr_line' id='line_1_47' title="bbox 323 2066 1978 2136; baseline -0.001 -15"><span class='ocrx_word' id='word_1_313' title='bbox 323 2066 792 2136; x_wconf 84' lang='lat' dir='ltr'><strong>proﬁcisceretur</strong></span> <span class='ocrx_word' id='word_1_314' title='bbox 818 2079 969 2120; x_wconf 91' lang='lat' dir='ltr'><strong>anno</strong></span> <span class='ocrx_word' id='word_1_315' title='bbox 1011 2066 1351 2121; x_wconf 89' lang='lat' dir='ltr'><strong>duodecimo</strong></span> <span class='ocrx_word' id='word_1_316' title='bbox 1375 2080 1405 2119; x_wconf 90' lang='lat' dir='ltr'><strong>a</strong></span> <span class='ocrx_word' id='word_1_317' title='bbox 1455 2067 1723 2121; x_wconf 87' lang='lat' dir='ltr'><strong>Passione</strong></span> <span class='ocrx_word' id='word_1_318' title='bbox 1755 2066 1978 2120; x_wconf 91' lang='lat' dir='ltr'><strong>Domini</strong></span> 
     </span>
    </p>
   </div>
   <div class='ocr_carea' id='block_1_47' title="bbox 320 2136 1979 2208">
    <p class='ocr_par' dir='ltr' id='par_1_47' title="bbox 320 2136 1979 2208">
     <span class='ocr_line' id='line_1_48' title="bbox 320 2136 1979 2208; baseline -0.001 -16"><span class='ocrx_word' id='word_1_319' title='bbox 320 2139 396 2192; x_wconf 88' lang='lat' dir='ltr'><strong>ad</strong></span> <span class='ocrx_word' id='word_1_320' title='bbox 423 2136 775 2192; x_wconf 86' lang='lat' dir='ltr'><strong>fundandam</strong></span> <span class='ocrx_word' id='word_1_321' title='bbox 806 2138 995 2192; x_wconf 91' lang='lat' dir='ltr'><strong>sedem</strong></span> <span class='ocrx_word' id='word_1_322' title='bbox 1022 2137 1349 2191; x_wconf 84' lang='lat' dir='ltr'><strong>Romanam.</strong></span> <span class='ocrx_word' id='word_1_323' title='bbox 1376 2140 1453 2192; x_wconf 86' lang='lat' dir='ltr'><strong>ita</strong></span> <span class='ocrx_word' id='word_1_324' title='bbox 1477 2138 1531 2193; x_wconf 90' lang='lat' dir='ltr'><strong>S.</strong></span> <span class='ocrx_word' id='word_1_325' title='bbox 1565 2137 1979 2208; x_wconf 61' lang='lat' dir='ltr'><strong>Gregoriusap</strong></span> 
     </span>
    </p>
   </div>
   <div class='ocr_carea' id='block_1_48' title="bbox 320 2204 1978 2280">
    <p class='ocr_par' dir='ltr' id='par_1_48' title="bbox 320 2204 1978 2280">
     <span class='ocr_line' id='line_1_49' title="bbox 320 2204 1978 2280; baseline -0.001 -17"><span class='ocrx_word' id='word_1_326' title='bbox 320 2208 637 2280; x_wconf 84' lang='lat' dir='ltr'><strong>Eulogium</strong></span> <span class='ocrx_word' id='word_1_327' title='bbox 669 2210 1000 2280; x_wconf 89' lang='lat' dir='ltr'><strong>episcopum</strong></span> <span class='ocrx_word' id='word_1_328' title='bbox 1034 2207 1486 2280; x_wconf 85' lang='lat' dir='ltr'><strong>Alexandrinum</strong></span> <span class='ocrx_word' id='word_1_329' title='bbox 1529 2208 1627 2262; x_wconf 94' lang='lat' dir='ltr'><strong>lib.</strong></span> <span class='ocrx_word' id='word_1_330' title='bbox 1659 2204 1734 2277; x_wconf 73' lang='lat' dir='ltr'><strong>vi,</strong></span> <span class='ocrx_word' id='word_1_331' title='bbox 1767 2221 1855 2278; x_wconf 91' lang='lat' dir='ltr'><strong>ep.</strong></span> <span class='ocrx_word' id='word_1_332' title='bbox 1888 2204 1978 2273; x_wconf 90' lang='lat'><strong>37,</strong></span> 
     </span>
    </p>
   </div>
   <div class='ocr_carea' id='block_1_49' title="bbox 320 2278 1983 2348">
    <p class='ocr_par' dir='ltr' id='par_1_49' title="bbox 320 2278 1983 2348">
     <span class='ocr_line' id='line_1_50' title="bbox 320 2278 1983 2348; baseline -0.001 -13"><span class='ocrx_word' id='word_1_333' title='bbox 320 2281 397 2335; x_wconf 91' lang='lat' dir='ltr'><strong>de</strong></span> <span class='ocrx_word' id='word_1_334' title='bbox 454 2278 725 2334; x_wconf 84' lang='lat' dir='ltr'><strong>cathedra</strong></span> <span class='ocrx_word' id='word_1_335' title='bbox 757 2279 1132 2348; x_wconf 86' lang='lat' dir='ltr'><strong>Antiochena,</strong></span> <span class='ocrx_word' id='word_1_336' title='bbox 1177 2291 1211 2333; x_wconf 92' lang='lat' dir='ltr'><strong>a</strong></span> <span class='ocrx_word' id='word_1_337' title='bbox 1254 2281 1415 2333; x_wconf 90' lang='lat' dir='ltr'><strong>Petro</strong></span> <span class='ocrx_word' id='word_1_338' title='bbox 1445 2278 1717 2335; x_wconf 89' lang='lat' dir='ltr'><strong>fundata.</strong></span> <span class='ocrx_word' id='word_1_339' title='bbox 1770 2300 1794 2330; x_wconf 83' lang='grc' dir='ltr'>α</span> <span class='ocrx_word' id='word_1_340' title='bbox 1859 2280 1983 2348; x_wconf 85' lang='lat' dir='ltr'><strong>Ipse</strong></span> 
     </span>
    </p>
   </div>
   <div class='ocr_carea' id='block_1_50' title="bbox 322 2348 1983 2421">
    <p class='ocr_par' dir='ltr' id='par_1_50' title="bbox 322 2348 1983 2421">
     <span class='ocr_line' id='line_1_51' title="bbox 322 2348 1983 2421; baseline -0.001 -15"><span class='ocrx_word' id='word_1_341' title='bbox 322 2351 583 2406; x_wconf 83' lang='lat' dir='ltr'><strong>firmavit</strong></span> <span class='ocrx_word' id='word_1_342' title='bbox 607 2352 818 2413; x_wconf 86' lang='lat' dir='ltr'><strong>sedem,</strong></span> <span class='ocrx_word' id='word_1_343' title='bbox 845 2352 902 2403; x_wconf 90' lang='lat' dir='ltr'><strong>in</strong></span> <span class='ocrx_word' id='word_1_344' title='bbox 923 2363 1034 2419; x_wconf 88' lang='lat' dir='ltr'><strong>qua</strong></span> <span class='ocrx_word' id='word_1_345' title='bbox 1057 2354 1269 2418; x_wconf 89' lang='lat' dir='ltr'><strong>septem</strong></span> <span class='ocrx_word' id='word_1_346' title='bbox 1296 2351 1466 2404; x_wconf 91' lang='lat' dir='ltr'><strong>annis</strong></span> <span class='ocrx_word' id='word_1_347' title='bbox 1484 2350 1748 2421; x_wconf 87' lang='lat' dir='ltr'><strong>quamvis</strong></span> <span class='ocrx_word' id='word_1_348' title='bbox 1773 2348 1983 2405; x_wconf 53' lang='lat' dir='ltr'><strong>disces.</strong></span> 
     </span>
    </p>
   </div>
   <div class='ocr_carea' id='block_1_51' title="bbox 323 2420 1980 2490">
    <p class='ocr_par' dir='ltr' id='par_1_51' title="bbox 323 2420 1980 2490">
     <span class='ocr_line' id='line_1_52' title="bbox 323 2420 1980 2490; baseline -0.001 -14"><span class='ocrx_word' id='word_1_349' title='bbox 323 2436 531 2488; x_wconf 87' lang='lat' dir='ltr'><strong>surus,</strong></span> <span class='ocrx_word' id='word_1_350' title='bbox 549 2422 767 2476; x_wconf 76' lang='lat' dir='ltr'><strong>sedit.»</strong></span> <span class='ocrx_word' id='word_1_351' title='bbox 792 2420 1050 2490; x_wconf 76' lang='lat' dir='ltr'><strong>Clemens</strong></span> <span class='ocrx_word' id='word_1_352' title='bbox 1067 2434 1297 2490; x_wconf 90' lang='lat' dir='ltr'><strong>quoque</strong></span> <span class='ocrx_word' id='word_1_353' title='bbox 1318 2420 1747 2476; x_wconf 84' lang='lat' dir='ltr'><strong>Alexandrinus</strong></span> <span class='ocrx_word' id='word_1_354' title='bbox 1771 2422 1980 2476; x_wconf 86' lang='lat' dir='ltr'><strong>Strom.</strong></span> 
     </span>
    </p>
   </div>
   <div class='ocr_carea' id='block_1_52' title="bbox 323 2488 1980 2563">
    <p class='ocr_par' dir='ltr' id='par_1_52' title="bbox 323 2488 1980 2563">
     <span class='ocr_line' id='line_1_53' title="bbox 323 2488 1980 2563; baseline -0.001 -15"><span class='ocrx_word' id='word_1_355' title='bbox 323 2494 437 2549; x_wconf 91' lang='lat' dir='ltr'><strong>lib.</strong></span> <span class='ocrx_word' id='word_1_356' title='bbox 468 2507 542 2557; x_wconf 80' lang='lat' dir='ltr'><strong>v1,</strong></span> <span class='ocrx_word' id='word_1_357' title='bbox 589 2506 715 2563; x_wconf 89' lang='lat' dir='ltr'><strong>pag.</strong></span> <span class='ocrx_word' id='word_1_358' title='bbox 747 2488 872 2559; x_wconf 85' lang='lat'><strong>637,</strong></span> <span class='ocrx_word' id='word_1_359' title='bbox 905 2492 1047 2563; x_wconf 87' lang='lat' dir='ltr'><strong>edit.</strong></span> <span class='ocrx_word' id='word_1_360' title='bbox 1085 2488 1152 2547; x_wconf 82' lang='lat' dir='ltr'><strong>G.</strong></span> <span class='ocrx_word' id='word_1_361' title='bbox 1174 2488 1242 2563; x_wconf 12' lang='lat' dir='ltr'><strong>7L.</strong></span> <span class='ocrx_word' id='word_1_362' title='bbox 1272 2492 1449 2546; x_wconf 89' lang='lat' dir='ltr'><strong>Paris.</strong></span> <span class='ocrx_word' id='word_1_363' title='bbox 1481 2490 1639 2557; x_wconf 76' lang='grc'>4629,</span> <span class='ocrx_word' id='word_1_364' title='bbox 1666 2493 1749 2547; x_wconf 91' lang='lat' dir='ltr'><strong>uti</strong></span> <span class='ocrx_word' id='word_1_365' title='bbox 1787 2493 1980 2548; x_wconf 90' lang='lat' dir='ltr'><strong>obser-</strong></span> 
     </span>
    </p>
   </div>
   <div class='ocr_carea' id='block_1_53' title="bbox 317 2562 1985 2633">
    <p class='ocr_par' dir='ltr' id='par_1_53' title="bbox 317 2562 1985 2633">
     <span class='ocr_line' id='line_1_54' title="bbox 317 2562 1985 2633; baseline -0.001 -14"><span class='ocrx_word' id='word_1_366' title='bbox 317 2572 422 2619; x_wconf 86' lang='lat' dir='ltr'><strong>vat</strong></span> <span class='ocrx_word' id='word_1_367' title='bbox 446 2562 907 2630; x_wconf 35' lang='lat' dir='ltr'><strong>Scheles’tratius,</strong></span> <span class='ocrx_word' id='word_1_368' title='bbox 952 2562 1220 2617; x_wconf 86' lang='lat' dir='ltr'><strong>lectionis</strong></span> <span class='ocrx_word' id='word_1_369' title='bbox 1256 2563 1780 2633; x_wconf 90' lang='lat' dir='ltr'><strong>interpunctionem</strong></span> <span class='ocrx_word' id='word_1_370' title='bbox 1824 2563 1985 2618; x_wconf 85' lang='lat' dir='ltr'><strong>resti-</strong></span> 
     </span>
    </p>
   </div>
   <div class='ocr_carea' id='block_1_54' title="bbox 318 2633 1979 2704">
    <p class='ocr_par' dir='ltr' id='par_1_54' title="bbox 318 2633 1979 2704">
     <span class='ocr_line' id='line_1_55' title="bbox 318 2633 1979 2704; baseline -0.002 -13"><span class='ocrx_word' id='word_1_371' title='bbox 318 2643 517 2699; x_wconf 88' lang='lat' dir='ltr'><strong>tuens,</strong></span> <span class='ocrx_word' id='word_1_372' title='bbox 556 2635 902 2704; x_wconf 87' lang='lat' dir='ltr'><strong>Antiquitat.</strong></span> <span class='ocrx_word' id='word_1_373' title='bbox 963 2633 1170 2704; x_wconf 86' lang='lat' dir='ltr'><strong>Eccles.</strong></span> <span class='ocrx_word' id='word_1_374' title='bbox 1225 2634 1370 2688; x_wconf 90' lang='lat' dir='ltr'><strong>diss.</strong></span> <span class='ocrx_word' id='word_1_375' title='bbox 1424 2633 1473 2699; x_wconf 79' lang='lat' dir='ltr'><strong>i,</strong></span> <span class='ocrx_word' id='word_1_376' title='bbox 1506 2649 1629 2704; x_wconf 91' lang='lat' dir='ltr'><strong>cap.</strong></span> <span class='ocrx_word' id='word_1_377' title='bbox 1663 2633 1719 2701; x_wconf 85' lang='lat'><strong>5,</strong></span> <span class='ocrx_word' id='word_1_378' title='bbox 1763 2643 1871 2688; x_wconf 89' lang='lat' dir='ltr'><strong>art.</strong></span> <span class='ocrx_word' id='word_1_379' title='bbox 1923 2633 1979 2702; x_wconf 87' lang='lat'><strong>3,</strong></span> 
     </span>
    </p>
   </div>
   <div class='ocr_carea' id='block_1_55' title="bbox 316 2703 1983 2775">
    <p class='ocr_par' dir='ltr' id='par_1_55' title="bbox 316 2703 1983 2775">
     <span class='ocr_line' id='line_1_56' title="bbox 316 2703 1983 2775; baseline 0.002 -19"><span class='ocrx_word' id='word_1_380' title='bbox 316 2706 625 2761; x_wconf 76' lang='lat' dir='ltr'><strong>confirmat</strong></span> <span class='ocrx_word' id='word_1_381' title='bbox 643 2703 1006 2760; x_wconf 81' lang='lat' dir='ltr'><strong>traditionem</strong></span> <span class='ocrx_word' id='word_1_382' title='bbox 1033 2703 1803 2775; x_wconf 72' lang='lat' dir='ltr'><strong>profectionisaposttilorum</strong></span> <span class='ocrx_word' id='word_1_383' title='bbox 1822 2710 1983 2760; x_wconf 87' lang='lat' dir='ltr'><strong>extra</strong></span> 
     </span>
    </p>
   </div>
   <div class='ocr_carea' id='block_1_56' title="bbox 314 2776 1976 2846">
    <p class='ocr_par' dir='ltr' id='par_1_56' title="bbox 314 2776 1976 2846">
     <span class='ocr_line' id='line_1_57' title="bbox 314 2776 1976 2846; baseline -0.001 -15"><span class='ocrx_word' id='word_1_384' title='bbox 314 2778 542 2846; x_wconf 83' lang='lat' dir='ltr'><strong>Syriam</strong></span> <span class='ocrx_word' id='word_1_385' title='bbox 598 2783 724 2843; x_wconf 91' lang='lat' dir='ltr'><strong>post</strong></span> <span class='ocrx_word' id='word_1_386' title='bbox 768 2789 947 2830; x_wconf 88' lang='lat' dir='ltr'><strong>annos</strong></span> <span class='ocrx_word' id='word_1_387' title='bbox 994 2776 1296 2830; x_wconf 92' lang='lat' dir='ltr'><strong>duodecim</strong></span> <span class='ocrx_word' id='word_1_388' title='bbox 1340 2789 1372 2831; x_wconf 89' lang='lat' dir='ltr'><strong>a</strong></span> <span class='ocrx_word' id='word_1_389' title='bbox 1418 2778 1687 2831; x_wconf 87' lang='lat' dir='ltr'><strong>Passione</strong></span> <span class='ocrx_word' id='word_1_390' title='bbox 1736 2776 1976 2843; x_wconf 87' lang='lat' dir='ltr'><strong>Christi,</strong></span> 
     </span>
    </p>
   </div>
   <div class='ocr_carea' id='block_1_57' title="bbox 317 2846 1981 2919">
    <p class='ocr_par' dir='ltr' id='par_1_57' title="bbox 317 2846 1981 2919">
     <span class='ocr_line' id='line_1_58' title="bbox 317 2846 1981 2919; baseline -0.001 -16"><span class='ocrx_word' id='word_1_391' title='bbox 317 2849 428 2919; x_wconf 91' lang='lat' dir='ltr'><strong>qui</strong></span> <span class='ocrx_word' id='word_1_392' title='bbox 454 2848 706 2916; x_wconf 90' lang='lat' dir='ltr'><strong>jusserat</strong></span> <span class='ocrx_word' id='word_1_393' title='bbox 738 2864 749 2900; x_wconf 92' lang='lat'><strong>:</strong></span> <span class='ocrx_word' id='word_1_394' title='bbox 788 2848 969 2919; x_wconf 79' lang='lat' dir='ltr'><strong>«Post</strong></span> <span class='ocrx_word' id='word_1_395' title='bbox 1001 2846 1303 2919; x_wconf 73' lang='lat' dir='ltr'><strong>duodecim</strong></span> <span class='ocrx_word' id='word_1_396' title='bbox 1336 2860 1518 2903; x_wconf 89' lang='lat' dir='ltr'><strong>annos</strong></span> <span class='ocrx_word' id='word_1_397' title='bbox 1546 2846 1981 2919; x_wconf 87' lang='lat' dir='ltr'><strong>egrediminiin</strong></span> 
     </span>
    </p>
   </div>
   <div class='ocr_carea' id='block_1_58' title="bbox 319 2917 1982 2987">
    <p class='ocr_par' dir='ltr' id='par_1_58' title="bbox 319 2917 1982 2987">
     <span class='ocr_line' id='line_1_59' title="bbox 319 2917 1982 2987; baseline -0.001 -14"><span class='ocrx_word' id='word_1_398' title='bbox 319 2917 626 2983; x_wconf 80' lang='lat' dir='ltr'><strong>mundum,</strong></span> <span class='ocrx_word' id='word_1_399' title='bbox 655 2932 723 2972; x_wconf 94' lang='lat' dir='ltr'><strong>ne</strong></span> <span class='ocrx_word' id='word_1_400' title='bbox 742 2918 874 2987; x_wconf 90' lang='lat' dir='ltr'><strong>quis</strong></span> <span class='ocrx_word' id='word_1_401' title='bbox 897 2917 1088 2987; x_wconf 81' lang='lat' dir='ltr'><strong>dicat:</strong></span> <span class='ocrx_word' id='word_1_402' title='bbox 1115 2917 1237 2971; x_wconf 89' lang='lat' dir='ltr'><strong>Non</strong></span> <span class='ocrx_word' id='word_1_403' title='bbox 1265 2919 1616 2973; x_wconf 90' lang='lat' dir='ltr'><strong>audivimus.</strong></span> <span class='ocrx_word' id='word_1_404' title='bbox 1650 2936 1676 2967; x_wconf 91' lang='lat'>»</span> <span class='ocrx_word' id='word_1_405' title='bbox 1706 2918 1982 2972; x_wconf 87' lang='lat' dir='ltr'><strong>Hensche-</strong></span> 
     </span>
    </p>
   </div>
   <div class='ocr_carea' id='block_1_59' title="bbox 318 2984 1982 3060">
    <p class='ocr_par' dir='ltr' id='par_1_59' title="bbox 318 2984 1982 3060">
     <span class='ocr_line' id='line_1_60' title="bbox 318 2984 1982 3060; baseline -0.002 -15"><span class='ocrx_word' id='word_1_406' title='bbox 318 2991 463 3045; x_wconf 90' lang='lat' dir='ltr'><strong>nius</strong></span> <span class='ocrx_word' id='word_1_407' title='bbox 494 3003 722 3060; x_wconf 90' lang='lat' dir='ltr'><strong>quoque</strong></span> <span class='ocrx_word' id='word_1_408' title='bbox 746 2984 980 3043; x_wconf 81' lang='lat' dir='ltr'><strong>exercit.</strong></span> <span class='ocrx_word' id='word_1_409' title='bbox 1010 2984 1043 3041; x_wconf 74' lang='grc'>4</span> <span class='ocrx_word' id='word_1_410' title='bbox 1063 2989 1132 3042; x_wconf 90' lang='lat' dir='ltr'><strong>ad</strong></span> <span class='ocrx_word' id='word_1_411' title='bbox 1158 2987 1598 3060; x_wconf 88' lang='lat' dir='ltr'><strong>Chronologiam</strong></span> <span class='ocrx_word' id='word_1_412' title='bbox 1626 2988 1982 3057; x_wconf 81' lang='lat' dir='ltr'><strong>pontiﬁciam</strong></span> 
     </span>
    </p>
   </div>
   <div class='ocr_carea' id='block_1_60' title="bbox 318 3059 1982 3128">
    <p class='ocr_par' dir='ltr' id='par_1_60' title="bbox 318 3059 1982 3128">
     <span class='ocr_line' id='line_1_61' title="bbox 318 3059 1982 3128; baseline -0.002 -12"><span class='ocrx_word' id='word_1_413' title='bbox 318 3074 566 3116; x_wconf 88' lang='lat' dir='ltr'><strong>numero</strong></span> <span class='ocrx_word' id='word_1_414' title='bbox 615 3059 706 3127; x_wconf 77' lang='grc'><strong>28,</strong></span> <span class='ocrx_word' id='word_1_415' title='bbox 764 3064 1061 3128; x_wconf 85' lang='lat' dir='ltr'><strong>postquam</strong></span> <span class='ocrx_word' id='word_1_416' title='bbox 1105 3059 1639 3114; x_wconf 54' lang='lat' dir='ltr'><strong>ostenderat&#39;anno</strong></span> <span class='ocrx_word' id='word_1_417' title='bbox 1688 3060 1916 3128; x_wconf 73' lang='lat' dir='ltr'><strong>quinto‘</strong></span> <span class='ocrx_word' id='word_1_418' title='bbox 1949 3072 1982 3112; x_wconf 91' lang='lat' dir='ltr'><strong>a</strong></span> 
     </span>
    </p>
   </div>
   <div class='ocr_carea' id='block_1_61' title="bbox 314 3128 1982 3187">
    <p class='ocr_par' dir='ltr' id='par_1_61' title="bbox 314 3128 1982 3187">
     <span class='ocr_line' id='line_1_62' title="bbox 314 3128 1982 3187; baseline -0.003 0"><span class='ocrx_word' id='word_1_419' title='bbox 314 3133 600 3187; x_wconf 85' lang='lat' dir='ltr'><strong>Passione</strong></span> <span class='ocrx_word' id='word_1_420' title='bbox 647 3130 863 3185; x_wconf 86' lang='lat' dir='ltr'><strong>Christi</strong></span> <span class='ocrx_word' id='word_1_421' title='bbox 915 3129 1140 3184; x_wconf 87' lang='lat' dir='ltr'><strong>labente</strong></span> <span class='ocrx_word' id='word_1_422' title='bbox 1192 3128 1486 3184; x_wconf 83' lang='lat' dir='ltr'><strong>fundatam</strong></span> <span class='ocrx_word' id='word_1_423' title='bbox 1520 3146 1551 3183; x_wconf 90' lang='lat' dir='ltr'><strong>a</strong></span> <span class='ocrx_word' id='word_1_424' title='bbox 1584 3132 1744 3185; x_wconf 90' lang='lat' dir='ltr'><strong>Petro</strong></span> <span class='ocrx_word' id='word_1_425' title='bbox 1798 3128 1982 3183; x_wconf 90' lang='lat' dir='ltr'><strong>fuisse</strong></span> 
     </span>
    </p>
   </div>
   <div class='ocr_carea' id='block_1_62' title="bbox 316 3200 1983 3269">
    <p class='ocr_par' dir='ltr' id='par_1_62' title="bbox 316 3200 1983 3269">
     <span class='ocr_line' id='line_1_63' title="bbox 316 3200 1983 3269; baseline -0.003 -11"><span class='ocrx_word' id='word_1_426' title='bbox 316 3203 653 3258; x_wconf 84' lang='lat' dir='ltr'><strong>cathedram</strong></span> <span class='ocrx_word' id='word_1_427' title='bbox 694 3200 1128 3267; x_wconf 84' lang='lat' dir='ltr'><strong>Antiochenam,</strong></span> <span class='ocrx_word' id='word_1_428' title='bbox 1160 3201 1277 3254; x_wconf 86' lang='lat' dir='ltr'><strong>hac</strong></span> <span class='ocrx_word' id='word_1_429' title='bbox 1308 3201 1539 3255; x_wconf 86' lang='lat' dir='ltr'><strong>subdit:</strong></span> <span class='ocrx_word' id='word_1_430' title='bbox 1577 3220 1603 3251; x_wconf 86' lang='lat'>«</span> <span class='ocrx_word' id='word_1_431' title='bbox 1651 3201 1854 3269; x_wconf 82' lang='lat' dir='ltr'><strong>Elapso</strong></span> <span class='ocrx_word' id='word_1_432' title='bbox 1884 3212 1983 3254; x_wconf 90' lang='lat' dir='ltr'><strong>se-</strong></span> 
     </span>
    </p>
   </div>
   <div class='ocr_carea' id='block_1_63' title="bbox 321 3270 1979 3344">
    <p class='ocr_par' dir='ltr' id='par_1_63' title="bbox 321 3270 1979 3344">
     <span class='ocr_line' id='line_1_64' title="bbox 321 3270 1979 3344; baseline -0.003 -17"><span class='ocrx_word' id='word_1_433' title='bbox 321 3274 563 3344; x_wconf 89' lang='lat' dir='ltr'><strong>ptennio</strong></span> <span class='ocrx_word' id='word_1_434' title='bbox 606 3272 887 3327; x_wconf 86' lang='lat' dir='ltr'><strong>cathedra</strong></span> <span class='ocrx_word' id='word_1_435' title='bbox 902 3271 1306 3344; x_wconf 76' lang='lat' dir='ltr'><strong>Antiochena,</strong></span> <span class='ocrx_word' id='word_1_436' title='bbox 1331 3270 1657 3344; x_wconf 90' lang='lat' dir='ltr'><strong>substituto</strong></span> <span class='ocrx_word' id='word_1_437' title='bbox 1680 3270 1891 3344; x_wconf 85' lang='lat' dir='ltr'><strong>ibidem</strong></span> <span class='ocrx_word' id='word_1_438' title='bbox 1922 3270 1979 3344; x_wconf 89' lang='lat' dir='ltr'><strong>_S.</strong></span> 
     </span>
    </p>
   </div>
   <div class='ocr_carea' id='block_1_64' title="bbox 278 3341 1982 3413">
    <p class='ocr_par' dir='ltr' id='par_1_64' title="bbox 278 3341 1982 3413">
     <span class='ocr_line' id='line_1_65' title="bbox 278 3341 1982 3413; baseline -0.002 -13"><span class='ocrx_word' id='word_1_439' title='bbox 278 3396 285 3400; x_wconf 86' lang='lat'><strong>.</strong></span> <span class='ocrx_word' id='word_1_440' title='bbox 319 3341 564 3407; x_wconf 80' lang='lat' dir='ltr'><strong>Evodio,</strong></span> <span class='ocrx_word' id='word_1_441' title='bbox 593 3344 833 3413; x_wconf 88' lang='lat' dir='ltr'><strong>primam</strong></span> <span class='ocrx_word' id='word_1_442' title='bbox 878 3342 1145 3397; x_wconf 81' lang='lat' dir='ltr'><strong>Ecclesia</strong></span> <span class='ocrx_word' id='word_1_443' title='bbox 1170 3342 1514 3396; x_wconf 88' lang='lat' dir='ltr'><strong>Christiana</strong></span> <span class='ocrx_word' id='word_1_444' title='bbox 1552 3342 1881 3396; x_wconf 86' lang='lat' dir='ltr'><strong>cathedram</strong></span> <span class='ocrx_word' id='word_1_445' title='bbox 1920 3341 1982 3396; x_wconf 92' lang='lat' dir='ltr'><strong>in</strong></span> 
     </span>
    </p>
   </div>
   <div class='ocr_carea' id='block_1_65' title="bbox 322 3413 1978 3482">
    <p class='ocr_par' dir='ltr' id='par_1_65' title="bbox 322 3413 1978 3482">
     <span class='ocr_line' id='line_1_66' title="bbox 322 3413 1978 3482; baseline -0.004 -11"><span class='ocrx_word' id='word_1_446' title='bbox 322 3415 471 3471; x_wconf 90' lang='lat' dir='ltr'><strong>urbe</strong></span> <span class='ocrx_word' id='word_1_447' title='bbox 511 3414 757 3469; x_wconf 81' lang='lat' dir='ltr'><strong>Romana</strong></span> <span class='ocrx_word' id='word_1_448' title='bbox 826 3414 958 3469; x_wconf 90' lang='lat' dir='ltr'><strong>sede</strong></span> <span class='ocrx_word' id='word_1_449' title='bbox 998 3413 1429 3482; x_wconf 86' lang='lat' dir='ltr'><strong>imperatorum,</strong></span> <span class='ocrx_word' id='word_1_450' title='bbox 1461 3420 1517 3467; x_wconf 91' lang='lat' dir='ltr'><strong>et</strong></span> <span class='ocrx_word' id='word_1_451' title='bbox 1560 3413 1720 3468; x_wconf 88' lang='lat' dir='ltr'><strong>orbis</strong></span> <span class='ocrx_word' id='word_1_452' title='bbox 1770 3413 1978 3482; x_wconf 84' lang='lat' dir='ltr'><strong>capite,</strong></span> 
     </span>
    </p>
   </div>
   <div class='ocr_carea' id='block_1_66' title="bbox 323 3484 1982 3554">
    <p class='ocr_par' dir='ltr' id='par_1_66' title="bbox 323 3484 1982 3554">
     <span class='ocr_line' id='line_1_67' title="bbox 323 3484 1982 3554; baseline -0.004 -12"><span class='ocrx_word' id='word_1_453' title='bbox 323 3486 635 3542; x_wconf 89' lang='lat' dir='ltr'><strong>collocavit</strong></span> <span class='ocrx_word' id='word_1_454' title='bbox 692 3497 841 3538; x_wconf 91' lang='lat' dir='ltr'><strong>anno</strong></span> <span class='ocrx_word' id='word_1_455' title='bbox 902 3498 1028 3538; x_wconf 87' lang='lat' dir='ltr'><strong>ara</strong></span> <span class='ocrx_word' id='word_1_456' title='bbox 1101 3484 1359 3551; x_wconf 73' lang='lat' dir='ltr'><strong>vulgaris</strong></span> <span class='ocrx_word' id='word_1_457' title='bbox 1415 3484 1892 3554; x_wconf 87' lang='lat' dir='ltr'><strong>quadragesimo:</strong></span> <span class='ocrx_word' id='word_1_458' title='bbox 1949 3496 1982 3536; x_wconf 88' lang='lat' dir='ltr'><strong>a</strong></span> 
     </span>
    </p>
   </div>
   <div class='ocr_carea' id='block_1_67' title="bbox 322 3554 1979 3627">
    <p class='ocr_par' dir='ltr' id='par_1_67' title="bbox 322 3554 1979 3627">
     <span class='ocr_line' id='line_1_68' title="bbox 322 3554 1979 3627; baseline -0.003 -15"><span class='ocrx_word' id='word_1_459' title='bbox 322 3570 444 3627; x_wconf 92' lang='lat' dir='ltr'><strong>quo</strong></span> <span class='ocrx_word' id='word_1_460' title='bbox 466 3569 616 3612; x_wconf 90' lang='lat' dir='ltr'><strong>anno</strong></span> <span class='ocrx_word' id='word_1_461' title='bbox 644 3554 953 3610; x_wconf 83' lang='lat' dir='ltr'><strong>inchoandi</strong></span> <span class='ocrx_word' id='word_1_462' title='bbox 984 3556 1044 3608; x_wconf 92' lang='lat' dir='ltr'><strong>in</strong></span> <span class='ocrx_word' id='word_1_463' title='bbox 1060 3555 1320 3627; x_wconf 77' lang='lat' dir='ltr'><strong>catalogo</strong></span> <span class='ocrx_word' id='word_1_464' title='bbox 1340 3555 1456 3627; x_wconf 86' lang='lat' dir='ltr'><strong>jam</strong></span> <span class='ocrx_word' id='word_1_465' title='bbox 1478 3555 1656 3627; x_wconf 82' lang='lat' dir='ltr'><strong>citato</strong></span> <span class='ocrx_word' id='word_1_466' title='bbox 1683 3559 1824 3627; x_wconf 85' lang='lat' dir='ltr'><strong>sunt</strong></span> <span class='ocrx_word' id='word_1_467' title='bbox 1842 3554 1979 3608; x_wconf 90' lang='lat' dir='ltr'><strong>anni</strong></span> 
     </span>
    </p>
   </div>
   <div class='ocr_carea' id='block_1_68' title="bbox 323 3624 1984 3697">
    <p class='ocr_par' dir='ltr' id='par_1_68' title="bbox 323 3624 1984 3697">
     <span class='ocr_line' id='line_1_69' title="bbox 323 3624 1984 3697; baseline -0.001 -16"><span class='ocrx_word' id='word_1_468' title='bbox 323 3624 539 3697; x_wconf 58' lang='lat' dir='ltr'><strong>iiginti</strong></span> <span class='ocrx_word' id='word_1_469' title='bbox 586 3626 843 3697; x_wconf 90' lang='lat' dir='ltr'><strong>quinque</strong></span> <span class='ocrx_word' id='word_1_470' title='bbox 874 3627 1029 3681; x_wconf 90' lang='lat' dir='ltr'><strong>sedis</strong></span> <span class='ocrx_word' id='word_1_471' title='bbox 1057 3624 1352 3694; x_wconf 52' lang='lat' dir='ltr'><strong>hujus.&#39;Et</strong></span> <span class='ocrx_word' id='word_1_472' title='bbox 1385 3625 1446 3697; x_wconf 82' lang='lat' dir='ltr'><strong>hi</strong></span> <span class='ocrx_word' id='word_1_473' title='bbox 1487 3625 1694 3694; x_wconf 84' lang='lat' dir='ltr'><strong>viginti</strong></span> <span class='ocrx_word' id='word_1_474' title='bbox 1725 3624 1984 3697; x_wconf 84' lang='lat' dir='ltr'><strong>quinque</strong></span> 
     </span>
    </p>
   </div>
   <div class='ocr_carea' id='block_1_69' title="bbox 322 3694 1982 3765">
    <p class='ocr_par' dir='ltr' id='par_1_69' title="bbox 322 3694 1982 3765">
     <span class='ocr_line' id='line_1_70' title="bbox 322 3694 1982 3765; baseline -0.003 -12"><span class='ocrx_word' id='word_1_475' title='bbox 322 3694 468 3753; x_wconf 60' lang='lat' dir='ltr'><strong>an&#39;ni</strong></span> <span class='ocrx_word' id='word_1_476' title='bbox 502 3694 783 3753; x_wconf 77' lang='lat' dir='ltr'><strong>habentur</strong></span> <span class='ocrx_word' id='word_1_477' title='bbox 833 3697 892 3751; x_wconf 92' lang='lat' dir='ltr'><strong>in</strong></span> <span class='ocrx_word' id='word_1_478' title='bbox 923 3699 1103 3751; x_wconf 90' lang='lat' dir='ltr'><strong>altero</strong></span> <span class='ocrx_word' id='word_1_479' title='bbox 1156 3710 1283 3751; x_wconf 88' lang='lat' dir='ltr'><strong>mox</strong></span> <span class='ocrx_word' id='word_1_480' title='bbox 1314 3694 1653 3765; x_wconf 89' lang='lat' dir='ltr'><strong>proferendo</strong></span> <span class='ocrx_word' id='word_1_481' title='bbox 1700 3694 1982 3765; x_wconf 81' lang='lat' dir='ltr'><strong>catalogo,</strong></span> 
     </span>
    </p>
   </div>
   <div class='ocr_carea' id='block_1_70' title="bbox 326 3766 1981 3834">
    <p class='ocr_par' dir='ltr' id='par_1_70' title="bbox 326 3766 1981 3834">
     <span class='ocr_line' id='line_1_71' title="bbox 326 3766 1981 3834; baseline -0.003 -10"><span class='ocrx_word' id='word_1_482' title='bbox 326 3769 420 3825; x_wconf 89' lang='lat' dir='ltr'><strong>uti</strong></span> <span class='ocrx_word' id='word_1_483' title='bbox 443 3776 499 3823; x_wconf 91' lang='lat' dir='ltr'><strong>et</strong></span> <span class='ocrx_word' id='word_1_484' title='bbox 523 3771 581 3823; x_wconf 92' lang='lat' dir='ltr'><strong>in</strong></span> <span class='ocrx_word' id='word_1_485' title='bbox 615 3770 717 3823; x_wconf 79' lang='lat' dir='ltr'><strong>Ms.</strong></span> <span class='ocrx_word' id='word_1_486' title='bbox 752 3768 1030 3834; x_wconf 86' lang='lat' dir='ltr'><strong>Palatino,</strong></span> <span class='ocrx_word' id='word_1_487' title='bbox 1082 3767 1177 3821; x_wconf 88' lang='lat' dir='ltr'><strong>sed</strong></span> <span class='ocrx_word' id='word_1_488' title='bbox 1212 3781 1243 3821; x_wconf 86' lang='lat' dir='ltr'><strong>a</strong></span> <span class='ocrx_word' id='word_1_489' title='bbox 1277 3766 1444 3821; x_wconf 90' lang='lat' dir='ltr'><strong>nobis</strong></span> <span class='ocrx_word' id='word_1_490' title='bbox 1472 3767 1724 3822; x_wconf 88' lang='lat' dir='ltr'><strong>omisso:</strong></span> <span class='ocrx_word' id='word_1_491' title='bbox 1759 3767 1892 3821; x_wconf 90' lang='lat' dir='ltr'><strong>item</strong></span> <span class='ocrx_word' id='word_1_492' title='bbox 1924 3767 1981 3820; x_wconf 92' lang='lat' dir='ltr'><strong>in</strong></span> 
     </span>
    </p>
   </div>
   <div class='ocr_carea' id='block_1_71' title="bbox 323 3836 1986 3906">
    <p class='ocr_par' dir='ltr' id='par_1_71' title="bbox 323 3836 1986 3906">
     <span class='ocr_line' id='line_1_72' title="bbox 323 3836 1986 3906; baseline -0.004 -10"><span class='ocrx_word' id='word_1_493' title='bbox 323 3839 653 3896; x_wconf 84' lang='lat' dir='ltr'><strong>Pontiﬁcali</strong></span> <span class='ocrx_word' id='word_1_494' title='bbox 703 3840 973 3903; x_wconf 87' lang='lat' dir='ltr'><strong>Romano,</strong></span> <span class='ocrx_word' id='word_1_495' title='bbox 1005 3842 1060 3893; x_wconf 90' lang='lat' dir='ltr'><strong>et</strong></span> <span class='ocrx_word' id='word_1_496' title='bbox 1088 3838 1237 3906; x_wconf 87' lang='lat' dir='ltr'><strong>apud</strong></span> <span class='ocrx_word' id='word_1_497' title='bbox 1282 3838 1649 3892; x_wconf 88' lang='lat' dir='ltr'><strong>Anastasium</strong></span> <span class='ocrx_word' id='word_1_498' title='bbox 1678 3836 1986 3891; x_wconf 86' lang='lat' dir='ltr'><strong>Bibliothe-</strong></span> 
     </span>
    </p>
   </div>
   <div class='ocr_carea' id='block_1_72' title="bbox 328 3907 1983 3976">
    <p class='ocr_par' dir='ltr' id='par_1_72' title="bbox 328 3907 1983 3976">
     <span class='ocr_line' id='line_1_73' title="bbox 328 3907 1983 3976; baseline -0.004 -9"><span class='ocrx_word' id='word_1_499' title='bbox 328 3913 559 3967; x_wconf 88' lang='lat' dir='ltr'><strong>carium</strong></span> <span class='ocrx_word' id='word_1_500' title='bbox 607 3912 665 3965; x_wconf 90' lang='lat' dir='ltr'><strong>in</strong></span> <span class='ocrx_word' id='word_1_501' title='bbox 702 3924 874 3964; x_wconf 87' lang='lat' dir='ltr'><strong>manu</strong></span> <span class='ocrx_word' id='word_1_502' title='bbox 904 3910 1155 3963; x_wconf 89' lang='lat' dir='ltr'><strong>exaratis</strong></span> <span class='ocrx_word' id='word_1_503' title='bbox 1184 3917 1239 3963; x_wconf 91' lang='lat' dir='ltr'><strong>et</strong></span> <span class='ocrx_word' id='word_1_504' title='bbox 1272 3909 1445 3976; x_wconf 88' lang='lat' dir='ltr'><strong>pralo</strong></span> <span class='ocrx_word' id='word_1_505' title='bbox 1471 3909 1631 3963; x_wconf 90' lang='lat' dir='ltr'><strong>cusis</strong></span> <span class='ocrx_word' id='word_1_506' title='bbox 1660 3907 1983 3974; x_wconf 86' lang='lat' dir='ltr'><strong>codicibus,</strong></span> 
     </span>
    </p>
   </div>
   <div class='ocr_carea' id='block_1_73' title="bbox 327 3979 1988 4064">
    <p class='ocr_par' dir='ltr' id='par_1_73' title="bbox 327 3979 1988 4064">
     <span class='ocr_line' id='line_1_74' title="bbox 327 3979 1988 4064; baseline -0.004 -26"><span class='ocrx_word' id='word_1_507' title='bbox 327 3996 553 4039; x_wconf 90' lang='lat' dir='ltr'><strong>necnon</strong></span> <span class='ocrx_word' id='word_1_508' title='bbox 593 3981 744 4064; x_wconf 57' lang='lat' dir='ltr'><strong>amid</strong></span> <span class='ocrx_word' id='word_1_509' title='bbox 801 3981 1236 4064; x_wconf 63' lang='lat' dir='ltr'><strong>buitprandum,</strong></span> <span class='ocrx_word' id='word_1_510' title='bbox 1273 3979 1583 4064; x_wconf 64' lang='lat' dir='ltr'><strong>Abbonem,</strong></span> <span class='ocrx_word' id='word_1_511' title='bbox 1624 3984 1677 4033; x_wconf 91' lang='lat' dir='ltr'><strong>et</strong></span> <span class='ocrx_word' id='word_1_512' title='bbox 1726 3979 1876 4033; x_wconf 90' lang='lat' dir='ltr'><strong>alios</strong></span> <span class='ocrx_word' id='word_1_513' title='bbox 1907 3993 1988 4064; x_wconf 59' lang='lat' dir='ltr'><strong>re;</strong></span> 
     </span>
    </p>
   </div>
   <div class='ocr_carea' id='block_1_74' title="bbox 328 4046 1988 4122">
    <p class='ocr_par' dir='ltr' id='par_1_74' title="bbox 328 4046 1988 4122">
     <span class='ocr_line' id='line_1_75' title="bbox 328 4046 1988 4122; baseline -0.004 -13"><span class='ocrx_word' id='word_1_514' title='bbox 328 4068 458 4109; x_wconf 91' lang='lat' dir='ltr'><strong>rum</strong></span> <span class='ocrx_word' id='word_1_515' title='bbox 485 4046 950 4122; x_wconf 56' lang='lat' dir='ltr'><strong>pontiﬁciarium&#39;</strong></span> <span class='ocrx_word' id='word_1_516' title='bbox 970 4051 1301 4119; x_wconf 89' lang='lat' dir='ltr'><strong>scriptores.</strong></span> <span class='ocrx_word' id='word_1_517' title='bbox 1332 4071 1359 4099; x_wconf 84' lang='grc'><strong>››</strong></span> <span class='ocrx_word' id='word_1_518' title='bbox 1394 4051 1611 4122; x_wconf 86' lang='lat' dir='ltr'><strong>Deinde</strong></span> <span class='ocrx_word' id='word_1_519' title='bbox 1638 4063 1875 4122; x_wconf 90' lang='lat' dir='ltr'><strong>numero</strong></span> <span class='ocrx_word' id='word_1_520' title='bbox 1916 4046 1988 4104; x_wconf 85' lang='grc'>35</span> 
     </span>
    </p>
   </div>
   <div class='ocr_carea' id='block_1_75' title="bbox 325 4121 1994 4193">
    <p class='ocr_par' dir='ltr' id='par_1_75' title="bbox 325 4121 1994 4193">
     <span class='ocr_line' id='line_1_76' title="bbox 325 4121 1994 4193; baseline -0.004 -12"><span class='ocrx_word' id='word_1_521' title='bbox 325 4126 401 4181; x_wconf 89' lang='lat' dir='ltr'><strong>de</strong></span> <span class='ocrx_word' id='word_1_522' title='bbox 429 4136 580 4180; x_wconf 90' lang='lat' dir='ltr'><strong>anno</strong></span> <span class='ocrx_word' id='word_1_523' title='bbox 612 4122 870 4192; x_wconf 86' lang='lat' dir='ltr'><strong>martyrii</strong></span> <span class='ocrx_word' id='word_1_524' title='bbox 897 4121 989 4176; x_wconf 86' lang='lat' dir='ltr'><strong>SS.</strong></span> <span class='ocrx_word' id='word_1_525' title='bbox 1020 4122 1177 4193; x_wconf 90' lang='lat' dir='ltr'><strong>Petri</strong></span> <span class='ocrx_word' id='word_1_526' title='bbox 1200 4128 1255 4176; x_wconf 90' lang='lat' dir='ltr'><strong>et</strong></span> <span class='ocrx_word' id='word_1_527' title='bbox 1282 4121 1440 4193; x_wconf 87' lang='lat' dir='ltr'><strong>Pauli</strong></span> <span class='ocrx_word' id='word_1_528' title='bbox 1481 4135 1654 4193; x_wconf 82' lang='lat' dir='ltr'><strong>agens</strong></span> <span class='ocrx_word' id='word_1_529' title='bbox 1705 4121 1820 4176; x_wconf 84' lang='lat' dir='ltr'><strong>hac</strong></span> <span class='ocrx_word' id='word_1_530' title='bbox 1851 4122 1994 4176; x_wconf 88' lang='lat' dir='ltr'><strong>scri-</strong></span> 
     </span>
    </p>
   </div>
   <div class='ocr_carea' id='block_1_76' title="bbox 327 4192 1989 4263">
    <p class='ocr_par' dir='ltr' id='par_1_76' title="bbox 327 4192 1989 4263">
     <span class='ocr_line' id='line_1_77' title="bbox 327 4192 1989 4263; baseline -0.002 -12"><span class='ocrx_word' id='word_1_531' title='bbox 327 4196 459 4251; x_wconf 87' lang='lat' dir='ltr'><strong>bit:</strong></span> <span class='ocrx_word' id='word_1_532' title='bbox 508 4215 535 4245; x_wconf 82' lang='grc' dir='ltr'><em>α</em></span> <span class='ocrx_word' id='word_1_533' title='bbox 590 4195 750 4249; x_wconf 88' lang='lat' dir='ltr'><strong>Passi</strong></span> <span class='ocrx_word' id='word_1_534' title='bbox 795 4208 930 4263; x_wconf 86' lang='lat' dir='ltr'><strong>ergo</strong></span> <span class='ocrx_word' id='word_1_535' title='bbox 970 4199 1120 4247; x_wconf 90' lang='lat' dir='ltr'><strong>recte</strong></span> <span class='ocrx_word' id='word_1_536' title='bbox 1170 4192 1638 4247; x_wconf 39' lang='lat' dir='ltr'><strong>indicantur’SS.</strong></span> <span class='ocrx_word' id='word_1_537' title='bbox 1686 4193 1885 4247; x_wconf 87' lang='lat' dir='ltr'><strong>Petrus</strong></span> <span class='ocrx_word' id='word_1_538' title='bbox 1933 4195 1989 4247; x_wconf 92' lang='lat' dir='ltr'><strong>et</strong></span> 
     </span>
    </p>
   </div>
   <div class='ocr_carea' id='block_1_77' title="bbox 332 4264 1987 4333">
    <p class='ocr_par' dir='ltr' id='par_1_77' title="bbox 332 4264 1987 4333">
     <span class='ocr_line' id='line_1_78' title="bbox 332 4264 1987 4333; baseline -0.002 -12"><span class='ocrx_word' id='word_1_539' title='bbox 332 4266 567 4331; x_wconf 89' lang='lat' dir='ltr'><strong>Paulus,</strong></span> <span class='ocrx_word' id='word_1_540' title='bbox 609 4267 828 4320; x_wconf 88' lang='lat' dir='ltr'><strong>Nerone</strong></span> <span class='ocrx_word' id='word_1_541' title='bbox 881 4266 1066 4320; x_wconf 80' lang='lat' dir='ltr'><strong>Roma</strong></span> <span class='ocrx_word' id='word_1_542' title='bbox 1098 4269 1394 4333; x_wconf 87' lang='lat' dir='ltr'><strong>prasente,</strong></span> <span class='ocrx_word' id='word_1_543' title='bbox 1443 4265 1622 4318; x_wconf 88' lang='lat' dir='ltr'><strong>Nerva</strong></span> <span class='ocrx_word' id='word_1_544' title='bbox 1651 4270 1708 4318; x_wconf 90' lang='lat' dir='ltr'><strong>et</strong></span> <span class='ocrx_word' id='word_1_545' title='bbox 1758 4264 1987 4318; x_wconf 90' lang='lat' dir='ltr'><strong>Vestino</strong></span> 
     </span>
    </p>
   </div>
   <div class='ocr_carea' id='block_1_78' title="bbox 330 4333 1985 4401">
    <p class='ocr_par' dir='ltr' id='par_1_78' title="bbox 330 4333 1985 4401">
     <span class='ocr_line' id='line_1_79' title="bbox 330 4333 1985 4401; baseline -0.003 -8"><span class='ocrx_word' id='word_1_546' title='bbox 330 4336 697 4400; x_wconf 89' lang='lat' dir='ltr'><strong>consulibus,</strong></span> <span class='ocrx_word' id='word_1_547' title='bbox 760 4349 910 4390; x_wconf 88' lang='lat' dir='ltr'><strong>anno</strong></span> <span class='ocrx_word' id='word_1_548' title='bbox 967 4349 1091 4390; x_wconf 89' lang='lat' dir='ltr'><strong>ara</strong></span> <span class='ocrx_word' id='word_1_549' title='bbox 1125 4334 1467 4389; x_wconf 88' lang='lat' dir='ltr'><strong>Christiana</strong></span> <span class='ocrx_word' id='word_1_550' title='bbox 1504 4333 1593 4401; x_wconf 77' lang='grc'>65,</span> <span class='ocrx_word' id='word_1_551' title='bbox 1643 4335 1886 4389; x_wconf 90' lang='lat' dir='ltr'><strong>Neronis</strong></span> <span class='ocrx_word' id='word_1_552' title='bbox 1933 4335 1985 4388; x_wconf 92' lang='lat' dir='ltr'><strong>si</strong></span> 
     </span>
    </p>
   </div>
   <div class='ocr_carea' id='block_1_79' title="bbox 332 4405 1983 4478">
    <p class='ocr_par' dir='ltr' id='par_1_79' title="bbox 332 4405 1983 4478">
     <span class='ocr_line' id='line_1_80' title="bbox 332 4405 1983 4478; baseline -0.003 -14"><span class='ocrx_word' id='word_1_553' title='bbox 332 4413 628 4478; x_wconf 90' lang='lat' dir='ltr'><strong>spectetur</strong></span> <span class='ocrx_word' id='word_1_554' title='bbox 655 4415 880 4475; x_wconf 89' lang='lat' dir='ltr'><strong>tempus</strong></span> <span class='ocrx_word' id='word_1_555' title='bbox 913 4406 1143 4474; x_wconf 90' lang='lat' dir='ltr'><strong>imperii</strong></span> <span class='ocrx_word' id='word_1_556' title='bbox 1175 4412 1421 4474; x_wconf 81' lang='lat' dir='ltr'><strong>captum</strong></span> <span class='ocrx_word' id='word_1_557' title='bbox 1471 4418 1622 4478; x_wconf 83' lang='lat' dir='ltr'><strong>anno</strong></span> <span class='ocrx_word' id='word_1_558' title='bbox 1650 4418 1730 4467; x_wconf 71' lang='grc' dir='ltr'><strong>χι,</strong></span> <span class='ocrx_word' id='word_1_559' title='bbox 1764 4405 1866 4474; x_wconf 89' lang='lat' dir='ltr'><strong>qui</strong></span> <span class='ocrx_word' id='word_1_560' title='bbox 1902 4418 1983 4478; x_wconf 80' lang='lat' dir='ltr'><strong>xu</strong></span> 
     </span>
    </p>
   </div>
   <div class='ocr_carea' id='block_1_80' title="bbox 332 4476 1990 4546">
    <p class='ocr_par' dir='ltr' id='par_1_80' title="bbox 332 4476 1990 4546">
     <span class='ocr_line' id='line_1_81' title="bbox 332 4476 1990 4546; baseline -0.003 -12"><span class='ocrx_word' id='word_1_561' title='bbox 332 4476 484 4535; x_wconf 79' lang='lat' dir='ltr'><strong>solet</strong></span> <span class='ocrx_word' id='word_1_562' title='bbox 516 4479 733 4546; x_wconf 88' lang='lat' dir='ltr'><strong>haberi,</strong></span> <span class='ocrx_word' id='word_1_563' title='bbox 764 4478 899 4532; x_wconf 91' lang='lat' dir='ltr'><strong>licet</strong></span> <span class='ocrx_word' id='word_1_564' title='bbox 939 4478 1126 4533; x_wconf 91' lang='lat' dir='ltr'><strong>solum</strong></span> <span class='ocrx_word' id='word_1_565' title='bbox 1163 4480 1424 4543; x_wconf 85' lang='lat' dir='ltr'><strong>proximo</strong></span> <span class='ocrx_word' id='word_1_566' title='bbox 1455 4476 1687 4531; x_wconf 85' lang='lat' dir='ltr'><strong>Octobri</strong></span> <span class='ocrx_word' id='word_1_567' title='bbox 1725 4480 1875 4531; x_wconf 83' lang='lat' dir='ltr'><strong>esset</strong></span> <span class='ocrx_word' id='word_1_568' title='bbox 1907 4477 1990 4529; x_wconf 86' lang='lat' dir='ltr'><strong>in-</strong></span> 
     </span>
    </p>
   </div>
   <div class='ocr_carea' id='block_1_81' title="bbox 333 4547 1987 4616">
    <p class='ocr_par' dir='ltr' id='par_1_81' title="bbox 333 4547 1987 4616">
     <span class='ocr_line' id='line_1_82' title="bbox 333 4547 1987 4616; baseline -0.002 -9"><span class='ocrx_word' id='word_1_569' title='bbox 333 4553 602 4607; x_wconf 89' lang='lat' dir='ltr'><strong>choatus.</strong></span> <span class='ocrx_word' id='word_1_570' title='bbox 660 4552 931 4605; x_wconf 87' lang='lat' dir='ltr'><strong>Praterea</strong></span> <span class='ocrx_word' id='word_1_571' title='bbox 973 4550 1215 4604; x_wconf 87' lang='lat' dir='ltr'><strong>habetur</strong></span> <span class='ocrx_word' id='word_1_572' title='bbox 1258 4562 1444 4602; x_wconf 86' lang='lat' dir='ltr'><strong>annus</strong></span> <span class='ocrx_word' id='word_1_573' title='bbox 1477 4554 1603 4616; x_wconf 91' lang='lat' dir='ltr'><strong>post</strong></span> <span class='ocrx_word' id='word_1_574' title='bbox 1660 4547 1987 4603; x_wconf 89' lang='lat' dir='ltr'><strong>Passioncm</strong></span> 
     </span>
    </p>
   </div>
   <div class='ocr_carea' id='block_1_82' title="bbox 335 4618 1992 4690">
    <p class='ocr_par' dir='ltr' id='par_1_82' title="bbox 335 4618 1992 4690">
     <span class='ocr_line' id='line_1_83' title="bbox 335 4618 1992 4690; baseline -0.004 -12"><span class='ocrx_word' id='word_1_575' title='bbox 335 4623 567 4678; x_wconf 88' lang='lat' dir='ltr'><strong>Domini</strong></span> <span class='ocrx_word' id='word_1_576' title='bbox 597 4621 933 4690; x_wconf 88' lang='lat' dir='ltr'><strong>trigesimus</strong></span> <span class='ocrx_word' id='word_1_577' title='bbox 953 4619 1253 4687; x_wconf 90' lang='lat' dir='ltr'><strong>septimus,</strong></span> <span class='ocrx_word' id='word_1_578' title='bbox 1289 4632 1455 4687; x_wconf 89' lang='lat' dir='ltr'><strong>quem</strong></span> <span class='ocrx_word' id='word_1_579' title='bbox 1491 4618 1747 4690; x_wconf 14' lang='lat' dir='ltr'><strong>requirit,</strong></span> <span class='ocrx_word' id='word_1_580' title='bbox 1767 4619 1820 4672; x_wconf 90' lang='lat' dir='ltr'><strong>S.</strong></span> <span class='ocrx_word' id='word_1_581' title='bbox 1850 4618 1992 4690; x_wconf 87' lang='lat' dir='ltr'><strong>Hie-</strong></span> 
     </span>
    </p>
   </div>
   <div class='ocr_carea' id='block_1_83' title="bbox 339 4689 1989 4763">
    <p class='ocr_par' dir='ltr' id='par_1_83' title="bbox 339 4689 1989 4763">
     <span class='ocr_line' id='line_1_84' title="bbox 339 4689 1989 4763; baseline -0.004 -14"><span class='ocrx_word' id='word_1_582' title='bbox 339 4708 614 4763; x_wconf 78' lang='lat' dir='ltr'><strong>ronymus</strong></span> <span class='ocrx_word' id='word_1_583' title='bbox 644 4689 713 4747; x_wconf 84' lang='lat' dir='ltr'><strong>de</strong></span> <span class='ocrx_word' id='word_1_584' title='bbox 742 4692 949 4760; x_wconf 84' lang='lat' dir='ltr'><strong>Script.</strong></span> <span class='ocrx_word' id='word_1_585' title='bbox 981 4690 1392 4745; x_wconf 83' lang='lat' dir='ltr'><strong>ecclesiasticis</strong></span> <span class='ocrx_word' id='word_1_586' title='bbox 1421 4690 1479 4763; x_wconf 82' lang='lat' dir='ltr'><strong>in</strong></span> <span class='ocrx_word' id='word_1_587' title='bbox 1514 4690 1709 4759; x_wconf 81' lang='lat' dir='ltr'><strong>Elogio</strong></span> <span class='ocrx_word' id='word_1_588' title='bbox 1727 4689 1989 4763; x_wconf 74' lang='lat' dir='ltr'><strong>S._Petri,</strong></span> 
     </span>
    </p>
   </div>
   <div class='ocr_carea' id='block_1_84' title="bbox 337 4760 1882 4831">
    <p class='ocr_par' dir='ltr' id='par_1_84' title="bbox 337 4760 1882 4831">
     <span class='ocr_line' id='line_1_85' title="bbox 337 4760 1882 4831; baseline -0.006 -11"><span class='ocrx_word' id='word_1_589' title='bbox 337 4760 559 4820; x_wconf 84' lang='lat' dir='ltr'><strong>necnon</strong></span> <span class='ocrx_word' id='word_1_590' title='bbox 582 4764 891 4831; x_wconf 88' lang='lat' dir='ltr'><strong>Honorius,</strong></span> <span class='ocrx_word' id='word_1_591' title='bbox 924 4763 1200 4827; x_wconf 86' lang='lat' dir='ltr'><strong>Isidorus,</strong></span> <span class='ocrx_word' id='word_1_592' title='bbox 1240 4760 1674 4831; x_wconf 89' lang='lat' dir='ltr'><strong>Nicephoruset</strong></span> <span class='ocrx_word' id='word_1_593' title='bbox 1698 4761 1824 4831; x_wconf 90' lang='lat' dir='ltr'><strong>alii.</strong></span> <span class='ocrx_word' id='word_1_594' title='bbox 1856 4778 1882 4808; x_wconf 81' lang='lat'>»</span> 
     </span>
    </p>
   </div>
   <div class='ocr_carea' id='block_1_85' title="bbox 409 4830 1995 4907">
    <p class='ocr_par' dir='ltr' id='par_1_85' title="bbox 409 4830 1995 4907">
     <span class='ocr_line' id='line_1_86' title="bbox 409 4830 1995 4907; baseline -0.003 -16"><span class='ocrx_word' id='word_1_595' title='bbox 409 4836 663 4907; x_wconf 81' lang='lat' dir='ltr'><strong>Catalogi</strong></span> <span class='ocrx_word' id='word_1_596' title='bbox 678 4830 1036 4907; x_wconf 89' lang='lat' dir='ltr'><strong>omnes,cum</strong></span> <span class='ocrx_word' id='word_1_597' title='bbox 1056 4833 1301 4907; x_wconf 76' lang='lat' dir='ltr'><strong>picturis</strong></span> <span class='ocrx_word' id='word_1_598' title='bbox 1315 4830 1995 4907; x_wconf 59' lang='lat' dir='ltr'><strong>vetustissimisbasilica</strong></span> 
     </span>
    </p>
   </div>
   <div class='ocr_carea' id='block_1_86' title="bbox 334 4898 1993 4973">
    <p class='ocr_par' dir='ltr' id='par_1_86' title="bbox 334 4898 1993 4973">
     <span class='ocr_line' id='line_1_87' title="bbox 334 4898 1993 4973; baseline -0.004 -10"><span class='ocrx_word' id='word_1_599' title='bbox 334 4909 390 4963; x_wconf 87' lang='lat' dir='ltr'><strong>S.</strong></span> <span class='ocrx_word' id='word_1_600' title='bbox 449 4898 627 4962; x_wconf 51' lang='lat' dir='ltr'><strong>Pauli‘</strong></span> <span class='ocrx_word' id='word_1_601' title='bbox 664 4919 839 4972; x_wconf 88' lang='lat' dir='ltr'><strong>supra</strong></span> <span class='ocrx_word' id='word_1_602' title='bbox 885 4898 1155 4973; x_wconf 83' lang='lat' dir='ltr'><strong>producti</strong></span> <span class='ocrx_word' id='word_1_603' title='bbox 1193 4901 1290 4957; x_wconf 89' lang='lat' dir='ltr'><strong>fol.</strong></span> <span class='ocrx_word' id='word_1_604' title='bbox 1332 4898 1422 4970; x_wconf 92' lang='lat'><strong>87,</strong></span> <span class='ocrx_word' id='word_1_605' title='bbox 1468 4915 1648 4957; x_wconf 87' lang='lat' dir='ltr'><strong>annos</strong></span> <span class='ocrx_word' id='word_1_606' title='bbox 1678 4900 1748 4955; x_wconf 80' lang='grc'><strong>25</strong></span> <span class='ocrx_word' id='word_1_607' title='bbox 1772 4901 1993 4957; x_wconf 88' lang='lat' dir='ltr'><strong>solidos</strong></span> 
     </span>
    </p>
   </div>
   <div class='ocr_carea' id='block_1_87' title="bbox 336 4973 1993 5042">
    <p class='ocr_par' dir='ltr' id='par_1_87' title="bbox 336 4973 1993 5042">
     <span class='ocr_line' id='line_1_88' title="bbox 336 4973 1993 5042; baseline -0.005 -7"><span class='ocrx_word' id='word_1_608' title='bbox 336 4978 673 5035; x_wconf 89' lang='lat' dir='ltr'><strong>attribuunt</strong></span> <span class='ocrx_word' id='word_1_609' title='bbox 712 4978 777 5030; x_wconf 88' lang='grc' dir='ltr'>Β.</span> <span class='ocrx_word' id='word_1_610' title='bbox 815 4979 975 5031; x_wconf 85' lang='lat' dir='ltr'><strong>Petro</strong></span> <span class='ocrx_word' id='word_1_611' title='bbox 1008 4976 1068 5029; x_wconf 93' lang='lat' dir='ltr'><strong>in</strong></span> <span class='ocrx_word' id='word_1_612' title='bbox 1101 4973 1232 5029; x_wconf 88' lang='lat' dir='ltr'><strong>sede</strong></span> <span class='ocrx_word' id='word_1_613' title='bbox 1261 4975 1507 5029; x_wconf 83' lang='lat' dir='ltr'><strong>Romana</strong></span> <span class='ocrx_word' id='word_1_614' title='bbox 1540 4991 1552 5025; x_wconf 84' lang='lat'><strong>:</strong></span> <span class='ocrx_word' id='word_1_615' title='bbox 1588 4986 1752 5042; x_wconf 88' lang='lat' dir='ltr'><strong>quem</strong></span> <span class='ocrx_word' id='word_1_616' title='bbox 1796 4985 1993 5027; x_wconf 82' lang='lat' dir='ltr'><strong>xxxvn</strong></span> 
     </span>
    </p>
   </div>
   <div class='ocr_carea' id='block_1_88' title="bbox 336 5044 1996 5118">
    <p class='ocr_par' dir='ltr' id='par_1_88' title="bbox 336 5044 1996 5118">
     <span class='ocr_line' id='line_1_89' title="bbox 336 5044 1996 5118; baseline -0.004 -13"><span class='ocrx_word' id='word_1_617' title='bbox 336 5064 493 5106; x_wconf 90' lang='lat' dir='ltr'><strong>anno</strong></span> <span class='ocrx_word' id='word_1_618' title='bbox 527 5055 653 5118; x_wconf 91' lang='lat' dir='ltr'><strong>post</strong></span> <span class='ocrx_word' id='word_1_619' title='bbox 673 5047 890 5103; x_wconf 89' lang='lat' dir='ltr'><strong>Christi</strong></span> <span class='ocrx_word' id='word_1_620' title='bbox 934 5046 1280 5118; x_wconf 78' lang='lat' dir='ltr'><strong>Passionem,</strong></span> <span class='ocrx_word' id='word_1_621' title='bbox 1326 5056 1378 5100; x_wconf 91' lang='lat' dir='ltr'><strong>et</strong></span> <span class='ocrx_word' id='word_1_622' title='bbox 1406 5044 1996 5118; x_wconf 9' lang='lat' dir='ltr'><strong>duodecimriNeronis</strong></span> 
     </span>
    </p>
   </div>
   <div class='ocr_carea' id='block_1_89' title="bbox 341 5114 1994 5191">
    <p class='ocr_par' dir='ltr' id='par_1_89' title="bbox 341 5114 1994 5191">
     <span class='ocr_line' id='line_1_90' title="bbox 341 5114 1994 5191; baseline -0.005 -13"><span class='ocrx_word' id='word_1_623' title='bbox 341 5114 578 5191; x_wconf 76' lang='lat' dir='ltr'><strong>imperii</strong></span> <span class='ocrx_word' id='word_1_624' title='bbox 606 5119 827 5175; x_wconf 89' lang='lat' dir='ltr'><strong>labente</strong></span> <span class='ocrx_word' id='word_1_625' title='bbox 861 5115 1297 5191; x_wconf 80' lang='lat' dir='ltr'><strong>passumfuisse</strong></span> <span class='ocrx_word' id='word_1_626' title='bbox 1317 5130 1446 5191; x_wconf 88' lang='lat' dir='ltr'><strong>cum</strong></span> <span class='ocrx_word' id='word_1_627' title='bbox 1471 5114 1683 5191; x_wconf 87' lang='lat' dir='ltr'><strong>Paulo._</strong></span> <span class='ocrx_word' id='word_1_628' title='bbox 1703 5116 1922 5191; x_wconf 72' lang='lat' dir='ltr'><strong>Vestino</strong></span> <span class='ocrx_word' id='word_1_629' title='bbox 1944 5121 1994 5170; x_wconf 83' lang='lat' dir='ltr'><strong>et</strong></span> 
     </span>
    </p>
   </div>
   <div class='ocr_carea' id='block_1_90' title="bbox 338 5185 1994 5260">
    <p class='ocr_par' dir='ltr' id='par_1_90' title="bbox 338 5185 1994 5260">
     <span class='ocr_line' id='line_1_91' title="bbox 338 5185 1994 5260; baseline -0.005 -11"><span class='ocrx_word' id='word_1_630' title='bbox 338 5185 522 5251; x_wconf 57' lang='lat' dir='ltr'><strong>Nerva</strong></span> <span class='ocrx_word' id='word_1_631' title='bbox 545 5208 715 5256; x_wconf 85' lang='lat' dir='ltr'><strong>cons.,</strong></span> <span class='ocrx_word' id='word_1_632' title='bbox 762 5185 965 5260; x_wconf 80' lang='lat' dir='ltr'><strong>prater</strong></span> <span class='ocrx_word' id='word_1_633' title='bbox 987 5189 1273 5260; x_wconf 79' lang='lat' dir='ltr'><strong>indicatos</strong></span> <span class='ocrx_word' id='word_1_634' title='bbox 1304 5188 1632 5260; x_wconf 89' lang='lat' dir='ltr'><strong>scriptores,</strong></span> <span class='ocrx_word' id='word_1_635' title='bbox 1669 5185 1994 5260; x_wconf 84' lang='lat' dir='ltr'><strong>luculenter</strong></span> 
     </span>
    </p>
   </div>
   <div class='ocr_carea' id='block_1_91' title="bbox 343 5258 1988 5334">
    <p class='ocr_par' dir='ltr' id='par_1_91' title="bbox 343 5258 1988 5334">
     <span class='ocr_line' id='line_1_92' title="bbox 343 5258 1988 5334; baseline -0.004 -15"><span class='ocrx_word' id='word_1_636' title='bbox 343 5264 552 5334; x_wconf 89' lang='lat' dir='ltr'><strong>probat</strong></span> <span class='ocrx_word' id='word_1_637' title='bbox 596 5258 1041 5334; x_wconf 76' lang='lat' dir='ltr'><strong>Schelestratius</strong></span> <span class='ocrx_word' id='word_1_638' title='bbox 1092 5261 1148 5314; x_wconf 92' lang='lat' dir='ltr'><strong>in</strong></span> <span class='ocrx_word' id='word_1_639' title='bbox 1196 5258 1427 5314; x_wconf 88' lang='lat' dir='ltr'><strong>laudata</strong></span> <span class='ocrx_word' id='word_1_640' title='bbox 1469 5259 1747 5313; x_wconf 86' lang='lat' dir='ltr'><strong>dissert.1</strong></span> <span class='ocrx_word' id='word_1_641' title='bbox 1792 5258 1988 5327; x_wconf 86' lang='lat' dir='ltr'><strong>Antiq.</strong></span> 
     </span>
    </p>
   </div>
   <div class='ocr_carea' id='block_1_92' title="bbox 343 5330 1063 5403">
    <p class='ocr_par' dir='ltr' id='par_1_92' title="bbox 343 5330 1063 5403">
     <span class='ocr_line' id='line_1_93' title="bbox 343 5330 1063 5403; baseline -0.01 -11"><span class='ocrx_word' id='word_1_642' title='bbox 343 5330 562 5392; x_wconf 85' lang='lat' dir='ltr'><strong>Eccles.</strong></span> <span class='ocrx_word' id='word_1_643' title='bbox 592 5334 780 5403; x_wconf 90' lang='lat' dir='ltr'><strong>capite</strong></span> <span class='ocrx_word' id='word_1_644' title='bbox 800 5332 853 5399; x_wconf 80' lang='grc'><strong>5,</strong></span> <span class='ocrx_word' id='word_1_645' title='bbox 878 5338 988 5387; x_wconf 89' lang='lat' dir='ltr'><strong>art.</strong></span> <span class='ocrx_word' id='word_1_646' title='bbox 1011 5330 1063 5386; x_wconf 87' lang='grc'>5.</span> 
     </span>
    </p>
   </div>
   <div class='ocr_carea' id='block_1_93' title="bbox 417 5399 1995 5473">
    <p class='ocr_par' dir='ltr' id='par_1_93' title="bbox 417 5399 1995 5473">
     <span class='ocr_line' id='line_1_94' title="bbox 417 5399 1995 5473; baseline -0.003 -14"><span class='ocrx_word' id='word_1_647' title='bbox 417 5406 598 5459; x_wconf 75' lang='lat' dir='ltr'><strong>Annis</strong></span> <span class='ocrx_word' id='word_1_648' title='bbox 641 5399 840 5472; x_wconf 67' lang='lat' dir='ltr'><strong>uiginti</strong></span> <span class='ocrx_word' id='word_1_649' title='bbox 880 5406 1124 5473; x_wconf 81' lang='lat' dir='ltr'><strong>quinque</strong></span> <span class='ocrx_word' id='word_1_650' title='bbox 1149 5403 1312 5457; x_wconf 89' lang='lat' dir='ltr'><strong>Petro</strong></span> <span class='ocrx_word' id='word_1_651' title='bbox 1357 5402 1436 5455; x_wconf 91' lang='lat' dir='ltr'><strong>ita</strong></span> <span class='ocrx_word' id='word_1_652' title='bbox 1484 5399 1743 5473; x_wconf 84' lang='lat' dir='ltr'><strong>assertis.</strong></span> <span class='ocrx_word' id='word_1_653' title='bbox 1785 5411 1852 5453; x_wconf 86' lang='lat' dir='ltr'><strong>ex</strong></span> <span class='ocrx_word' id='word_1_654' title='bbox 1884 5412 1995 5470; x_wconf 91' lang='lat' dir='ltr'><strong>quo</strong></span> 
     </span>
    </p>
   </div>
   <div class='ocr_carea' id='block_1_94' title="bbox 344 5472 2000 5545">
    <p class='ocr_par' dir='ltr' id='par_1_94' title="bbox 344 5472 2000 5545">
     <span class='ocr_line' id='line_1_95' title="bbox 344 5472 2000 5545; baseline -0.007 -11"><span class='ocrx_word' id='word_1_655' title='bbox 344 5477 676 5534; x_wconf 88' lang='lat' dir='ltr'><strong>cathedram</strong></span> <span class='ocrx_word' id='word_1_656' title='bbox 728 5472 1109 5545; x_wconf 81' lang='lat' dir='ltr'><strong>episcopalem</strong></span> <span class='ocrx_word' id='word_1_657' title='bbox 1153 5474 1341 5528; x_wconf 86' lang='lat' dir='ltr'><strong>Roma</strong></span> <span class='ocrx_word' id='word_1_658' title='bbox 1388 5472 1715 5545; x_wconf 81' lang='lat' dir='ltr'><strong>constituit,</strong></span> <span class='ocrx_word' id='word_1_659' title='bbox 1779 5483 2000 5545; x_wconf 83' lang='lat' dir='ltr'><strong>menses</strong></span> 
     </span>
    </p>
   </div>
   <div class='ocr_carea' id='block_1_95' title="bbox 345 5541 1999 5620">
    <p class='ocr_par' dir='ltr' id='par_1_95' title="bbox 345 5541 1999 5620">
     <span class='ocr_line' id='line_1_96' title="bbox 345 5541 1999 5620; baseline -0.005 -16"><span class='ocrx_word' id='word_1_660' title='bbox 345 5562 580 5620; x_wconf 56' lang='lat' dir='ltr'><strong>quoilue</strong></span> <span class='ocrx_word' id='word_1_661' title='bbox 621 5541 777 5620; x_wconf 51' lang='lat' dir='ltr'><strong>duo,</strong></span> <span class='ocrx_word' id='word_1_662' title='bbox 803 5541 1042 5620; x_wconf 78' lang='lat' dir='ltr'><strong>ac__dies</strong></span> <span class='ocrx_word' id='word_1_663' title='bbox 1086 5544 1421 5620; x_wconf 29' lang='lat' dir='ltr'><strong>tres_c‘uﬁr_ei</strong></span> <span class='ocrx_word' id='word_1_664' title='bbox 1450 5542 1785 5620; x_wconf 58' lang='lat' dir='ltr'><strong>tribuantur</strong></span> <span class='ocrx_word' id='word_1_665' title='bbox 1808 5541 1999 5620; x_wconf 61' lang='lat' dir='ltr'><strong>placet</strong></span> 
     </span>
    </p>
   </div>
   <div class='ocr_carea' id='block_1_96' title="bbox 350 5609 2000 5690">
    <p class='ocr_par' dir='ltr' id='par_1_96' title="bbox 350 5609 2000 5690">
     <span class='ocr_line' id='line_1_97' title="bbox 350 5609 2000 5690; baseline -0.004 -16"><span class='ocrx_word' id='word_1_666' title='bbox 350 5609 671 5690; x_wconf 44' lang='lat' dir='ltr'><strong>i&#39;nqu’irere.</strong></span> <span class='ocrx_word' id='word_1_667' title='bbox 694 5609 837 5672; x_wconf 83' lang='lat' dir='ltr'><strong>Siex</strong></span> <span class='ocrx_word' id='word_1_668' title='bbox 857 5618 952 5672; x_wconf 91' lang='lat' dir='ltr'><strong>die</strong></span> <span class='ocrx_word' id='word_1_669' title='bbox 973 5612 1497 5690; x_wconf 66' lang='lat' dir='ltr'><strong>Martyrii29iunii</strong></span> <span class='ocrx_word' id='word_1_670' title='bbox 1519 5625 1670 5690; x_wconf 72' lang='lat' dir='ltr'><strong>anno</strong></span> <span class='ocrx_word' id='word_1_671' title='bbox 1690 5612 1905 5690; x_wconf 79' lang='lat' dir='ltr'><strong>Christi</strong></span> <span class='ocrx_word' id='word_1_672' title='bbox 1930 5609 2000 5690; x_wconf 70' lang='lat'><strong>6§</strong></span> 
     </span>
    </p>
   </div>
   <div class='ocr_carea' id='block_1_97' title="bbox 276 5681 2000 5757">
    <p class='ocr_par' dir='ltr' id='par_1_97' title="bbox 276 5681 2000 5757">
     <span class='ocr_line' id='line_1_98' title="bbox 276 5681 2000 5757; baseline -0.003 -11"><span class='ocrx_word' id='word_1_673' title='bbox 276 5706 283 5715; x_wconf 90' lang='grc'><strong>·</strong></span> <span class='ocrx_word' id='word_1_674' title='bbox 347 5681 779 5746; x_wconf 71' lang='lat' dir='ltr'><strong>retrocedamus</strong></span> <span class='ocrx_word' id='word_1_675' title='bbox 819 5702 915 5756; x_wconf 90' lang='lat' dir='ltr'><strong>per</strong></span> <span class='ocrx_word' id='word_1_676' title='bbox 966 5681 1149 5743; x_wconf 80' lang='lat' dir='ltr'><strong>annos</strong></span> <span class='ocrx_word' id='word_1_677' title='bbox 1196 5684 1286 5757; x_wconf 89' lang='grc'><strong>25,</strong></span> <span class='ocrx_word' id='word_1_678' title='bbox 1334 5697 1553 5757; x_wconf 83' lang='lat' dir='ltr'><strong>menses</strong></span> <span class='ocrx_word' id='word_1_679' title='bbox 1598 5681 1652 5753; x_wconf 86' lang='grc'><strong>2,</strong></span> <span class='ocrx_word' id='word_1_680' title='bbox 1707 5689 1764 5738; x_wconf 89' lang='lat' dir='ltr'><strong>et</strong></span> <span class='ocrx_word' id='word_1_681' title='bbox 1815 5681 2000 5757; x_wconf 83' lang='lat' dir='ltr'><strong>dies3</strong></span> 
     </span>
    </p>
   </div>
   <div class='ocr_carea' id='block_1_98' title="bbox 345 5754 2002 5833">
    <p class='ocr_par' dir='ltr' id='par_1_98' title="bbox 345 5754 2002 5833">
     <span class='ocr_line' id='line_1_99' title="bbox 345 5754 2002 5833; baseline -0.004 -17"><span class='ocrx_word' id='word_1_682' title='bbox 345 5763 514 5833; x_wconf 90' lang='lat' dir='ltr'><strong>(quot</strong></span> <span class='ocrx_word' id='word_1_683' title='bbox 539 5760 630 5816; x_wconf 91' lang='lat' dir='ltr'><strong>illi</strong></span> <span class='ocrx_word' id='word_1_684' title='bbox 667 5754 929 5830; x_wconf 82' lang='lat' dir='ltr'><strong>assignat</strong></span> <span class='ocrx_word' id='word_1_685' title='bbox 957 5760 1019 5813; x_wconf 92' lang='lat' dir='ltr'><strong>in</strong></span> <span class='ocrx_word' id='word_1_686' title='bbox 1048 5754 1382 5827; x_wconf 87' lang='lat' dir='ltr'><strong>episcopatu</strong></span> <span class='ocrx_word' id='word_1_687' title='bbox 1427 5756 1679 5812; x_wconf 85' lang='lat' dir='ltr'><strong>Romano</strong></span> <span class='ocrx_word' id='word_1_688' title='bbox 1704 5754 2002 5825; x_wconf 83' lang='lat' dir='ltr'><strong>catalogus</strong></span> 
     </span>
    </p>
   </div>
   <div class='ocr_carea' id='block_1_99' title="bbox 2010 3094 2059 3158">
    <p class='ocr_par' dir='ltr' id='par_1_99' title="bbox 2010 3094 2059 3158">
     <span class='ocr_line' id='line_1_100' title="bbox 2010 3094 2059 3158; baseline 0 0"><span class='ocrx_word' id='word_1_689' title='bbox 2010 3094 2059 3158; x_wconf 82' lang='grc' dir='ltr'>Ο</span> 
     </span>
    </p>
   </div>
   <div class='ocr_carea' id='block_1_100' title="bbox 2097 1784 3756 1857">
    <p class='ocr_par' dir='ltr' id='par_1_100' title="bbox 2097 1784 3756 1857">
     <span class='ocr_line' id='line_1_101' title="bbox 2097 1784 3756 1857; baseline 0.003 -21"><span class='ocrx_word' id='word_1_690' title='bbox 2097 1784 2419 1857; x_wconf 86' lang='lat' dir='ltr'><strong>Passionem</strong></span> <span class='ocrx_word' id='word_1_691' title='bbox 2469 1784 2565 1839; x_wconf 90' lang='lat' dir='ltr'><strong>die</strong></span> <span class='ocrx_word' id='word_1_692' title='bbox 2595 1784 2893 1841; x_wconf 90' lang='lat' dir='ltr'><strong>Dominica</strong></span> <span class='ocrx_word' id='word_1_693' title='bbox 2916 1784 2989 1841; x_wconf 77' lang='grc'><strong>22</strong></span> <span class='ocrx_word' id='word_1_694' title='bbox 3033 1784 3333 1842; x_wconf 80' lang='lat' dir='ltr'><strong>Februarii</strong></span> <span class='ocrx_word' id='word_1_695' title='bbox 3373 1785 3641 1857; x_wconf 12' lang='lat' dir='ltr'><strong>annog33,</strong></span> <span class='ocrx_word' id='word_1_696' title='bbox 3698 1791 3756 1841; x_wconf 92' lang='lat' dir='ltr'><strong>et</strong></span> 
     </span>
    </p>
   </div>
   <div class='ocr_carea' id='block_1_101' title="bbox 2095 1854 3754 1929">
    <p class='ocr_par' dir='ltr' id='par_1_101' title="bbox 2095 1854 3754 1929">
     <span class='ocr_line' id='line_1_102' title="bbox 2095 1854 3754 1929; baseline 0.003 -22"><span class='ocrx_word' id='word_1_697' title='bbox 2095 1854 2393 1929; x_wconf 80' lang='lat' dir='ltr'><strong>septennio</strong></span> <span class='ocrx_word' id='word_1_698' title='bbox 2442 1862 2569 1924; x_wconf 92' lang='lat' dir='ltr'><strong>post</strong></span> <span class='ocrx_word' id='word_1_699' title='bbox 2608 1870 2807 1929; x_wconf 88' lang='lat' dir='ltr'><strong>nempe</strong></span> <span class='ocrx_word' id='word_1_700' title='bbox 2847 1870 2998 1913; x_wconf 90' lang='lat' dir='ltr'><strong>anno</strong></span> <span class='ocrx_word' id='word_1_701' title='bbox 3051 1871 3177 1913; x_wconf 83' lang='lat' dir='ltr'><strong>ara</strong></span> <span class='ocrx_word' id='word_1_702' title='bbox 3202 1858 3459 1929; x_wconf 90' lang='lat' dir='ltr'><strong>vulgaris</strong></span> <span class='ocrx_word' id='word_1_703' title='bbox 3489 1855 3577 1923; x_wconf 79' lang='grc'>40,</span> <span class='ocrx_word' id='word_1_704' title='bbox 3615 1854 3754 1929; x_wconf 86' lang='lat' dir='ltr'><strong>pro-</strong></span> 
     </span>
    </p>
   </div>
   <div class='ocr_carea' id='block_1_102' title="bbox 2093 1923 3750 1999">
    <p class='ocr_par' dir='ltr' id='par_1_102' title="bbox 2093 1923 3750 1999">
     <span class='ocr_line' id='line_1_103' title="bbox 2093 1923 3750 1999; baseline 0.002 -20"><span class='ocrx_word' id='word_1_705' title='bbox 2093 1923 2395 1999; x_wconf 73' lang='lat' dir='ltr'><strong>fectionem</strong></span> <span class='ocrx_word' id='word_1_706' title='bbox 2424 1923 2819 1999; x_wconf 80' lang='lat' dir='ltr'><strong>apostolorum</strong></span> <span class='ocrx_word' id='word_1_707' title='bbox 2847 1942 2917 1983; x_wconf 85' lang='lat' dir='ltr'><strong>ex</strong></span> <span class='ocrx_word' id='word_1_708' title='bbox 2955 1930 3137 1999; x_wconf 88' lang='lat' dir='ltr'><strong>Syria,</strong></span> <span class='ocrx_word' id='word_1_709' title='bbox 3170 1923 3476 1984; x_wconf 77' lang='lat' dir='ltr'><strong>adventum</strong></span> <span class='ocrx_word' id='word_1_710' title='bbox 3507 1923 3658 1983; x_wconf 76' lang='lat' dir='ltr'><strong>Petri</strong></span> <span class='ocrx_word' id='word_1_711' title='bbox 3691 1928 3750 1982; x_wconf 92' lang='lat' dir='ltr'><strong>in</strong></span> 
     </span>
    </p>
   </div>
   <div class='ocr_carea' id='block_1_103' title="bbox 2091 1996 3755 2069">
    <p class='ocr_par' dir='ltr' id='par_1_103' title="bbox 2091 1996 3755 2069">
     <span class='ocr_line' id='line_1_104' title="bbox 2091 1996 3755 2069; baseline 0.001 -19"><span class='ocrx_word' id='word_1_712' title='bbox 2091 1996 2317 2065; x_wconf 89' lang='lat' dir='ltr'><strong>Urbem,</strong></span> <span class='ocrx_word' id='word_1_713' title='bbox 2350 2001 2404 2050; x_wconf 90' lang='lat' dir='ltr'><strong>et</strong></span> <span class='ocrx_word' id='word_1_714' title='bbox 2448 1996 2842 2054; x_wconf 87' lang='lat' dir='ltr'><strong>fundationem</strong></span> <span class='ocrx_word' id='word_1_715' title='bbox 2894 1996 3179 2054; x_wconf 85' lang='lat' dir='ltr'><strong>cathedra</strong></span> <span class='ocrx_word' id='word_1_716' title='bbox 3209 2000 3491 2055; x_wconf 84' lang='lat' dir='ltr'><strong>Romana.</strong></span> <span class='ocrx_word' id='word_1_717' title='bbox 3534 2003 3755 2069; x_wconf 80' lang='lat' dir='ltr'><strong>Super-</strong></span> 
     </span>
    </p>
   </div>
   <div class='ocr_carea' id='block_1_104' title="bbox 2093 2068 3751 2138">
    <p class='ocr_par' dir='ltr' id='par_1_104' title="bbox 2093 2068 3751 2138">
     <span class='ocr_line' id='line_1_105' title="bbox 2093 2068 3751 2138; baseline 0.002 -18"><span class='ocrx_word' id='word_1_718' title='bbox 2093 2072 2181 2121; x_wconf 90' lang='lat' dir='ltr'><strong>est</strong></span> <span class='ocrx_word' id='word_1_719' title='bbox 2243 2073 2306 2121; x_wconf 92' lang='lat' dir='ltr'><strong>ut</strong></span> <span class='ocrx_word' id='word_1_720' title='bbox 2359 2068 2746 2137; x_wconf 89' lang='lat' dir='ltr'><strong>inquiramus,</strong></span> <span class='ocrx_word' id='word_1_721' title='bbox 2810 2070 2949 2138; x_wconf 88' lang='lat' dir='ltr'><strong>quid</strong></span> <span class='ocrx_word' id='word_1_722' title='bbox 3003 2084 3306 2126; x_wconf 90' lang='lat' dir='ltr'><strong>commune</strong></span> <span class='ocrx_word' id='word_1_723' title='bbox 3365 2070 3566 2125; x_wconf 79' lang='lat' dir='ltr'><strong>habeat</strong></span> <span class='ocrx_word' id='word_1_724' title='bbox 3620 2068 3751 2125; x_wconf 88' lang='lat' dir='ltr'><strong>cum</strong></span> 
     </span>
    </p>
   </div>
   <div class='ocr_carea' id='block_1_105' title="bbox 2092 2138 3754 2210">
    <p class='ocr_par' dir='ltr' id='par_1_105' title="bbox 2092 2138 3754 2210">
     <span class='ocr_line' id='line_1_106' title="bbox 2092 2138 3754 2210; baseline 0.001 -17"><span class='ocrx_word' id='word_1_725' title='bbox 2092 2138 2339 2210; x_wconf 11' lang='lat' dir='ltr'><strong>exordio,</strong></span> <span class='ocrx_word' id='word_1_726' title='bbox 2355 2139 2721 2210; x_wconf 78' lang='lat' dir='ltr'><strong>pontificatus</strong></span> <span class='ocrx_word' id='word_1_727' title='bbox 2734 2142 2971 2196; x_wconf 83' lang='lat' dir='ltr'><strong>Romani</strong></span> <span class='ocrx_word' id='word_1_728' title='bbox 2989 2141 3059 2195; x_wconf 90' lang='lat' dir='ltr'><strong>ab</strong></span> <span class='ocrx_word' id='word_1_729' title='bbox 3077 2143 3467 2209; x_wconf 88' lang='lat' dir='ltr'><strong>apostolorum</strong></span> <span class='ocrx_word' id='word_1_730' title='bbox 3492 2141 3754 2210; x_wconf 88' lang='lat' dir='ltr'><strong>principe</strong></span> 
     </span>
    </p>
   </div>
   <div class='ocr_carea' id='block_1_106' title="bbox 2094 2209 3755 2281">
    <p class='ocr_par' dir='ltr' id='par_1_106' title="bbox 2094 2209 3755 2281">
     <span class='ocr_line' id='line_1_107' title="bbox 2094 2209 3755 2281; baseline 0.002 -18"><span class='ocrx_word' id='word_1_731' title='bbox 2094 2209 2346 2276; x_wconf 87' lang='lat' dir='ltr'><strong>suscepti</strong></span> <span class='ocrx_word' id='word_1_732' title='bbox 2375 2210 2501 2264; x_wconf 91' lang='lat' dir='ltr'><strong>dies</strong></span> <span class='ocrx_word' id='word_1_733' title='bbox 2529 2209 2599 2264; x_wconf 74' lang='grc'><strong>25</strong></span> <span class='ocrx_word' id='word_1_734' title='bbox 2628 2212 2865 2281; x_wconf 86' lang='lat' dir='ltr'><strong>Aprilis</strong></span> <span class='ocrx_word' id='word_1_735' title='bbox 2890 2213 3026 2267; x_wconf 89' lang='lat' dir='ltr'><strong>anni</strong></span> <span class='ocrx_word' id='word_1_736' title='bbox 3058 2210 3148 2276; x_wconf 77' lang='grc'><strong>40,</strong></span> <span class='ocrx_word' id='word_1_737' title='bbox 3181 2226 3249 2267; x_wconf 86' lang='lat' dir='ltr'><strong>ex</strong></span> <span class='ocrx_word' id='word_1_738' title='bbox 3291 2225 3403 2281; x_wconf 90' lang='lat' dir='ltr'><strong>qua</strong></span> <span class='ocrx_word' id='word_1_739' title='bbox 3453 2209 3549 2267; x_wconf 89' lang='lat' dir='ltr'><strong>die</strong></span> <span class='ocrx_word' id='word_1_740' title='bbox 3573 2212 3755 2281; x_wconf 84' lang='lat' dir='ltr'><strong>desu—</strong></span> 
     </span>
    </p>
   </div>
   <div class='ocr_carea' id='block_1_107' title="bbox 2094 2280 3748 2350">
    <p class='ocr_par' dir='ltr' id='par_1_107' title="bbox 2094 2280 3748 2350">
     <span class='ocr_line' id='line_1_108' title="bbox 2094 2280 3748 2350; baseline 0.003 -16"><span class='ocrx_word' id='word_1_741' title='bbox 2094 2281 2274 2334; x_wconf 88' lang='lat' dir='ltr'><strong>mitur</strong></span> <span class='ocrx_word' id='word_1_742' title='bbox 2297 2281 2511 2348; x_wconf 91' lang='lat' dir='ltr'><strong>epocha</strong></span> <span class='ocrx_word' id='word_1_743' title='bbox 2534 2280 2816 2338; x_wconf 84' lang='lat' dir='ltr'><strong>annorum</strong></span> <span class='ocrx_word' id='word_1_744' title='bbox 2846 2280 2935 2350; x_wconf 79' lang='grc'><strong>25,</strong></span> <span class='ocrx_word' id='word_1_745' title='bbox 2970 2284 3251 2339; x_wconf 90' lang='lat' dir='ltr'><strong>mensium</strong></span> <span class='ocrx_word' id='word_1_746' title='bbox 3278 2280 3321 2336; x_wconf 61' lang='grc'>2⁷</span> <span class='ocrx_word' id='word_1_747' title='bbox 3340 2291 3397 2337; x_wconf 91' lang='lat' dir='ltr'><strong>et</strong></span> <span class='ocrx_word' id='word_1_748' title='bbox 3437 2283 3664 2338; x_wconf 89' lang='lat' dir='ltr'><strong>dierum</strong></span> <span class='ocrx_word' id='word_1_749' title='bbox 3694 2280 3748 2339; x_wconf 85' lang='lat'><strong>3.</strong></span> 
     </span>
    </p>
   </div>
   <div class='ocr_carea' id='block_1_108' title="bbox 2093 2352 3750 2423">
    <p class='ocr_par' dir='ltr' id='par_1_108' title="bbox 2093 2352 3750 2423">
     <span class='ocr_line' id='line_1_109' title="bbox 2093 2352 3750 2423; baseline 0.002 -19"><span class='ocrx_word' id='word_1_750' title='bbox 2093 2352 2598 2423; x_wconf 31' lang='lat' dir='ltr'><strong>eidemAassignata</strong></span> <span class='ocrx_word' id='word_1_751' title='bbox 2632 2368 2811 2423; x_wconf 91' lang='lat' dir='ltr'><strong>usque</strong></span> <span class='ocrx_word' id='word_1_752' title='bbox 2831 2356 2900 2409; x_wconf 89' lang='lat' dir='ltr'><strong>ad</strong></span> <span class='ocrx_word' id='word_1_753' title='bbox 2925 2355 3335 2423; x_wconf 88' lang='lat' dir='ltr'><strong>triumphalem</strong></span> <span class='ocrx_word' id='word_1_754' title='bbox 3360 2354 3623 2423; x_wconf 87' lang='lat' dir='ltr'><strong>martyrii</strong></span> <span class='ocrx_word' id='word_1_755' title='bbox 3658 2352 3750 2407; x_wconf 89' lang='lat' dir='ltr'><strong>sui</strong></span> 
     </span>
    </p>
   </div>
   <div class='ocr_carea' id='block_1_109' title="bbox 2091 2419 3755 2494">
    <p class='ocr_par' dir='ltr' id='par_1_109' title="bbox 2091 2419 3755 2494">
     <span class='ocr_line' id='line_1_110' title="bbox 2091 2419 3755 2494; baseline 0.001 -18"><span class='ocrx_word' id='word_1_756' title='bbox 2091 2422 2243 2494; x_wconf 86' lang='lat' dir='ltr'><strong>diem</strong></span> <span class='ocrx_word' id='word_1_757' title='bbox 2271 2419 2517 2477; x_wconf 72' lang='lat' dir='ltr'><strong>29Junii</strong></span> <span class='ocrx_word' id='word_1_758' title='bbox 2544 2424 2682 2479; x_wconf 89' lang='lat' dir='ltr'><strong>anni</strong></span> <span class='ocrx_word' id='word_1_759' title='bbox 2830 2426 2908 2480; x_wconf 89' lang='lat' dir='ltr'><strong>ita</strong></span> <span class='ocrx_word' id='word_1_760' title='bbox 2930 2419 3349 2480; x_wconf 81' lang='lat' dir='ltr'><strong>numerandum</strong></span> <span class='ocrx_word' id='word_1_761' title='bbox 3371 2426 3421 2479; x_wconf 94' lang='lat' dir='ltr'><strong>si</strong></span> <span class='ocrx_word' id='word_1_762' title='bbox 3444 2419 3755 2494; x_wconf 85' lang='lat' dir='ltr'><strong>sequamur</strong></span> 
     </span>
    </p>
   </div>
   <div class='ocr_carea' id='block_1_110' title="bbox 2092 2492 3749 2564">
    <p class='ocr_par' dir='ltr' id='par_1_110' title="bbox 2092 2492 3749 2564">
     <span class='ocr_line' id='line_1_111' title="bbox 2092 2492 3749 2564; baseline 0.001 -17"><span class='ocrx_word' id='word_1_763' title='bbox 2092 2492 2415 2564; x_wconf 69' lang='lat' dir='ltr'><strong>catalpgum</strong></span> <span class='ocrx_word' id='word_1_764' title='bbox 2476 2494 2684 2550; x_wconf 89' lang='lat' dir='ltr'><strong>Felicis</strong></span> <span class='ocrx_word' id='word_1_765' title='bbox 2712 2495 2915 2564; x_wconf 88' lang='lat' dir='ltr'><strong>Quarti</strong></span> <span class='ocrx_word' id='word_1_766' title='bbox 2973 2503 3139 2551; x_wconf 87' lang='lat' dir='ltr'><strong>atate</strong></span> <span class='ocrx_word' id='word_1_767' title='bbox 3197 2492 3612 2563; x_wconf 76' lang='lat' dir='ltr'><strong>conscriptum,</strong></span> <span class='ocrx_word' id='word_1_768' title='bbox 3661 2494 3749 2549; x_wconf 91' lang='lat' dir='ltr'><strong>vel</strong></span> 
     </span>
    </p>
   </div>
   <div class='ocr_carea' id='block_1_111' title="bbox 2092 2532 3752 2637">
    <p class='ocr_par' dir='ltr' id='par_1_111' title="bbox 2092 2532 3752 2637">
     <span class='ocr_line' id='line_1_112' title="bbox 2092 2532 3752 2637; baseline 0.002 -21"><span class='ocrx_word' id='word_1_769' title='bbox 2092 2532 3752 2637; x_wconf 47' lang='lat' dir='ltr'><strong>Eié§f§i313rtii§3jﬁsifaiS‘nn‘i&#39;fdfe{&quot;ti3§‘éti&#39;§é&quot;iuitii</strong></span> 
     </span>
    </p>
   </div>
   <div class='ocr_carea' id='block_1_112' title="bbox 2093 2632 3757 2706">
    <p class='ocr_par' dir='ltr' id='par_1_112' title="bbox 2093 2632 3757 2706">
     <span class='ocr_line' id='line_1_113' title="bbox 2093 2632 3757 2706; baseline 0.001 -18"><span class='ocrx_word' id='word_1_770' title='bbox 2093 2634 2231 2706; x_wconf 89' lang='lat' dir='ltr'><strong>anni</strong></span> <span class='ocrx_word' id='word_1_771' title='bbox 2275 2632 2380 2706; x_wconf 69' lang='grc'>65,</span> <span class='ocrx_word' id='word_1_772' title='bbox 2429 2632 2751 2706; x_wconf 50' lang='lat' dir='ltr'><strong>Neron&#39;e_et</strong></span> <span class='ocrx_word' id='word_1_773' title='bbox 2797 2638 3028 2706; x_wconf 85' lang='lat' dir='ltr'><strong>Vestino</strong></span> <span class='ocrx_word' id='word_1_774' title='bbox 3075 2632 3757 2706; x_wconf 64' lang='lat' dir='ltr'><strong>coss.,&#39;intercipiuntur</strong></span> 
     </span>
    </p>
   </div>
   <div class='ocr_carea' id='block_1_113' title="bbox 2094 2702 3755 2777">
    <p class='ocr_par' dir='ltr' id='par_1_113' title="bbox 2094 2702 3755 2777">
     <span class='ocr_line' id='line_1_114' title="bbox 2094 2702 3755 2777; baseline 0.002 -18"><span class='ocrx_word' id='word_1_775' title='bbox 2094 2705 2231 2759; x_wconf 93' lang='lat' dir='ltr'><strong>anni</strong></span> <span class='ocrx_word' id='word_1_776' title='bbox 2269 2702 2632 2777; x_wconf 11' lang='lat' dir='ltr'><strong>25,,menses</strong></span> <span class='ocrx_word' id='word_1_777' title='bbox 2660 2704 2696 2761; x_wconf 92' lang='grc'><strong>2</strong></span> <span class='ocrx_word' id='word_1_778' title='bbox 2724 2715 2779 2762; x_wconf 89' lang='lat' dir='ltr'><strong>et</strong></span> <span class='ocrx_word' id='word_1_779' title='bbox 2803 2709 2929 2764; x_wconf 91' lang='lat' dir='ltr'><strong>dies</strong></span> <span class='ocrx_word' id='word_1_780' title='bbox 2958 2705 3013 2777; x_wconf 89' lang='lat'><strong>7,</strong></span> <span class='ocrx_word' id='word_1_781' title='bbox 3066 2702 3351 2764; x_wconf 85' lang='lat' dir='ltr'><strong>numerati</strong></span> <span class='ocrx_word' id='word_1_782' title='bbox 3400 2710 3458 2763; x_wconf 93' lang='lat' dir='ltr'><strong>in</strong></span> <span class='ocrx_word' id='word_1_783' title='bbox 3509 2702 3755 2777; x_wconf 86' lang='lat' dir='ltr'><strong>picturis</strong></span> 
     </span>
    </p>
   </div>
   <div class='ocr_carea' id='block_1_114' title="bbox 2094 2776 3753 2849">
    <p class='ocr_par' dir='ltr' id='par_1_114' title="bbox 2094 2776 3753 2849">
     <span class='ocr_line' id='line_1_115' title="bbox 2094 2776 3753 2849; baseline 0.002 -20"><span class='ocrx_word' id='word_1_784' title='bbox 2094 2776 2513 2849; x_wconf 83' lang='lat' dir='ltr'><strong>vetustissimis</strong></span> <span class='ocrx_word' id='word_1_785' title='bbox 2541 2777 2798 2833; x_wconf 89' lang='lat' dir='ltr'><strong>basilica</strong></span> <span class='ocrx_word' id='word_1_786' title='bbox 2822 2779 3253 2849; x_wconf 90' lang='lat' dir='ltr'><strong>patriarchalis,</strong></span> <span class='ocrx_word' id='word_1_787' title='bbox 3280 2786 3338 2834; x_wconf 83' lang='lat' dir='ltr'><strong>et</strong></span> <span class='ocrx_word' id='word_1_788' title='bbox 3369 2780 3427 2834; x_wconf 88' lang='lat' dir='ltr'><strong>in</strong></span> <span class='ocrx_word' id='word_1_789' title='bbox 3458 2776 3753 2848; x_wconf 88' lang='lat' dir='ltr'><strong>plerisque</strong></span> 
     </span>
    </p>
   </div>
   <div class='ocr_carea' id='block_1_115' title="bbox 2093 2847 2852 2915">
    <p class='ocr_par' dir='ltr' id='par_1_115' title="bbox 2093 2847 2852 2915">
     <span class='ocr_line' id='line_1_116' title="bbox 2093 2847 2852 2915; baseline 0 -14"><span class='ocrx_word' id='word_1_790' title='bbox 2093 2847 2371 2915; x_wconf 85' lang='lat' dir='ltr'><strong>catalogis</strong></span> <span class='ocrx_word' id='word_1_791' title='bbox 2401 2847 2852 2915; x_wconf 78' lang='lat' dir='ltr'><strong>probatioribus.</strong></span> 
     </span>
    </p>
   </div>
   <div class='ocr_carea' id='block_1_116' title="bbox 2168 2917 3752 2989">
    <p class='ocr_par' dir='ltr' id='par_1_116' title="bbox 2168 2917 3752 2989">
     <span class='ocr_line' id='line_1_117' title="bbox 2168 2917 3752 2989; baseline 0.002 -19"><span class='ocrx_word' id='word_1_792' title='bbox 2168 2919 2337 2972; x_wconf 90' lang='lat' dir='ltr'><strong>Porro</strong></span> <span class='ocrx_word' id='word_1_793' title='bbox 2370 2931 2497 2972; x_wconf 93' lang='lat' dir='ltr'><strong>cum</strong></span> <span class='ocrx_word' id='word_1_794' title='bbox 2529 2919 2750 2974; x_wconf 88' lang='lat' dir='ltr'><strong>videam</strong></span> <span class='ocrx_word' id='word_1_795' title='bbox 2794 2921 3071 2976; x_wconf 90' lang='lat' dir='ltr'><strong>indictam</strong></span> <span class='ocrx_word' id='word_1_796' title='bbox 3098 2919 3281 2975; x_wconf 89' lang='lat' dir='ltr'><strong>fuisse</strong></span> <span class='ocrx_word' id='word_1_797' title='bbox 3309 2920 3407 2975; x_wconf 89' lang='lat' dir='ltr'><strong>die</strong></span> <span class='ocrx_word' id='word_1_798' title='bbox 3429 2917 3502 2975; x_wconf 87' lang='grc'><strong>25</strong></span> <span class='ocrx_word' id='word_1_799' title='bbox 3530 2919 3752 2989; x_wconf 89' lang='lat' dir='ltr'><strong>Aprilis</strong></span> 
     </span>
    </p>
   </div>
   <div class='ocr_carea' id='block_1_117' title="bbox 2094 2987 3751 3058">
    <p class='ocr_par' dir='ltr' id='par_1_117' title="bbox 2094 2987 3751 3058">
     <span class='ocr_line' id='line_1_118' title="bbox 2094 2987 3751 3058; baseline 0.003 -19"><span class='ocrx_word' id='word_1_800' title='bbox 2094 2987 2351 3040; x_wconf 79' lang='lat' dir='ltr'><strong>litaniam</strong></span> <span class='ocrx_word' id='word_1_801' title='bbox 2376 3002 2545 3055; x_wconf 88' lang='lat' dir='ltr'><strong>quam</strong></span> <span class='ocrx_word' id='word_1_802' title='bbox 2576 2992 3059 3058; x_wconf 81' lang='lat' dir='ltr'><strong>vocantmajorem</strong></span> <span class='ocrx_word' id='word_1_803' title='bbox 3093 3005 3204 3045; x_wconf 91' lang='lat' dir='ltr'><strong>non</strong></span> <span class='ocrx_word' id='word_1_804' title='bbox 3239 2991 3403 3046; x_wconf 90' lang='lat' dir='ltr'><strong>modo</strong></span> <span class='ocrx_word' id='word_1_805' title='bbox 3437 2997 3569 3045; x_wconf 86' lang='lat' dir='ltr'><strong>ante</strong></span> <span class='ocrx_word' id='word_1_806' title='bbox 3584 2987 3751 3046; x_wconf 79' lang='lat' dir='ltr'><strong>Gre—</strong></span> 
     </span>
    </p>
   </div>
   <div class='ocr_carea' id='block_1_118' title="bbox 2094 3059 3750 3130">
    <p class='ocr_par' dir='ltr' id='par_1_118' title="bbox 2094 3059 3750 3130">
     <span class='ocr_line' id='line_1_119' title="bbox 2094 3059 3750 3130; baseline 0.002 -19"><span class='ocrx_word' id='word_1_807' title='bbox 2094 3059 2321 3130; x_wconf 87' lang='lat' dir='ltr'><strong>gorium</strong></span> <span class='ocrx_word' id='word_1_808' title='bbox 2366 3060 2655 3130; x_wconf 82' lang='lat' dir='ltr'><strong>Magnum,</strong></span> <span class='ocrx_word' id='word_1_809' title='bbox 2696 3062 2793 3116; x_wconf 91' lang='lat' dir='ltr'><strong>sed</strong></span> <span class='ocrx_word' id='word_1_810' title='bbox 2848 3062 3020 3116; x_wconf 88' lang='lat' dir='ltr'><strong>etiam</strong></span> <span class='ocrx_word' id='word_1_811' title='bbox 3081 3061 3350 3129; x_wconf 89' lang='lat' dir='ltr'><strong>pluribus</strong></span> <span class='ocrx_word' id='word_1_812' title='bbox 3391 3067 3525 3116; x_wconf 89' lang='lat' dir='ltr'><strong>ante</strong></span> <span class='ocrx_word' id='word_1_813' title='bbox 3557 3060 3750 3130; x_wconf 90' lang='lat' dir='ltr'><strong>ipsum</strong></span> 
     </span>
    </p>
   </div>
   <div class='ocr_carea' id='block_1_119' title="bbox 2093 3128 3750 3193">
    <p class='ocr_par' dir='ltr' id='par_1_119' title="bbox 2093 3128 3750 3193">
     <span class='ocr_line' id='line_1_120' title="bbox 2093 3128 3750 3193; baseline 0.002 -12"><span class='ocrx_word' id='word_1_814' title='bbox 2093 3128 2382 3193; x_wconf 82' lang='lat' dir='ltr'><strong>atatibus,</strong></span> <span class='ocrx_word' id='word_1_815' title='bbox 2434 3142 2499 3182; x_wconf 89' lang='lat' dir='ltr'><strong>ac</strong></span> <span class='ocrx_word' id='word_1_816' title='bbox 2552 3128 2727 3184; x_wconf 90' lang='lat' dir='ltr'><strong>ferme</strong></span> <span class='ocrx_word' id='word_1_817' title='bbox 2779 3131 2850 3185; x_wconf 90' lang='lat' dir='ltr'><strong>ab</strong></span> <span class='ocrx_word' id='word_1_818' title='bbox 2904 3128 3171 3187; x_wconf 84' lang='lat' dir='ltr'><strong>Ecclesia</strong></span> <span class='ocrx_word' id='word_1_819' title='bbox 3219 3128 3634 3186; x_wconf 84' lang='lat' dir='ltr'><strong>incunabulis:</strong></span> <span class='ocrx_word' id='word_1_820' title='bbox 3690 3131 3750 3185; x_wconf 93' lang='lat' dir='ltr'><strong>in</strong></span> 
     </span>
    </p>
   </div>
   <div class='ocr_carea' id='block_1_120' title="bbox 2092 3198 3752 3270">
    <p class='ocr_par' dir='ltr' id='par_1_120' title="bbox 2092 3198 3752 3270">
     <span class='ocr_line' id='line_1_121' title="bbox 2092 3198 3752 3270; baseline 0.001 -18"><span class='ocrx_word' id='word_1_821' title='bbox 2092 3211 2204 3267; x_wconf 90' lang='lat' dir='ltr'><strong>qua</strong></span> <span class='ocrx_word' id='word_1_822' title='bbox 2228 3198 2388 3270; x_wconf 89' lang='lat' dir='ltr'><strong>tituli</strong></span> <span class='ocrx_word' id='word_1_823' title='bbox 2419 3200 2698 3267; x_wconf 89' lang='lat' dir='ltr'><strong>universi,</strong></span> <span class='ocrx_word' id='word_1_824' title='bbox 2719 3214 2785 3255; x_wconf 91' lang='lat' dir='ltr'><strong>ac</strong></span> <span class='ocrx_word' id='word_1_825' title='bbox 2805 3202 3108 3270; x_wconf 86' lang='lat' dir='ltr'><strong>diaconia,</strong></span> <span class='ocrx_word' id='word_1_826' title='bbox 3135 3203 3386 3270; x_wconf 85' lang='lat' dir='ltr'><strong>ipsaque</strong></span> <span class='ocrx_word' id='word_1_827' title='bbox 3404 3201 3660 3256; x_wconf 87' lang='lat' dir='ltr'><strong>basilica</strong></span> <span class='ocrx_word' id='word_1_828' title='bbox 3683 3214 3752 3254; x_wconf 86' lang='lat' dir='ltr'><strong>ex</strong></span> 
     </span>
    </p>
   </div>
   <div class='ocr_carea' id='block_1_121' title="bbox 2090 3268 3753 3339">
    <p class='ocr_par' dir='ltr' id='par_1_121' title="bbox 2090 3268 3753 3339">
     <span class='ocr_line' id='line_1_122' title="bbox 2090 3268 3753 3339; baseline 0.001 -17"><span class='ocrx_word' id='word_1_829' title='bbox 2090 3282 2207 3322; x_wconf 85' lang='lat' dir='ltr'><strong>avo</strong></span> <span class='ocrx_word' id='word_1_830' title='bbox 2249 3268 2726 3325; x_wconf 88' lang='lat' dir='ltr'><strong>Constantiniano</strong></span> <span class='ocrx_word' id='word_1_831' title='bbox 2771 3272 3067 3326; x_wconf 87' lang='lat' dir='ltr'><strong>collectam</strong></span> <span class='ocrx_word' id='word_1_832' title='bbox 3098 3268 3269 3336; x_wconf 54' lang='lat' dir='ltr'><strong>&#39;cleri,</strong></span> <span class='ocrx_word' id='word_1_833' title='bbox 3295 3268 3389 3325; x_wconf 42' lang='lat' dir='ltr'><strong>“ac</strong></span> <span class='ocrx_word' id='word_1_834' title='bbox 3440 3270 3635 3339; x_wconf 89' lang='lat' dir='ltr'><strong>populi</strong></span> <span class='ocrx_word' id='word_1_835' title='bbox 3691 3270 3753 3325; x_wconf 89' lang='lat' dir='ltr'><strong>in</strong></span> 
     </span>
    </p>
   </div>
   <div class='ocr_carea' id='block_1_122' title="bbox 2089 3340 3755 3407">
    <p class='ocr_par' dir='ltr' id='par_1_122' title="bbox 2089 3340 3755 3407">
     <span class='ocr_line' id='line_1_123' title="bbox 2089 3340 3755 3407; baseline 0 -13"><span class='ocrx_word' id='word_1_836' title='bbox 2089 3340 2297 3407; x_wconf 86' lang='lat' dir='ltr'><strong>Campo</strong></span> <span class='ocrx_word' id='word_1_837' title='bbox 2330 3341 2554 3407; x_wconf 86' lang='lat' dir='ltr'><strong>Martio,</strong></span> <span class='ocrx_word' id='word_1_838' title='bbox 2579 3340 2718 3396; x_wconf 90' lang='lat' dir='ltr'><strong>olim</strong></span> <span class='ocrx_word' id='word_1_839' title='bbox 2749 3341 2807 3395; x_wconf 93' lang='lat' dir='ltr'><strong>in</strong></span> <span class='ocrx_word' id='word_1_840' title='bbox 2841 3342 3014 3397; x_wconf 87' lang='lat' dir='ltr'><strong>titulo</strong></span> <span class='ocrx_word' id='word_1_841' title='bbox 3048 3343 3103 3396; x_wconf 91' lang='lat' dir='ltr'><strong>L.</strong></span> <span class='ocrx_word' id='word_1_842' title='bbox 3135 3341 3427 3395; x_wconf 89' lang='lat' dir='ltr'><strong>Laurentii</strong></span> <span class='ocrx_word' id='word_1_843' title='bbox 3474 3342 3530 3395; x_wconf 92' lang='lat' dir='ltr'><strong>in</strong></span> <span class='ocrx_word' id='word_1_844' title='bbox 3575 3341 3755 3395; x_wconf 88' lang='lat' dir='ltr'><strong>Luci-</strong></span> 
     </span>
    </p>
   </div>
   <div class='ocr_carea' id='block_1_123' title="bbox 2095 3411 3753 3481">
    <p class='ocr_par' dir='ltr' id='par_1_123' title="bbox 2095 3411 3753 3481">
     <span class='ocr_line' id='line_1_124' title="bbox 2095 3411 3753 3481; baseline 0.002 -18"><span class='ocrx_word' id='word_1_845' title='bbox 2095 3423 2187 3479; x_wconf 88' lang='lat' dir='ltr'><strong>na,</strong></span> <span class='ocrx_word' id='word_1_846' title='bbox 2220 3411 2461 3481; x_wconf 87' lang='lat' dir='ltr'><strong>nuncin</strong></span> <span class='ocrx_word' id='word_1_847' title='bbox 2519 3412 2572 3466; x_wconf 91' lang='lat' dir='ltr'><strong>S.</strong></span> <span class='ocrx_word' id='word_1_848' title='bbox 2622 3412 2820 3481; x_wconf 86' lang='lat' dir='ltr'><strong>Marci,</strong></span> <span class='ocrx_word' id='word_1_849' title='bbox 2872 3411 3325 3481; x_wconf 87' lang='lat' dir='ltr'><strong>frequentantes,</strong></span> <span class='ocrx_word' id='word_1_850' title='bbox 3361 3412 3495 3467; x_wconf 90' lang='lat' dir='ltr'><strong>inde</strong></span> <span class='ocrx_word' id='word_1_851' title='bbox 3546 3425 3753 3481; x_wconf 90' lang='lat' dir='ltr'><strong>proce-</strong></span> 
     </span>
    </p>
   </div>
   <div class='ocr_carea' id='block_1_124' title="bbox 2093 3480 3750 3552">
    <p class='ocr_par' dir='ltr' id='par_1_124' title="bbox 2093 3480 3750 3552">
     <span class='ocr_line' id='line_1_125' title="bbox 2093 3480 3750 3552; baseline 0 -17"><span class='ocrx_word' id='word_1_852' title='bbox 2093 3481 2326 3535; x_wconf 90' lang='lat' dir='ltr'><strong>duntad</strong></span> <span class='ocrx_word' id='word_1_853' title='bbox 2355 3480 2410 3534; x_wconf 90' lang='lat' dir='ltr'><strong>S.</strong></span> <span class='ocrx_word' id='word_1_854' title='bbox 2460 3482 2729 3551; x_wconf 87' lang='lat' dir='ltr'><strong>Petrum;</strong></span> <span class='ocrx_word' id='word_1_855' title='bbox 2778 3480 3056 3551; x_wconf 86' lang='lat' dir='ltr'><strong>judicavi,</strong></span> <span class='ocrx_word' id='word_1_856' title='bbox 3115 3496 3214 3552; x_wconf 90' lang='lat' dir='ltr'><strong>per</strong></span> <span class='ocrx_word' id='word_1_857' title='bbox 3255 3496 3352 3538; x_wconf 92' lang='lat' dir='ltr'><strong>eos</strong></span> <span class='ocrx_word' id='word_1_858' title='bbox 3394 3483 3520 3537; x_wconf 90' lang='lat' dir='ltr'><strong>dies</strong></span> <span class='ocrx_word' id='word_1_859' title='bbox 3576 3481 3750 3536; x_wconf 89' lang='lat' dir='ltr'><strong>recoli</strong></span> 
     </span>
    </p>
   </div>
   <div class='ocr_carea' id='block_1_125' title="bbox 2090 3552 3752 3621">
    <p class='ocr_par' dir='ltr' id='par_1_125' title="bbox 2090 3552 3752 3621">
     <span class='ocr_line' id='line_1_126' title="bbox 2090 3552 3752 3621; baseline 0.001 -17"><span class='ocrx_word' id='word_1_860' title='bbox 2090 3552 2205 3619; x_wconf 90' lang='lat' dir='ltr'><strong>jam</strong></span> <span class='ocrx_word' id='word_1_861' title='bbox 2261 3558 2382 3606; x_wconf 92' lang='lat' dir='ltr'><strong>tum</strong></span> <span class='ocrx_word' id='word_1_862' title='bbox 2413 3555 2784 3609; x_wconf 89' lang='lat' dir='ltr'><strong>consuevisse</strong></span> <span class='ocrx_word' id='word_1_863' title='bbox 2816 3555 3082 3609; x_wconf 81' lang='lat' dir='ltr'><strong>Romana</strong></span> <span class='ocrx_word' id='word_1_864' title='bbox 3110 3553 3266 3608; x_wconf 90' lang='lat' dir='ltr'><strong>sedis</strong></span> <span class='ocrx_word' id='word_1_865' title='bbox 3292 3567 3468 3621; x_wconf 89' lang='lat' dir='ltr'><strong>supra</strong></span> <span class='ocrx_word' id='word_1_866' title='bbox 3516 3556 3752 3607; x_wconf 87' lang='lat' dir='ltr'><strong>cateras</strong></span> 
     </span>
    </p>
   </div>
   <div class='ocr_carea' id='block_1_126' title="bbox 2098 3622 3750 3695">
    <p class='ocr_par' dir='ltr' id='par_1_126' title="bbox 2098 3622 3750 3695">
     <span class='ocr_line' id='line_1_127' title="bbox 2098 3622 3750 3695; baseline 0.001 -20"><span class='ocrx_word' id='word_1_867' title='bbox 2098 3622 2406 3695; x_wconf 82' lang='lat' dir='ltr'><strong>primatum</strong></span> <span class='ocrx_word' id='word_1_868' title='bbox 2424 3622 2495 3695; x_wconf 87' lang='lat' dir='ltr'><strong>ab</strong></span> <span class='ocrx_word' id='word_1_869' title='bbox 2512 3625 3044 3695; x_wconf 85' lang='lat' dir='ltr'><strong>ipsoapostolorum</strong></span> <span class='ocrx_word' id='word_1_870' title='bbox 3062 3626 3323 3694; x_wconf 89' lang='lat' dir='ltr'><strong>principe</strong></span> <span class='ocrx_word' id='word_1_871' title='bbox 3340 3624 3750 3695; x_wconf 72' lang='lat' dir='ltr'><strong>constitutum.</strong></span> 
     </span>
    </p>
   </div>
   <div class='ocr_carea' id='block_1_127' title="bbox 2093 3692 3754 3760">
    <p class='ocr_par' dir='ltr' id='par_1_127' title="bbox 2093 3692 3754 3760">
     <span class='ocr_line' id='line_1_128' title="bbox 2093 3692 3754 3760; baseline 0.001 -15"><span class='ocrx_word' id='word_1_872' title='bbox 2093 3692 2253 3760; x_wconf 86' lang='lat' dir='ltr'><strong>Quod</strong></span> <span class='ocrx_word' id='word_1_873' title='bbox 2285 3694 2437 3746; x_wconf 89' lang='lat' dir='ltr'><strong>enim</strong></span> <span class='ocrx_word' id='word_1_874' title='bbox 2466 3693 2561 3748; x_wconf 90' lang='lat' dir='ltr'><strong>die</strong></span> <span class='ocrx_word' id='word_1_875' title='bbox 2591 3694 2656 3749; x_wconf 73' lang='grc'>48</span> <span class='ocrx_word' id='word_1_876' title='bbox 2685 3692 2948 3750; x_wconf 83' lang='lat' dir='ltr'><strong>Januarii</strong></span> <span class='ocrx_word' id='word_1_877' title='bbox 2991 3692 3196 3750; x_wconf 88' lang='lat' dir='ltr'><strong>festum</strong></span> <span class='ocrx_word' id='word_1_878' title='bbox 3243 3692 3526 3750; x_wconf 82' lang='lat' dir='ltr'><strong>cathedra</strong></span> <span class='ocrx_word' id='word_1_879' title='bbox 3550 3707 3583 3748; x_wconf 89' lang='lat' dir='ltr'><strong>a</strong></span> <span class='ocrx_word' id='word_1_880' title='bbox 3608 3694 3754 3748; x_wconf 89' lang='lat' dir='ltr'><strong>Beda</strong></span> 
     </span>
    </p>
   </div>
   <div class='ocr_carea' id='block_1_128' title="bbox 2095 3762 3752 3836">
    <p class='ocr_par' dir='ltr' id='par_1_128' title="bbox 2095 3762 3752 3836">
     <span class='ocr_line' id='line_1_129' title="bbox 2095 3762 3752 3836; baseline 0 -19"><span class='ocrx_word' id='word_1_881' title='bbox 2095 3762 2348 3836; x_wconf 88' lang='lat' dir='ltr'><strong>aliisque</strong></span> <span class='ocrx_word' id='word_1_882' title='bbox 2378 3763 2455 3836; x_wconf 87' lang='lat' dir='ltr'><strong>ita</strong></span> <span class='ocrx_word' id='word_1_883' title='bbox 2482 3768 2886 3836; x_wconf 85' lang='lat' dir='ltr'><strong>consignatum</strong></span> <span class='ocrx_word' id='word_1_884' title='bbox 2927 3766 3176 3821; x_wconf 90' lang='lat' dir='ltr'><strong>suaserit</strong></span> <span class='ocrx_word' id='word_1_885' title='bbox 3208 3765 3444 3821; x_wconf 88' lang='lat' dir='ltr'><strong>Paulum</strong></span> <span class='ocrx_word' id='word_1_886' title='bbox 3477 3766 3661 3836; x_wconf 75' lang='lat' dir='ltr'><strong>iV,_ut</strong></span> <span class='ocrx_word' id='word_1_887' title='bbox 3692 3764 3752 3818; x_wconf 92' lang='lat' dir='ltr'><strong>in</strong></span> 
     </span>
    </p>
   </div>
   <div class='ocr_carea' id='block_1_129' title="bbox 2095 3834 3759 3893">
    <p class='ocr_par' dir='ltr' id='par_1_129' title="bbox 2095 3834 3759 3893">
     <span class='ocr_line' id='line_1_130' title="bbox 2095 3834 3759 3893; baseline 0.001 -6"><span class='ocrx_word' id='word_1_888' title='bbox 2095 3835 2513 3889; x_wconf 87' lang='lat' dir='ltr'><strong>constitutione</strong></span> <span class='ocrx_word' id='word_1_889' title='bbox 2535 3850 2638 3891; x_wconf 86' lang='lat' dir='ltr'><strong>sua</strong></span> <span class='ocrx_word' id='word_1_890' title='bbox 2660 3834 2819 3892; x_wconf 79' lang='lat' dir='ltr'><strong>anno</strong></span> <span class='ocrx_word' id='word_1_891' title='bbox 2847 3834 2985 3892; x_wconf 79' lang='grc'>4558</span> <span class='ocrx_word' id='word_1_892' title='bbox 3018 3837 3340 3893; x_wconf 90' lang='lat' dir='ltr'><strong>restituerit</strong></span> <span class='ocrx_word' id='word_1_893' title='bbox 3363 3836 3433 3890; x_wconf 89' lang='lat' dir='ltr'><strong>ad</strong></span> <span class='ocrx_word' id='word_1_894' title='bbox 3461 3850 3533 3890; x_wconf 81' lang='lat' dir='ltr'><strong>xv</strong></span> <span class='ocrx_word' id='word_1_895' title='bbox 3557 3834 3759 3889; x_wconf 84' lang='lat' dir='ltr'><strong>Kalen-</strong></span> 
     </span>
    </p>
   </div>
   <div class='ocr_carea' id='block_1_130' title="bbox 2095 3904 3754 3975">
    <p class='ocr_par' dir='ltr' id='par_1_130' title="bbox 2095 3904 3754 3975">
     <span class='ocr_line' id='line_1_131' title="bbox 2095 3904 3754 3975; baseline 0.002 -18"><span class='ocrx_word' id='word_1_896' title='bbox 2095 3904 2199 3958; x_wconf 89' lang='lat' dir='ltr'><strong>das</strong></span> <span class='ocrx_word' id='word_1_897' title='bbox 2244 3904 2540 3975; x_wconf 85' lang='lat' dir='ltr'><strong>Februarii</strong></span> <span class='ocrx_word' id='word_1_898' title='bbox 2595 3914 2836 3963; x_wconf 89' lang='lat' dir='ltr'><strong>veterem</strong></span> <span class='ocrx_word' id='word_1_899' title='bbox 2867 3909 3139 3975; x_wconf 90' lang='lat' dir='ltr'><strong>epocham</strong></span> <span class='ocrx_word' id='word_1_900' title='bbox 3190 3906 3445 3963; x_wconf 89' lang='lat' dir='ltr'><strong>fundata</strong></span> <span class='ocrx_word' id='word_1_901' title='bbox 3497 3908 3557 3960; x_wconf 89' lang='lat' dir='ltr'><strong>in</strong></span> <span class='ocrx_word' id='word_1_902' title='bbox 3605 3904 3754 3960; x_wconf 87' lang='lat' dir='ltr'><strong>Urbe</strong></span> 
     </span>
    </p>
   </div>
   <div class='ocr_carea' id='block_1_131' title="bbox 2096 3974 3756 4051">
    <p class='ocr_par' dir='ltr' id='par_1_131' title="bbox 2096 3974 3756 4051">
     <span class='ocr_line' id='line_1_132' title="bbox 2096 3974 3756 4051; baseline -0.001 -22"><span class='ocrx_word' id='word_1_903' title='bbox 2096 3974 2379 4029; x_wconf 88' lang='lat' dir='ltr'><strong>cathedra</strong></span> <span class='ocrx_word' id='word_1_904' title='bbox 2410 3978 2555 4051; x_wconf 81' lang='lat' dir='ltr'><strong>Petri</strong></span> <span class='ocrx_word' id='word_1_905' title='bbox 2577 3979 2679 4051; x_wconf 28' lang='lat' dir='ltr'><strong>;‘id</strong></span> <span class='ocrx_word' id='word_1_906' title='bbox 2710 3978 2859 4051; x_wconf 89' lang='lat' dir='ltr'><strong>nihil</strong></span> <span class='ocrx_word' id='word_1_907' title='bbox 2895 3974 3135 4047; x_wconf 86' lang='lat' dir='ltr'><strong>impedit</strong></span> <span class='ocrx_word' id='word_1_908' title='bbox 3173 3975 3756 4051; x_wconf 27' lang='lat' dir='ltr'><strong>quominusuintelli-</strong></span> 
     </span>
    </p>
   </div>
   <div class='ocr_carea' id='block_1_132' title="bbox 2098 4047 3755 4119">
    <p class='ocr_par' dir='ltr' id='par_1_132' title="bbox 2098 4047 3755 4119">
     <span class='ocr_line' id='line_1_133' title="bbox 2098 4047 3755 4119; baseline 0.001 -20"><span class='ocrx_word' id='word_1_909' title='bbox 2098 4059 2300 4114; x_wconf 77' lang='lat' dir='ltr'><strong>gamus</strong></span> <span class='ocrx_word' id='word_1_910' title='bbox 2337 4060 2401 4100; x_wconf 87' lang='lat' dir='ltr'><strong>ea</strong></span> <span class='ocrx_word' id='word_1_911' title='bbox 2447 4048 2544 4103; x_wconf 91' lang='lat' dir='ltr'><strong>die</strong></span> <span class='ocrx_word' id='word_1_912' title='bbox 2598 4047 2901 4105; x_wconf 84' lang='lat' dir='ltr'><strong>fundatum</strong></span> <span class='ocrx_word' id='word_1_913' title='bbox 2958 4047 3402 4119; x_wconf 81' lang='lat' dir='ltr'><strong>episcopatum;</strong></span> <span class='ocrx_word' id='word_1_914' title='bbox 3453 4048 3755 4119; x_wconf 82' lang='lat' dir='ltr'><strong>aliquanto</strong></span> 
     </span>
    </p>
   </div>
   <div class='ocr_carea' id='block_1_133' title="bbox 2098 4117 3752 4190">
    <p class='ocr_par' dir='ltr' id='par_1_133' title="bbox 2098 4117 3752 4190">
     <span class='ocr_line' id='line_1_134' title="bbox 2098 4117 3752 4190; baseline 0.004 -21"><span class='ocrx_word' id='word_1_915' title='bbox 2098 4130 2228 4190; x_wconf 82' lang='lat' dir='ltr'><strong>vero</strong></span> <span class='ocrx_word' id='word_1_916' title='bbox 2263 4123 2411 4185; x_wconf 86' lang='lat' dir='ltr'><strong>post.</strong></span> <span class='ocrx_word' id='word_1_917' title='bbox 2441 4119 2545 4173; x_wconf 91' lang='lat' dir='ltr'><strong>hoc</strong></span> <span class='ocrx_word' id='word_1_918' title='bbox 2575 4126 2660 4174; x_wconf 90' lang='lat' dir='ltr'><strong>est</strong></span> <span class='ocrx_word' id='word_1_919' title='bbox 2691 4134 2880 4176; x_wconf 90' lang='lat' dir='ltr'><strong>mense</strong></span> <span class='ocrx_word' id='word_1_920' title='bbox 2910 4117 3119 4190; x_wconf 78' lang='lat' dir='ltr'><strong>Aprili,</strong></span> <span class='ocrx_word' id='word_1_921' title='bbox 3148 4117 3269 4176; x_wconf 82' lang='lat' dir='ltr'><strong>sive</strong></span> <span class='ocrx_word' id='word_1_922' title='bbox 3297 4117 3571 4190; x_wconf 87' lang='lat' dir='ltr'><strong>ejusdem</strong></span> <span class='ocrx_word' id='word_1_923' title='bbox 3594 4117 3752 4177; x_wconf 88' lang='lat' dir='ltr'><strong>anni.</strong></span> 
     </span>
    </p>
   </div>
   <div class='ocr_carea' id='block_1_134' title="bbox 2098 4188 3754 4262">
    <p class='ocr_par' dir='ltr' id='par_1_134' title="bbox 2098 4188 3754 4262">
     <span class='ocr_line' id='line_1_135' title="bbox 2098 4188 3754 4262; baseline 0.001 -21"><span class='ocrx_word' id='word_1_924' title='bbox 2098 4188 2219 4242; x_wconf 88' lang='lat' dir='ltr'><strong>sive</strong></span> <span class='ocrx_word' id='word_1_925' title='bbox 2256 4192 2733 4262; x_wconf 87' lang='lat' dir='ltr'><strong>consequentium</strong></span> <span class='ocrx_word' id='word_1_926' title='bbox 2775 4192 2910 4247; x_wconf 92' lang='lat' dir='ltr'><strong>huic</strong></span> <span class='ocrx_word' id='word_1_927' title='bbox 2940 4188 3256 4262; x_wconf 78' lang='lat' dir='ltr'><strong>episcopali</strong></span> <span class='ocrx_word' id='word_1_928' title='bbox 3290 4188 3411 4247; x_wconf 87' lang='lat' dir='ltr'><strong>sedi</strong></span> <span class='ocrx_word' id='word_1_929' title='bbox 3447 4190 3754 4262; x_wconf 83' lang='lat' dir='ltr'><strong>primatum</strong></span> 
     </span>
    </p>
   </div>
   <div class='ocr_carea' id='block_1_135' title="bbox 2098 4259 3759 4333">
    <p class='ocr_par' dir='ltr' id='par_1_135' title="bbox 2098 4259 3759 4333">
     <span class='ocr_line' id='line_1_136' title="bbox 2098 4259 3759 4333; baseline -0.002 -17"><span class='ocrx_word' id='word_1_930' title='bbox 2098 4272 2271 4333; x_wconf 80' lang='lat' dir='ltr'><strong>supra</strong></span> <span class='ocrx_word' id='word_1_931' title='bbox 2295 4269 2526 4333; x_wconf 79' lang='lat' dir='ltr'><strong>caeteras</strong></span> <span class='ocrx_word' id='word_1_932' title='bbox 2553 4260 2735 4317; x_wconf 87' lang='lat' dir='ltr'><strong>fuisse</strong></span> <span class='ocrx_word' id='word_1_933' title='bbox 2751 4259 3037 4331; x_wconf 87' lang='lat' dir='ltr'><strong>additum,</strong></span> <span class='ocrx_word' id='word_1_934' title='bbox 3068 4259 3372 4333; x_wconf 84' lang='lat' dir='ltr'><strong>postquam</strong></span> <span class='ocrx_word' id='word_1_935' title='bbox 3399 4259 3460 4317; x_wconf 84' lang='lat' dir='ltr'><strong>in</strong></span> <span class='ocrx_word' id='word_1_936' title='bbox 3478 4259 3759 4331; x_wconf 87' lang='lat' dir='ltr'><strong>proximis</strong></span> 
     </span>
    </p>
   </div>
   <div class='ocr_carea' id='block_1_136' title="bbox 2098 4329 3754 4405">
    <p class='ocr_par' dir='ltr' id='par_1_136' title="bbox 2098 4329 3754 4405">
     <span class='ocr_line' id='line_1_137' title="bbox 2098 4329 3754 4405; baseline 0.003 -24"><span class='ocrx_word' id='word_1_937' title='bbox 2098 4329 2440 4405; x_wconf 76' lang='lat' dir='ltr'><strong>civitatibus</strong></span> <span class='ocrx_word' id='word_1_938' title='bbox 2471 4334 2780 4400; x_wconf 79' lang='lat' dir='ltr'><strong>pradicato</strong></span> <span class='ocrx_word' id='word_1_939' title='bbox 2822 4329 3146 4405; x_wconf 76' lang='lat' dir='ltr'><strong>Evangelia,</strong></span> <span class='ocrx_word' id='word_1_940' title='bbox 3170 4329 3429 4389; x_wconf 78' lang='lat' dir='ltr'><strong>fundatis</strong></span> <span class='ocrx_word' id='word_1_941' title='bbox 3455 4329 3754 4405; x_wconf 84' lang='lat' dir='ltr'><strong>Ecclesiis,</strong></span> 
     </span>
    </p>
   </div>
   <div class='ocr_carea' id='block_1_137' title="bbox 2098 4401 3755 4474">
    <p class='ocr_par' dir='ltr' id='par_1_137' title="bbox 2098 4401 3755 4474">
     <span class='ocr_line' id='line_1_138' title="bbox 2098 4401 3755 4474; baseline 0.002 -22"><span class='ocrx_word' id='word_1_942' title='bbox 2098 4406 2161 4474; x_wconf 73' lang='lat' dir='ltr'><strong>et</strong></span> <span class='ocrx_word' id='word_1_943' title='bbox 2179 4401 2464 4474; x_wconf 89' lang='lat' dir='ltr'><strong>ordinatis</strong></span> <span class='ocrx_word' id='word_1_944' title='bbox 2513 4405 2801 4473; x_wconf 84' lang='lat' dir='ltr'><strong>episcOpis</strong></span> <span class='ocrx_word' id='word_1_945' title='bbox 2841 4401 3142 4460; x_wconf 78' lang='lat' dir='ltr'><strong>coaluerat</strong></span> <span class='ocrx_word' id='word_1_946' title='bbox 3173 4413 3418 4473; x_wconf 88' lang='lat' dir='ltr'><strong>systema</strong></span> <span class='ocrx_word' id='word_1_947' title='bbox 3471 4403 3755 4474; x_wconf 90' lang='lat' dir='ltr'><strong>quoddam</strong></span> 
     </span>
    </p>
   </div>
   <div class='ocr_carea' id='block_1_138' title="bbox 2100 4471 3758 4543">
    <p class='ocr_par' dir='ltr' id='par_1_138' title="bbox 2100 4471 3758 4543">
     <span class='ocr_line' id='line_1_139' title="bbox 2100 4471 3758 4543; baseline 0.003 -20"><span class='ocrx_word' id='word_1_948' title='bbox 2100 4471 2561 4543; x_wconf 68' lang='lat' dir='ltr'><strong>llierarchicum,</strong></span> <span class='ocrx_word' id='word_1_949' title='bbox 2605 4471 2795 4543; x_wconf 80' lang='lat' dir='ltr'><strong>Specie</strong></span> <span class='ocrx_word' id='word_1_950' title='bbox 2824 4488 2927 4529; x_wconf 86' lang='lat' dir='ltr'><strong>sua</strong></span> <span class='ocrx_word' id='word_1_951' title='bbox 2982 4476 3127 4529; x_wconf 85' lang='lat' dir='ltr'><strong>satis</strong></span> <span class='ocrx_word' id='word_1_952' title='bbox 3174 4471 3533 4529; x_wconf 71' lang='lat' dir='ltr'><strong>cbmmoduin</strong></span> <span class='ocrx_word' id='word_1_953' title='bbox 3595 4475 3758 4528; x_wconf 91' lang='lat' dir='ltr'><strong>Petro</strong></span> 
     </span>
    </p>
   </div>
   <div class='ocr_carea' id='block_1_139' title="bbox 2096 4542 3761 4614">
    <p class='ocr_par' dir='ltr' id='par_1_139' title="bbox 2096 4542 3761 4614">
     <span class='ocr_line' id='line_1_140' title="bbox 2096 4542 3761 4614; baseline 0.001 -19"><span class='ocrx_word' id='word_1_954' title='bbox 2096 4542 2443 4614; x_wconf 87' lang='lat' dir='ltr'><strong>judicatum,</strong></span> <span class='ocrx_word' id='word_1_955' title='bbox 2473 4547 2540 4599; x_wconf 90' lang='lat' dir='ltr'><strong>ad</strong></span> <span class='ocrx_word' id='word_1_956' title='bbox 2579 4542 2921 4614; x_wconf 88' lang='lat' dir='ltr'><strong>dignitatem</strong></span> <span class='ocrx_word' id='word_1_957' title='bbox 2966 4545 3122 4600; x_wconf 91' lang='lat' dir='ltr'><strong>sedis</strong></span> <span class='ocrx_word' id='word_1_958' title='bbox 3160 4546 3419 4600; x_wconf 92' lang='lat' dir='ltr'><strong>omnium</strong></span> <span class='ocrx_word' id='word_1_959' title='bbox 3474 4544 3761 4613; x_wconf 91' lang='lat' dir='ltr'><strong>principis</strong></span> 
     </span>
    </p>
   </div>
   <div class='ocr_carea' id='block_1_140' title="bbox 2106 4613 3751 4683">
    <p class='ocr_par' dir='ltr' id='par_1_140' title="bbox 2106 4613 3751 4683">
     <span class='ocr_line' id='line_1_141' title="bbox 2106 4613 3751 4683; baseline 0.001 -18"><span class='ocrx_word' id='word_1_960' title='bbox 2106 4613 2449 4682; x_wconf 85' lang='lat' dir='ltr'><strong>ministerio,</strong></span> <span class='ocrx_word' id='word_1_961' title='bbox 2473 4622 2528 4668; x_wconf 91' lang='lat' dir='ltr'><strong>et</strong></span> <span class='ocrx_word' id='word_1_962' title='bbox 2566 4616 2922 4683; x_wconf 90' lang='lat' dir='ltr'><strong>subjectione</strong></span> <span class='ocrx_word' id='word_1_963' title='bbox 2955 4629 3057 4670; x_wconf 89' lang='lat' dir='ltr'><strong>sua</strong></span> <span class='ocrx_word' id='word_1_964' title='bbox 3083 4614 3481 4670; x_wconf 86' lang='lat' dir='ltr'><strong>declarandam</strong></span> <span class='ocrx_word' id='word_1_965' title='bbox 3524 4620 3577 4669; x_wconf 90' lang='lat' dir='ltr'><strong>et</strong></span> <span class='ocrx_word' id='word_1_966' title='bbox 3613 4626 3751 4668; x_wconf 89' lang='lat' dir='ltr'><strong>con-</strong></span> 
     </span>
    </p>
   </div>
   <div class='ocr_carea' id='block_1_141' title="bbox 2105 4682 3760 4756">
    <p class='ocr_par' dir='ltr' id='par_1_141' title="bbox 2105 4682 3760 4756">
     <span class='ocr_line' id='line_1_142' title="bbox 2105 4682 3760 4756; baseline 0.002 -21"><span class='ocrx_word' id='word_1_967' title='bbox 2105 4682 2418 4756; x_wconf 79' lang='lat' dir='ltr'><strong>fovendam.</strong></span> <span class='ocrx_word' id='word_1_968' title='bbox 2455 4682 2695 4740; x_wconf 79' lang='lat' dir='ltr'><strong>Nicana</strong></span> <span class='ocrx_word' id='word_1_969' title='bbox 2712 4687 2913 4756; x_wconf 87' lang='lat' dir='ltr'><strong>synodi</strong></span> <span class='ocrx_word' id='word_1_970' title='bbox 2938 4699 3119 4741; x_wconf 91' lang='lat' dir='ltr'><strong>canon</strong></span> <span class='ocrx_word' id='word_1_971' title='bbox 3145 4692 3364 4753; x_wconf 85' lang='lat' dir='ltr'><strong>sextus,</strong></span> <span class='ocrx_word' id='word_1_972' title='bbox 3395 4690 3480 4739; x_wconf 93' lang='lat' dir='ltr'><strong>tot</strong></span> <span class='ocrx_word' id='word_1_973' title='bbox 3499 4684 3760 4740; x_wconf 90' lang='lat' dir='ltr'><strong>lucubra-</strong></span> 
     </span>
    </p>
   </div>
   <div class='ocr_carea' id='block_1_142' title="bbox 2105 4753 3753 4819">
    <p class='ocr_par' dir='ltr' id='par_1_142' title="bbox 2105 4753 3753 4819">
     <span class='ocr_line' id='line_1_143' title="bbox 2105 4753 3753 4819; baseline 0.001 -13"><span class='ocrx_word' id='word_1_974' title='bbox 2105 4753 2366 4808; x_wconf 90' lang='lat' dir='ltr'><strong>tionibus</strong></span> <span class='ocrx_word' id='word_1_975' title='bbox 2394 4756 2693 4811; x_wconf 87' lang='lat' dir='ltr'><strong>doctorum</strong></span> <span class='ocrx_word' id='word_1_976' title='bbox 2724 4753 2981 4812; x_wconf 79' lang='lat' dir='ltr'><strong>virorum</strong></span> <span class='ocrx_word' id='word_1_977' title='bbox 3017 4757 3369 4819; x_wconf 86' lang='lat' dir='ltr'><strong>illustratus,</strong></span> <span class='ocrx_word' id='word_1_978' title='bbox 3399 4758 3545 4810; x_wconf 88' lang='lat' dir='ltr'><strong>satis</strong></span> <span class='ocrx_word' id='word_1_979' title='bbox 3572 4757 3753 4819; x_wconf 85' lang='lat' dir='ltr'><strong>docet,</strong></span> 
     </span>
    </p>
   </div>
   <div class='ocr_carea' id='block_1_143' title="bbox 2107 4825 3759 4897">
    <p class='ocr_par' dir='ltr' id='par_1_143' title="bbox 2107 4825 3759 4897">
     <span class='ocr_line' id='line_1_144' title="bbox 2107 4825 3759 4897; baseline 0.002 -21"><span class='ocrx_word' id='word_1_980' title='bbox 2107 4829 2383 4892; x_wconf 89' lang='lat' dir='ltr'><strong>quantum</strong></span> <span class='ocrx_word' id='word_1_981' title='bbox 2415 4827 2990 4897; x_wconf 86' lang='lat' dir='ltr'><strong>explicetdignitatis</strong></span> <span class='ocrx_word' id='word_1_982' title='bbox 3038 4827 3443 4896; x_wconf 80' lang='lat' dir='ltr'><strong>patriarchalis</strong></span> <span class='ocrx_word' id='word_1_983' title='bbox 3489 4840 3610 4881; x_wconf 90' lang='lat' dir='ltr'><strong>mos</strong></span> <span class='ocrx_word' id='word_1_984' title='bbox 3659 4825 3759 4897; x_wconf 85' lang='lat' dir='ltr'><strong>ille</strong></span> 
     </span>
    </p>
   </div>
   <div class='ocr_carea' id='block_1_144' title="bbox 2105 4896 3754 4967">
    <p class='ocr_par' dir='ltr' id='par_1_144' title="bbox 2105 4896 3754 4967">
     <span class='ocr_line' id='line_1_145' title="bbox 2105 4896 3754 4967; baseline 0.002 -20"><span class='ocrx_word' id='word_1_985' title='bbox 2105 4900 2297 4967; x_wconf 79' lang='lat' dir='ltr'><strong>vetus,</strong></span> <span class='ocrx_word' id='word_1_986' title='bbox 2323 4911 2435 4964; x_wconf 92' lang='lat' dir='ltr'><strong>quo</strong></span> <span class='ocrx_word' id='word_1_987' title='bbox 2478 4898 2671 4966; x_wconf 90' lang='lat' dir='ltr'><strong>plures</strong></span> <span class='ocrx_word' id='word_1_988' title='bbox 2698 4896 2957 4967; x_wconf 85' lang='lat' dir='ltr'><strong>episcopi</strong></span> <span class='ocrx_word' id='word_1_989' title='bbox 2988 4900 3238 4953; x_wconf 87' lang='lat' dir='ltr'><strong>Romano</strong></span> <span class='ocrx_word' id='word_1_990' title='bbox 3267 4899 3508 4953; x_wconf 89' lang='lat' dir='ltr'><strong>aderant</strong></span> <span class='ocrx_word' id='word_1_991' title='bbox 3533 4905 3654 4953; x_wconf 87' lang='lat' dir='ltr'><strong>tum</strong></span> <span class='ocrx_word' id='word_1_992' title='bbox 3685 4896 3754 4951; x_wconf 91' lang='lat' dir='ltr'><strong>ad</strong></span> 
     </span>
    </p>
   </div>
   <div class='ocr_carea' id='block_1_145' title="bbox 2110 4964 3759 5038">
    <p class='ocr_par' dir='ltr' id='par_1_145' title="bbox 2110 4964 3759 5038">
     <span class='ocr_line' id='line_1_146' title="bbox 2110 4964 3759 5038; baseline 0.002 -19"><span class='ocrx_word' id='word_1_993' title='bbox 2110 4964 2451 5038; x_wconf 74' lang='lat' dir='ltr'><strong>perficienda</strong></span> <span class='ocrx_word' id='word_1_994' title='bbox 2478 4964 2764 5038; x_wconf 75' lang='lat' dir='ltr'><strong>mysteria.</strong></span> <span class='ocrx_word' id='word_1_995' title='bbox 2789 4964 2912 5023; x_wconf 84' lang='lat' dir='ltr'><strong>tum</strong></span> <span class='ocrx_word' id='word_1_996' title='bbox 2927 4972 2994 5025; x_wconf 86' lang='lat' dir='ltr'><strong>ad</strong></span> <span class='ocrx_word' id='word_1_997' title='bbox 3028 4970 3541 5038; x_wconf 86' lang='lat' dir='ltr'><strong>reprasentandam</strong></span> <span class='ocrx_word' id='word_1_998' title='bbox 3577 4968 3759 5023; x_wconf 89' lang='lat' dir='ltr'><strong>totius</strong></span> 
     </span>
    </p>
   </div>
   <div class='ocr_carea' id='block_1_146' title="bbox 2105 5035 3759 5110">
    <p class='ocr_par' dir='ltr' id='par_1_146' title="bbox 2105 5035 3759 5110">
     <span class='ocr_line' id='line_1_147' title="bbox 2105 5035 3759 5110; baseline 0.002 -21"><span class='ocrx_word' id='word_1_999' title='bbox 2105 5035 2373 5110; x_wconf 81' lang='lat' dir='ltr'><strong>Ecclesia</strong></span> <span class='ocrx_word' id='word_1_1000' title='bbox 2402 5035 2662 5108; x_wconf 82' lang='lat' dir='ltr'><strong>ecrporis</strong></span> <span class='ocrx_word' id='word_1_1001' title='bbox 2686 5040 3020 5109; x_wconf 86' lang='lat' dir='ltr'><strong>juncturam</strong></span> <span class='ocrx_word' id='word_1_1002' title='bbox 3049 5035 3158 5095; x_wconf 84' lang='lat' dir='ltr'><strong>sub</strong></span> <span class='ocrx_word' id='word_1_1003' title='bbox 3188 5054 3301 5095; x_wconf 91' lang='lat' dir='ltr'><strong>uno</strong></span> <span class='ocrx_word' id='word_1_1004' title='bbox 3333 5042 3543 5110; x_wconf 89' lang='lat' dir='ltr'><strong>capite.</strong></span> <span class='ocrx_word' id='word_1_1005' title='bbox 3579 5038 3759 5095; x_wconf 91' lang='lat' dir='ltr'><strong>Ordi-</strong></span> 
     </span>
    </p>
   </div>
   <div class='ocr_carea' id='block_1_147' title="bbox 2108 5107 3756 5181">
    <p class='ocr_par' dir='ltr' id='par_1_147' title="bbox 2108 5107 3756 5181">
     <span class='ocr_line' id='line_1_148' title="bbox 2108 5107 3756 5181; baseline 0.001 -19"><span class='ocrx_word' id='word_1_1006' title='bbox 2108 5114 2237 5181; x_wconf 84' lang='lat' dir='ltr'><strong>nata</strong></span> <span class='ocrx_word' id='word_1_1007' title='bbox 2271 5107 2451 5177; x_wconf 88' lang='lat' dir='ltr'><strong>igitur</strong></span> <span class='ocrx_word' id='word_1_1008' title='bbox 2497 5107 2820 5181; x_wconf 88' lang='lat' dir='ltr'><strong>progressio</strong></span> <span class='ocrx_word' id='word_1_1009' title='bbox 2852 5111 2986 5179; x_wconf 87' lang='lat' dir='ltr'><strong>fuit,</strong></span> <span class='ocrx_word' id='word_1_1010' title='bbox 3030 5118 3095 5166; x_wconf 90' lang='lat' dir='ltr'><strong>ut</strong></span> <span class='ocrx_word' id='word_1_1011' title='bbox 3133 5107 3418 5167; x_wconf 69' lang='lat' dir='ltr'><strong>cathedra</strong></span> <span class='ocrx_word' id='word_1_1012' title='bbox 3439 5110 3756 5181; x_wconf 81' lang='lat' dir='ltr'><strong>pontificali</strong></span> 
     </span>
    </p>
   </div>
   <div class='ocr_carea' id='block_1_148' title="bbox 2113 5177 3757 5254">
    <p class='ocr_par' dir='ltr' id='par_1_148' title="bbox 2113 5177 3757 5254">
     <span class='ocr_line' id='line_1_149' title="bbox 2113 5177 3757 5254; baseline 0.004 -24"><span class='ocrx_word' id='word_1_1013' title='bbox 2113 5177 2362 5248; x_wconf 82' lang='lat' dir='ltr'><strong>primum</strong></span> <span class='ocrx_word' id='word_1_1014' title='bbox 2385 5177 3136 5254; x_wconf 11' lang='lat' dir='ltr'><strong>erecta,deindegadjunctis</strong></span> <span class='ocrx_word' id='word_1_1015' title='bbox 3166 5177 3454 5254; x_wconf 81' lang='lat' dir='ltr'><strong>gradatim</strong></span> <span class='ocrx_word' id='word_1_1016' title='bbox 3477 5182 3757 5254; x_wconf 87' lang='lat' dir='ltr'><strong>partibus,</strong></span> 
     </span>
    </p>
   </div>
   <div class='ocr_carea' id='block_1_149' title="bbox 2105 5252 3760 5323">
    <p class='ocr_par' dir='ltr' id='par_1_149' title="bbox 2105 5252 3760 5323">
     <span class='ocr_line' id='line_1_150' title="bbox 2105 5252 3760 5323; baseline 0.001 -18"><span class='ocrx_word' id='word_1_1017' title='bbox 2105 5255 2161 5305; x_wconf 90' lang='lat' dir='ltr'><strong>et</strong></span> <span class='ocrx_word' id='word_1_1018' title='bbox 2207 5253 2542 5318; x_wconf 81' lang='lat' dir='ltr'><strong>praparatis</strong></span> <span class='ocrx_word' id='word_1_1019' title='bbox 2570 5252 2936 5322; x_wconf 87' lang='lat' dir='ltr'><strong>adjutoribus</strong></span> <span class='ocrx_word' id='word_1_1020' title='bbox 2984 5268 3102 5308; x_wconf 88' lang='lat' dir='ltr'><strong>sua</strong></span> <span class='ocrx_word' id='word_1_1021' title='bbox 3149 5252 3467 5323; x_wconf 85' lang='lat' dir='ltr'><strong>potestatis,</strong></span> <span class='ocrx_word' id='word_1_1022' title='bbox 3514 5253 3760 5308; x_wconf 84' lang='lat' dir='ltr'><strong>maxima</strong></span> 
     </span>
    </p>
   </div>
   <div class='ocr_carea' id='block_1_150' title="bbox 2104 5323 3758 5393">
    <p class='ocr_par' dir='ltr' id='par_1_150' title="bbox 2104 5323 3758 5393">
     <span class='ocr_line' id='line_1_151' title="bbox 2104 5323 3758 5393; baseline 0 -15"><span class='ocrx_word' id='word_1_1023' title='bbox 2104 5324 2422 5378; x_wconf 89' lang='lat' dir='ltr'><strong>auctoritas</strong></span> <span class='ocrx_word' id='word_1_1024' title='bbox 2454 5326 2511 5378; x_wconf 92' lang='lat' dir='ltr'><strong>in</strong></span> <span class='ocrx_word' id='word_1_1025' title='bbox 2539 5325 2663 5393; x_wconf 89' lang='lat' dir='ltr'><strong>ejus</strong></span> <span class='ocrx_word' id='word_1_1026' title='bbox 2700 5324 3033 5393; x_wconf 88' lang='lat' dir='ltr'><strong>episcopum</strong></span> <span class='ocrx_word' id='word_1_1027' title='bbox 3073 5323 3467 5393; x_wconf 84' lang='lat' dir='ltr'><strong>conferretur;</strong></span> <span class='ocrx_word' id='word_1_1028' title='bbox 3497 5323 3758 5379; x_wconf 89' lang='lat' dir='ltr'><strong>utetiam</strong></span> 
     </span>
    </p>
   </div>
   <div class='ocr_carea' id='block_1_151' title="bbox 2109 5392 3760 5464">
    <p class='ocr_par' dir='ltr' id='par_1_151' title="bbox 2109 5392 3760 5464">
     <span class='ocr_line' id='line_1_152' title="bbox 2109 5392 3760 5464; baseline 0.002 -18"><span class='ocrx_word' id='word_1_1029' title='bbox 2109 5392 3035 5464; x_wconf 31' lang='lat' dir='ltr'><strong>patriarcharumablegando’rum</strong></span> <span class='ocrx_word' id='word_1_1030' title='bbox 3064 5394 3310 5451; x_wconf 86' lang='lat' dir='ltr'><strong>facultas</strong></span> <span class='ocrx_word' id='word_1_1031' title='bbox 3332 5408 3365 5450; x_wconf 90' lang='lat' dir='ltr'><strong>a</strong></span> <span class='ocrx_word' id='word_1_1032' title='bbox 3402 5392 3563 5450; x_wconf 86' lang='lat' dir='ltr'><strong>Petro</strong></span> <span class='ocrx_word' id='word_1_1033' title='bbox 3589 5407 3760 5450; x_wconf 83' lang='lat' dir='ltr'><strong>exer-</strong></span> 
     </span>
    </p>
   </div>
   <div class='ocr_carea' id='block_1_152' title="bbox 2106 5466 3758 5535">
    <p class='ocr_par' dir='ltr' id='par_1_152' title="bbox 2106 5466 3758 5535">
     <span class='ocr_line' id='line_1_153' title="bbox 2106 5466 3758 5535; baseline -0.002 -11"><span class='ocrx_word' id='word_1_1034' title='bbox 2106 5474 2351 5532; x_wconf 88' lang='lat' dir='ltr'><strong>ceretur,</strong></span> <span class='ocrx_word' id='word_1_1035' title='bbox 2382 5466 2692 5520; x_wconf 89' lang='lat' dir='ltr'><strong>derivanda</strong></span> <span class='ocrx_word' id='word_1_1036' title='bbox 2717 5467 3072 5535; x_wconf 90' lang='lat' dir='ltr'><strong>postmodum</strong></span> <span class='ocrx_word' id='word_1_1037' title='bbox 3110 5468 3166 5520; x_wconf 92' lang='lat' dir='ltr'><strong>in</strong></span> <span class='ocrx_word' id='word_1_1038' title='bbox 3200 5478 3579 5521; x_wconf 88' lang='lat' dir='ltr'><strong>successores.</strong></span> <span class='ocrx_word' id='word_1_1039' title='bbox 3612 5468 3758 5522; x_wconf 89' lang='lat' dir='ltr'><strong>Con-</strong></span> 
     </span>
    </p>
   </div>
   <div class='ocr_carea' id='block_1_153' title="bbox 2108 5536 3760 5608">
    <p class='ocr_par' dir='ltr' id='par_1_153' title="bbox 2108 5536 3760 5608">
     <span class='ocr_line' id='line_1_154' title="bbox 2108 5536 3760 5608; baseline -0.001 -14"><span class='ocrx_word' id='word_1_1040' title='bbox 2108 5546 2223 5594; x_wconf 88' lang='lat' dir='ltr'><strong>stat</strong></span> <span class='ocrx_word' id='word_1_1041' title='bbox 2250 5543 2401 5592; x_wconf 89' lang='lat' dir='ltr'><strong>certe</strong></span> <span class='ocrx_word' id='word_1_1042' title='bbox 2430 5536 2502 5590; x_wconf 91' lang='lat' dir='ltr'><strong>ab</strong></span> <span class='ocrx_word' id='word_1_1043' title='bbox 2526 5538 2916 5605; x_wconf 88' lang='lat' dir='ltr'><strong>apostolorum</strong></span> <span class='ocrx_word' id='word_1_1044' title='bbox 2951 5538 3213 5607; x_wconf 87' lang='lat' dir='ltr'><strong>principe</strong></span> <span class='ocrx_word' id='word_1_1045' title='bbox 3242 5537 3458 5592; x_wconf 87' lang='lat' dir='ltr'><strong>Christi</strong></span> <span class='ocrx_word' id='word_1_1046' title='bbox 3498 5538 3760 5608; x_wconf 84' lang='lat' dir='ltr'><strong>Evange-</strong></span> 
     </span>
    </p>
   </div>
   <div class='ocr_carea' id='block_1_154' title="bbox 2111 5608 3760 5679">
    <p class='ocr_par' dir='ltr' id='par_1_154' title="bbox 2111 5608 3760 5679">
     <span class='ocr_line' id='line_1_155' title="bbox 2111 5608 3760 5679; baseline -0.002 -14"><span class='ocrx_word' id='word_1_1047' title='bbox 2111 5612 2252 5666; x_wconf 90' lang='lat' dir='ltr'><strong>lium</strong></span> <span class='ocrx_word' id='word_1_1048' title='bbox 2276 5610 2460 5663; x_wconf 85' lang='lat' dir='ltr'><strong>Roma</strong></span> <span class='ocrx_word' id='word_1_1049' title='bbox 2484 5609 2647 5677; x_wconf 91' lang='lat' dir='ltr'><strong>prius</strong></span> <span class='ocrx_word' id='word_1_1050' title='bbox 2667 5609 2866 5679; x_wconf 90' lang='lat' dir='ltr'><strong>aliquo</strong></span> <span class='ocrx_word' id='word_1_1051' title='bbox 2882 5612 3069 5678; x_wconf 88' lang='lat' dir='ltr'><strong>spatio</strong></span> <span class='ocrx_word' id='word_1_1052' title='bbox 3090 5608 3365 5677; x_wconf 91' lang='lat' dir='ltr'><strong>temporis</strong></span> <span class='ocrx_word' id='word_1_1053' title='bbox 3390 5609 3760 5679; x_wconf 87' lang='lat' dir='ltr'><strong>pradicatum</strong></span> 
     </span>
    </p>
   </div>
   <div class='ocr_carea' id='block_1_155' title="bbox 2108 5678 3761 5754">
    <p class='ocr_par' dir='ltr' id='par_1_155' title="bbox 2108 5678 3761 5754">
     <span class='ocr_line' id='line_1_156' title="bbox 2108 5678 3761 5754; baseline -0.003 -17"><span class='ocrx_word' id='word_1_1054' title='bbox 2108 5681 2197 5754; x_wconf 89' lang='lat' dir='ltr'><strong>(ex</strong></span> <span class='ocrx_word' id='word_1_1055' title='bbox 2225 5680 2493 5754; x_wconf 82' lang='lat' dir='ltr'><strong>cathedra</strong></span> <span class='ocrx_word' id='word_1_1056' title='bbox 2523 5680 2614 5734; x_wconf 90' lang='lat' dir='ltr'><strong>hic</strong></span> <span class='ocrx_word' id='word_1_1057' title='bbox 2652 5678 2878 5754; x_wconf 79' lang='lat' dir='ltr'><strong>erecta),</strong></span> <span class='ocrx_word' id='word_1_1058' title='bbox 2926 5680 3384 5754; x_wconf 87' lang='lat' dir='ltr'><strong>deinde_rogatu</strong></span> <span class='ocrx_word' id='word_1_1059' title='bbox 3436 5678 3678 5754; x_wconf 82' lang='lat' dir='ltr'><strong>fratrum</strong></span> <span class='ocrx_word' id='word_1_1060' title='bbox 3728 5690 3761 5732; x_wconf 89' lang='lat' dir='ltr'><strong>a</strong></span> 
     </span>
    </p>
   </div>
   <div class='ocr_carea' id='block_1_156' title="bbox 2114 5750 3755 5821">
    <p class='ocr_par' dir='ltr' id='par_1_156' title="bbox 2114 5750 3755 5821">
     <span class='ocr_line' id='line_1_157' title="bbox 2114 5750 3755 5821; baseline -0.004 -13"><span class='ocrx_word' id='word_1_1061' title='bbox 2114 5750 2301 5808; x_wconf 85' lang='lat' dir='ltr'><strong>Marco</strong></span> <span class='ocrx_word' id='word_1_1062' title='bbox 2330 5752 2388 5807; x_wconf 87' lang='lat' dir='ltr'><strong>in</strong></span> <span class='ocrx_word' id='word_1_1063' title='bbox 2412 5751 2635 5807; x_wconf 88' lang='lat' dir='ltr'><strong>litteras</strong></span> <span class='ocrx_word' id='word_1_1064' title='bbox 2668 5750 2958 5808; x_wconf 88' lang='lat' dir='ltr'><strong>redactum</strong></span> <span class='ocrx_word' id='word_1_1065' title='bbox 2986 5756 3043 5807; x_wconf 92' lang='lat' dir='ltr'><strong>et</strong></span> <span class='ocrx_word' id='word_1_1066' title='bbox 3070 5765 3102 5808; x_wconf 85' lang='lat' dir='ltr'><strong>a</strong></span> <span class='ocrx_word' id='word_1_1067' title='bbox 3141 5752 3305 5808; x_wconf 89' lang='lat' dir='ltr'><strong>Petro</strong></span> <span class='ocrx_word' id='word_1_1068' title='bbox 3333 5750 3709 5821; x_wconf 89' lang='lat' dir='ltr'><strong>approbatum</strong></span> <span class='ocrx_word' id='word_1_1069' title='bbox 3742 5779 3755 5814; x_wconf 72' lang='grc' dir='ltr'>ε</span> 
     </span>
    </p>
   </div>
  </div>
