3994 6172
267 309 396 367 4095

1146 313 1463 368 HISTORIA
1503 315 1591 368 DE
1637 314 1812 368 VITIS
1854 313 2018 369 ROM.
2062 313 2262 370 PONT.
2293 344 2366 354 —
2395 317 2452 370 S.
2494 318 2772 373 PETRUS.

3527 329 3666 388 4026

257 446 360 492 etc.
383 438 849 519 Urbedigressus
871 441 1426 519 Constantinopolim
1450 445 1625 498 venit.
1657 443 1904 519 {>Annus
1932 443 1987 500 A
2017 442 2277 519 proxime
2305 441 2377 495 ab
2403 442 2778 519 institutione
2821 442 3100 519 _Romanaa
3156 445 3437 519 cathedra
3463 467 3474 502 :
3511 451 3661 519 quod

254 525 376 583 geras
397 511 612 565 Christi
666 513 988 566 communis
1019 511 1086 568 40
1118 527 1215 582 per
1257 511 1372 568 nos
1415 527 1483 568 ex
1533 513 1809 583 catalogo,
1847 520 1902 567 et

253 582 614 652 documentis
635 583 904 652 genuinis
929 584 1190 639 Romanae
1214 585 1476 640 Ecclesia:
1497 582 1754 640 tributus
1775 584 1897 639 sedi

255 651 568 726 pontificali
601 651 718 706 a’B.
752 656 912 708 Petro
945 655 1003 708 in
1037 656 1180 711 Urbe
1204 663 1421 718 erectae,
1462 658 1547 712 uti
1595 661 1684 711 est
1735 657 1898 726 vige-

252 724 435 797 simus
458 724 848 797 quintusante
873 727 1130 794 Apostoli
1177 728 1532 797 martyrium,
1584 724 1820 781 Vestino
1844 732 1900 780 et

255 795 448 848 Nervae
480 795 820 850 consulibus
847 803 995 851 recte
1021 795 1396 864 assignatum,
1425 800 1501 853 ita
1526 805 1612 854 est
1637 797 1740 852 485
1766 804 1897 851 ante

252 866 610 937 consulatum
637 866 932 921 Philoxeni
956 873 1012 922 et
1044 867 1230 933 Probi,
1268 870 1325 923 in
1369 869 1717 937 profectione
1737 869 1899 922 .ioan-

253 937 344 990 nis
373 935 566 1004 primi,
595 939 784 991 Romae
822 944 878 991 et
928 935 1420 1010 Constantinopoli
1477 947 1624 996 recte
1672 954 1898 1008 suppu—

249 1013 452 1061 tatum.

320 1078 704 1152 comprobant
729 1081 923 1149 itaque
941 1086 1132 1136 veteru
1145 1096 1189 1134 m
1213 1082 1490 1152 CataIOgi,
1515 1088 1571 1137 et
1593 1081 1895 1149 Chronica,

253 1149 488 1223 perinde
509 1150 944 1223 adldocumenta
974 1153 1239 1223 genuina
1298 1149 1562 1208 Romana:
1611 1153 1896 1220 Ecclesite,

252 1221 708 1293 chronologiam,
768 1221 1157 1291 apostolbrum
1207 1225 1491 1293 principis
1545 1225 1790 1278 Romana
1839 1224 1897 1276 in

246 1292 378 1346 sede
400 1298 548 1346 recte
569 1291 748 1347 fuisse
771 1293 1165 1364 constitutam.
1197 1291 1252 1350 et
1275 1296 1334 1349 in
1364 1291 1608 1364 picturis
1636 1294 1901 1348 basilica-

250 1376 374 1417 rum
405 1376 729 1488 gxpressam
781 1377 1060 1419 annorum
1082 1363 1172 1435 25,
1232 1367 1510 1421 mensium
1558 1365 1612 1434 2,
1668 1372 1723 1419 et
1767 1365 1901 1419 die-

250 1447 370 1488 rum
455 1475 467 1486 .

248 1447 370 1488 rum
405 1447 467 1488 Ἰ.

317 1507 373 1559 Si
428 1505 610 1577 placet
658 1506 828 1561 etiam
913 1506 1248 1577 confirmare
1321 1509 1399 1562 ita
1473 1505 1894 1577 comprobatam

244 1575 674 1647 chronologiam
703 1590 768 1630 ex
794 1579 1006 1645 epocha
1029 1576 1390 1634 fundationis
1406 1575 1688 1634 cathedra:
1705 1577 1900 1632 Antio-

243 1647 456 1713 chenae,
484 1662 514 1702 a
547 1647 932 1716 scriptoribus
951 1650 1212 1718 antiquis
1228 1651 1478 1718 ejusdem
1502 1650 1663 1705 urbis
1686 1649 1897 1703 litteris

247 1718 503 1786 proditae,
531 1724 774 1772 attexam
808 1731 875 1772 ex
893 1721 1057 1773 Joan.
1098 1721 1314 1774 Malalae
1339 1721 1680 1776 Antiocheni
1722 1721 1898 1774 chro-

256 1787 864 1877 nsograp‘ii'ia‘pagﬁli
892 1791 1037 1874 edit.
1072 1791 1584 1877 Londiiiensishoc
1618 1792 1901 1877 testimo-l-
1931 1816 1983 1875 B

243 1861 436 1914 nium:
466 1861 611 1914 Μετὰ
649 1862 703 1911 δέ
739 1867 830 1926 iw,
861 1863 1093 1930 τὲσσαρα,
1157 1869 1263 1917 etc.
1333 1883 1359 1914 α
1430 1864 1636 1917 Eodem
1710 1869 1898 1917 autem

245 1931 478 1986 Tiberio
498 1931 716 1986 Caesare
739 1938 985 2000 quatuor
1028 1939 1155 2000 post
1191 1933 1383 1994 annis,
1419 1947 1585 2002 quam
1641 1933 1900 1987 Salvator

243 2009 436 2057 noster
453 2003 617 2058 Jesus
639 2002 906 2058 Christus
937 2011 1232 2059 surrectus
1263 2017 1294 2058 a
1328 2005 1572 2059 mortuis
1601 2004 1660 2058 in
1690 2003 1897 2059 coelum

240 2079 574 2142 assumptus
602 2073 786 2128 fuerat
837 2073 969 2144 (quo
1024 2075 1196 2129 etiam
1274 2081 1523 2144 tempore
1567 2075 1778 2130 Paulus
1838 2075 1898 2128 in

240 2144 510 2198 Ciliciam
544 2145 1052 2214 transmigraverat
1077 2145 1276 2200 relicta
1321 2146 1628 2202 Antiochia
1675 2147 1894 2215 Magna,

241 2216 338 2270 ubi
366 2215 600 2270 verbum
643 2216 743 2270 Dei
779 2215 1000 2284 primus
1031 2231 1156 2270 cum
1211 2217 1463 2272 Barnaba
1509 2217 1891 2286 praedicasset,

241 2300 415 2355 prope
445 2286 753 2341 Pantheum
815 2289 873 2341 in
931 2289 1058 2342 vico
1108 2288 1438 2358 Singonio):
1489 2301 1572 2352 eo,
1634 2288 1888 2356 inquam,

240 2365 492 2426 tempore
525 2359 721 2413 Petrus
747 2358 816 2412 ab
870 2358 1280 2428 Hierosolymis
1331 2359 1632 2414 discedens
1682 2358 1892 2412 Antio-

236 2430 428 2483 chiam
453 2429 637 2483 venit:
709 2429 806 2483 ubi
861 2429 1220 2498 promulgato
1272 2431 1577 2499 Evangelio
1633 2430 1887 2498 episcopi

240 2514 452 2555 munus
483 2499 756 2568 suscepit,
791 2506 918 2560 etc..
954 2501 1038 2554 uti
1074 2501 1190 2556 haec
1221 2501 1480 2555 Clemens
1519 2509 1574 2556 et
1615 2501 1888 2555 Tatianus

235 2570 657 2640 sapientissimi
680 2571 1098 2641 chronographi
1124 2572 1338 2626 litteris
1369 2572 1762 2640 prodiderunt.
1790 2589 1815 2618 ι

307 2641 680 2710 Opportunus
708 2648 794 2696 est
827 2641 986 2696 locus
1007 2643 1098 2696 hic
1127 2643 1414 2699 inserendi
1434 2642 1887 2697 observationem

237 2713 352 2766 viri
389 2712 446 2766 in
472 2713 677 2783 primis
705 2712 881 2781 docti,
917 2727 1040 2782 qua:
1067 2713 1360 2769 illustrare
1384 2715 1593 2783 poterit
1635 2715 1890 2769 chrono-

236 2783 470 2852 logiam,
494 2789 548 2837 et
571 2781 960 2839 fundationem
979 2785 1134 2839 sedis
1149 2781 1517 2840 Antiochenaz
1538 2798 1646 2839 non
1675 2787 1885 2852 minus,

236 2868 410 2923 quam
434 2855 696 2908 Romana:
721 2860 778 2908 et
805 2854 1226 2910 Alexandrinze.

311 2925 564 2980 Pervidit
603 2927 1116 2982 reverendissimus
1150 2929 1213 2980 P.
1279 2927 1414 2985 abb.
1476 2927 1794 2982 Bacchinus
1828 2927 1886 2981 in

233 2997 477 3068 erudita
516 2996 925 3068 dissertatione
972 2997 1041 3052 de
1096 2998 1438 3068 Originibus
1484 2998 1888 3052 ecclesiasticae

232 3067 578 3122 hierarchia}
610 3081 732 3137 pag.
761 3066 878 3133 194,
914 3066 1396 3138 εηιὶᾳιιιιιηιὶιλιιι
1439 3069 1728 3137 Apollonii
1765 3083 1888 3123 nar-

232 3139 514 3192 rationem
550 3139 619 3192 de
649 3139 1004 3194 duodenario
1047 3154 1328 3196 annorum
1358 3154 1594 3194 numero
1628 3141 1889 3208 interpo-

236 3210 430 3264 nendo
465 3210 614 3264 inter
641 3209 1046 3265 Ascensionem
1069 3212 1321 3270 Domini,
1377 3219 1433 3265 et
1481 3210 1887 3279 profectionem

227 3280 718 3352 apostolorumab
738 3281 1146 3351 Hierosolymis
1196 3283 1253 3337 in
1277 3282 1618 3352 provincias,
1651 3295 1893 3337 commo-

233 3353 401 3419 dius,
437 3365 500 3406 ac
527 3351 721 3406 verius
742 3365 864 3407 esse
892 3351 1307 3422 exponendam,
1334 3359 1452 3408 tum
1485 3367 1552 3407 ex
1602 3354 1657 3406 vi
1684 3355 1891 3407 Greca:

223 3423 512 3478 dictionis
561 3425 872 3493 χωρισθῆναε
893 3438 1060 3494 quam
1090 3424 1360 3479 adhibuit
1408 3424 1710 3490 Eusebius,
1767 3431 1887 3479 tum

223 3508 297 3548 ex
325 3495 749 3559 comparatione
778 3495 1065 3549 dictorum
1094 3509 1125 3548 a
1165 3496 1334 3551 Paulo
1353 3495 1630 3564 apostolo,
1667 3495 1724 3549 in
1758 3497 1890 3564 epi-

223 3565 378 3618 stola
412 3565 478 3619 ad
510 3564 741 3618 Galatas
757 3572 956 3635 agente
985 3568 1055 3620 de
1083 3567 1267 3634 primo
1289 3567 1531 3621 adventu
1555 3580 1659 3620 suo
1699 3567 1890 3620 Hiero-

224 3635 530 3707 solymam.
594 3637 892 3706 Utrimque
917 3636 1348 3707 enimcollegit,
1387 3642 1731 3706 praeceptum
1766 3636 1887 3692 illis

221 3721 342 3761 non
371 3705 568 3773 fuisse,
601 3720 669 3760 ne
716 3705 904 3775 pedem
959 3705 1276 3776 proferrent
1326 3716 1485 3762 extra
1539 3707 1885 3776 Jerusalem;

221 3778 420 3845 sedne
453 3777 737 3832 Ecclesias
755 3776 1064 3832 fundarent
1088 3779 1238 3832 intra
1271 3779 1326 3833 id
1351 3779 1645 3848 temporis,
1671 3780 1740 3832 ab
1766 3779 1891 3833 Hie-

221 3849 641 3917 rosolymitana
689 3863 800 3903 non
848 3850 1246 3918 dependentes.
1308 3850 1367 3904 Id
1417 3850 1569 3903 enim
1598 3851 1886 3918 interpre-

221 3919 469 3974 tandum
515 3922 820 3990 χωρισθῆναι
874 3927 959 3986 τῆς
1007 3920 1351 3990 Ἰερονσαλὴμ.
1407 3921 1476 3974 ab
1534 3921 1883 3975 Hierusalem

217 3992 525 4057 segregari,
555 3993 826 4059 separari,
859 3993 1094 4058 scjungz’,
1142 4005 1241 4046 seu
1289 3991 1524 4046 alteram
1574 3991 1883 4046 Ecclesiam

221 4060 492 4126 fundare,
528 4076 653 4131 qua:
669 4061 740 4115 ab
768 4063 1282 4132 Hierosolymitana
1315 4063 1552 4117 minime
1577 4064 1842 4130 penderet
1869 4079 1884 4126 ς

217 4138 513 4202 quatenus
539 4133 691 4188 intra
715 4133 1015 4187 duodecim
1060 4147 1241 4189 annos
1268 4142 1324 4188 et
1347 4134 1735 4202 apostolorum
1759 4134 1888 4189 col-

217 4203 466 4272 legium,
515 4204 609 4258 cui
662 4205 861 4258 Petrus
915 4211 1168 4272 praeerat,
1232 4211 1500 4274 tanquam
1563 4218 1718 4260 novae
1742 4204 1886 4272 legis

216 4275 561 4344 synedrium
591 4276 774 4343 majus
805 4275 1454 4345 Hierosolymistantum
1478 4277 1716 4343 sederet,
1741 4276 1889 4330 toti-

220 4359 343 4414 que
380 4347 707 4400 Judteorum
733 4347 1089 4402 credentium
1122 4348 1296 4401 coetui
1335 4348 1436 4416 jus
1488 4349 1726 4414 diceret,
1775 4353 1884 4401 etc.

210 4417 588 4471 Constituere
616 4423 804 4472 autem
841 4419 1156 4486 principem
1183 4418 1420 4472 alteram
1448 4419 1758 4474 Ecclesiam
1784 4418 1886 4472 ubi

210 4488 617 4556 apostolorum
661 4489 948 4557 quispiam
1017 4489 1256 4553 sederet,
1305 4489 1424 4543 ﬁeri
1471 4504 1582 4544 non
1646 4495 1884 4558 poterat,

1921 3178 1970 3240 C

2017 511 2338 637 Eusebiaho
2377 512 2653 568 chronico
2704 512 2876 582 paulo
2923 522 3052 568 ante
3102 517 3376 582 producto
3425 511 3666 576 miriﬁce

2017 595 2254 637 congrui
2291 622 2308 637 .

2015 595 2308 652 congruit.

2456 706 2693 746 EJUSDEM
2726 705 2876 746 ΝΟΤᾸΞ
2903 706 3224 749 ΗῙΞΤΟΒΙΕᾸΞ.

2081 797 2251 853 Linea
2280 796 2424 875 l.__-—-
2455 799 2843 875 Autiochenus.
2870 800 3038 875 l_)_eest
3067 801 3147 875 i_n__
3187 802 3446 875 catalogo
3491 807 3665 862 Libe—

2012 869 2218 942 riano_:l
2238 869 2475 942 additur
2505 871 2569 942 in,
2592 871 3043 942 posterioribus.
3059 871 3257 942 Aliqui
3313 869 3514 942 putant
3542 893 3662 934 me-

2011 939 2283 1012 tropolim
2320 941 2626 1012 provinciae
2649 941 2932 1012 Romanae,
2962 941 3068 996 sub
3123 939 3234 1012 qua
3261 939 3498 1002 Galilaea
3525 963 3665 1004 cen-

2010 1011 2261 1077 sebatur,
2282 1010 2844 1081 subrogatamfuisse
2867 1013 3043 1067 natali
3076 1010 3216 1082 solo,
3252 1016 3310 1070 in
3355 1020 3665 1076 tetrarchia

2013 1083 2164 1151 regis
2189 1083 2367 1155 exteri
2395 1082 2878 1155 constituto._Alii
2927 1084 3259 1152 opinantur,
3291 1092 3664 1155 posteriorem

2010 1159 2230 1230 aetatem
2266 1152 2344 1206 ita
2365 1152 2650 1230 appellare
2671 1152 2922 1230 voluisse
2951 1156 3172 1210 Petrum
3214 1152 3664 1230 ex'_episr.0patu

2015 1225 2094 1297 ibi
2134 1238 2231 1292 per
2246 1224 2608 1297 septennium
2623 1224 2688 1277 ad
2701 1224 3060 1297 ministrato;
3091 1240 3216 1281 cum
3233 1224 3541 1297 episcopus
3554 1231 3668 1286 ha-

2013 1294 2215 1350 beatur
2243 1296 2466 1362 primus
2517 1295 2666 1348 inter
2722 1295 2893 1350 cives.
2939 1297 3039 1351 His
3077 1294 3324 1354 attamen
3369 1294 3664 1358 lubentius

2014 1366 2307 1441 p_r:ei'era_m
2328 1367 2560 1441 tertiam
2582 1379 2832 1441 causam,
2854 1381 2885 1421 a
2900 1367 3142 1441 Josepho
3163 1369 3241 1424 ita
3257 1369 3658 1441 colligendam.

2011 1437 2561 1491 Narratludaeorum
2598 1437 2916 1492 historicus
2951 1437 3099 1493 libro
3121 1453 3226 1501 xu,
3257 1455 3378 1508 cap.
3403 1437 3484 1505 ’3,
3513 1444 3662 1498 inter

2012 1515 2244 1562 caateros
2279 1507 2539 1572 honores,
2571 1521 2690 1561 suae
2717 1509 2972 1564 nationis
3025 1507 3359 1566 hominibus
3405 1514 3663 1570 decretos

2013 1579 2342 1648 privilegiis
2370 1578 2796 1633 Seleucidarum
2833 1594 2899 1634 ac
2937 1581 3340 1650 Romanorum,
3372 1589 3659 1640 numerari

2011 1651 2181 1724 etiam
2216 1650 2598 1724 juscivitatis
2627 1650 3012 1724 Antiochenzc,
3047 1653 3125 1706 ita
3153 1653 3237 1708 eis
3259 1655 3562 1724 tributum,
3599 1663 3664 1712 ut

2015 1721 2134 1789 pari
2168 1720 2499 1776 conditione
2529 1734 2656 1774 cum
2683 1721 2898 1775 Graecis
2915 1735 2980 1776 ac
3012 1724 3416 1780 Macedonibus
3441 1727 3519 1780 ibi
3554 1720 3664 1782 de-

2013 1789 2748 1863 gerentPrzeterea“refert
2782 1793 2835 1845 id
2873 1793 3237 1863 privilegium
3269 1802 3379 1850 tam
3412 1805 3604 1852 sancte
3628 1811 3660 1851 a

2015 1861 2284 1916 Romanis
2308 1861 2673 1931 principibus
2694 1861 3106 1918 confirmatum
3149 1863 3329 1920 fuisse
3347 1875 3403 1921 et
3458 1875 3663 1923 custo—

2011 1935 2221 1996 ditum,
2253 1939 2316 1987 ut
2353 1932 2459 1988 sub
2484 1934 2829 2000 Vespasiano
2851 1947 2917 1987 ac
2966 1935 3094 1989 Tito
3149 1936 3546 2001 Alexandrini,
3603 1946 3660 1992 et

2010 2005 2423 2058 Antiochenses
2455 2002 2668 2058 frustra
2695 2005 3035 2059 tentaverint
3067 2006 3120 2059 id
3164 2007 3317 2074 juris
3348 2009 3524 2063 adimi
3552 2010 3661 2064 Ju-

2010 2075 2171 2129 dteis.
2199 2074 2385 2141 Quare
2413 2087 2523 2128 non
2559 2075 2720 2128 modo
2749 2075 2862 2129 vita
2918 2077 3064 2130 Petri
3108 2084 3423 2145 constante,
3465 2093 3658 2135 verum

2009 2147 2181 2200 etiam
2213 2155 2338 2219 post
2363 2145 2617 2219 ejusdem
2647 2146 2982 2219 martyrium
3013 2149 3274 2216 (Josepho
3296 2149 3504 2219 aequali
3535 2151 3662 2219 ejus

2009 2219 2162 2271 aetati
2196 2218 2248 2271 id
2286 2216 2689 2286 perscribente)
2729 2218 3056 2270 Antiocheni
3109 2222 3246 2271 cives
3307 2216 3662 2276 habebantur

2006 2288 2207 2342 Judaai.
2231 2288 2416 2355 Quare
2445 2287 2615 2341 ctiam
2647 2288 2868 2342 Petrum
2933 2289 3253 2356 apostolum
3290 2291 3520 2345 natione
3555 2293 3665 2346 Ju—

2006 2359 2192 2431 daeum
2216 2371 2282 2431 ex
2309 2359 2438 2431 vico
2486 2357 2789 2431 Bethsaida
2840 2360 3262 2415 Antiochenum
3317 2362 3496 2416 civem
3519 2363 3659 2431 dici,

2004 2437 2060 2484 et
2092 2429 2286 2484 haberi
2319 2429 2542 2498 optimo
2565 2429 2696 2501 jure
2720 2442 2883 2497 posse
2911 2444 2976 2501 ac
3013 2431 3217 2486 debere
3274 2445 3435 2488 nemo
3487 2429 3666 2501 nega-4

2004 2501 2166 2554 verit.
2207 2501 2379 2554 Verba
2401 2500 2629 2568 .Iosephi
2662 2507 2797 2554 sunt
2852 2500 3169 2556 referenda.
3225 2501 3470 2571 Caput2
3527 2500 3662 2559 libri

2002 2584 2112 2634 χιι,
2148 2572 2226 2625 ita
2249 2571 2494 2626 claudit:
2528 2591 2552 2620 α
2590 2571 2712 2624 Haec
2738 2577 2874 2626 sunt
2901 2573 2958 2625 in
3006 2573 3330 2628 Judaaorum
3391 2575 3660 2631 honorem

2003 2655 2035 2696 a
2069 2642 2441 2710 Philadelpho
2471 2641 2748 2714 exhibita.
2788 2662 2812 2690 ι)
2841 2644 2982 2697 Tum
3034 2644 3266 2699 inchoat
3305 2653 3478 2714 caput
3507 2645 3542 2700 3
3571 2647 3662 2700 his

2004 2727 2131 2782 qua:
2171 2718 2531 2783 sequuntur:
2570 2713 2721 2785 «Sed
2751 2713 2896 2785 etab
2935 2715 3084 2769 Asia:
3111 2715 3345 2785 regibus
3393 2716 3658 2772 honorati

2006 2789 2142 2838 sunt
2177 2791 2402 2852 propter
2425 2788 2683 2837 navatam
2709 2784 2767 2836 in
2800 2784 3011 2839 militia
3058 2784 3259 2841 bonam
3320 2799 3386 2841 ac
3436 2787 3655 2843 fidelem

2005 2857 2535 2924 operam.Namque
2565 2854 2835 2909 Seleucus
2888 2865 3262 2925 cognomento
3319 2859 3569 2914 Nicanor
3597 2860 3655 2913 in

2002 2926 2305 2998 conditisa
2333 2939 2402 2998 se
2425 2938 2521 2992 per
2553 2925 2736 2979 Asiam
2759 2932 2814 2979 et
2844 2926 3171 2981 inferiorem
3215 2929 3434 2998 Syriam
3490 2929 3658 2984 urbi-

2003 2996 2111 3051 bus
2135 2999 2191 3050 in
2215 3000 2334 3064 ipsa
2367 2997 2601 3062 denique
2631 2999 2915 3063 metropoli
2961 2996 3264 3052 Antiochia
3287 2999 3386 3065 jus
3421 3003 3658 3054 civitatis

2001 3070 2076 3120 eis
2125 3068 2294 3127 dedit,
2348 3066 2647 3134 voluitque
2680 3069 2912 3134 puriibi
2968 3083 3094 3123 eum
3141 3070 3546 3125 Macedonibus
3591 3085 3658 3125 ac

2001 3140 2217 3193 Graecis
2241 3138 2546 3190 conditione
2569 3137 2772 3204 degere
2798 3156 2810 3191 :
2845 3154 2950 3205 quo
2970 3140 3101 3206 jure
3142 3156 3286 3193 nunc
3327 3156 3536 3208 quoque
3563 3157 3656 3193 m—

2001 3215 2137 3262 vunt
2160 3210 2312 3262 inter
2336 3221 2433 3261 eos
2462 3208 2740 3278 homines.
2782 3209 3132 3277 Argumenta
3153 3217 3257 3270 est,
3286 3211 3420 3278 quia
3443 3212 3656 3266 Judteis

2004 3287 2238 3334 externo
2264 3278 2386 3333 oleo
2415 3277 2749 3349 nolentibus
2773 3281 2880 3344 uti,
2904 3288 3056 3334 certa
3114 3277 3354 3348 pecunia
3397 3295 3497 3349 pro
3527 3295 3592 3336 eo
3622 3295 3655 3336 a

2005 3347 2462 3420 gymnasiarchis
2494 3348 2796 3416 penditur:
2829 3363 2994 3418 quem
3036 3347 3244 3404 merem
3277 3347 3410 3405 cum
3437 3353 3654 3406 Antio--

2003 3419 2236 3502 chensis
2253 3419 2509 3502 populus
2539 3419 2983 3502 proximobello
2998 3421 3272 3502 abrogare
3296 3421 3486 3502 vellet,
3541 3436 3653 3478 non

2005 3493 2270 3560 permisit
2317 3490 2637 3548 Mucianus.
2668 3491 2766 3558 qui
2799 3498 2918 3545 tum
2951 3492 3126 3561 Syria:
3155 3490 3486 3561 provincia“
3502 3509 3654 3562 prae—-

2003 3570 2143 3618 erat.
2176 3563 2390 3617 Deinde
2421 3563 2738 3628 imperante
2760 3564 3120 3630 Vespasiano.
3142 3564 3340 3617 etTito
3357 3564 3482 3632 ejus
3511 3565 3651 3628 filio,

2001 3633 2375 3688 Alexandrini
2403 3637 2458 3686 et
2488 3633 2900 3688 Antiochenses
2945 3641 3206 3703 rogantes
3232 3635 3410 3688 adimi
3438 3636 3652 3690 Judaais

1990 3706 2090 3774 jus
2109 3708 2330 3765 civium,
2366 3703 2670 3774 impetrare
2698 3705 2753 3758 id
2781 3716 2891 3758 non
2952 3711 3289 3772 potuerunt:
3350 3704 3652 3761 manifesto

2001 3779 2387 3830 Romanorum
2421 3773 2719 3841 aequitatis
2747 3780 2802 3829 et
2854 3774 3346 3844 magnanimitatis
3403 3775 3648 3832 indicio.

2001 3849 2094 3902 sed
2129 3847 2413 3916 przecipue
2447 3844 2699 3911 ipsorum
2733 3845 3058 3914 principum
3089 3845 3188 3916 qui
3237 3859 3365 3900 cum
3397 3859 3462 3902 eo
3504 3847 3653 3902 bello

2003 3914 2215 3973 multos
2241 3917 2464 3971 labores
2498 3917 2890 3983 pertulissent.
2913 3924 2968 3971 et
3011 3914 3222 3971 infensi
3281 3924 3472 3972 essent
3523 3933 3655 3985 per-

2003 3991 2276 4044 tinaciter
2301 3985 2735 4057 rebellantibus,
2763 3987 2910 4042 nihil
2934 3994 3117 4042 tamen
3145 3987 3215 4042 de
3240 3988 3370 4056 jure
3395 3989 3651 4057 ipsorum

2003 4063 2363 4116 diminutum
2390 4055 2732 4128 voluerunt:
2771 4059 2944 4127 idque
2967 4072 3067 4114 nec
3100 4060 3198 4113 ira:
3237 4055 3504 4128 propriae,
3553 4073 3651 4115 nec

1997 4131 2226 4187 duobus
2259 4127 2488 4200 populis
2508 4136 2706 4200 contra
2733 4143 2829 4184 eos
2855 4129 3028 4185 licere
3053 4131 3207 4199 passi
3240 4127 3408 4198 ’sunt,
3469 4127 3656 4200 majo-

2001 4216 2116 4257 rem
2143 4199 2422 4258 ratiOnem
2452 4199 2722 4272 habentes
2744 4207 2996 4256 veterum
3050 4202 3238 4272 gentis
3292 4199 3650 4262 meritorum.

2001 4288 2171 4344 quam
2200 4270 2498 4343 praesentis
2529 4271 2885 4344 offensionis,
2933 4278 3034 4327 aut
3058 4270 3293 4343 gratiae,
3350 4286 3520 4342 quam
3546 4273 3652 4328 hoc

2000 4345 2149 4400 facto
2169 4347 2320 4414 apud
2354 4345 2456 4398 hos
2478 4344 2720 4410 populos
2745 4343 2893 4398 inire
2926 4351 3215 4413 poterant:
3250 4343 3508 4399 dicentes
3533 4357 3649 4412 eos,

2003 4417 2104 4484 qui
2138 4425 2335 4471 contra
2363 4414 2812 4484 remitomanam
2844 4427 3000 4469 arma
3025 4415 3295 4478 tulerant,
3345 4416 3489 4470 satis
3510 4430 3656 4483 sup—

2007 4482 2312 4555 pliciorum
2341 4482 2684 4541 exsolvisse:
2715 4499 2812 4540 eos
2835 4499 2984 4553 vero,
3015 4487 3114 4554 qui
3138 4485 3285 4538 nihil
3304 4482 3649 4553 peccassent,

210 4555 370 4629 quin
399 4567 452 4613 et
479 4559 622 4614 alibi
645 4555 950 4627 apostolici
977 4561 1204 4629 collegii
1235 4561 1573 4628 jurisdictio
1605 4555 1889 4630 pienissi-é
1921 4557 1971 4616 D
2003 4573 2115 4614 non
2137 4573 2259 4613 esse
2279 4555 3580 4630 :equuuispoliarisuisprivilegiisetjurihus.
3623 4575 3648 4603 υ

213 4644 314 4684 me
333 4637 714 4696 exerceretur,
734 4638 788 4686 et
806 4632 946 4700 quin
971 4633 1089 4686 sola
1106 4633 1395 4686 desineret
1423 4645 1544 4688 esse
1568 4632 1883 4701 Hierosoly-

216 4701 444 4756 mitana
483 4701 754 4772 Ecclesia,
790 4717 916 4772 qua:
942 4703 1166 4757 caeteris
1194 4709 1457 4771 praeesset
1480 4721 1494 4770 ς
1517 4704 1666 4773 quod
1695 4720 1887 4773 segre—

207 4775 371 4840 gari,
401 4773 1014 4841 sejungi,separarique
1067 4773 1138 4827 ab
1177 4773 1531 4828 Hierusalem
1592 4782 1733 4843 erat,
1783 4775 1882 4830 ubi

215 4859 332 4914 pro
383 4844 707 4900 Judteorum
764 4857 918 4899 more
963 4843 1403 4899 .Iurisdictionis
1454 4845 1771 4913 plenitudo,
1829 4853 1884 4900 et

205 4929 390 4984 apex.
420 4916 573 4970 Licet
603 4916 785 4985 igitur
833 4915 1160 4970 cathedram
1201 4915 1581 4984 episcopalem
1630 4917 1886 4971 dedisset

202 4987 526 5055 apostolus
554 4989 751 5040 Petrus
777 4986 1154 5041 Antiochenis
1177 4987 1245 5042 ad
1288 4987 1452 5041 fidem
1505 4987 1723 5041 Christi
1756 5001 1882 5042 con-

203 5058 412 5112 versis
432 5063 564 5111 ante
594 5058 931 5113 sexennium
959 5057 1303 5126 completum
1328 5071 1360 5112 a
1384 5058 1602 5113 Christi
1652 5059 1882 5113 Domini

206 5129 616 5196 Ascensione;
647 5129 838 5196 potuit
893 5129 1281 5184 nihilominus
1324 5129 1489 5184 illius
1519 5130 1886 5199 episcopatus

198 5199 696 5273 jurisdictionem
731 5205 808 5273 Aet
853 5199 1078 5273 limites
1132 5201 1390 5273 nondum
1425 5203 1746 5273 designare,
1787 5202 1884 5255 sed

205 5283 515 5325 reservare
580 5271 648 5343 ad
713 5271 1174 5343 duodecennium
1239 5271 1590 5338 absolutum,
1657 5273 1886 5343 quando

213 5344 468 5396 Romam
495 5340 782 5410 profectus
799 5355 950 5397 anno
981 5338 1049 5397 40
1074 5343 1236 5410 juxta
1262 5351 1514 5400 nostram
1544 5338 1884 5400 sententiam

203 5413 277 5467 in
315 5414 570 5466 liomana
595 5413 726 5467 sede
778 5413 1195 5482 plenitudinem
1223 5415 1530 5482 pastoralis
1551 5414 1723 5470 oﬂicii
1746 5429 1890 5470 con—

197 5484 776 5551 tulit,etprimatttm
801 5485 1282 5553 superuniversas
1311 5486 1627 5540 Ecclesias:
1657 5487 1886 5541 eodem—

200 5569 336 5624 que
368 5568 540 5620 anno,
573 5555 654 5609 vel
689 5556 946 5624 proxime
980 5557 1238 5610 insecuto
1282 5556 1470 5624 potuit
1520 5557 1884 5612 Antiochenze

196 5626 381 5680 sedis
408 5625 850 5693 amplitudinem
879 5627 1136 5682 Orientis
1161 5626 1542 5681 attributione
1589 5628 1799 5695 metiri,
1833 5635 1888 5684 et

195 5697 630 5752 Alexandrinae
663 5699 1065 5752 auctoritatem
1116 5699 1469 5753 constituere
1502 5711 1675 5766 supra
1710 5700 1890 5754 meri-

190 5768 488 5840 dionales
522 5769 866 5840 provincias,
899 5783 930 5824 a
953 5769 1285 5840 quindecim
1310 5769 1707 5826 Orientalibus
1737 5784 1896 5839 sepao

193 5847 398 5910 ratas,
436 5839 496 5895 in
530 5839 690 5896 illam
721 5841 1020 5911 Evodium,
1053 5841 1111 5896 in
1145 5841 1290 5898 hanc
1337 5843 1589 5901 Marcum
1610 5841 1884 5912 ablegans

2072 4632 2243 4684 Linea
2275 4629 2328 4684 3.
2360 4658 2432 4668 —
2489 4629 2772 4692 Ingressus
2806 4626 2991 4678 urbem
3040 4628 3260 4680 Romam
3291 4627 3392 4678 sub
3443 4627 3652 4681 Νονοηε

2000 4702 2225 4756 Caesare.
2259 4701 2429 4754 Initio
2460 4697 2685 4755 scilicet
2710 4697 3074 4764 principatus
3105 4696 3352 4761 Claudii,
3408 4696 3650 4750 Neronis

1997 4774 2168 4828 Drusi
2203 4771 2332 4828 filii.
2357 4770 2524 4838 cujus
2547 4769 2717 4837 stirpi
2738 4775 2851 4822 tam
2872 4766 3160 4822 familiare
3186 4766 3652 4839 fuitcognomen-

1998 4850 2116 4900 tum
2141 4837 2437 4901 Neronum,
2464 4839 2672 4897 Sabina
2705 4840 2900 4908 lingua
2935 4840 3132 4908 fortem
3171 4837 3523 4908 signiﬁcans,
3558 4843 3648 4891 te—

1999 4916 2188 4971 stibus
2207 4915 2484 4969 Suetonio
2511 4906 2817 4975 etGellioi
2845 4917 2906 4965 ut
2935 4909 3039 4963 Od.
3065 4906 3142 4976 4.,
3179 4907 3282 4962 lib.
3342 4923 3416 4978 ιν,
3463 4909 3649 4962 Hora-

1999 4987 2119 5040 tius
2149 4987 2240 5040 bis
2273 4990 2431 5040 vocet
2453 4987 2694 5040 Nerones
2719 4981 2845 5048 ejus
2878 4986 3115 5049 agnatos
3141 4998 3152 5033 :
3179 4986 3236 5034 et
3257 4979 3416 5034 ﬁlius
3447 4979 3644 5033 Domi-

1999 5059 2119 5112 tius
2144 5057 2363 5112 ascitus
2387 5057 2447 5110 in
2467 5054 2692 5126 geniem
2709 5052 3006 5126 Claudiam
3021 5052 3177 5126 Nero
3195 5051 3274 5126 sit
3303 5049 3646 5126 appellatus.

2003 5135 2171 5197 prout
2196 5129 2288 5182 hic
2311 5120 2496 5181 etianf
2519 5125 2854 5197 nominatur
2884 5123 2986 5176 lin.
3016 5120 3070 5197 8,
3095 5121 3179 5176 vel
3207 5122 3256 5176 si
3283 5121 3368 5197 de_
3399 5120 3648 5197 Domitio

2000 5193 2218 5254 Nerone
2249 5197 2546 5265 intelligit,
2585 5193 2956 5265 posteriorem
3000 5193 3307 5248 adventum
3340 5193 3488 5246 Petri
3515 5205 3644 5247 cum

2001 5239 2193 5347 pri-ore
2215 5239 2546 5347 confundit:
2585 5239 2622 5347 r_
3109 5335 3122 5347 ‘
3225 5336 3264 5347 ﬂ

2070 5344 2148 5397 De
2169 5341 2519 5396 testimoniis
2541 5344 2815 5398 veterum,
2873 5333 3382 5406 comprobantibus
3428 5334 3636 5406 adven-

2002 5421 2122 5469 tum
2162 5411 2546 5480 apostolorum
2575 5407 2860 5480 principis
2889 5407 2949 5462 in
2996 5407 3197 5480 Urbem
3231 5420 3363 5480 atrae
3391 5405 3647 5480 vulgaris

2002 5477 2220 5539 Christi
2244 5495 2394 5536 anno
2413 5478 2498 5546 40,
2519 5477 2662 5535 satis
2677 5479 2903 5549 egimus
2924 5480 2980 5533 in
3015 5479 3164 5533 notis
3195 5477 3640 5547 chronologicis.

1993 5556 2254 5621 Occasio,
2289 5559 2344 5607 et
2371 5554 2517 5607 ratio
2547 5553 2800 5616 itineris,
2833 5557 3004 5619 atque
3056 5550 3372 5618 hospitium
3400 5549 3645 5621 apostoli

2000 5635 2061 5688 in
2095 5619 2249 5681 Urbe
2266 5625 2531 5679 videntur
2574 5624 2668 5678 hic
2714 5621 3068 5692 attingenda.
3111 5621 3306 5691 Neque
3338 5621 3396 5675 in
3444 5619 3645 5692 Urbem

2009 5699 2195 5765 modo,
2256 5696 2352 5751 sed
2402 5703 2458 5752 et
2491 5696 2548 5750 in
2607 5691 2942 5750 remotiores
2991 5691 3320 5748 Occidentis
3385 5691 3647 5765 regiones

2007 5763 2492 5846 (quandoquidem
2521 5767 3006 5846 apudl‘Britannos
3041 5777 3271 5846 quoque
3321 5763 3647 5846 excurrisse

2008 5833 2239 5905 Petrum
2269 5833 2455 5909 aliqui
2477 5833 2698 5909 putant)
2716 5850 2788 5893 an
2819 5833 3194 5907 pervenerit,‘
3219 5833 3488 5894 nonnihil
3532 5833 3646 5888 erit
