3994 6172
311 222 455 282 4027

1543 229 1905 287 ANASTASII
1941 231 2482 290 BIBLIOTHECARII

3580 238 3719 296 4028

304 350 802 446 (ἓῗΨΞδιθηδΞἪΒὲ.
813 356 1069 446 fit???)
1070 365 1449 446 9?.‘331’2'33951
1457 352 1945 446 “aEP'EEE'PEEEi'

2111 387 2195 429 um
2226 375 2534 431 militarem
2566 377 2627 431 in
2657 375 2773 430 alia
2799 374 3023 446 legione
3069 376 3458 431 occidentales
3501 382 3724 431 tractus

300 422 461 477 Anno
488 418 555 478 ιο
580 424 905 478 communis
931 437 1056 478 terte
1105 425 1465 486 Christianaa.
1518 425 1619 494 qui
1669 425 1951 480 duodeci—

302 504 430 547 mus
460 499 635 547 erata
656 494 923 553 Passione
940 494 1194 557 Domini,
1216 498 1439 551 Petrum
1462 497 1690 551 Romam
1707 496 1950 552 venisse.

304 569 555 618 veterum
608 565 943 619 testimonio
1000 565 1249 633 probavi.
1304 568 1543 621 Occasio
1600 567 1650 621 si
1712 580 1953 635 usquam

303 641 585 758 prompta,
619 635 723 690 hoc
769 642 920 716 certe
944 648 1093 690 anno
1119 637 1368 718 .ctelitus
1420 637 1610 692 oblata
1656 643 1711 692 et
1762 643 1954 718 parata

329 711 435 758 uit.
462 709 696 758 Constat
723 719 875 758 enim
897 719 967 758 ex
1006 706 1248 758 Actibus
1293 709 1702 758 apostolorum.
1757 709 1954 758 divina

329 705 435 776 uit.
462 708 696 760 Constat
723 706 875 760 enim
897 719 967 759 ex
1006 706 1248 762 Actibus
1293 709 1702 776 apostolorum,
1757 705 1955 762 divina

303 775 532 848 visione
563 777 960 845 praemonitum
1014 778 1264 847 Petrum,
1308 775 1372 833 ut
1420 785 1614 848 gentes
1658 779 1951 846 reciperet,

302 846 654 902 inchoassea
710 848 973 902 Cornelio
1015 846 1364 903 CenturiOne
1413 846 1671 905 cohortis
1718 849 1953 917 ltalicte,

307 917 826 1001 uniusscinlicetex
854 924 1104 1001 quatuor
1134 919 1484 1001 legionibus,
1512 934 1641 1001 quae
1669 927 1956 1001 tum-tem-

304 989 461 1055 poris
492 989 549 1043 in
580 989 741 1057 Syria
766 990 1259 1045 erantcollocataa.
1305 992 1381 1044 Ex
1423 989 1638 1059 Tacito,
1664 1004 1730 1046 ac
1778 992 1956 1045 Dione

302 1059 525 1132 easdem
556 1065 817 1132 numerat.
877 1061 1192 1116 Panvinius
1238 1068 1451 1123 noster,
1504 1061 1783 1132 legionem
1839 1076 1950 1115 tm.

297 1128 644 1202 Scythicam,
678 1130 956 1202 legionem
981 1145 1051 1184 vt.
1088 1132 1416 1199 Victricem,
1442 1128 1720 1202 legionem
1751 1146 1804 1188 χ.
1834 1134 1953 1187 Ge—

300 1199 532 1272 minam,
565 1201 740 1263 Piam,
771 1201 1042 1265 Fidelem.
1089 1210 1144 1257 et
1192 1202 1469 1272 legionem
1501 1199 1613 1256 'xn.
1652 1202 1952 1258 Fulmina-

298 1269 519 1342 t_ricem.
544 1272 845 1342 Legionem
878 1285 951 1342 vt,
983 1285 1154 1342 prope
1173 1269 1503 1328 Laodiceam
1529 1275 1589 1328 in
1649 1274 1813 1342 Syria
1843 1273 1951 1328 sub

299 1340 536 1409 Tiberio
569 1341 808 1396 hiberna
841 1340 1112 1398 habuisse
1141 1344 1376 1399 Tacitus
1402 1343 1573 1400 refert
1616 1340 1818 1398 Annal.
1883 1357 1946 1409 tt,

297 1422 354 1464 n.
387 1407 478 1477 79,
506 1417 721 1466 sextam
746 1412 1012 1467 ferratam
1042 1414 1099 1468 in
1129 1415 1320 1469 Judtea
1350 1415 1520 1469 sitam
1556 1416 1662 1468 Dio
1692 1407 1951 1469 nominat

297 1481 408 1537 lib.
446 1495 533 1553 Lv,
555 1489 612 1536 et
643 1483 701 1536 in
733 1484 1007 1552 Hispania
1025 1483 1259 1539 Galbam
1309 1486 1705 1553 imperatorem
1738 1485 1948 1539 Panvi-

300 1553 434 1607 nius
459 1551 782 1625 observavit
807 1551 1094 1625 abieadem
1119 1556 1344 1620 legione
1384 1551 1657 1625 creatum.
1717 1557 1944 1625 Baptis—

300 1636 453 1695 mum
509 1624 762 1678 Cornelii
812 1623 1069 1680 referunt
1143 1630 1339 1681 omnes
1383 1624 1558 1681 ferme
1603 1623 1940 1695 chronologi

296 1693 381 1747 vel
446 1677 759 1762 maturius,
814 1677 1940 1751 ver*a;i*"anaa‘a"ocms;n“scissa
1973 1677 2020 1737 Β

297 1764 597 1836 Passione,
632 1767 732 1834 qui
756 1763 936 1821 fuerit
967 1767 1223 1836 vulgaris
1276 1781 1400 1822 tene
1425 1766 1515 1833 36,
1566 1782 1679 1836 quo
1714 1768 1939 1823 scilicet

294 1834 466 1890 Caius
515 1835 747 1891 Tiberio
817 1834 1098 1892 successit
1156 1840 1381 1892 Procqu
1429 1844 1480 1892 et
1526 1834 1754 1905 Nigrino
1801 1854 1933 1893 coss.

291 1905 483 1961 Tertio
510 1905 685 1973 hujus
710 1907 938 1977 imperii
963 1921 1114 1963 anno
1134 1928 1159 1961 α
1183 1910 1571 1977 expeditionis
1588 1911 1939 1964 Germanica:

296 1977 543 2045 impetus
566 1979 766 2048 Caium
794 1979 1050 2048 cepit(ut
1082 1981 1139 2034 in
1167 1982 1293 2048 ejus
1338 1982 1464 2034 Vita
1504 1982 1680 2036 tradit
1730 1982 1940 2035 Sueto-

293 2048 430 2121 nius
457 2046 697 2121 θυμω)
729 2063 910 2119 neque
934 2046 1308 2120 distulit,'sed
1344 2050 1690 2121 legionibus,
1723 2059 1779 2106 et
1828 2066 1941 2106 au-

291 2118 459 2190 xiliis
482 2120 593 2174 und
606 2120 738 2188 ique
753 2118 980 2175 excitis.
1000 2118 1321 2177 delectibus
1341 2118 1555 2190 ubique
1571 2118 1941 2177 acerbissime

291 2189 457 2255 actis,
480 2196 775 2245 contracto
798 2198 855 2263 et
885 2193 1074 2246 omnis
1123 2194 1348 2263 generis
1378 2189 1696 2248 commeatu
1752 2207 1943 2262 quan—

298 2264 417 2334 tum
451 2272 744 2334 nunquam
770 2262 937 2334 alias,
969 2265 1078 2317 iter
1101 2262 1406 2334 aggressus
1443 2271 1548 2318 est.
1586 2284 1610 2312 υ
1645 2264 1943 2331 Expeditio

296 2330 414 2403 inec
432 2331 625 2403 subita
636 2345 757 2399 nea,
779 2333 847 2386 ad
867 2347 1038 2402 quam
1058 2330 1287 2401 legiones
1302 2335 1543 2403 undique
1554 2330 1745 2388 accivit
1759 2336 1826 2388 Cn
1836 2337 1943 2395 ius,

298 2400 354 2473 in
383 2402 737 2457 Britanniam
757 2400 1140 2473 dirigebatur,
1165 2407 1315 2462 unde
1329 2400 1664 2461 Adminium
1688 2405 1949 2460 Cinobel-

297 2470 406 2545 lini
444 2473 843 2527 Britannorum
876 2470 1028 2545 regis
1054 2470 1237 2530 tilium
1265 2490 1295 2530 a
1339 2484 1494 2545 patre
1522 2478 1750 2545 pulsum
1777 2478 1834 2529 in
1860 2478 1953 2531 de-

295 2543 579 2616 ditionem
616 2543 1951 2616 recepit;litietadlegendaconchiliaitt0ceani

303 2612 502 2668 littore
529 2627 589 2668 se
617 2617 982 2669 converterit.
1011 2612 1301 2671 Promovit
1325 2623 1571 2672 attamen
1609 2617 1713 2671 hoc
1740 2618 1953 2672 bellum

295 2683 589 2739 Claudius
609 2685 839 2758 imperii
859 2687 1074 2758 initio:
1102 2700 1133 2740 a
1156 2702 1270 2756 quo
1291 2689 1464 2742 etiam
1498 2688 1752 2758 legiones
1775 2695 1894 2742 tum
1914 2702 1952 2742 ιι

296 2762 354 2828 et
382 2768 473 2828 xix,
500 2768 569 2828 ex
601 2756 928 2828 Germania,
956 2764 1076 2811 tum
1111 2770 1197 2811 tut
1250 2765 1307 2812 et
1354 2772 1411 2812 v1
1465 2772 1530 2813 ac
1560 2756 1621 2813 ’χ
1669 2772 1737 2813 ex
1791 2760 1955 2828 Syria

302 2825 359 2897 in
384 2826 777 2893 Occidentem,
801 2826 1015 2897 aliqua:
1034 2829 1206 2882 etiam
1238 2829 1295 2883 in
1346 2829 1702 2883 Britanniam
1758 2825 1955 2884 trans—

295 2895 437 2970 latae
466 2895 1032 2970 leguntur,quai-um
1059 2899 1955 2970 nummialiquot,etinscriptio-

2065 445 2293 517 imperii
2320 453 2534 514 tuente,
2567 454 2632 502 ut
2656 460 2804 516 saepe
2831 445 3039 513 evenit,
3071 454 3127 501 et
3151 448 3211 502 in
3231 448 3500 517 antiquis
3520 448 3731 502 inseri.

2069 516 2372 585 ptionibus
2396 519 2733 574 observatur
2756 536 2771 587 ;
2794 518 3006 573 ostium
3042 532 3309 587 magnum
3354 517 3735 587 aperiebatur

2068 588 2459 658 apostolorum
2491 590 2765 658 principi,
2793 596 2850 643 et
2876 595 3070 658 parata
3102 589 3356 644 facilitas
3382 604 3515 644 cum
3568 589 3733 643 ﬁdeli

2063 657 2413 715 Centurione
2436 657 2498 714 in
2526 657 2744 715 Italiam
2779 657 3109 731 navigandi,
3138 667 3196 714 et
3228 662 3380 729 apud
3434 660 3631 729 ipsius
3660 674 3739 713 a-

2065 735 2267 852 lginatos
2297 743 2327 785 e
2379 731 2641 787 Cornelia
2704 739 2889 801 gente,
2934 730 3039 785 vel
3093 732 3312 787 amicos
3357 731 3734 799 hospitandi.

2111 812 2188 852 mc
2215 815 2420 852 rursus
2445 804 2585 852 mire
2640 804 2932 852 coicerent
2976 815 3106 852 cum
3178 803 3423 852 antioua
3486 802 3734 852 notione

2111 812 2188 853 asc
2215 815 2420 857 rursus
2445 804 2585 857 mire
2640 804 2932 857 coicerent
2976 815 3106 857 cum
3178 803 3424 857 antiaua
3486 802 3739 857 notione

2067 869 2307 938 hospitii
2333 873 2721 942 apostolorum
2759 874 2815 927 in
2848 872 2995 927 Urbe
3036 873 3189 941 apud
3230 869 3546 939 Pudentem,
3578 875 3742 926 circa

2065 942 2246 1013 uicum
2275 944 2662 1011 Corneliorum,
2692 944 2842 1013 quod
2882 957 2988 998 suo
3021 943 3143 998 loco
3166 944 3386 999 dicturi
3423 958 3637 999 sumus
3672 943 3738 996 in

2067 1012 2197 1065 Pio:
2231 1021 2501 1070 utvetera
2544 1012 3063 1069 monu’mentainS.
3129 1015 3500 1069 Pudentiana:
3548 1014 3744 1069 titulo

2062 1093 2349 1140 asservata
2375 1087 2749 1140 confirmant:
2789 1086 2942 1140 inter
2962 1100 3089 1155 qua:
3143 1086 3454 1156 inscriptio
3494 1085 3746 1139 Puden—

2063 1156 2345 1228 tiunett‘se
2376 1164 2541 1228 gente
2596 1158 2868 1217 Cornelia,
2920 1170 2953 1210 a
3005 1164 3315 1225 martyrum
3369 1157 3743 1228 cmmeteriis

2063 1226 2155 1279 via
2183 1226 2365 1297 Appia
2386 1226 2543 1283 inter
2575 1228 2823 1296 primum
2882 1234 2938 1281 et
2968 1229 3281 1282 secundum
3314 1228 3587 1297 lapidem,
3629 1226 3747 1280 ubi

2063 1299 2392 1362 sepulcrum
2475 1299 2873 1354 Corneliorum
2926 1297 3110 1352 fuisse
3155 1305 3380 1354 constat
3412 1312 3481 1354 ex
3535 1299 3742 1353 Cicer.

2060 1368 2229 1423 Tusc.
2276 1384 2313 1434 ι,
2342 1377 2480 1425 sect.
2508 1368 2593 1437 42,
2625 1370 2683 1423 in
2707 1371 2959 1424 eamdem
2992 1369 3292 1424 ecclesiam
3326 1369 3640 1433 translata,
3679 1376 3746 1423 et

2060 1439 2153 1511 his
2172 1441 2362 1495 verbis
2380 1442 2609 1510 signata
2632 1441 2867 1505 visitur,
2899 1453 3113 1495 necnon
3144 1440 3326 1511 ﬁgura
3352 1440 3577 1494 stolatae
3604 1455 3745 1493 mu-

2057 1510 2243 1571 lieris.
2270 1513 2552 1567 nobilium
2580 1525 2733 1567 more
2754 1512 3053 1582 phrygiato
3076 1510 3257 1567 limbo
3272 1511 3746 1582 amplitudinem

2057 1585 2283 1654 generis
2313 1584 2621 1639 indicante.

2492 1723 2693 1779 CORN.
2748 1724 3257 1779 PUDENTIANETI

2490 1813 2827 1882 BENEM.Q.
2864 1813 3073 1867 VIXIT.
3109 1813 3224 1867 AN.
3259 1812 3451 1867 XLVII

2490 1905 2553 1958 D.
2600 1904 2640 1958 Ι.
2691 1904 2823 1957 VAL.
2878 1901 3262 1957 PETRONIUS
3310 1901 3450 1956 ΜΑΤ

2649 1991 2845 2046 UULG.
2900 1992 2970 2045 IN
3008 1992 3178 2046 PACE

2053 2117 2460 2186 Expeditiones
2479 2129 2611 2170 vero
2630 2115 2881 2170 Claudii.
2903 2129 2967 2169 ac
2992 2114 3237 2169 Neronis
3259 2114 3314 2168 in
3343 2114 3747 2172 Britanniam

2056 2190 2269 2258 quibus
2290 2186 2549 2241 etfectum
2575 2193 2681 2255 est,
2712 2193 2774 2258 ut
2802 2187 3007 2241 eaedem
3040 2186 3313 2258 legiones,
3338 2201 3460 2255 quze
3497 2189 3743 2244 milita-

2056 2256 2257 2313 verant
2291 2260 2345 2312 in
2369 2259 2554 2327 Syria,
2580 2256 3033 2312 transferrentur
3064 2257 3124 2310 in
3146 2258 3521 2329 Britanniam,
3552 2274 3749 2329 teque

2060 2330 2281 2385 facilem
2315 2343 2605 2383 accessum
2630 2329 2921 2397 Evangelii
2969 2328 3325 2397 praeconibus
3357 2330 3412 2381 in
3451 2328 3747 2385 eamdem

2063 2402 2309 2456 insulam
2333 2401 2684 2467 aperiebant,
2741 2414 2869 2454 cum
2917 2399 3090 2454 semel
3150 2400 3418 2467 perducto
3447 2399 3520 2453 ad
3551 2400 3750 2456 fidem

2060 2473 2278 2527 Christi
2303 2472 2669 2532 Centurione,
2700 2471 2785 2525 vel
2835 2471 3034 2540 aliquo
3060 2483 3128 2525 ex
3157 2468 3438 2541 militibus
3465 2470 3754 2541 legiona.

2069 2544 2176 2597 riis
2210 2542 2625 2612 prtestantiore,
2659 2542 2782 2596 sive
2835 2543 3006 2596 etiam
3050 2540 3117 2595 ad
3168 2540 3407 2595 alterius
3464 2540 3753 2611 legionis

2069 2615 2315 2669 honores
2332 2613 2615 2684 gradatim
2648 2619 2924 2684 promoto,
2951 2612 3038 2667 vel
3065 2613 3351 2665 honestam
3380 2613 3748 2668 missionem

2063 2683 2372 2740 consecuto
2397 2690 2524 2752 post
2542 2683 2799 2751 legitima
2819 2683 3130 2751 stipendia,
3160 2686 3649 2751 posseteXpedite
3684 2702 3752 2741 se

2064 2758 2328 2811 comitem
2363 2755 2452 2809 illi
2486 2755 2759 2825 daretum
2782 2758 3000 2819 Petrus,
3030 2760 3148 2809 tum
3180 2754 3444 2823 quisquis
3478 2755 3553 2809 ad
3581 2768 3750 2825 apo-

2064 2828 2333 2882 stolicum
2355 2839 2563 2880 munus
2587 2824 2906 2881 inferendis
2926 2825 3070 2880 illuc
3101 2825 3459 2896 Evangelium
3487 2825 3755 2893 delige—

2064 2898 2256 2953 batur.
2288 2900 2371 2952 An
2405 2897 2611 2953 cohors
2640 2896 3107 2952 ltalicaCornelii
3129 2895 3381 2951 cumsua
3405 2895 3653 2966 legione
3683 2900 3748 2954 in

295 2912 426 2950 lalie
466 2912 516 2951 te
562 2912 759 2962 untur,
786 2912 1032 2967 quarum
1059 2912 1955 2970 nummtanquot,etinscriptio-
2064 2912 2256 2953 batur.
2288 2912 2371 2952 an
2405 2912 2611 2953 conors
2640 2912 3107 2952 italicauorneut
3129 2912 3257 2951 cum
3281 2912 3381 2951 sua
3405 2912 3653 2966 legione
3683 2915 3748 2954 in

294 2979 394 3022 nes
426 2912 816 3040 ingritannia
878 2978 1115 3039 reperta:
1161 2969 1272 3040 legi
1326 2976 1567 3038 possunt
1604 2974 1753 3040 apud
1798 2972 1952 3026 'l‘ho-
1980 3010 2023 3040 ι.
2064 2968 2439 3040 ΒιθὶιειηηίτίιηΔ
2482 2970 2876 3024 transmittere
2924 2968 3090 3040 jussa
3131 2967 3213 3040 sit
3253 2981 3286 3022 a
3332 2966 3518 3040 Caio,
3551 2968 3657 3024 vel
3716 2986 3749 3026 a

300 3051 447 3092 mam
478 3038 618 3093 Gale
637 3038 955 3095 Comment.
980 3041 1045 3095 ad
1074 3042 1183 3095 iter
1206 3038 1600 3097 Britannicum
1632 3038 1949 3098 Antonini:

300 3114 472 3176 prout
498 3109 729 3183 _Sea:tam
759 3124 989 3180 quoque
1033 3114 1333 3174 Victricem,
1358 3127 1483 3181 qua:
1539 3121 1749 3168 eratex
1805 3127 1956 3183 qua-

296 3186 430 3252 tuor
458 3180 530 3234 ab
554 3182 817 3251 Augusto
849 3183 1070 3237 relictis
1105 3186 1161 3236 in
1195 3180 1389 3252 Syria,
1408 3184 1576 3252 paulo
1618 3192 1744 3252 post
1775 3180 1958 3239 in'lta-

292 3250 513 3325 liam_et
540 3250 906 3325 Germaniam
942 3250 1298 3325 concessisse
1337 3250 1652 3310 Pa‘nviniu‘s
1703 3256 1951 3325 colligit,

295 3322 665 3391 eamdemque
695 3324 1009 3378 Britanniae
1045 3326 1316 3392 praesidio
1337 3326 1588 3381 additam
1618 3328 1823 3381 docent
1852 3322 1955 3380 ἰπὶ-ὲ

291 3392 639 3466 scriptiones
669 3407 719 3466 a7
755 3395 894 3466 Gale
934 3402 1279 3451 memoratae.
1332 3397 1462 3452 Sive
1520 3398 1702 3464 igitur
1749 3398 1953 3466 rapido

289 3464 655 3535 accituCaii,
676 3465 796 3520 sive
814 3465 1058 3522 Claudio
1080 3468 1385 3535 imperium
1413 3475 1739 3523 assumente
1767 3464 1948 3523 excita

292 3532 445 3606 legio
476 3534 673 3601 fuerit,
710 3536 768 3590 in
805 3550 916 3606 qua
966 3532 1273 3594 Cornelius
1318 3539 1613 3594 Centurio.
1648 3548 1704 3594 et
1747 3540 1954 3594 cohors

294 3605 490 3677 italica
518 3606 808 3661 militabat
827 3605 847 3662 ':
872 3608 996 3663 sive
1020 3609 1140 3675 ipse
1159 3609 1464 3664 Cornelius
1480 3609 1757 3666 confectis
1775 3610 1953 3677 justis

291 3675 610 3746 stipendiis
636 3677 934 3733 honestam
967 3680 1298 3736 missionem
1330 3681 1673 3751 obtinuerit,
1704 3675 1807 3737 au't
1833 3695 1957 3752 gra-

1539 3885 1670 3940 NEC

1534 3953 1825 4011 MAXIMU

1530 4028 1697 4082 NIGF.

1546 4096 1740 4152 IVSTV

1539 4168 1769 4223 FLORV

1540 4239 1737 4295 IVSTV

1536 4379 1716 4434 FERO

1531 4451 1814 4507 MAXIMV

1527 4523 1609 4577 SU
1619 4524 1697 4576 PE

1537 4594 1745 4649 FESTV

1524 4665 1855 4720 EXORATV

1523 4736 1771 4791 SABINV

1519 4833 1789 4891 OPTATV

1527 4932 1696 4987 SVPE

1517 5003 1889 5058 RESTITVTV

1509 5074 1942 5131 PEREGRINUS

1642 5144 1693 5212 7

1182 5303 1219 5358 8
1490 5303 1688 5359 IVSTV

1180 5376 1218 5429 8
1487 5370 1795 5430 GAVIANV

1485 5446 1763 5501 VIBIANV

1485 5519 1925 5574 MARCELLle

1488 5590 1637 5643 FELl

1483 5660 1667 5715 VEIIV

1485 5730 1677 5786 TIMIV

1219 4095 1256 4151 S

1214 4167 1251 4220 8

1216 4237 1254 4291 8

789 4376 1121 4432 HYPSIACV
1213 4377 1251 4433 8

784 4448 1078 4503 AEBVTIV
1206 4452 1246 4502 S

790 4519 1148 4575 VENNONIV
1205 4520 1243 4575 8

791 4589 1097 4645 APRONIV
1209 4594 1246 4643 8

785 4661 1076 4716 RINARIV
1202 4664 1239 4718 S

784 4734 1110 4789 FAIPONIV
1201 4735 1238 4789 8

1191 4832 1229 4888 8

1204 4931 1241 4986 8

1193 5002 1229 5057 8

1183 5073 1221 5128 8

846 4831 1007 4886 RCIV

884 4929 1002 4985 RIV

946 5001 992 5055 V

956 5072 1002 5128 V

1980 3010 2027 3069 Ο
2062 3010 2642 3101 διέδδῖὸξᾞῆξψψῷ
2669 3053 2778 3095 non
2809 3010 3019 3094 ausiJm.
3054 3038 3182 3091 Scio
3232 3045 3413 3093 tamen
3463 3010 3683 3094 visum
3712 3010 3748 3096 Ξ

2066 3125 2153 3166 me
2178 3111 2421 3167 Londini
2445 3108 2825 3180 fragmentum
2853 3110 3255 3177 inscriptionis
3279 3110 3560 3178 antiquae,
3598 3112 3751 3180 plu-

2067 3196 2157 3237 res
2181 3182 2475 3237 centurias
2508 3183 2785 3248 militum,
2831 3194 3146 3249 eorumque
3207 3180 3454 3245 nomina,
3489 3194 3561 3235 ac
3619 3198 3751 3252 pa—

2066 3254 2261 3322 triam,
2322 3254 2409 3308 uti
2468 3254 2699 3321 assolet,
2744 3253 3079 3315 indicantis,
3134 3253 3195 3304 in
3238 3252 3615 3305 cimeliarcht'o
3668 3257 3745 3309 Β,

2062 3326 2256 3394 Kemps
2286 3337 2451 3393 prope
2472 3326 2618 3377 viam
2643 3325 2965 3388 PalleMau,
3002 3323 3100 3394 ubi
3132 3328 3411 3392 quotquot
3443 3336 3745 3392 expressa

2063 3393 2451 3451 suntnomina
2474 3396 2799 3457 civitatum,
2827 3396 2960 3463 jura
2988 3393 3229 3449 colonia:
3261 3394 3463 3448 iisdem
3497 3396 3747 3450 militi—

2063 3465 2599 3533 bustribuentium,
2633 3467 2701 3521 ad
2736 3466 3025 3535 stipendia
3060 3465 3116 3517 in
3165 3465 3387 3534 legione
3430 3464 3740 3529 facienda,

2064 3538 2299 3593 totidem
2332 3539 2659 3607 ostendunt,
2688 3538 2913 3591 eosdem
2948 3535 3165 3607 milites
3189 3536 3359 3590 Italos
3405 3535 3617 3592 fuisse.
3658 3541 3740 3594 En

2065 3608 2281 3677 lapidis
2304 3608 2705 3679 fragmentum,
2744 3609 2801 3662 in
2827 3621 2940 3677 quo
2960 3606 3200 3663 coloniae
3224 3608 3437 3663 Italica:
3459 3607 3739 3680 legiona-

2069 3680 2287 3737 riorum
2318 3682 2517 3749 patriae
2548 3685 2940 3734 recensentur.

2106 3794 2159 3861 7
2435 3812 2759 3868 SEMPRON
3072 3812 3094 3865 1

2100 3884 2150 3938 Α
2578 3883 2849 3938 FVLCINI
3064 3882 3101 3937 8

2110 3955 2148 4009 8
2579 3955 2819 4009 MANTV
3068 3955 3115 4008 Α

2105 4026 2151 4081 R
2570 4026 2910 4081 FLORENTI
3052 4027 3101 4079 Α

2116 4098 2154 4152 8
2562 4098 2744 4152 TICIN
3049 4100 3096 4149 ()

2118 4169 2155 4223 8
2565 4167 2787 4223 PETAV
3073 4168 3095 4221 Ι

2112 4239 2150 4296 8
2563 4239 2697 4294 CLV
2700 4240 2760 4294 SI
3059 4236 3102 4291 Ο

2657 4310 2746 4366 C0
3067 4309 3104 4363 S

2091 4381 2148 4436 X
2556 4382 2720 4436 ATR!
3064 4381 3108 4435 A

2099 4453 2137 4507 8
2563 4452 2745 4507 TICIN
3058 4451 3103 4506 Ο

2092 4524 2137 4579 R
2568 4524 2866 4578 LEPIDRE
3048 4522 3096 4576 G

2102 4596 2139 4649 S
2566 4595 2780 4650 ATEST
3049 4595 3091 4647 E

2107 4670 2144 4718 8
2555 4666 2899 4722 EPODREDI
3044 4667 3091 4720 A

2100 4738 2138 4792 8
2556 4737 2771 4792 PAVSV
2780 4738 2840 4792 LI
3049 4737 3085 4790 8

2090 4835 2127 4890 s
2542 4837 2863 4891 BENEVEN
3050 4823 3082 4919 ζ

2090 4933 2135 4988 R
2551 4932 2786 4988 (ΖΒΕΜο
3037 4936 3086 4988 Ν

2094 5005 2131 5059 8
2550 5005 2759 5060 IADER
3035 5004 3082 5059 Α

2099 5075 2136 5130 8
2546 5077 2784 5131 VERON
3034 5077 3080 5131 Α

2407 5165 2704 5221 SABINI

2436 5235 2562 5293 COS

2528 5307 2743 5377 AQVIN
3017 5310 3062 5364 o

2510 5379 2600 5433 ΑΕ
2612 5381 2751 5433 RON
3002 5384 3045 5434 Α

2515 5452 2698 5506 BRUN
3002 5453 3047 5506 D

2550 5524 2689 5578 VRV

2515 5594 2601 5648 PR

2079 5307 2117 5361 S

2082 5378 2118 5431 8

2084 5451 2120 5502 8

2086 5522 2122 5571 8

2067 5593 2121 5646 Χ

2080 5664 2118 5715 8

2084 5736 2121 5789 8
