3994 6172
233 333 382 392 4029

1128 336 1455 392 HISTORIA
1496 338 1584 393 DE
1626 337 1802 393 VITIS
1841 338 2008 394 ROM.
2049 337 2248 394 PONT.
2278 369 2351 379 —
2376 340 2431 393 S.
2474 341 2750 394 PETRUS.

3505 343 3645 404 4030

224 457 573 536 Fuicinium,
639 459 893 536 Mantua,
934 461 1232 536 Florentia,
1281 465 1572 524 Ticinium,
1612 463 1922 536 Patavium,
1965 460 2241 536 Clusium,
2268 461 2472 524 Adm‘a,
2538 463 2734 536 Lepidi
2786 466 3031 531 Regium,
3093 467 3297 530 Ateste,
3349 470 3638 536 Eporedia,

317 531 600 597 Pausula,
641 531 1018 595 Beneventum,
1063 532 1345 596 Cremona,
1405 536 1636 601 Verona,
1679 535 1984 603 Aquinum,
2049 535 2446 602 Brundusium,

305 604 570 657 Romana
609 607 737 655 sunt
774 604 924 656 intra
965 604 1186 658 Italiam
1224 607 1550 659 constituta.

2530 535 2763 589 istorum
2834 537 3069 590 militum
3124 542 3344 607 patria,
3396 535 3642 594 Colonia

301 725 624 804 Dolendum
659 734 912 804 e_st._uon
944 740 1247 804 superesse
1273 729 1526 804 reliquas
1549 734 1735 796 partes
1762 726 2121 804 epi-_-Afuit,
2152 742 2228 804 ac
2279 729 2629 804 redeundum
2665 730 2756 804 in“
2778 730 3057 804 patriam;
3094 733 3288 787 mirari
3325 733 3485 788 subit
3507 749 3641 804 quo-

235 796 485 868 graphls
519 797 656 850 huic
683 797 861 865 lapidi
888 798 1106 865 incisa,
1140 800 1286 854 unde
1319 796 1694 868 instruamur,
1723 796 1887 854 aniad

230 866 460 935 Titum,
495 881 596 940 seu
633 869 702 922 ad
735 867 1144 936 Vespasianum
1176 868 1516 940 referantur,
1557 866 1892 926 consulatus

230 950 277 990 ιι
314 944 373 991 et
409 951 492 990 III.
525 938 619 992 hic
656 940 972 1008 memorati,
999 940 1212 1006 quibus
1239 941 1475 996 honesta
1503 938 1704 998 missio
1733 955 1891 995 eme—

231 1008 384 1062 ritis
435 1009 592 1063 hisce
641 1008 933 1064 militibus
975 1009 1218 1066 fortasse
1255 1026 1520 1067 concessa
1553 1020 1677 1076 est;
1707 1020 1763 1067 et
1815 1025 1886 1065 an

222 1081 506 1134 centurio
557 1079 654 1134 ille
685 1079 944 1144 Sabinus,
977 1095 1277 1137 commune
1307 1086 1604 1152 quippiam
1647 1083 1888 1138 habeant

221 1163 371 1204 cum
397 1153 737 1221 cOgnomine
754 1164 852 1219 per
874 1153 1208 1208 Suetonium
1241 1153 1494 1209 indicato
1518 1156 1577 1209 in
1605 1155 1729 1208 Vita
1767 1154 1881 1206 Titi

218 1233 359 1288 cap.
408 1218 794 1276 IfAccederet
824 1223 1062 1291 propius
1086 1225 1410 1292 conjectura
1442 1231 1633 1279 nostra
1663 1226 1731 1278 ad
1775 1224 1884 1277 de-

217 1292 579 1364 cernendum
615 1306 748 1346 num
794 1299 968 1348 sexta
1000 1294 1246 1364 legionis
1276 1295 1491 1349 milites
1526 1295 1767 1350 habendi
1791 1293 1883 1348 fo-

221 1371 381 1430 rent,
411 1369 512 1416 aut
539 1363 808 1417 decima:
845 1378 1087 1432 quarum
1111 1370 1353 1434 utraque
1386 1367 1596 1421 meruit
1626 1366 1734 1420 sub
1755 1368 1880 1419 Au—

266 1442 420 1504 usto,
451 1447 516 1486 ac
542 1434 770 1504 '[iberio
803 1435 861 1488 in
891 1436 1074 1504 Syria,
1106 1443 1159 1490 et
1185 1438 1242 1489 in
1274 1437 1564 1496 Armenia.
1596 1450 1662 1491 ex
1684 1437 1878 1490 Tacito

266 1449 420 1498 usm,
451 1449 516 1486 ac
551 1449 770 1488 nnerto
804 1449 861 1488 tn
891 1449 1074 1504 byria,
1106 1449 1159 1490 et
1185 1449 1242 1489 ιιι
1274 1449 1564 1496 Armenia.
1596 1450 1662 1491 ex
1684 1449 1878 1490 tacito

213 1449 437 1558 innal.
465 1517 524 1570 ll,
554 1500 644 1558 79.
676 1511 732 1559 et
749 1519 870 1568 xm,
893 1503 980 1575 40,
1001 1506 1207 1561 deinde
1230 1507 1287 1560 in
1308 1508 1658 1562 Britanniam
1684 1515 1881 1562 trans-

216 1574 345 1648 lata
377 1581 462 1629 est
490 1588 558 1629 ex
587 1575 948 1630 documentis
971 1574 1006 1630 'a
1037 1577 1173 1631 Gale
1205 1579 1532 1646 productis:
1566 1593 1664 1632 nec
1715 1579 1880 1648 longe

218 1645 479 1718 distaret
509 1659 540 1700 a
575 1647 956 1715 pr0ponendo,
984 1661 1115 1701 num
1143 1649 1365 1703 cohorti
1397 1650 1605 1704 Italica
1636 1645 1878 1718 utraque

219 1716 342 1770 ista
365 1719 646 1783 centuria,
681 1731 748 1771 ex
779 1723 985 1772 nostra
1027 1719 1280 1773 nationis
1324 1721 1468 1774 viris
1488 1722 1742 1779 collecta,
1776 1716 1879 1773 ac—

220 1788 456 1858 censeri
490 1793 697 1858 posset.
734 1788 934 1842 Verum
967 1790 1242 1845 sistamus
1275 1792 1333 1844 in
1371 1791 1588 1858 limine,
1623 1789 1874 1845 contenti

225 1857 529 1912 indicasse
553 1859 766 1912 divina
795 1860 1170 1928 providentia
1192 1861 1439 1916 consilio
1460 1862 1715 1916 suaviter
1737 1861 1872 1916 uni-

219 1942 392 1983 versa
417 1929 769 1998 disponenti,
820 1937 876 1985 et
905 1931 1178 1986 sexennio
1205 1939 1336 1986 ante
1374 1933 1676 1986 adventum
1725 1931 1874 1986 Petri

223 2000 288 2053 in
324 1999 526 2054 Urbem
553 2001 766 2055 caelesti
799 2002 1020 2056 visione
1049 2003 1346 2056 advocanti
1377 2003 1586 2057 Italica
1625 2003 1882 2057 cohortis

220 2072 625 2142 centurionem
653 2074 719 2124 ad
742 2072 1043 2138 baptisma,
1074 2079 1130 2127 et
1154 2074 1541 2141 apostolorum
1567 2075 1880 2142 principem

220 2141 298 2194 ad
343 2140 585 2196 salutem
638 2143 908 2212 gentibus
953 2140 1429 2210 annuntiandam,
1464 2140 1580 2198 tam
1609 2144 1884 2198 Cornelia

224 2213 429 2282 gentis
465 2214 778 2284 hoSpitium
839 2215 895 2268 in
931 2214 1093 2279 Urbe,
1129 2227 1297 2284 quam
1349 2214 1570 2269 facilem
1621 2216 1767 2268 viam
1813 2215 1880 2267 ad

227 2289 357 2336 toto
388 2284 609 2338 divisos
641 2283 776 2338 orbe
816 2285 1122 2340 Britannos
1154 2283 1382 2353 aperiri
1427 2286 1680 2353 potuisse
1709 2286 1884 2339 unius

225 2366 336 2422 per
379 2354 631 2408 Cornelii
674 2357 1121 2420 conversionem,
1168 2362 1223 2409 et
1254 2369 1350 2424 per
1401 2357 1575 2411 unius
1605 2356 1879 2412 cohortis.

237 2437 344 2478 seu
375 2426 543 2478 ducis
579 2428 960 2480 evocationem
1011 2426 1067 2479 in
1095 2426 1347 2492 Italiam;
1399 2427 1519 2480 sive
1561 2428 1735 2480 (Zaius
1771 2427 1885 2480 Ca-

237 2495 425 2562 ligula
466 2497 716 2565 undique
741 2499 954 2550 acciret
985 2498 1269 2567 legiones;
1301 2498 1420 2551 sive
1449 2497 1726 2552 Claudius
1753 2498 1884 2550 Bri-

223 2567 481 2620 tannica
505 2566 861 2634 expeditioni
904 2581 1000 2622 eas
1029 2566 1362 2634 destinaret,
1397 2583 1522 2638 qua
1559 2567 1882 2622 militabant

222 2638 289 2691 in
317 2638 503 2706 Syria,
556 2644 612 2692 et
667 2638 950 2706 proximis
982 2639 1317 2707 provinciis,
1351 2653 1416 2693 ac
1457 2645 1627 2694 testes
1658 2639 1885 2693 fuerant

218 2707 591 2832 ggrauilium
622 2721 859 2777 Operum
897 2716 952 2763 et
989 2710 1270 2765 virtutum
1301 2711 1590 2764 nascentis
1617 2709 1884 2765 Ecclesia

316 2793 400 2832 I'IS
433 2793 477 2831 ι.

316 2779 477 2832 risti.

303 2850 501 2921 Neque
530 2848 702 2904 aliter
728 2850 1088 2905 sentiendum
1116 2857 1201 2905 est
1220 2852 1291 2906 de
1315 2851 1679 2921 expeditione
1708 2865 1886 2906 evan-

232 2920 430 2992 gelica
451 2918 603 2992 beati
639 2921 811 2975 Marci
849 2922 907 2975 in
936 2921 1235 2992 Egyptum
1279 2924 1348 2978 ad
1389 2918 1608 2978 annum
1640 2921 1884 2978 alterum

225 2990 464 3045 Claudii
518 2992 876 3060 principatus
927 2993 986 3046 in
1011 2990 1264 3048 'Eusebii
1296 2995 1571 3050 chronico
1603 3000 1881 3049 revocata.

231 3062 468 3130 Legatio
501 3062 761 3117 Philonis
798 3065 864 3117 ad
901 3063 1102 3118 Urbem
1131 3064 1239 3119 sub
1279 3071 1534 3119 extrema
1580 3065 1700 3119 Caii
1735 3070 1888 3119 tem—

232 3145 398 3200 pora,
423 3133 557 3186 dum
585 3133 823 3188 Herodis
848 3136 1112 3204 Agrippa
1144 3135 1420 3191 adventus
1453 3137 1505 3191 ei
1540 3134 1714 3191 ferme
1741 3151 1886 3204 sup—

2003 800 2654 874 rumdam‘ingeniorum
2702 800 3117 870 difﬁcultatem,
3153 819 3278 873 qua
3307 805 3467 859 Petro
3497 800 3641 874 a'po-

1999 869 2146 950 stolo
2185 869 2692 956 nullo’apparatu,
2725 879 2801 956 et_
2831 869 3636 956 commeatu'indigeﬂnti,sed

1996 941 2123 994 sine
2149 941 2375 1015 ralceis,
2396 943 2523 995 sine
2555 945 2803 1015 pera,_ad
2829 944 3140 1012 impulsum
3171 941 3359 999 divini
3385 941 3640 1015 Spiritus

1995 1013 2279 1084 expedito,
2331 1020 2596 1066 verentur
2631 1013 2809 1067 Italici
2863 1015 3091 1069 itineris
3133 1013 3642 1084 repetendi—facul-

1997 1087 2166 1156 tatem
2190 1082 2445 1156 largiri:
2470 1097 2635 1152 quem
2683 1091 2865 1138 tamen
2926 1091 3150 1139 constat
3193 1082 3351 1141 suam
3395 1089 3635 1156 primam

1993 1153 2295 1218 epistolam
2319 1155 2547 1209 dedisse
2586 1156 2778 1222 Roma,
2833 1158 3016 1211 Marco
3053 1159 3303 1210 nondum
3335 1153 3554 1213 directo
3580 1160 3637 1212 in

1991 1222 2323 1298 Egyptum;
2369 1226 2519 1294 quod
2551 1225 2853 1298 Eusebius,
2906 1232 2961 1280 et
2986 1227 3379 1298 Hieronymus,
3419 1229 3640 1298 aliique

1992 1296 2205 1366 passim
2252 1296 2320 1350 ad
2370 1309 2580 1349 annum
2613 1297 2878 1366 primum,
2935 1305 3033 1351 aut
3081 1298 3322 1352 alterum
3370 1296 3640 1354 referunt

1992 1365 2332 1438 imperantis
2351 1367 2607 1420 Claudii.
2639 1367 2957 1422 Liberalius
2974 1375 3141 1438 agant
3164 1382 3387 1424 necesse
3403 1378 3488 1424 est
3507 1384 3637 1424 cum

1984 1434 2197 1509 Christi
2225 1438 2468 1501 nuntiis,
2503 1451 2742 1509 quorum
2773 1434 3161 1505 pedibus'cum
3203 1440 3481 1509 discipuli
3532 1453 3640 1508 pa-

1987 1505 2095 1559 lam
2139 1509 2408 1582 sisterent
2436 1505 2614 1582 pretia
2649 1507 2976 1582 fundorum,
3001 1517 3057 1563 et
3093 1505 3378 1577 paternam
3425 1505 3636 1582 gazam,

1985 1589 2051 1629 ac
2076 1579 2438 1644 patrimonia,
2479 1578 2657 1632 multo
2691 1577 2926 1633 facilius
2961 1588 3219 1647 poterant
3258 1596 3384 1636 cum
3423 1577 3640 1636 Centu-

1988 1649 2172 1701 rionis
2197 1648 2449 1702 Cornelii
2482 1648 2704 1702 familia
2731 1651 3209 1704 transvectionem
3244 1652 3300 1705 in
3341 1652 3560 1706 Italiam
3585 1658 3640 1706 et

1989 1717 2398 1792 injiccidentis
2427 1718 2841 1792 ﬁnesultimos
2866 1720 3170 1792 exhibere.
3208 1724 3265 1775 In
3297 1724 3472 1791 notis,
3495 1736 3638 1792 quas

1988 1787 2136 1842 infra
2163 1788 2502 1843 dabimusin
2534 1789 2842 1856 Clemente,
2863 1791 2923 1842 P.
2953 1792 3255 1859 Philippus
3277 1787 3469 1847 Labbe'
3489 1787 3638 1848 tomo

1995 1860 2176 1925 primo
2206 1861 2593 1914 Conciliorum
2652 1874 2775 1930 pag.
2821 1859 2921 1915 490
2964 1863 3174 1929 profert
3213 1876 3277 1916 ex
3329 1863 3638 1918 Vendelino

1910 1916 1960 1974 Β
1990 1916 2247 2001 Gracum
2302 1931 2552 1984 codicem
2599 1916 2904 1998 scriptoris
2943 1916 3209 2001 anonymi
3252 1934 3321 1988 de
3363 1916 3639 1988 ceritamié

1994 2000 2186 2064 nibus,
2224 2001 2807 2070 peregrinationibus,
2859 2003 2994 2068 vita,
3046 2000 3106 2056 et
3151 2013 3329 2057 morte
3380 2005 3550 2070 Petri,
3583 2013 3639 2058 et

1998 2071 2153 2125 l‘auli
2185 2074 2606 2140 apostolorum:
2645 2087 2808 2141 quem
2829 2073 3177 2128 Arundellia
3205 2077 3434 2129 comitis
3458 2075 3640 2130 Sacel-

1999 2143 2166 2197 lanus
2205 2142 2476 2197 eGracia
2518 2155 2708 2197 secum
2755 2145 2982 2199 advexit
3033 2145 3089 2197 in
3138 2146 3430 2214 Angliam:
3489 2147 3638 2200 unde

1999 2214 2290 2268 Patricius
2318 2215 2529 2269 Junius
2561 2214 2843 2268 illustrem
2877 2217 3028 2269 hunc
3061 2215 3246 2269 locum
3285 2215 3476 2270 Grace
3501 2229 3638 2284 pro-

1996 2285 2194 2352 duxit,
2229 2286 2308 2340 ita
2340 2286 2536 2339 Latine
2569 2285 2854 2339 redditum
2882 2299 2913 2339 a
2951 2287 3298 2340 Vendelino:
3334 2307 3358 2337 «
3389 2291 3638 2341 Moratus

1997 2355 2198 2409 Petrus
2229 2356 2287 2408 in
2325 2357 2615 2409 Britannia
2641 2356 2764 2410 dies
2795 2356 3040 2424 aliquot,
3086 2371 3215 2412 cum
3257 2357 3466 2411 multos
3491 2357 3637 2411 illu-

1995 2427 2268 2480 minasset
2306 2426 2474 2481 verbo
2502 2426 2720 2496 gratia,
2774 2426 3169 2496 Ecclesiasque
3216 2429 3635 2492 constituisset,

1995 2503 2290 2566 postquam
2318 2499 2874 2566 episcoposquoque,
2897 2497 3272 2566 presbyteros,
3291 2503 3342 2552 et
3366 2500 3640 2554 diaconos

1991 2569 2314 2622 ordinasset
2348 2568 2638 2636 impositis
2685 2568 2970 2636 manibus,
3012 2569 3352 2623 duodecimo
3396 2571 3637 2624 Neronis

1992 2651 2142 2691 anno
2190 2640 2395 2693 iterum
2449 2640 2679 2693 Romam
2715 2639 2959 2694 rediit.»
2992 2638 3199 2694 Subdit
3249 2640 3632 2695 Vendelinus:

1997 2728 2022 2758 ‹‹
2057 2707 2463 2764 Profectionem
2521 2711 2666 2764 hanc
2698 2711 2845 2764 Petri
2895 2711 2952 2764 in
2999 2711 3354 2765 Britanniam
3403 2711 3639 2766 aliunde

1995 2779 2146 2833 vidit
2169 2781 2342 2834 etiam
2369 2781 2679 2835 Baronius:
2706 2788 2762 2835 et
2787 2787 2874 2835 est
2904 2781 3227 2836 luculenter
3255 2789 3509 2837 astructa
3527 2796 3637 2837 non

1998 2850 2076 2923 ita
2107 2851 2346 2923 pridem,
2382 2871 2408 2901 υ
2455 2858 2561 2906 etc.
2607 2853 2841 2907 Cessent
2879 2854 3071 2921 itaque
3119 2855 3426 2908 mussitare
3457 2866 3638 2923 nego-

1996 2921 2143 2975 tiosa
2180 2921 2279 2976 illa
2331 2923 2560 2977 ineenia
2585 2930 2782 2977 contra
2821 2924 3055 2977 iteratos
3081 2925 3358 2977 adventus
3395 2921 3632 2977 Petri—in

1996 2992 2228 3046 Urbem:
2281 3007 2380 3046 nec
2405 2992 2561 3047 litem
2589 3001 2846 3048 moveant
2869 2994 2939 3048 de
2963 2992 3274 3048 ditiusione
3301 2995 3638 3063 evangelica

1996 3063 2147 3117 lucis
2200 3064 2268 3118 ad
2301 3065 2623 3125 Britannos,
2678 3066 2746 3118 ad
2793 3077 2937 3132 quos
2978 3063 3229 3134 legiones
3279 3066 3512 3134 integra
3568 3077 3633 3118 ex

1997 3135 2182 3202 Syria,
2230 3134 2330 3189 ubi
2391 3135 2683 3187 Passionis
2730 3135 3045 3189 Dominica
3088 3140 3143 3188 et
3189 3135 3632 3203 apostolicorum

233 3215 362 3276 par,
394 3209 514 3257 tum
542 3205 690 3271 apud
711 3204 1014 3260 Claudium
1034 3215 1202 3261 aucta
1230 3206 1641 3276 benevolentia,
1663 3207 1882 3261 nationi
1916 3212 1962 3272 ί]
1998 3207 2268 3276 actuum,
2297 3218 2361 3258 ac
2405 3205 2784 3276 certaminum
2836 3217 2965 3276 pars
3007 3218 3208 3274 magna
3254 3204 3478 3260 fuerant
3528 3205 3636 3260 sub

230 3275 563 3346 Judaorum
589 3275 869 3343 aquiores
900 3277 1167 3331 reddebat
1205 3278 1512 3346 principes,
1549 3275 1886 3332 faeilitatem

214 3344 675 3399 coinciliabatin
704 3345 842 3401 urbe
862 3347 985 3415 ipsa
1019 3344 1466 3403 necessitudinis
1489 3349 1888 3402 contrahenda

221 3417 284 3468 in
320 3430 385 3469 er
413 3417 684 3485 Marcum,
719 3423 777 3470 et
802 3418 1116 3484 Philonem,
1141 3421 1441 3474 occasione
1463 3418 1887 3488 frequentanda

219 3499 552 3560 synagoga,
583 3500 648 3540 ac
683 3488 912 3542 itineris
961 3490 1183 3543 socium
1231 3503 1291 3544 se
1327 3490 1701 3560 adiungendi,
1747 3492 1883 3545 dum

225 3558 399 3612 Philo
432 3559 645 3614 rediret
668 3560 1102 3624 Alexandriam,
1134 3560 1231 3615 ubi
1271 3581 1296 3611 α
1336 3558 1760 3615 disertissimus
1785 3561 1884 3615 ille

227 3629 556 3701 Iudaeorum
583 3629 668 3698 (ut
689 3630 881 3684 verbis
903 3631 1230 3700 Hieronymi
1254 3632 1401 3701 utar)
1422 3632 1621 3686 videns
1645 3631 1882 3686 Alexan-

227 3700 377 3772 dria
425 3701 663 3768 primam
711 3701 1029 3755 Ecclesiam
1056 3703 1244 3758 adhuc
1285 3700 1674 3756 Judaizantem
1709 3703 1876 3772 quasi

225 3771 285 3824 in
319 3772 544 3824 laudem
578 3773 766 3840 gentis
803 3786 922 3826 sua
975 3773 1189 3827 librum
1220 3774 1290 3828 de
1342 3787 1537 3828 eorum
1571 3771 1878 3828 conversa-

222 3843 385 3895 tione
433 3843 690 3910 scripsit.
723 3860 747 3890 »
779 3843 1185 3898 Commentarii
1224 3845 1343 3899 loco
1373 3843 1759 3899 adhibendum
1790 3850 1876 3899 est

224 3912 512 3981 integrum
537 3914 796 3985 Philonis
824 3915 1097 3984 el0gium,
1130 3929 1160 3968 a
1193 3915 1249 3968 Β.
1283 3915 1622 3984 Hieronymo
1652 3917 1727 3969 ita
1757 3928 1878 3985 per-

221 3985 508 4051 scriptum
542 3984 600 4037 in
635 3983 784 4039 libro
811 3985 882 4039 de
910 3985 1304 4054 Scriptoribus
1333 3983 1764 4041 eccleSiasticis.

305 4074 332 4104 α
371 4053 534 4128 Philo
556 4055 808 4128 Judaus,
839 4053 1071 4128 natione
1100 4056 1550 4122 Alexandrinus,
1577 4058 1647 4111 de
1676 4070 1879 4128 genere

229 4126 619 4194 sacerdotum,
648 4127 866 4182 idcirco
887 4141 914 4179 a
955 4127 1120 4181 nobis
1150 4128 1301 4182 inter
1337 4130 1648 4197 scriptores
1678 4126 1879 4183 Eccle—

229 4197 506 4269 siasticos
568 4198 824 4266 ponitur,
891 4199 1025 4268 quia
1084 4197 1296 4253 librum
1345 4199 1416 4254 de
1462 4200 1648 4269 prima
1703 4200 1876 4254 Marci

228 4268 600 4338 evangelista
627 4270 777 4337 apud
812 4269 1216 4325 Alexandriam
1248 4268 1511 4325 scribens
1531 4270 1791 4337 ecclesia,
1819 4271 1878 4324 in

225 4344 559 4392 nostrorum
607 4338 774 4394 laude
806 4349 1062 4396 versatus
1114 4348 1220 4408 est,
1274 4355 1382 4396 non
1415 4343 1599 4397 solum
1645 4355 1743 4397 eos
1774 4341 1876 4404 ibi,

220 4409 321 4480 sed
362 4409 418 4461 in
458 4410 658 4464 multis
690 4424 917 4480 quoque
941 4412 1258 4480 provinciis
1285 4425 1408 4468 esse
1454 4426 1792 4479 memorans,
1825 4417 1881 4467 et

228 4479 559 4552 habitacula
579 4494 773 4552 eorum
789 4479 987 4538 dicens
1007 4484 1370 4539 monasteria.
1393 4485 1470 4538 Ex
1490 4498 1604 4552 quo
1623 4490 1880 4552 apparet,

215 4549 392 4603 talem
442 4553 685 4619 primum
707 4551 938 4607 Chrksm
975 4555 1328 4610 credentium
1351 4549 1530 4609 fuisse
1553 4549 1878 4620 Ecclesiam,

233 4621 438 4694 quales
467 4636 618 4676 nunc
655 4624 918 4678 monachi
961 4638 1083 4680 esse
1129 4627 1397 4680 nituntur
1425 4633 1478 4680 et
1504 4626 1787 4694 cupiunt;
1819 4632 1882 4680 ut

225 4691 387 4765 nihil
409 4694 751 4762 cujusquam
773 4696 1068 4763 proprium
1085 4697 1181 4762 sit,
1200 4696 1561 4752 nullusinter
1581 4691 1676 4751 eos
1695 4691 1874 4765 dives,

230 4761 439 4838 nullus
469 4761 737 4838 pauper;
773 4761 1123 4835 patrimonia
1171 4767 1475 4838 egentibus
1504 4761 1874 4836 dividantur;

221 4833 481 4910 orationi
522 4833 860 4910 vacetur,‘et
907 4839 1165 4910 psalmis,
1205 4833 1484 4894 doctrina
1533 4851 1781 4908 quoque,
1823 4833 1878 4892 et

218 4905 618 4978 contineutia,
653 4909 850 4976 quales
886 4905 942 4963 et
972 4905 1162 4964 Lucas
1197 4909 1366 4965 refert
1399 4905 1643 4978 primum
1668 4905 1878 4964 Hiero—

222 4976 458 5044 solyma
479 4974 687 5032 fuisse‘
708 4980 1021 5034 credentes.
1079 4982 1258 5036 Aiunt
1293 4974 1445 5038 hunc
1471 4979 1577 5036 sub
1606 4980 1738 5034 Caio
1763 4981 1876 5034 Ca—

223 5046 409 5124 ligula
449 5047 636 5124 Iioma
660 5050 1069 5119 periclitatum,
1100 5055 1249 5121 quod
1285 5053 1504 5124 legatus
1531 5051 1721 5124 gentis
1745 5065 1874 5124 sua

223 5121 445 5172 missus
463 5115 684 5183 fuerat;
721 5134 849 5174 cum
892 5115 1138 5178 secunda
1181 5125 1303 5178 vice
1334 5115 1586 5178 Venissét
1605 5122 1674 5177 ad
1697 5122 1874 5177 Clau-

219 5188 413 5263 gium,
466 5190 524 5263 in
564 5192 778 5263 eadem;
808 5192 948 5247 urbe
990 5193 1245 5249 locutum
1285 5208 1408 5250 esse
1454 5208 1583 5250 cum
1614 5193 1873 5263 apostolo

224 5259 414 5334 Petro,
435 5261 964 5334 ejusquehabuisse
985 5265 1296 5334 amicitias,
1314 5272 1370 5320 et
1387 5265 1456 5319 ob
1479 5266 1624 5321 hanc
1642 5259 1871 5320 causam

218 5329 400 5382 etiam
433 5329 630 5398 Marci,
662 5333 940 5406 discipuli
971 5336 1142 5405 Petri,
1175 5329 1325 5406 apud
1343 5337 1743 5392 Alexandriam
1776 5350 1874 5391 se-

216 5407 473 5454 ctatores
493 5414 725 5457 ornasse
758 5404 1058 5460 laudibus.
1092 5427 1116 5455 ι)

295 5472 399 5528 His
431 5473 509 5526 ita
536 5478 866 5549 perspectis,
900 5490 1029 5549 cum
1060 5492 1470 5549 cognoscamus
1500 5477 1873 5549 legionesin—

219 5548 418 5616 tegi-as
445 5557 513 5598 ex
531 5545 696 5614 Syria
729 5548 786 5601 in
817 5548 1062 5615 Italiam,
1103 5545 1486 5616 Germaniam,
1523 5545 1871 5604 Britanniam

220 5614 538 5688 translatas
571 5630 667 5685 per
693 5618 917 5673 eosdem
973 5614 1148 5674 ferme
1191 5633 1370 5674 annos
1413 5614 1626 5688 quibus
1653 5632 1720 5673 ex
1763 5621 1874 5674 Pa—

222 5683 456 5761 Iastina
499 5683 703 5744 Herodi
757 5690 1005 5761 Antipa,
1057 5704 1158 5746 seu
1213 5683 1526 5755 tetrarcha,
1573 5695 1628 5746 et
1667 5691 1870 5746 Herodi

218 5755 684 5832 Agripparegi,
741 5766 863 5832 tum
903 5755 1077 5817 etiam
1118 5774 1186 5817 ex
1229 5762 1464 5832 Egypto
1511 5761 1736 5817 Philoni
1766 5763 1872 5817 Ju-

228 5827 493 5884 daorum
515 5827 698 5898 legato
715 5831 870 5889 ultro
896 5834 1161 5904 citroque
1178 5827 1560 5904 navigandum
1580 5834 1638 5889 in
1656 5833 1879 5889 Italiam

1997 3275 2249 3340 Tiberio,
2277 3288 2308 3328 a
2333 3276 2467 3330 Caio
2497 3273 2776 3343 Caligula,
2795 3288 2828 3330 a
2853 3275 3114 3342 Claudio,
3140 3288 3171 3329 a
3204 3278 3419 3329 Nerone
3441 3284 3641 3329 trans—

1998 3345 2376 3400 vehebantur.
2410 3345 2566 3398 Nihil
2603 3347 2860 3413 paratius
2893 3351 3017 3399 erat
3040 3357 3103 3399 ea
3137 3352 3485 3414 tempestate,
3513 3353 3638 3415 post

1997 3416 2240 3471 linteum
2259 3416 2330 3471 de
2351 3417 2494 3471 calo
2511 3416 2824 3470 demissum
2845 3430 2908 3470 ac
2926 3423 3216 3470 ostensum
3236 3417 3424 3470 oranti
3451 3419 3634 3485 Petro,

1995 3498 2051 3542 et
2102 3489 2431 3542 Cornelium
2455 3488 2859 3541 Centurionem
2891 3488 3101 3540 Italica
3152 3487 3411 3543 cohortis
3459 3488 3635 3542 Chri-

1993 3558 2194 3612 stiana
2224 3559 2448 3613 militia
2478 3559 2813 3626 ascriptum,
2847 3571 3013 3626 quam
3038 3555 3230 3612 facilis
3263 3559 3378 3613 hac
3405 3561 3516 3626 via,
3536 3560 3630 3614 di-

1991 3630 2213 3684 vinitus
2237 3637 2428 3698 aperta
2464 3629 2823 3698 praconibus
2847 3628 3139 3698 Evangelii
3172 3629 3239 3682 ad
3274 3629 3413 3684 fines
3442 3637 3636 3685 extre-

1990 3713 2111 3754 mos
2146 3701 2384 3770 Romani
2443 3701 2691 3768 imperii,
2727 3713 2794 3753 ex
2853 3713 2985 3769 quo,
3025 3706 3084 3752 ut
3113 3699 3195 3754 ait
3231 3701 3334 3754 Leo
3377 3702 3630 3770 Magnus,

1987 3784 2154 3825 serm.
2211 3769 2262 3838 l,
2313 3773 2382 3826 de
2574 3770 2897 3839 Apostolis:
2937 3790 2962 3820 ‹‹
3015 3770 3390 3826 Beatissimus
3435 3769 3634 3825 Petrus

1990 3843 2254 3911 princeps
2288 3842 2591 3911 apostolici
2625 3843 2851 3896 ordinis
2904 3841 2971 3895 ad
3005 3854 3188 3896 arcem
3241 3843 3477 3896 Romani
3528 3844 3635 3898 de-

1983 3912 2310 3968 stinabatur
2337 3914 2586 3981 imperii,
2622 3920 2683 3966 ut
2716 3913 2813 3968 lux
2835 3912 3096 3982 veritatis
3137 3927 3264 3982 qua
3296 3914 3353 3966 in
3377 3915 3632 3968 omnium

1985 3986 2245 4056 gentium
2280 3984 2638 4038 revelabatur
2667 3984 2933 4051 salutem,
2962 3981 3251 4056 enicacius
3299 3997 3358 4039 se
3391 3984 3462 4038 ab
3508 3985 3634 4054 ipso

1986 4053 2172 4124 capite
2205 4069 2301 4124 per
2349 4061 2530 4109 totum
2579 4055 2777 4109 mundi
2819 4069 3030 4124 corpus
3060 4053 3393 4110 effunderet.
3429 4072 3454 4104 υ

2060 4127 2342 4182 Nituntur
2387 4126 2701 4180 adversarii
2729 4125 3135 4180 ecclesiastica
3180 4126 3536 4187 hierarchia,
3569 4139 3634 4180 ac

1991 4199 2272 4265 primatus
2297 4197 2628 4266 apostolica
2653 4197 2826 4266 sedis,
2872 4197 3016 4251 hanc
3052 4203 3264 4266 petram
3298 4197 3631 4262 convellere,

1988 4273 2045 4322 et
2083 4267 2456 4323 fundamento
2501 4268 2819 4323 Christiani
2853 4267 3085 4322 adiﬁcii
3127 4268 3484 4338 subtrahere,
3516 4269 3637 4323 sive

1993 4341 2398 4407 pr0pemodum
2451 4345 2720 4410 negantes
2764 4353 2892 4410 cum
2931 4339 3167 4394 Calvino
3222 4342 3446 4395 Petrum
3493 4353 3636 4409 apo-

1992 4411 2205 4465 stolum
2239 4425 2490 4480 unquam
2536 4409 2730 4464 Roma
2775 4409 2978 4477 fuisse,
3024 4412 3142 4464 sive
3167 4429 3190 4459 a
3220 4411 3527 4466 inveterata
3553 4417 3636 4464 tot

1993 4482 2333 4537 saculorum
2366 4483 2709 4536 auctoritate
2737 4481 3226 4550 consensioneque
3256 4482 3519 4535 deterriti
3539 4484 3636 4550 [ιιι

1993 4552 2184 4607 verbis
2225 4553 2436 4607 Petavii
2481 4557 2611 4606 utar
2649 4553 2835 4606 Doctr.
2873 4558 3042 4618 temp.
3091 4548 3192 4602 lib.
3226 4565 3302 4616 ix,
3347 4565 3472 4617 cap.
3527 4548 3628 4620 I3),

1913 4610 1967 4670 D
1995 4622 2098 4678 hoc
2132 4637 2307 4679 unum
2335 4637 2462 4677 cum
2486 4637 2550 4676 eo
2579 4623 2951 4690 remittentes,
2989 4610 3051 4674 nt
3079 4620 3241 4674 illum
3276 4610 3462 4675 Roma
3490 4610 3634 4676 mor;

1990 4701 2152 4750 tuum
2206 4707 2328 4748 esse
2379 4693 2720 4748 concedant:
2757 4693 2908 4761 quod
2958 4696 3145 4744 autem
3190 4690 3274 4744 vel
3328 4692 3633 4760 episcopus

1989 4765 2154 4820 illius
2186 4764 2346 4820 urbis
2366 4764 2679 4832 aliquando
2701 4761 2896 4828 fuerit,
2930 4761 3013 4816 vel
3045 4762 3272 4817 diutius
3294 4763 3352 4816 in
3375 4776 3438 4817 ea
3467 4776 3632 4817 man—

1987 4839 2150 4902 serit,
2181 4835 2238 4890 id
2269 4848 2397 4890 vero
2430 4848 2664 4904 prorsus
2685 4832 2935 4888 inficiari
2969 4845 3028 4886 se
3056 4833 3328 4904 dicentes.
3367 4851 3390 4882 υ
3421 4835 3633 4902 Sequi—

1989 4914 2086 4962 tur
2111 4907 2405 4961 Petavius:
2434 4903 2462 4957 ξι
2503 4908 2560 4959 In
2593 4905 2848 4959 eamdem
2881 4903 3276 4973 quastionem,
3302 4906 3632 4973 errorisque

2027 4977 2378 5032 atrocinium
2419 4975 2813 5030 Vehementius
2855 4987 3037 5042 nuper
3065 4973 3418 5042 Spalatensis
3459 4975 3620 5030 incu-

2027 4993 2378 5032 atrocmlum
2419 4993 2813 5030 vt‘nemenuus
2855 4993 3037 5042 nuper
3066 4993 3418 5042 δρειιίιιειιδιδ
3459 4993 3620 5030 111011⁴

1986 4993 2152 5116 ﬁuit;
2187 5048 2289 5116 qui
2320 5047 2428 5101 lib.
2466 5060 2536 5114 Iv,
2571 5060 2692 5114 cap.
2749 5042 2797 5110 l,
2832 5046 3105 5100 adversus
3137 5049 3437 5115 utramque
3481 5047 3629 5100 Petri

1983 5120 2168 5174 sedem
2198 5119 2504 5184 uberrime,
2529 5131 2593 5171 ac
2624 5116 3133 5186 scrupulosissime
3156 5117 3509 5186 disputavit;
3536 5130 3630 5171 no-

1983 5159 2908 5245 Et"thEﬁé'iii’gbﬁi’bnem'esse
2935 5188 3205 5255 prat‘atus
3225 5159 3392 5257 q'uem
3421 5159 3633 5244 nihilo-

1985 5261 2178 5315 minus
2207 5261 2631 5330 soluturumse
2681 5258 2973 5330 professus
3013 5263 3118 5330 est,
3165 5265 3336 5328 atque
3365 5272 3434 5314 ex
3487 5260 3630 5330 ipsis

1982 5345 2157 5388 sacra
2189 5332 2500 5400 Scriptura
2534 5328 2792 5384 fontibus
2817 5342 2931 5383 rem
2958 5330 3036 5383 ita
3065 5329 3489 5384 illustraturum
3512 5328 3632 5386 om-

1983 5417 2128 5471 nem,
2160 5409 2223 5458 ut
2251 5403 2509 5455 adversus
2544 5406 2828 5454 torrentem
2868 5402 3203 5470 Scriptorum
3231 5401 3336 5470 (sic
3365 5403 3515 5456 enim
3539 5402 3632 5456 lo—

1982 5473 2204 5546 quitur)
2233 5475 2384 5546 regia
2418 5475 2504 5525 via
2540 5473 2869 5542 procederet.
2903 5473 3007 5546 Sed
3044 5471 3141 5527 ubi
3180 5477 3302 5546 tam
3339 5486 3538 5544 magna
3575 5480 3631 5528 et

1985 5544 2255 5617 praclara
2278 5545 2529 5617 minatus
2549 5547 2654 5608 est,
2671 5558 2736 5599 ac
2761 5544 3070 5617 recondita
3096 5544 3416 5617 cujusdam,
3448 5557 3630 5617 neque

1981 5614 2238 5688 vulgaris
2264 5616 2337 5670 iis
2361 5617 2418 5670 in
2435 5615 2604 5670 rebus
2621 5616 2842 5686 peritia
2854 5629 3009 5688 spem
3024 5614 3339 5688 lectoribus
3353 5615 3628 5688 ostendit,

1985 5686 2325 5744 incredibile
2350 5694 2436 5742 est
2467 5688 2669 5758 dictu,
2703 5701 2872 5758 quam
2900 5701 2958 5740 se
2983 5686 3246 5756 imperite
3274 5686 3333 5740 in
3355 5691 3475 5742 tota
3523 5687 3626 5742 illa

1982 5771 2302 5829 temporum
2325 5757 2731 5814 controversia
2740 5758 3076 5828 jactaverit;
3109 5758 3249 5813 adeo
3278 5771 3436 5823 sane,
3463 5761 3530 5829 ut
3554 5771 3626 5812 ne

1983 5828 2168 5903 prima
2199 5831 2431 5900 quidem
2447 5831 2722 5887 elementa
2749 5829 2897 5885 artis
2913 5829 3100 5901 illius,
3123 5842 3293 5900 quam
3316 5828 3629 5901 profiteba—
