3994 6168
395 311 535 368 4031

1633 307 1989 363 ANASTASII
2027 304 2543 362 BlBLIOTHECARI
2549 309 2570 363 Ι

3672 303 3794 361 1033

390 440 507 506 tur,
539 448 600 489 se
630 432 913 506 didicisse
939 432 1106 489 ﬁdem
1131 429 1354 506 fecerit.
1405 430 1876 506 Deiquibus‘cum
1911 434 2044 506 ante
2068 430 2129 490 A
2160 434 2217 483 et
2243 427 2841 506 Ecclesia3_legend_um
2870 441 2975 483 sua
3001 430 3349 506 auctoritate
3371 429 3554 484 dedit.
3586 428 3798 506 Assum-

388 500 689 560 biennium
745 503 861 559 fere
906 505 1284 560 reverendiss.
1338 505 1402 558 D.
1454 500 1677 557 Nicolai
1708 500 2040 556 Coeﬁ‘eteavi

389 575 776 631 Massiliensis
804 575 1057 645 episcOpi
1084 575 1193 643 piae
1224 575 1511 629 memoriae
1544 572 2046 645 rogatulhortatu-

390 660 504 716 que
532 642 1019 701 Dissertationem'
1038 642 1395 713 scripserim,
1427 657 1596 714 quam
1622 642 1726 698 ille
1752 642 2044 716 loculento

388 712 444 773 et
472 717 715 799 egregio
736 716 895 786 operi
1044 712 1504 799 intexuit,_qu0d
1532 720 1731 799 contra
1757 712 2048 799 Spalatep-

390 785 742 855 sem'edidit,
776 785 901 856 quae,
927 786 1051 841 illic
1080 785 1271 841 fusius
1291 785 1464 856 atque
1493 785 1735 841 uberius
1768 785 2050 856 exposui-

391 871 540 926 mus,
591 853 902 913 summatin
940 859 1044 912 hoc
1086 858 1143 911 in
1180 856 1323 927 loco,
1372 853 1485 912 ἠαδ
1508 864 1595 911 est
1617 856 1848 924 pr0pria
1888 853 2049 908 sedes

391 929 732 984 quaestionis
774 928 956 984 illius.
1003 873 1437 984 perstringenda
1488 927 1885 984 putavimus.»
1926 925 2048 979 Non

390 925 732 999 quaaStionis
774 928 956 995 illius,
1001 925 1437 999 perstringenda
1488 927 1885 999 putavimus.»
1926 925 2048 979 Non

392 996 769 1055 t'ranscribam
802 996 1249 1053 Petavianilibri
1264 996 1463 1068 capita
1497 997 1563 1053 43
1578 1003 1633 1053 et
1657 996 1741 1063 lt,
1774 1009 1905 1051 eum
1938 1008 2051 1063 prae

389 1070 658 1125 manibus
698 1069 957 1124 omnium
985 1070 1125 1125 sint.
1168 1072 1457 1125 Summam
1491 1068 1886 1125 tantummodo
1916 1079 2052 1135 per-

391 1141 692 1210 stringam.
728 1139 991 1195 Ostendit
1014 1141 1307 1195 veritatem
1329 1146 1501 1211 atque
1532 1139 1823 1193 inscitiam
1849 1136 2055 1211 Spala-

386 1208 588 1274 tensis,
642 1216 1004 1280 recoquentis
1047 1210 1267 1265 Calvini
1300 1208 1604 1277 crainbem,
1631 1216 1687 1264 et
1711 1208 2050 1280 Magdebur-

389 1284 652 1352 gensium
672 1279 913 1350 objecta,
933 1282 1105 1336 toties
1121 1295 1152 1336 a
1166 1282 1471 1337 catholicis
1490 1280 1801 1335 dissoluta.
1822 1279 2045 1352 Iudicat

386 1348 455 1407 ex
477 1355 624 1408 Luca
647 1348 757 1407 sub
792 1352 925 1406 inde
946 1365 978 1405 a
1000 1365 1133 1407 nece
1153 1352 1426 1421 Stephani
1444 1352 1850 1421 perdispersos
1871 1348 2051 1421 disci-

390 1424 557 1493 pulos
573 1423 960 1478 Christianam
981 1421 1167 1477 lucem
1185 1418 1397 1478 Judaeis
1415 1418 2049 1493 Antiochensibusilla-

388 1492 502 1548 tam
518 1492 718 1549 fuisse.
746 1493 979 1547 Petrum
1007 1493 1262 1549 triennio
1296 1499 1425 1562 post
1456 1492 1892 1549 conversionem
1909 1492 2041 1562 Pau-

387 1564 429 1619 li
462 1563 781 1647 profectum
803 1561 1397 1647 Antiochiam‘ﬁxisse
1431 1564 1488 1618 in
1515 1578 1579 1619 ea
1600 1564 1835 1647 civitate
1855 1561 2042 1647 sedem

384 1632 790 1705 episcopalem.
862 1633 1110 1689 Auctum
1162 1636 1370 1690 deinde
1418 1648 1717 1690 numerum
1777 1632 2042 1688 Ecclesiae

387 1705 782 1773 Antiochente,
839 1706 1069 1775 quando
1115 1705 1429 1760 Chistiana:
1477 1705 1607 1760 ﬁdei
1667 1705 1879 1760 ibidem
1911 1716 2040 1756 am-

390 1776 655 1847 pliﬁcatae
703 1778 944 1832 nuntius
1000 1776 1450 1846 Hierosolymam
1482 1776 1697 1831 allatus
1744 1775 2038 1847 est.__Fre-

386 1845 627 1917 quentes
651 1861 931 1902 excursus
948 1847 1095 1901 Petri
1110 1845 1532 1904 visitandorum
1550 1847 1733 1917 gratia
1746 1845 2000 1900 ﬁdelium
2018 1862 2031 1917 ξ

386 1914 571 1989 neque
598 1931 794 1989 omnes
821 1917 1099 1973 distincte
1146 1918 1204 1973 in
1254 1918 1498 1973 Actibus
1530 1914 1890 1974 memoratos.
1925 1914 2034 1989 _sed

383 1985 716 2045 contentum
738 1987 921 2061 fuisse
953 1989 1160 2043 Lucam
1192 2003 1373 2061 genus
1402 1990 1645 2061 edicere,
1684 2001 1817 2043 cum
1838 1985 2034 2061 refer:

385 2067 491 2123 ret,
526 2063 750 2115 Petrum
784 2060 1077 2114 visitando
1102 2055 1450 2127 periransire
1475 2060 1801 2114 universos.
1838 2055 2036 2112 Videri

385 2137 605 2199 poterat
633 2131 777 2184 satis
792 2129 1118 2185 consultum
1145 2131 1471 2199 patrocinio
1483 2129 1765 2198 veritatis,
1796 2142 1894 2197 per
1922 2127 2040 2181 haec

384 2197 677 2256 observata
711 2200 924 2254 Petavii
948 2201 1429 2270 chronologorum
1449 2197 1618 2270 facile
1647 2199 1931 2270 principis
1960 2200 2040 2252 ita

386 2215 677 2256 Observata
711 2215 924 2254 vetavit
948 2215 1429 2270 cnronowgorum
1449 2215 1618 2255 iaciie
1684 2215 1931 2267 rincipis
1960 2215 2040 2252 ita

386 2271 711 2333 vindicata),
732 2273 815 2325 uti
838 2270 1085 2339 explicat
1105 2272 1279 2325 initio
1304 2267 1612 2340 capitis“.
1630 2215 1765 2339 ὅιιεθ
1786 2269 1856 2323 ab
1873 2269 2041 2323 haere-

386 2342 546 2409 ticis,
583 2341 796 2409 inquit,
826 2355 893 2395 ex
945 2347 1208 2395 accurata
1237 2355 1517 2397 annorum
1556 2341 1953 2410 disputatione
1985 2344 2042 2393 et

392 2411 957 2480 Actorumhistorja,
979 2418 1177 2466 contra
1197 2413 1344 2468 Petri
1367 2413 1693 2468 cathedram
1708 2411 1917 2480 Opponi
1944 2423 2044 2464 so—

393 2481 532 2552 lent,
561 2482 637 2537 iis
658 2479 928 2537 funditus
948 2483 1163 2536 eversis
1178 2496 1244 2538 ac
1265 2483 1568 2546 convictis,
1589 2479 1880 2550 nihil’jam
1903 2480 2043 2536 obs-

386 2559 509 2608 tare
531 2560 734 2622 potest,
751 2552 893 2623 quin
912 2557 1094 2621 vetus,
1117 2560 1173 2608 et
1189 2554 1339 2622 apud
1361 2554 1675 2609 catholicos
1688 2559 1909 2621 recepta
1933 2558 2044 2605 tra-

384 2624 539 2679 ditio
565 2625 785 2691 pondus
813 2636 981 2678 suum
1004 2628 1061 2677 et
1088 2626 1491 2679 auctoritatem
1534 2625 1796 2679 retineat.
1839 2624 2039 2676 Verum

384 2695 523 2764 quia
555 2695 866 2749 necessitas
892 2695 1270 2762 componendi
1304 2707 1523 2764 sacram
1560 2694 1864 2749 historiam
1897 2705 2042 2759 apo—

383 2763 643 2819 stolicam
679 2777 806 2819 cum
850 2764 1177 2819 rationibus
1206 2763 1479 2834 profanae,
1528 2765 1587 2819 in
1640 2765 1812 2818 annis
1842 2776 2039 2833 regum

381 2836 732 2900 Judieorum,
766 2847 831 2889 ac
849 2834 1134 2889 Caesarum
1168 2836 1550 2890 Romanorum
1585 2835 1900 2904 praesertim
1936 2847 2041 2901 pa—

382 2906 608 2961 riandis
623 2919 751 2960 cum
770 2907 918 2959 Petri
935 2907 1237 2973 praesentia
1254 2905 1687 2975 Hierosolymis,
1711 2904 1884 2960 Paulo
1900 2904 2041 2959 illuc

382 2978 747 3047 ascendente,
778 2981 842 3030 ut
867 2978 1095 3031 Petrum
1117 2978 1357 3046 videret,
1379 2977 1597 3032 Herode
1616 2976 1869 3047 Agrippa
1888 2989 2043 3029 eum-

381 3049 507 3103 dem
532 3046 784 3103 vinculis
815 3047 1196 3116 mancipante,
1219 3056 1342 3116 post
1363 3048 1634 3118 Jacobum
1657 3046 1850 3118 gladio
1880 3048 2043 3101 occi-

382 3132 532 3186 sum,
595 3123 801 3172 iterum
855 3119 1102 3173 adeunte
1155 3117 1625 3188 Hierosolymam.
1666 3116 1856 3172 'Paulo
1915 3123 2042 3188 post

382 3201 567 3244 annos
587 3189 1024 3259 quatuordecim
1051 3202 1083 3243 a
1107 3187 1481 3245 conversione
1510 3189 1630 3244 sive
1654 3202 1686 3243 a
1710 3189 1895 3258 prima
1931 3187 2041 3242 col-

382 3259 674 3315 locutione
697 3273 825 3313 cum
847 3261 1088 3331 Petroet
1111 3261 1474 3331 congregatis
1495 3260 1776 3329 apostolis
1810 3260 1871 3331 in
1895 3272 2041 3313 con—

380 3330 523 3386 cilio
551 3332 621 3386 ad
672 3330 1129 3400 respondendum
1170 3332 1240 3402 de
1268 3330 1572 3402 legalibus,
1608 3331 1757 3401 quod
1785 3330 2043 3402 referunt

381 3402 764 3457 communiter
809 3402 879 3455 ad
933 3414 1148 3456 annum
1191 3401 1261 3457 53
1315 3400 1440 3456 aerea
1487 3400 1703 3456 ChriSti
1759 3400 2035 3470 vulgaris,

382 3474 716 3534 necessitas,
743 3473 1001 3542 inquam,
1028 3473 1403 3540 componendi
1450 3478 1725 3541 utrasque
1760 3471 2039 3525 historias

381 3543 796 3613 apostolorum,
845 3555 911 3597 ac
956 3543 1241 3613 Caesarum
1295 3556 1426 3598 cum
1478 3544 1663 3610 pariat
1706 3542 2039 3613 implicatas

382 3612 765 3684 quaestiones;
799 3614 934 3668 inde
962 3612 1130 3669 facile
1159 3627 1357 3669 ansam
1381 3614 1676 3682 arripiunt
1702 3612 1894 3668 hostes
1919 3613 2033 3666 Ro-

384 3699 562 3740 manae
578 3685 863 3740 cathedrae
880 3698 949 3738 ex
969 3697 1103 3751 uno,
1128 3685 1214 3739 vel
1229 3684 1410 3739 altero
1433 3691 1593 3739 textu
1614 3684 2033 3739 historicorum

381 3756 697 3826 quierendi,
732 3761 796 3810 ut
820 3755 1008 3826 aiunt,
1046 3756 1257 3809 nodum
1284 3756 1341 3810 in
1376 3756 1587 3824 scirpo.
1642 3755 1784 3808 Hinc
1817 3754 2031 3826 Petavii

380 3823 1049 3893 rationibuSdeclinatis,
1072 3826 1309 3894 acieque
1325 3831 1790 3949 argumentorum
1818 3823 2028 3887 refusa,

380 3897 785 3949 Schelestratio
805 3895 893 3949 illi
915 3896 973 3949 in
1008 3908 1194 3949 pugna
1220 3909 1386 3949 succe
1430 3896 1547 3949 enti
1573 3909 1748 3949 novos
1777 3898 1928 3949 ictus
1953 3896 2028 3948 in-

377 3897 785 3951 Scbelestratio
805 3895 893 3949 illi
915 3896 973 3949 in
1007 3908 1194 3965 pugna
1220 3895 1547 3951 succedenti
1573 3909 1748 3951 novos
1777 3898 1928 3951 ictus
1953 3896 2034 3948 in-

381 3973 623 4035 tentant,
670 3965 1102 4036 chronologiam
1151 3966 1211 4019 in
1236 3966 1550 4021 discrimen
1587 3974 1932 4022 revocantes.
1968 3970 2031 4018 ut

381 4043 577 4092 nostra
595 4036 840 4090 historia
865 4035 1215 4104 pontiﬁcalis
1236 4050 1364 4092 cum
1394 4036 1517 4105 ipsa
1534 4038 1819 4092 concidat.
1836 4038 2029 4104 Neque

382 4108 438 4163 id
458 4105 1103 4176 praestantsulummodo
1117 4108 1430 4163 Doduellus
1442 4115 1497 4162 et
1514 4108 1871 4169 Pearsonius,
1888 4118 2028 4161 sem-

384 4190 481 4247 per
506 4178 904 4232 vehementius
932 4183 1132 4232 contra
1160 4191 1262 4233 nos
1295 4178 1560 4246 incitati;
1596 4180 1691 4234 sed
1723 4179 1896 4232 etiam
1922 4177 2024 4246 qui

381 4247 939 4317 moderatiussolent
964 4247 1266 4303 nobiscum
1294 4262 1480 4317 agere,
1510 4250 1595 4303 uti
1635 4251 1879 4303 Joannes
1905 4247 2028 4301 Mil-

380 4317 501 4373 lius
527 4320 584 4372 in
613 4316 946 4387 praefatione
965 4318 1032 4373 ad
1065 4320 1283 4373 Novum
1309 4316 1732 4374 Testamentum
1762 4332 1881 4373 suae
1911 4318 2027 4373 edi-

381 4389 581 4456 tionis,
606 4394 663 4443 et
685 4389 956 4444 Guillem.
971 4391 1112 4444 Cave
1127 4389 1186 4443 in
1203 4389 1448 4445 historia
1469 4392 1676 4458 Script.
1692 4390 1828 4445 eccl.
1858 4389 2027 4444 verbo

378 4461 593 4527 Petrus,
623 4461 790 4529 quasi
817 4459 1224 4515 conclamatam
1250 4462 1638 4531 chronologite
1670 4468 1876 4515 nostrae
1901 4474 2030 4515 cau-

2071 1813 2120 1873 Β

2071 3160 2118 3221 C

2161 505 2255 568 pto
2281 501 2476 570 ita’que
2506 499 2834 569 Evangelio,
2867 499 3017 569 quod
3046 500 3168 568 ipse
3188 499 3527 563 confecerat,
3563 500 3796 568 perrexit

2160 573 2219 625 in
2278 571 2596 640 IEgyptum.
2649 570 3081 641 Autographum
3159 571 3450 639 Evangelii
3510 571 3569 623 B.
3639 571 3796 625 Marci

2158 641 2413 696 Venetiis
2433 640 2717 696 asservari
2753 641 2811 694 in
2844 640 3115 697 thesauro
3151 642 3278 709 ejus
3302 640 3529 696 ducalis
3559 640 3796 696 basilicae

2159 710 2307 766 fama
2333 719 2438 778 est,
2473 712 2688 766 litteris
2716 712 3041 782 principum
3067 711 3121 765 id
3150 712 3643 767 contestantibus:
3672 726 3797 782 quas

2157 782 2343 837 edidit
2363 783 2436 836 Β.
2462 784 2525 835 Ρ.
2558 781 2925 837 Montfaucon
2960 783 3018 836 in
3045 796 3151 837 suo
3176 782 3593 837 DiarioItalico
3623 780 3799 850 pag55

2158 858 2214 907 et
2251 867 2369 923 sep.
2410 852 2687 908 Beneﬁcio
2717 853 3193 908 excellentissimi
3236 854 3300 906 D.
3356 853 3649 908 Foscarini
3690 853 3795 907 divi

2159 925 2333 978 Marci
2378 924 2786 992 procuratoris,
2819 925 2913 979 cui
2944 923 3307 994 magistratui
3343 937 3480 978 cura
3506 924 3661 978 sacri
3684 924 3800 978 the-

2163 996 2320 1049 sauri
2354 995 2693 1050 demandata
2744 1003 2850 1062 est,
2905 994 3225 1064 impetravi,
3262 1002 3325 1049 ut
3365 994 3622 1064 evolvege
3651 995 3796 1064 mihi

2164 1064 2364 1119 liceret
2391 1065 2611 1120 codicis
2638 1064 2796 1133 folia,
2837 1061 3157 1120 dum'anno
3206 1066 3505 1134 superiore
3532 1061 3693 1132 472οτ
3717 1066 3800 1120 die

2160 1134 2197 1189 2
2224 1135 2552 1190 Decembris
2591 1148 2751 1193 sacra
2797 1135 3024 1204 lipsana
3048 1149 3349 1191 venerarer
3376 1135 3587 1192 ibidem
3620 1149 3801 1190 asser—

2162 1211 2330 1275 vata;
2361 1212 2417 1260 et
2458 1206 2723 1261 adhibito
2755 1206 3088 1276 perspicillo
3134 1207 3446 1278 diligenter
3495 1207 3800 1278 inquirere,

2163 1290 2299 1331 num
2320 1278 2524 1345 Graeci,
2548 1290 2620 1332 an
2667 1277 2853 1331 Latini
2903 1277 3270 1333 characteris’
3286 1277 3467 1333 forma
3500 1278 3561 1332 in
3596 1277 3799 1332 litteris

2160 1353 2479 1417 appareret,
2513 1361 2545 1403 a
2587 1347 3014 1403 Montfauconio
3040 1348 3319 1415 depictis:
3354 1349 3524 1417 cujus
3554 1348 3798 1404 diarium

2159 1419 2423 1474 consulto
2454 1432 2671 1474 mecum
2712 1418 3039 1484 attuleram,
3073 1432 3186 1474 una
3207 1434 3337 1474 cum
3372 1419 3599 1474 lamella
3627 1420 3797 1485 tenui,

2199 1503 2269 1544 ua
2302 1502 2517 1558 possem
2561 1489 2793 1558 putrida
2817 1487 2955 1544 folia
2982 1490 3275 1553 diducere,
3309 1491 3453 1545 citra
3488 1489 3797 1559 periculum

2185 1567 2443 1615 racturm.
2474 1562 2766 1615 Incassum
2786 1559 3173 1615 laboravimus
3192 1568 3475 1630 quotquot
3491 1561 3601 1615 hoc
3617 1562 3799 1616 studio

2158 1631 2529 1695 tenebamur;
2563 1644 2691 1685 nam
2739 1632 2875 1685 licet
2916 1630 3138 1686 lumina
3183 1632 3481 1701 complura
3537 1631 3799 1687 admove-

2155 1715 2368 1769 remus,
2401 1708 2457 1757 et
2488 1701 2746 1756 lentibus
2786 1702 3145 1771 crystallinis
3186 1716 3532 1771 augeremus
3563 1703 3799 1757 visionis

2151 1772 2451 1843 angulum,
2512 1773 2735 1828 nullum
2791 1779 2978 1827 tamen
3031 1774 3297 1828 elementi
3348 1773 3433 1843 vel
3472 1773 3692 1841 Latini,
3723 1773 3797 1827 vel

2151 1842 2333 1898 Graeci
2361 1843 2667 1913 vestigium
2713 1843 3134 1912 deprehendere
3158 1844 3357 1899 datum
3388 1842 3535 1899 fuit:
3594 1844 3678 1898 ita
3707 1843 3800 1897 de—

2154 1914 2315 1968 tritis
2338 1928 2474 1980 aavo,
2507 1920 2682 1983 atque
2728 1916 2913 1969 erosis
2957 1914 3265 1983 (salsedine
3302 1914 3549 1970 forsitan
3594 1920 3799 1969 aestua-

2154 1984 2396 2057 riorum)
2413 1985 2666 2055 singulis
2685 1984 2919 2053 litteris,
2943 1985 3243 2057 utnulliils
3262 1986 3444 2055 ﬁgura
3460 1992 3793 2057 superesset

2149 2054 2428 2110 Narratur
2462 2054 2913 2110 indocumenlis
2956 2069 2986 2110 a
3030 2054 3455 2111 Montfauconio
3498 2056 3702 2111 allatis
3740 2069 3795 2110 ex

2152 2127 2384 2181 Bolland
2401 2167 2414 2180 .
2441 2132 2576 2181 tom.
2601 2128 2694 2181 Ill.
2718 2127 2959 2195 Aprilis,
2984 2139 3109 2196 pag.
3128 2124 3253 2193 345,
3281 2129 3339 2182 in
3372 2128 3797 2196 metropolitana

2150 2197 2409 2251 Ecclesia
2450 2198 2718 2266 Pragensi
2767 2198 3048 2253 asservari
3098 2199 3246 2253 duos
3302 2197 3541 2252 ultimos
3576 2205 3797 2266 quater—

2153 2267 2357 2323 niones
2402 2268 2657 2337 ejusdem
2708 2269 2929 2323 codicis
2977 2269 3031 2322 S.
3090 2270 3263 2323 Marci
3310 2269 3537 2323 Latinis
3601 2267 3798 2323 litteris

2152 2339 2402 2406 scriptos
2442 2353 2586 2409 quos
2616 2338 2858 2394 Carolus
2901 2339 3153 2407 Quartus
3185 2339 3499 2407 imperator
3528 2339 3795 2397 obtinuit.

2151 2417 2208 2464 et
2248 2416 2570 2464 memoratae
2598 2410 2867 2479 Pragensi
2909 2410 3174 2464 Ecclesia:
3194 2411 3450 2465 donavit.
3484 2411 3677 2479 Hujus
3707 2411 3797 2463 Ve—

2153 2481 2268 2534 neti
2298 2480 2520 2535 codicis
2548 2480 2973 2535 membranarea
3002 2494 3126 2535 esse
3161 2479 3323 2545 folia,
3359 2494 3471 2535 non
3499 2489 3695 2536 autem
3739 2492 3797 2533 ex

2154 2550 2379 2620 phylira
2395 2552 2481 2621 (ut
2502 2550 2600 2605 ille
2612 2551 2923 2620 opinatur),
2945 2564 3106 2621 nemo
3119 2564 3186 2605 ex
3202 2550 3587 2620 praesentibus
3602 2558 3802 2606 attente

2151 2622 2525 2676 considerans
2560 2622 2874 2676 dubitavit.
2910 2620 3278 2677 Refundenda
3309 2629 3397 2676 est
3430 2622 3490 2676 in
3555 2624 3800 2676 acrimo—

2152 2692 2307 2745 niam
2334 2692 2473 2746 salsi
2530 2692 2789 2747 humoris
2817 2693 2889 2746 ab
2912 2693 3271 2748 australibus
3303 2693 3489 2747 ventis
3548 2693 3806 2754 excitati,

2153 2762 2368 2832 quibus
2396 2762 2774 2831 perﬁantibus
2801 2776 3083 2818 marmora
3109 2764 3233 2831 ipsa
3258 2765 3514 2818 ecclesiae
3542 2766 3605 2817 ai.
3642 2765 3801 2818 Marci

2150 2832 2299 2887 ﬁunt
2318 2833 2560 2904 irrigua,
2581 2835 2837 2889 corrosio
2864 2835 3191 2903 atramenti,
3213 2848 3280 2889 ac
3312 2834 3666 2895 litterarum,
3692 2848 3804 2904 quin

2150 2910 2386 2975 apparet
2412 2905 2472 2958 in
2519 2905 2939 2960 recentioribus
2985 2905 3157 2959 etiam
3201 2905 3503 2960 codicibus
3551 2907 3805 2975 Evange—

2154 2974 2369 3030 liorum
2400 2974 2592 3030 eodem
2626 2977 2879 3030 armario
2898 2976 3234 3042 custoditis,
3265 2976 3400 3030 licet
3424 2977 3635 3030 horum
3661 2974 3803 3031 scri—

2157 3052 2338 3114 ptura:
2384 3047 2712 3116 antiquitas
2744 3059 2925 3102 annos
2951 3044 3053 3100 400
3087 3060 3198 3101 non
3252 3053 3503 3115 superet.
3557 3049 3635 3101 Ea
3662 3048 3798 3101 enim

2154 3129 2215 3171 se
2248 3116 2582 3171 insinuante
2629 3131 2759 3172 cum
2790 3130 2900 3172 aere
2940 3118 3064 3185 ipso
3110 3118 3314 3171 intima
3360 3118 3417 3171 in
3467 3118 3799 3185 penetralia,

2157 3186 2520 3256 quantolibet
2546 3189 2741 3242 studio
2788 3189 3097 3253 custodita,
3133 3186 3395 3242 effeetum
3425 3194 3532 3251 est,
3575 3195 3642 3242 ut
3689 3200 3801 3256 qua

2152 3257 2500 3312 lineamenta
2532 3258 2856 3313 litterarum
2885 3260 2945 3313 Β.
2972 3260 3027 3312 Ρ.
3070 3257 3438 3313 Montfaucon
3475 3258 3803 3313 observanti

2153 3331 2366 3383 Latinas
2384 3330 2689 3397 scriptura:
2709 3330 2995 3384 indicium
3015 3330 3250 3384 evidens
3266 3329 3681 3397 exhibuerant,
3698 3331 3800 3397 jam

2150 3399 2387 3471 omnino
2429 3401 2728 3467 deperdita
2797 3400 2948 3455 intra
3013 3413 3196 3455 annos
3255 3403 3402 3455 duos
3468 3407 3525 3453 et
3579 3400 3801 3471 viginti,

2151 3470 2377 3526 nullum
2404 3484 2523 3542 sua:
2553 3471 2750 3540 ﬁgurae
2772 3471 3081 3539 vestigium
3120 3471 3485 3540 reliquerint.
3546 3538 3553 3542 ἢ

2223 3542 2393 3595 Linea
2448 3538 2502 3595 7.
2555 3538 2621 3582 -ῖ
2680 3543 2807 3595 Post
2889 3538 3099 3595 omnem
3169 3538 3406 3610 quatuor
3474 3538 3803 3608 Evangelia—

2148 3627 2272 3665 rum
2327 3614 2551 3679 fontem,
2611 3628 2732 3681 qua
2779 3613 2856 3665 ad
2902 3614 3405 3681 interrogationem,
3465 3619 3518 3664 et
3565 3616 3801 3665 testimo'

2146 3685 2303 3735 nium
2327 3684 2445 3751 ejus
2486 3687 2707 3751 firmata
2731 3687 2861 3735 sunt
2902 3682 3152 3753 Leodices
3183 3682 3486 3753 Holstenii,
3530 3690 3589 3736 et
3638 3683 3802 3738 Sche—

2150 3753 2400 3808 lestratii
2427 3754 2632 3808 habent
2656 3753 2963 3820 formata],
2996 3754 3127 3807 dum
3147 3755 3295 3807 alius
3314 3756 3530 3820 Latine,
3557 3754 3801 3820 aliusque

2149 3824 2351 3886 Graece,
2394 3829 2445 3878 et
2483 3826 2628 3878 alius
2656 3824 2937 3878 Hebraice'
2972 3830 3294 3891 consonant,
3347 3830 3528 3878 tamen
3575 3825 3698 3892 ejus
3740 3828 3801 3875 te-

2147 3897 2399 3948 stimonio
2444 3902 2576 3948 sunt
2619 3898 2859 3965 ﬁrmata.
2919 3896 3224 3966 Evangelia
3272 3895 3554 3963 Matthaei,
3611 3893 3798 3954 Marci,

2150 3966 2330 4034 Luem,
2371 3979 2483 4022 non
2532 3966 2718 4021 solum
2752 3966 2974 4021 ﬁrmata
3017 3968 3349 4021 testimonio
3390 3967 3564 4031 Petri,
3619 3976 3802 4020 verum

2146 4037 2317 4090 etiam
2332 4034 2571 4091 formata
2588 4050 2656 4091 ex
2674 4037 2926 4105 ejusdem
2954 4037 3325 4106 responsione
3342 4043 3535 4092 textus
3555 4036 3802 4091 exhibet.

2145 4108 2519 4178 Evangelium
2556 4108 2812 4168 Joannis,
2866 4114 2994 4176 post
3044 4109 3380 4178 martyrium
3433 4109 3612 4171 Petri,
3644 4106 3806 4160 annis

2143 4175 2331 4233 ferme
2360 4180 2597 4248 triginta
2633 4175 2984 4248 contextum,
3019 4185 3083 4233 ut
3115 4175 3488 4233 in’Clemente
3526 4179 3804 4241 dicemus,

2138 4249 2307 4319 auxit
2343 4261 2609 4303 canonem
2643 4250 3095 4318 Scripturarum,
3125 4264 3292 4319 quem
3322 4249 3540 4304 clausit
3585 4251 3812 4317 Apoca-

2139 4318 2339 4389 lypsis.
2364 4320 2626 4374 Editores
2656 4320 2979 4390 Maguntini
3001 4327 3057 4374 et
3088 4318 3335 4375 Parisini
3369 4320 3474 4374 hoc
3518 4320 3647 4374 loco
3703 4332 3807 4372 non

2138 4394 2321 4461 otiose
2351 4395 2672 4461 ohservant,
2713 4391 3104 4459 apostolorum
3138 4391 3418 4459 principis
3474 4390 3810 4445 testimonio

2143 4460 2244 4515 illa
2265 4462 2496 4530 scripta.
2523 4461 2661 4516 licet
2678 4462 2965 4517 divinitus
2983 4463 3217 4531 dictata,
3238 4476 3350 4516 non
3367 4462 3631 4516 caruisse
3656 4480 3669 4513 :
3696 4464 3811 4514 sive

379 4543 499 4585 sam
530 4530 904 4585 miserantur.
935 4531 1003 4585 Ut
1018 4538 1299 4601 constare,
1323 4532 1458 4601 sibi,
1486 4530 2025 4587 et’consentiretum
2066 4538 2114 4597 ι)
2141 4532 2441 4587 Matthazus
2487 4533 2544 4586 in
2578 4546 2637 4586 re
2664 4536 2806 4586 tanti
2844 4534 3134 4600 momenti,
3182 4530 3383 4602 quanti
3433 4539 3558 4586 erat
3589 4532 3807 4586 Christi

376 4602 807 4672 sacrislitteris,
824 4608 942 4656 tum
955 4603 1316 4658 documentis
1331 4603 1575 4672 probata:
1589 4602 1846 4658 historiae.
1858 4603 2028 4657 etiam

379 4671 631 4745 profana:
660 4671 1385 4745 cognoscanturtempora,
1415 4688 1480 4729 ac
1502 4681 1679 4745 gesta,
1709 4688 1836 4744 quae
1869 4676 2028 4728 l’etro

377 4744 717 4813 tribuimus,
735 4744 1237 4814 placetAnnalium
1252 4758 1407 4799 more
1419 4744 1740 4801 Chronicon
1757 4746 1920 4801 breve
1937 4745 2029 4798 hic

376 4821 630 4870 attexere
648 4817 719 4870 ab
748 4816 986 4871 exordio
1016 4814 1387 4884 pontiﬁcatus
1416 4817 1565 4871 Petri
1592 4817 1660 4870 ad
1696 4822 1812 4871 tres
1836 4816 2030 4885 praeci-

375 4899 522 5011 Ruas
547 4887 710 4943 sedes
757 4886 827 4940 ab
858 4887 983 4955 ipso
1014 4885 1306 4953 fundatas,
1351 4887 1675 4942 Antiochiae
1702 4888 1931 4957 quidem
1963 4900 2029 4941 ac

426 4971 567 5011 omte
586 4962 811 5011 suamet
855 4957 1175 5011 praesentia.
1206 4957 1568 5011 Alexandriae
1587 4971 1718 5011 vero
1751 4971 1846 5011 uer
1873 4958 2029 5011 Mar-

426 4971 567 5013 omae
586 4962 811 5013 suamet
855 4957 1175 5027 praesentia,
1206 4957 1568 5014 Alexandriae
1587 4971 1718 5012 vero
1750 4971 1846 5026 per
1873 4958 2030 5012 Mar-

376 5041 505 5083 cum
527 5028 955 5099 evangelistam.
997 5028 1102 5084 Sed
1137 5042 1205 5084 ne
1235 5029 1645 5099 interrumpam
1697 5035 2025 5085 contextum
2062 5062 2073 5069 ο

379 5107 641 5224 netariiln
669 5098 926 5180 adhunc
956 5113 1278 5170 numerum,
1311 5101 1370 5155 in
1401 5100 1511 5156 ﬁne
1526 5098 1858 5156 earumdem
1882 5107 2029 5169 pote-

379 5183 429 5224 ri
496 5182 562 5224 co
613 5182 787 5224 ocari.

377 5170 459 5224 rit
496 5170 787 5226 collocari.

449 5241 622 5296 Linea
673 5238 726 5295 6.
757 5268 832 5280 —
873 5241 944 5293 Et
984 5243 1342 5309 Evangelium
1370 5242 1568 5306 Marci,
1623 5243 1758 5309 quia
1806 5242 2026 5295 Marcus

376 5311 600 5396 auditor
619 5312 974 5396 ejus_fui_t-,et
1199 5313 1265 5366 de
1288 5313 1571 5396 baptismo.
1607 5311 2022 5396 'l‘ertnllianus,

377 5381 479 5436 lib.
513 5396 590 5451 iv,
622 5390 807 5438 contr.
840 5381 1181 5437 Marcionem
1198 5396 1323 5452 cap.
1350 5381 1405 5447 ὅ,
1424 5395 1654 5438 causam
1686 5382 1902 5449 retulit,
1924 5398 2027 5438 cur

377 5451 780 5525 abaliquibus
812 5453 1182 5525 Evangelinm
1224 5451 1398 5509 Marci
1433 5453 2019 5525 tribuereturlPetro:

379 5521 671 5594 indicante
699 5526 869 5580 etiam
900 5521 1335 5594 Bfilieronymo
1368 5526 1427 5578 in
1456 5524 1567 5579 lib.
1603 5525 1677 5580 de
1702 5524 1909 5594 Script.
1944 5538 2028 5580 ec-

376 5592 742 5649 clesiasticis.
774 5596 956 5664 Hujus
980 5593 1150 5649 verba
1194 5592 1363 5650 sunt:
1397 5614 1421 5645 α
1447 5597 1673 5651 Marcus
1698 5592 2027 5664 discipulus

374 5670 429 5720 et
458 5664 741 5731 interpres
761 5667 933 5735 Petri,
954 5666 1122 5734 juxta
1140 5667 1289 5735 quod
1313 5667 1540 5719 Petrum
1566 5665 1895 5721 referentem
1916 5681 2029 5721 au-

373 5736 885 5805 diveral,_rogatus
930 5736 1118 5791 Roma:
1168 5749 1201 5791 a
1252 5735 1533 5790 fratribus
1584 5735 1749 5791 breve
1790 5737 2029 5805 scripsit

372 5773 1118 5874 ἓῖιέἶιίέὲίίίιῖῗόιῖοὲἕῖιῖ
1131 5773 1641 5877 ρὲιιῖιὶἔέὰᾶἷξεεῖξ
1653 5773 2025 5878 ἓΐρῗόὑὲὖῖἰζ

2141 4609 2296 4672 gesta
2321 4611 2378 4658 et
2404 4604 2724 4658 doctrinam
2772 4604 2990 4672 scripto
3025 4604 3383 4674 consignare,
3428 4604 3689 4657 noluerit
3729 4602 3807 4656 uti

2140 4674 2756 4743 potestateapostolica,
2778 4676 2924 4729 citra
2940 4676 3346 4729 conscientiam
3363 4674 3657 4743 principis
3686 4686 3812 4741 apo.

2139 4744 2453 4812 stolorum;
2497 4750 2618 4800 sive
2646 4745 3039 4800 testimonium
3080 4746 3230 4800 Petri
3259 4743 3590 4800 adhibitum
3634 4746 3809 4799 fuerit

2138 4816 2207 4869 ad
2232 4817 2547 4871 versionem
2577 4816 2867 4886 Evangelii
2898 4828 2966 4871 ex
2999 4816 3222 4885 triplici
3246 4816 3446 4885 lingua
3501 4815 3809 4886 conferen-

2137 4886 2269 4940 dam
2297 4900 2427 4942 cum
2457 4885 2813 4957 autographa
2842 4887 3310 4956 Scripturarum,
3340 4892 3395 4940 et
3438 4885 3809 4956 signaculum

2138 4957 2466 5013 adhibitum
2495 4959 2563 5013 ad
2596 4956 2903 5027 genuinam
2929 4958 3275 5027 exemplaris
3327 4956 3494 5011 illius
3542 4957 3810 5011 auctori-

2141 5034 2313 5083 tatem
2337 5029 2734 5097 roborandam,
2766 5029 2919 5098 quod
2951 5028 3217 5084 Ecclesiie
3257 5029 3525 5082 Romanae
3570 5034 3813 5081 contra—

2137 5098 2331 5168 didit;
2365 5106 2581 5154 certum
2612 5106 2717 5165 est,
2752 5099 3051 5168 pontiﬁces
3074 5101 3355 5154 Romanos
3403 5098 3556 5153 Petri
3588 5110 3817 5152 succes-

2136 5183 2295 5226 sores
2315 5170 2369 5226 id
2396 5171 2650 5238 honoris,
2673 5183 2739 5224 ac
2758 5170 3249 5239 jurisinEcclesia
3269 5168 3556 5224 catholica
3586 5180 3816 5236 semper

2137 5241 2480 5308 obtinuisse,
2516 5247 2580 5296 ut
2602 5244 3084 5297 oecumenicorum
3130 5239 3512 5297 conciliorum
3580 5239 3815 5293 decreta

2136 5316 2256 5366 tum
2288 5314 2357 5367 de
2383 5311 2511 5378 ﬁde,
2546 5318 2667 5366 tum
2693 5314 2763 5367 de
2805 5312 3082 5377 moribus,
3140 5312 3277 5367 licet
3330 5310 3551 5379 prolata
3576 5309 3650 5363 ab
3705 5311 3818 5365 Ec—

2134 5382 2309 5437 clesia
2337 5382 2626 5449 universa,
2654 5382 2912 5451 ejusdem
2952 5383 3140 5438 divini
3172 5381 3427 5451 Spiritus
3475 5380 3708 5442 afﬂatu,
3760 5389 3818 5435 et

2134 5455 2500 5516 auctoritate,
2552 5467 2665 5524 qua
2710 5454 3029 5524 Evangelia
3092 5451 3629 5524 conscribebantur,
3698 5453 3815 5520 ipsi

2108 5516 2587 5594 'conﬁrment,aé
2635 5516 2996 5594 subsignént,
3043 5531 3099 5579 et
3154 5531 3275 5578 rata
3327 5521 3590 5579 habeant.
3660 5516 3814 5576 Hinc

2134 5597 2307 5651 etiam
2334 5603 2594 5651 vetustus
2628 5609 2749 5650 mos
2773 5594 3012 5650 inolevit
3042 5594 3209 5650 illius
3232 5594 3383 5649 ritus
3408 5595 3581 5659 sacri,
3629 5606 3814 5662 quem

2140 5667 2197 5720 in
2219 5667 2633 5736 antiquissima
2659 5666 2922 5736 liturgia,
2956 5668 3075 5721 sive
3103 5664 3319 5722 Ordine
3352 5666 3601 5719 Romano
3653 5678 3818 5736 eon-

2140 5682 2197 5720 in
2219 5682 2633 5736 antiquissma
2659 5682 2804 5722 utur
2851 5682 2922 5736 ia,
2956 5682 3075 5721 Sive
3103 5682 3319 5722 uruine
3352 5682 3601 5719 nomano
3659 5682 3818 5719 con-

2136 5738 2415 5793 traditum
2447 5737 2773 5795 retulerunt
2796 5682 2961 5793 ﬁlius
2982 5737 3251 5804 editores,
3281 5735 3583 5790 utseilieet
3610 5735 3819 5804 signa-

2136 5806 2267 5863 culo
2295 5808 2551 5879 episcopi
2605 5809 2780 5865 toties
2829 5808 3285 5865 eommuniretur
3320 5806 3499 5863 codex
3538 5805 3817 5881 Evange-
