3994 6168
138 325 163 382 4
172 326 280 383 033

1026 330 1348 387 HISTORIA
1384 332 1475 386 DE
1514 329 1688 385 VlTlS
1724 328 1893 385 ROM.
1938 330 2133 385 PONT.
2167 358 2238 373 —
2275 332 2331 385 S.
2377 333 2653 391 PETRUS.

3408 344 3546 405 4034

134 452 371 537 liorum,
406 455 633 537 quoties
677 456 958 537 diaconps
988 459 1059 537 ab
1077 459 1356 537 episcopo
1381 463 1703 537 reseratum
1732 463 1788 511 et
1811 469 1867 527 Α
1897 454 2005 511 bus
2033 456 2134 537 illa
2163 457 2441 515 indicatio
2470 466 2717 537 aptetur.
2740 460 2821 516 Ad
2845 462 3137 537 _ha3c_quis
3163 480 3413 537 unquam
3440 485 3543 526 vo-

134 525 479 598 in_ambone
516 527 747 596 lectum,
782 528 1020 598 perferri
1076 525 1301 586 iterum‘
1327 530 1396 585 ad
1428 529 1781 598 episcopum,

130 596 381 672 subinde
410 598 478 672 ad
505 596 804 655 archivuni
835 600 1217 671 apostolicum
1268 616 1366 672 per
1399 596 1783 656 su'bdiaconos

131 668 494 739 regionarios
520 678 768 726 curaret.

196 740 391 795 Codex
430 741 772 810 Mazarinus,
807 747 932 798 uta
970 744 1234 799 Fabrotto
1269 743 1573 810 discimus,
1609 740 1780 798 refert

129 811 554 885 ordinationem
580 814 708 868 Lini
733 818 790 869 et
831 814 973 869 Cleti
1005 817 1073 871 ad
1102 816 1517 885 episcOpatum,
1550 820 1612 869 ut
1641 827 1779 884 pos—

128 890 252 938 sent
280 884 339 937 in
364 882 551 939 ofﬁcio
580 885 920 941 sacerdotali
964 882 1252 955 implendo
1293 882 1517 942 Petrum
1540 882 1772 954 juvare:

128 954 358 1028 quando
398 955 623 1010 scilicet
646 954 1061 1027 episcoporum
1092 959 1386 1013 ordinatio
1429 958 1772 1028 contigeret,

128 1040 250 1095 qute
277 1026 397 1094 jam
451 1033 571 1081 tum
603 1042 701 1096 per
732 1026 1175 1098 tres’episcopos
1208 1029 1399 1100 peragi
1447 1026 1639 1098 cmpit,
1688 1028 1774 1083 uti

128 1102 353 1170 constat
385 1111 454 1152 ex
495 1112 711 1154 canone
752 1101 902 1155 inter
928 1098 1277 1170 apostolicos
1308 1098 1371 1155 if
1406 1102 1563 1156 Unde
1600 1100 1772 1154 etiam

125 1168 361 1224 suborta
380 1175 467 1224 est
496 1176 659 1226 vetus
677 1168 1031 1227 consuetudo
1053 1173 1316 1229 Ecclesiae
1332 1174 1596 1228 Romante
1615 1170 1777 1225 adhi-

124 1239 292 1315 bendi
318 1242 620 1315 episcopos
663 1242 1120 1315 suburbicarios,
1154 1246 1254 1315 qui
1281 1245 1592 1299 etiamnum
1628 1252 1773 1315 conv:

123 1314 385 1387 stituunt
416 1313 566 1387 sacri
608 1314 993 1371 cardinalium
1035 1313 1266 1387 collegii
1318 1323 1528 1384 partem
1565 1314 1771 1383 prima-

124 1384 286 1438 riam.
324 1383 566 1438 Videtur
602 1390 790 1441 autem
835 1383 1224 1456 apostolorum
1266 1383 1531 1455 Princeps
1562 1398 1771 1439 nume-

124 1469 242 1509 rum
273 1468 373 1510 sex
398 1456 798 1526 episcoporum
829 1458 1060 1513 auxisse
1089 1458 1388 1526 episcopos
1417 1456 1770 1512 suburbica-

124 1526 267 1593 rios;
296 1540 427 1581 cum
453 1527 509 1580 in
536 1527 645 1582 fine
663 1528 838 1595 hujus
862 1530 1030 1594 primi
1059 1543 1214 1585 num.
1240 1527 1768 1584 LiberPontificalis

124 1596 331 1670 referat
349 1598 646 1655 ordinatos
674 1613 705 1670 a
732 1600 785 1654 Β.
822 1602 981 1656 Petro
1006 1602 1306 1670 episcopos
1331 1614 1451 1666 sex,
1488 1598 1768 1669 presbyte-

131 1682 218 1723 ros
250 1668 338 1736 40,
366 1670 637 1725 diaconos
663 1669 698 1725 8
723 1672 842 1739 (seu
877 1668 1068 1741 potius
1088 1670 1141 1735 7,
1169 1668 1254 1727 uti
1273 1668 1766 1727 correctiusexhi-

126 1740 256 1795 bent
306 1741 528 1796 codices
578 1743 758 1809 Surii,
796 1740 1045 1808 Fréheri,
1099 1744 1395 1810 Mazarini,
1442 1742 1758 1798 Florentini

124 1814 251 1884 duo,
285 1819 342 1867 et
372 1812 670 1884 Vaticani).
698 1814 1105 1870 Ordinationes
1142 1816 1295 1869 enim
1341 1821 1651 1869 numerata:
1702 1813 1760 1867 in

120 1882 265 1939 libro
299 1882 714 1941 Pontificali'in
764 1887 914 1941 Vitis
957 1887 1289 1956 pontificum
1320 1884 1654 1941 referuntur
1690 1884 1760 1939 ad

116 1955 421 2011 Ecclesiam
474 1957 793 2012 Romanam.
853 1955 990 2013 Nam
1042 1959 1185 2013 satis
1212 1963 1434 2013 constat
1472 1971 1539 2012 ex
1577 1957 1761 2011 uoca-

117 2027 320 2082 mentis
353 2028 534 2083 totius
557 2028 905 2095 Occidentis,
934 2044 1031 2099 per
1052 2038 1298 2085 tractum
1330 2030 1684 2084 continentis
1707 2035 1763 2084 et

115 2099 457 2163 insularum,
485 2100 899 2168 patriarchatui
934 2101 1182 2157 Romano
1221 2101 1561 2169 subjectum,
1594 2101 1761 2156 ordi-

118 2178 277 2227 natos
320 2170 509 2243 fuisse
563 2184 628 2227 ac
687 2172 1060 2228 transmissos
1110 2185 1142 2227 a
1172 2173 1231 2226 B.
1269 2174 1431 2228 Petro
1460 2174 1760 2243 episcopos

111 2242 514 2367 qualtnplures:
556 2256 701 2313 quos
738 2245 868 2300 vide
900 2245 958 2300 in
989 2246 1142 2301 notis
1180 2243 1461 2311 Ciaconii,
1488 2242 1756 2315 Somier.,

111 2320 205 2367 eta
240 2328 454 2367 torum.

107 2320 156 2366 et
177 2314 454 2368 aliorum.

172 2384 456 2458 Referunt
497 2387 669 2441 etiam
721 2386 948 2443 codices
991 2387 1224 2457 Regius,
1297 2388 1643 2458 Mazarinus,
1702 2394 1759 2444 et

104 2455 381 2511 Thuanus
408 2457 833 2527 disputationes
864 2472 895 2514 a
926 2455 1098 2515 Petro
1132 2459 1359 2515 habitas
1403 2461 1470 2515 ad
1502 2455 1757 2515 Simonis

104 2528 241 2597 Magi
284 2529 522 2583 technas
548 2529 963 2598 dissolvendas,
997 2538 1055 2586 et
1078 2538 1313 2585 mortem
1336 2531 1624 2587 divinitus
1656 2533 1758 2587 im-

106 2600 336 2673 missam
378 2601 556 2673 Mago,
590 2608 842 2657 avertere
870 2603 1098 2657 curanti
1134 2604 1443 2657 Romanum
1481 2603 1754 2673 p0pulum

101 2668 164 2722 ab
191 2668 520 2739 apostolica
535 2668 800 2728 doctrina
826 2674 1217 2743 suscipienda.
1242 2672 1425 2743 Hujus
1452 2668 1533 2729 rei
1557 2668 1759 2729 'memi-

103 2749 313 2817 nerunt
342 2744 609 2817 Justinus
660 2745 716 2799 in
753 2742 1003 2817 sAporog.
1048 2742 1103 2815 2,
1145 2742 1428 2817 secth34;
1487 2748 1752 2811 fremens,

103 2810 194 2886 lib.
232 2827 281 2881 t,
310 2826 434 2886 cap.
465 2812 571 2885 ‘20;
602 2810 830 2886 Euseb,
866 2810 975 2871 lib:
1012 2810 1229 2886 ii,'cap.
1265 2814 1351 2872 43.
1388 2810 1525 2873 Vide
1550 2818 1751 2872 Baron.

104 2884 349 2960 adann.
374 2881 462 2951 44,
498 2881 567 2941 n.
609 2884 786 2960 l3,_e_t
811 2881 1109 2944 Sommier.
1159 2881 1303 2944 Hist.
1332 2888 1669 2960 dogmaticze
1698 2889 1754 2943 S.

105 2956 260 3041 sedis
279 2955 439 3041 libro
465 2972 499 3012 ι.
536 2972 662 3041 pag.
678 2957 809 3041 .105.

175 3028 230 3081 in
274 3028 479 3083 iisdem
507 3028 809 3087 codicibus
834 3037 1182 3087 memoratur
1206 3030 1510 3087 Clementis
1532 3030 1759 3087 ordina-

102 3097 181 3153 tio
234 3100 523 3168 peculiari
572 3100 818 3157 formula
874 3103 954 3158 ita
983 3103 1290 3172 descripta.
1329 3123 1355 3155 α
1402 3105 1601 3158 Petrus
1626 3116 1757 3157 vero

102 3171 363 3226 sentiens
383 3172 533 3227 diem
563 3174 767 3264 mortis
782 3174 895 3257 sibi
927 3174 1245 3264 imminere,
1265 3174 1606 3264 Clementem
1628 3175 1760 3264 epi—
1791 3203 1840 3264 ρ

101 3254 342 3316 scopum
393 3246 770 3312 consecravit,
816 3247 986 3316 eique
1024 3246 1373 3310 cathedram,
1428 3246 1511 3300 vel
1559 3246 1758 3300 Eccle-

101 3312 237 3385 siam
268 3327 500 3369 omnem
529 3312 943 3385 disponendam
993 3316 1304 3379 commisit,
1336 3316 1565 3371 dicens:
1595 3316 1758 3372 Sicut

105 3384 240 3455 mihi
272 3385 502 3455 ligandi
534 3395 591 3442 et
619 3389 880 3445 solvendi
924 3389 1137 3444 tradita
1176 3395 1262 3444 est
1297 3402 1329 3442 a
1359 3389 1602 3443 Domino
1635 3402 1756 3443 meo

97 3454 220 3511 Jesu
246 3454 490 3513 Christo
519 3466 787 3527 potestas,
820 3461 898 3516 ita
946 3466 1004 3515 et
1028 3474 1132 3527 ego
1176 3459 1284 3514 tibi
1317 3461 1640 3523 committo,
1696 3466 1758 3514 ut

100 3528 336 3583 ordines
358 3530 1112 3598 dispositoresdiversarum
1133 3544 1459 3601 causarum,
1496 3545 1592 3601 per
1612 3544 1758 3601 quos

100 3605 259 3654 actus
313 3601 748 3673 ecclesiasticus
775 3603 1088 3673 dirigetur,
1115 3622 1141 3652 ιο
1174 3608 1262 3658 etc
1314 3599 1434 3670 Qua
1464 3599 1535 3657 de
1566 3599 1759 3671 re'op—

102 3672 410 3735 portunior
435 3674 799 3730 eritdicendi
832 3672 998 3731 loeus
1028 3674 1087 3729 in
1131 3674 1285 3730 notis
1310 3674 1379 3728 ad
1407 3673 1594 3728 Vitam
1626 3674 1757 3728 Cle-

106 3743 332 3796 mentis.

168 3811 342 3867 Linea
399 3811 486 3870 40.
537 3847 606 3856 -—
658 3817 839 3872 Annis
886 3815 982 3873 38.
1021 3818 1249 3872 Exacte.
1281 3814 1450 3872 Juxta
1503 3822 1755 3872 nostram

100 3881 534 3957 chroaologiam
580 3902 730 3944 anno
759 3889 1019 3957 vulgatis
1044 3902 1170 3943 tera:
1208 3886 1279 3944 20
1324 3902 1525 3957 passus
1555 3890 1757 3957 Domi:

100 3905 377 3939 cumnam
423 3905 534 3941 iam
580 3905 730 3944 anno
759 3905 855 3945 vui
898 3905 1019 3944 arts
1044 3905 1170 3943 aera:
1209 3905 1279 3944 zu
1324 3905 1525 3957 passus
1557 3905 1757 3943 uomi—

100 3963 203 4028 nus
237 3952 314 4012 25
342 3905 562 4013 Εῗὲπῑὶί.
606 3959 758 4015 Anni
803 3905 948 4016 37ga
983 3960 1256 4015 Passione
1302 3959 1664 4028 complentur
1688 3956 1759 4013 2’3

98 4024 283 4101 Maelii
322 4041 477 4084 anno
504 4030 655 4101 vulg.
690 4046 816 4087 terte
837 4028 925 4088 65.
973 4030 1274 4101 Trimestri
1303 4024 1490 4099 spatio
1520 4032 1658 4085 anni
1690 4030 1761 4085 38

99 4097 349 4167 evoluto,
382 4114 587 4168 nempe
610 4097 705 4157 '28
752 4103 911 4159 Junii
943 4103 1081 4159 anni
1130 4100 1201 4158 65
1232 4097 1433 4158 Petrus
1462 4108 1518 4157 et
1549 4102 1760 4159 Paulus

97 4173 377 4240 martyrio
408 4180 786 4229 coronantur.

160 4242 336 4297 Linea
367 4240 429 4297 Η
448 4284 462 4296 .
502 4275 572 4283 ——
598 4245 854 4314 Sepultus
879 4249 957 4300 est
985 4248 1043 4300 in
1085 4248 1177 4299 via
1226 4245 1459 4301 Aurelia
1487 4246 1547 4299 in
1567 4245 1760 4313 templo

87 4311 748 4387 {pollinisjurtulocum
776 4319 872 4371 ubi
886 4320 1179 4387 cruciﬁmus
1195 4322 1291 4383 est,
1296 4318 1468 4385 jumta
1490 4311 1762 4385 palatium

90 4383 478 4440 Neronianum
526 4389 587 4441 in
632 4390 914 4443 Vaticano.
963 4383 1136 4444 Nemo
1179 4403 1246 4443 ex
1288 4383 1551 4457 antiquis
1579 4387 1760 4443 dubi-

86 4459 249 4523 tavit,
277 4458 435 4528 quod
475 4459 676 4529 sciam,
728 4460 799 4516 de
831 4459 957 4515 loco
992 4459 1252 4529 martyrii
1300 4460 1356 4513 B.
1394 4460 1565 4513 Petri.
1602 4458 1759 4515 Con-

84 4540 295 4584 sensus
352 4531 613 4585 omnium
665 4537 897 4587 aetatum
937 4531 1121 4590 docet.
1181 4530 1238 4585 in
1287 4530 1443 4585 circo
1482 4530 1756 4586 Vaticano

1895 529 2111 609 eaveijt
2139 536 2466 609 laetaniam
2488 531 2813 609 sepulcrum
2836 529 3146 609 Scipionis,
3171 529 3279 609 aut
3302 543 3543 609 pyrami-

1892 599 2017 654 dem
2037 600 2264 676 Cestii?
2294 601 2494 656 Rideat
2528 599 2728 658 merito
2768 599 2950 676 lector
2974 611 3086 659 tam
3123 599 3368 676 ineptam
3400 610 3545 665 desi-

1893 671 2241 750 gnationem,
2270 687 2435 750 quam
2454 687 2623 729 aures
2647 676 2743 729 vix
2775 675 2921 731 ferre
2946 684 3204 746 possunt.
3221 671 3542 750 eorumque

1891 742 2313 816 stupiditatem,
2339 745 2439 814 qui
2465 752 2767 816 utramque
2792 742 2991 803 metam
3019 750 3163 803 circi
3194 763 3304 804 non
3330 742 3545 807 intelli-

1890 814 2294 889 gantesseduo
2315 824 2564 870 extrema
2591 814 2844 889 ejusdem
2870 820 3048 889 spinze
3070 820 3213 875 circi
3239 822 3534 878 Vaticani:

1890 883 2040 960 inter
2061 899 2185 954 quas
2202 887 2415 960 Petrus
2447 888 2604 942 cruci
2622 883 2834 944 afﬁxus
2860 883 3133 960 tropaeum
3161 892 3345 947 erexit
3363 894 3540 950 Chri-

1886 955 2089 1010 stianae
2136 956 2459 1027 religionis,
2501 972 2533 1013 a
2562 961 2916 1033 Tertulliano
2948 955 3293 1033 indicatum,
3340 971 3397 1019 et
3418 965 3539 1021 fre-

1886 1033 2222 1107 quentatum
2246 1043 2342 1097 per
2359 1032 2762 1107 septemdecim
2789 1032 2995 1107 steeula
3016 1048 3048 1107 a
3076 1035 3224 1107 Petri
3260 1039 3535 1107 martyrio

1883 1098 1951 1151 ad
1988 1105 2238 1176 nostram
2270 1098 2489 1157 tetate’m
2542 1103 2657 1172 piis
2683 1105 3248 1176 peregrinationibus
3272 1098 3530 1165 omnium

1883 1171 2202 1225 nationum.

1952 1242 2121 1294 Linea
2155 1239 2241 1297 43.
2272 1272 2344 1282 -
2386 1246 2485 1299 Hic
2514 1247 2646 1311 fecit
2692 1247 3084 1309 ordinationes,
3135 1253 3240 1304 etc.
3276 1249 3530 1307 Ordina-

1881 1312 2193 1388 tiopeshoc
2214 1314 2271 1369 in
2296 1314 2446 1388 libro
2474 1325 2793 1374 memoratas
2813 1320 3117 1388 pertinent,
3145 1320 3527 1387 utidiximus,

1877 1384 1946 1437 ad
1965 1384 2277 1440 Ecclesiam
2304 1386 2630 1442 Romanam.
2654 1389 2768 1443 Cur
2788 1384 2975 1445 autem
2998 1384 3265 1447 ordinum
3293 1384 3525 1449 illorum

1877 1454 2130 1521 collatio,
2165 1458 2267 1527 qui
2294 1458 2558 1534 Ecclesiae
2586 1459 2971 1534 hierarchiam
2992 1464 3376 1534 constituunt,
3410 1465 3525 1534 epi-

1877 1534 2164 1601 scopatus,
2199 1529 2540 1599 presbyterii
2572 1538 2626 1586 et
2660 1532 3020 1601 diaconatus,
3062 1533 3343 1590 referatur
3368 1529 3525 1591 inter

1887 1599 2170 1676 prmcipua
2192 1609 2349 1676 gesta
2366 1601 2731 1676 pontificum,
2756 1618 2985 1659 causam
3004 1599 3242 1676 Colliges
3271 1620 3339 1661 ex
3364 1608 3525 1662 Actis

1874 1672 2287 1748 apostolorum.
2316 1672 2707 1748 Observarunt
2729 1676 2839 1731 viri
2866 1676 3043 1748 docti,
3075 1672 3205 1731 cuin
3225 1676 3517 1748 Ciaconio,

1873 1739 2023 1796 Petri
2065 1750 2220 1817 gesta
2272 1751 2396 1813 post
2437 1745 2842 1817 Ascensionem
2873 1747 3090 1802 Christi
3122 1749 3350 1803 Domini
3396 1739 3520 1817 ipso

1875 1816 2105 1889 novemd
2118 1813 2423 1889 ialispatto
2444 1815 2784 1889 interposito
2801 1824 2930 1873 ante
2945 1818 3248 1874 adventum
3264 1813 3524 1889 Spiritus

1873 1884 2056 1957 sancti
2084 1886 2325 1953 ctepisse
2364 1886 2434 1941 ab
2470 1888 2759 1957 implendo
2792 1903 3029 1945 numero
3069 1890 3219 1944 sacri
3260 1884 3514 1947 senatus.

1872 1955 2032 2028 Nihil
2054 1957 2206 2010 enim
2228 1958 2533 2028 antiquius
2556 1955 2761 2015 habuit
2784 1961 2998 2016 Christi
3026 1962 3279 2018 vicarius
3304 1964 3361 2018 in
3381 1980 3520 2021 sus—

1871 2027 2136 2104 cipienda
2169 2027 2673 2104 administratione
2704 2033 2885 2088 totius
2916 2034 3201 2101 Ecclesiae,
3248 2048 3418 2104 quam
3454 2037 3512 2091 in

1870 2101 2145 2177 concione
2164 2101 2421 2177 omnium
2454 2101 2709 2177 fidelium
2728 2104 2944 2177 Christi
2974 2101 3392 2177 Dominijussu
3423 2108 3519 2163 ad-

1870 2178 2065 2243 vocata
2099 2171 2304 2227 fratres
2333 2172 2577 2243 alloqui,
2610 2187 2677 2229 ac
2722 2175 3048 2242 decernere,
3082 2183 3147 2232 ut
3181 2171 3514 2234 communi-

1868 2240 1977 2297 bus
1999 2242 2294 2313 suffragiis
2326 2246 2436 2300 viri
2472 2240 2807 2315 praestantes
2834 2249 2949 2303 duo
2979 2240 3047 2302 ex
3079 2255 3230 2305 ctetu
3256 2250 3511 2306 fidelium

1870 2322 2342 2384 proponerentur,
2371 2324 2427 2372 et
2447 2318 2851 2373 communibus
2890 2319 3155 2387 precibus
3187 2321 3516 2389 impetrare-

1868 2394 1983 2443 tur.
2016 2396 2081 2463 ut_
2112 2401 2288 2463 unum
2320 2402 2389 2443 ex
2424 2389 2546 2463 illis
2572 2390 2769 2463 divina
2803 2390 3132 2463 designatio
3165 2391 3508 2463 sublegeret,

1867 2472 2035 2528 quem
2069 2459 2128 2512 in
2163 2458 2348 2515 locum
2386 2462 2700 2527 proditoris
2722 2461 2880 2516 Judze
2908 2458 3229 2530 apostolum
3260 2458 3515 2521 numera-

1867 2538 2024 2585 rent:
2052 2532 2201 2600 quod
2235 2530 2295 2607 i_n
2321 2531 2895 2607 Matthiaaperfectum
2927 2532 3109 2589 fuisse
3132 2534 3345 2607 ibidem
3380 2536 3515 2607 legi-

1868 2616 1994 2656 mus
2010 2616 2134 2670 cap.
2169 2616 2204 2674 t.
2232 2603 2542 2657 Exordium
2567 2603 2753 2673 igitur
2774 2611 3063 2674 gestorum
3091 2603 3507 2674 pontificalitim

1866 2674 2036 2741 Petri,
2072 2673 2338 2746 Ecclesiae
2370 2674 2651 2746 universae
2691 2673 2940 2746 regimen
2977 2673 3354 2745 suscipientis
3375 2678 3514 2733 Hie—

1866 2745 2189 2815 rosolymis,
2215 2745 2389 2813 coepit
2417 2744 2488 2799 ab
2516 2744 2794 2816 episcopi,
2823 2744 3204 2815 siveapostoli
3236 2748 3514 2805 electione

1866 2822 1923 2870 et
1946 2816 2395 2890 consecratione.
2442 2816 2657 2890 Ibidem
2712 2819 3005 2890 noscimus
3036 2826 3513 2890 usumsusseptte

1870 2887 2169 2961 potestatis
2190 2888 2497 2961 sacerdotii
2517 2887 2588 2942 ab
2610 2889 2889 2961 apostolis
2911 2891 3175 2958 quotidie
3195 2887 3521 2961 frequenta-

1870 2965 1988 3013 tum
2020 2958 2212 3031 (atque
2265 2958 2407 3031 adeo
2448 2973 2479 3013 a
2526 2972 2669 3014 novo
2715 2959 3060 3028 presbytero,
3115 2958 3405 3031 episcopo,
3458 2973 3516 3019 et

1867 3029 2125 3103 apostolo
2158 3028 2434 3103 Matthia),
2479 3036 2599 3103 tum
2634 3031 2693 3084 in
2721 3032 2889 3103 verbo
2925 3032 3022 3103 Dei
3062 3028 3509 3103 interpretando,

1868 3105 1988 3155 tum
2020 3101 2075 3155 in
2103 3100 2468 3155 orationibus
2499 3098 2825 3168 efferendis,
2848 3107 2969 3156 tum
3001 3102 3057 3156 in
3102 3098 3389 3160 sacrificio
3416 3098 3515 3160 iit-'-

1867 3177 2106 3226 cruento
2134 3172 2412 3238 iterando,
2441 3177 2497 3225 et
2527 3185 2667 3239 pane
2689 3173 3075 3227 eucharistico
3099 3173 3365 3230 fidelibus
3389 3177 3516 3231 dis-

1868 3242 2196 3309 tribuendo,
2228 3255 2295 3296 ex
2320 3256 2462 3296 vers.
2498 3240 2566 3296 42
2589 3252 2646 3297 et
2674 3240 2742 3297 46
2770 3244 2982 3312 οειρὶιὶδ
3023 3246 3295 3300 secundi:
3340 3248 3518 3301 Erant

1867 3320 2049 3367 autem
2075 3319 2476 3381 perseverantes
2502 3316 2561 3365 in
2588 3314 2836 3366 doctrina
2867 3315 3250 3382 apostolorum,
3279 3322 3329 3370 et
3367 3333 3518 3370 com-

1867 3387 2231 3439 municatione
2246 3386 2534 3451 fractimis
2551 3387 2713 3452 panis
2738 3392 2787 3439 et
2811 3386 3172 3445 orationibus,
3195 3393 3302 3441 etc.
3330 3389 3515 3454 Quoti-

1867 3457 1954 3510 die
2016 3472 2228 3525 quoque
2268 3461 2672 3523 perseverantes
2712 3459 3048 3510 unanimiter
3088 3458 3152 3528 in
3200 3460 3417 3528 templo,
3467 3466 3517 3513 et

1864 3531 2182 3595 frangentes
2206 3529 2349 3581 circa
2371 3528 2553 3581 domos
2578 3544 2793 3595 panem,
2816 3536 2922 3583 etc.
2952 3527 3317 3595 Presbyteros’
3342 3532 3514 3585 etiam

1866 3600 2214 3654 constitutos
2240 3599 2655 3669 Hierosolymis
2694 3599 2764 3653 ab
2793 3599 3074 3668 apostolis
3103 3599 3377 3657 docemur
3401 3603 3517 3656 Ac-

1870 3680 2033 3725 tuum
2075 3684 2197 3739 cap.
2247 3684 2335 3735 xv,
2369 3671 2598 3741 quando
2630 3670 2985 3743 Antiochena
3029 3670 3279 3743 Ecclesia
3306 3672 3517 3743 legavit

1869 3742 2130 3808 Paulum,
2157 3748 2213 3796 et
2246 3743 2575 3809 Barnabam,
2604 3748 2661 3797 et
2686 3742 2962 3812 quosdam
2992 3742 3141 3798 alios
3171 3744 3247 3796 ad
3291 3742 3518 3813 apbsto—

1870 3814 1947 3866 los
1974 3818 2025 3867 et
2062 3814 2402 3881 presbyteros
2428 3815 2487 3866 in
2518 3814 2858 3868 Hierusalem
2878 3829 3040 3882 super
3068 3814 3169 3868 hac
3198 3817 3514 3882 quaestione,

1868 3885 2095 3955 scilicet
2121 3884 2189 3938 de
2218 3884 2684 3955 circumcisione,
2735 3884 2986 3953 aliisque
3018 3884 3303 3955 legalibus
3335 3901 3515 3942 ctere‘

1874 3946 2105 4010 monii's'.
2135 3957 2267 4010 Post
2290 3954 2473 4010 ofﬁcia
2500 3946 2878 4024 apostolatus,
2896 3946 3037 4010 'sive
3065 3946 3432 4026 episcopatus
3462 3965 3522 4013 et

1875 4027 2235 4097 presbyterii,
2282 4027 2486 4081 electio
2516 4035 2729 4099 septem
2774 4028 3181 4099 diaconorum,
3205 4041 3519 4099 eorumque

1871 4100 2163 4153 ordinatio
2214 4112 2312 4166 per
2355 4111 2621 4169 manuum
2665 4098 3094 4165 impositionem
3135 4098 3206 4153 ab
3236 4098 3518 4169 apostolis

1874 4176 2099 4238 peracta
2141 4171 2283 4240 (cap.
2335 4167 2412 4238 v1)
2467 4169 2775 4238 complevit
2817 4170 3200 4226 hierarchiam
3231 4167 3521 4228 nascentis

1870 4241 2137 4296 Ecclesia:
2168 4240 2575 4309 Hierosolymis
2596 4254 2747 4297 anno
2779 4243 2962 4310 primo
2989 4255 3020 4295 a
3047 4240 3265 4296 Christi
3285 4244 3521 4299 Domini

1872 4313 2174 4381 Passione;
2222 4326 2390 4382 quam
2425 4313 2661 4367 formam
2703 4312 2817 4369 sibi
2855 4312 3123 4368 traditam
3156 4318 3278 4369 tum
3308 4314 3523 4370 Antio-

1869 4384 2047 4438 chena
2100 4384 2324 4440 imitata
2362 4389 2467 4449 est,
2520 4386 2656 4439 dum
2708 4385 2767 4439 in
2823 4398 2883 4439 ea
2938 4384 3265 4440 cathedram
3316 4386 3517 4442 Petrus

1867 4456 2068 4521 erexit,
2106 4460 2225 4528 tum
2262 4456 2511 4528 Romana
2538 4456 2815 4528 suscepit,
2848 4461 2904 4510 et
2927 4460 3255 4528 constanter
3281 4458 3513 4528 retinet,

1866 4539 1931 4581 ex
1962 4527 2214 4595 quo-huc
2247 4527 2548 4581 transtulit
2572 4525 2961 4595 apostolorum
2996 4525 3264 4592 Princeps
3292 4525 3522 4583 univer-

83 4611 208 4672 eum
233 4599 652 4656 cruciafﬁxum
674 4604 826 4658 inter
843 4609 1146 4672 utramque
1164 4602 1757 4671 metamejusdemcnr—
1784 4601 1835 4660 D
1866 4596 2039 4672 sulem
2074 4599 2398 4672 cathedram
2425 4604 2481 4650 et
2520 4598 2860 4672 primatum.
2893 4597 2971 4649 De
3002 4595 3376 4672 Antiochente
3399 4599 3513 4653 Ec-

79 4670 127 4723 ci
157 4684 347 4740 prope
362 4686 526 4741 quem
559 4673 749 4729 locum
780 4670 1079 4730 Evaristus
1095 4673 1332 4729 titulum
1359 4670 1753 4741 superstruxit

82 4742 814 4811 sepulcro,Constantinus
834 4744 1137 4801 basilicam
1154 4744 1501 4799 Vaticanam.
1524 4744 1752 4799 Primus

84 4815 382 4871 omnium.
417 4815 779 4885 utarbitror,
828 4816 1119 4886 Maphteus
1171 4815 1419 4886 Veggius
1447 4821 1752 4885 argutatus

76 4894 179 4958 est,
216 4889 378 4958 inter
405 4892 696 4956 utramque
724 4885 941 4950 metam,
988 4887 1139 4958 quod
1192 4887 1252 4941 in
1293 4885 1451 4958 Actis
1488 4886 1748 4958 martyrii

78 4954 324 5029 legitur.
361 4956 442 5010 ita
467 4954 675 5025 exponi
706 4954 1089 5029 oporterez'ut
1111 4965 1256 5014 meta
1281 4970 1391 5011 una
1420 4954 1595 5029 fuerit
1619 4959 1750 5010 obe—

77 5027 244 5082 liscus
271 5027 829 5085 circiNeroniani‘ad
874 5031 1098 5085 radices
1134 5029 1392 5085 Vaticani
1429 5027 1621 5085 collis.
1647 5031 1750 5082 aut

73 5100 421 5168 sepulcrum
449 5099 583 5153 moli
606 5099 845 5157 Adriani
869 5103 1215 5171 proximum,
1238 5100 1401 5155 modo
1417 5100 1744 5171 disjectum,

75 5173 224 5240 quod
255 5171 569 5239 Scipionis
596 5170 881 5240 Africani,
894 5173 978 5230 vel
1007 5172 1253 5231 Romuli
1274 5171 1483 5241 vulgus
1502 5170 1749 5241 appella-

72 5241 203 5314 bat:
237 5244 437 5299 altera
463 5255 599 5297 vero
625 5246 874 5312 pyramis
918 5245 1160 5314 sepulcri
1196 5244 1459 5303 Cestiani,
1493 5247 1611 5297 tota
1633 5242 1747 5297 Ur-

72 5312 157 5368 bis
185 5316 495 5370 diametro
526 5314 735 5370 dissita
764 5330 797 5371 a
828 5312 990 5372 circo
1016 5314 1307 5369 Vaticano.
1329 5314 1654 5384 (Torrigius,
1679 5314 1745 5367 de

70 5386 295 5454 ('ryptis
340 5387 655 5449 Vaticanis,
678 5403 817 5456 pag.
871 5385 1017 5457 495.)
1057 5387 1213 5441 Nova
1246 5386 1411 5454 plane
1443 5385 1745 5457 methodus

68 5466 145 5511 est
166 5458 301 5537 loci
337 5454 695 5537 designandi
729 5472 899 5537 quam
930 5454 1092 5514 nemo
1122 5470 1189 5537 ei}
1227 5454 1620 5537 metatoribus,
1644 5461 1747 5537 aut

67 5528 424 5585 architectis
456 5528 784 5597 usurparet.
813 5531 986 5585 Nemo
1039 5528 1291 5598 prudens
1329 5533 1479 5582 certe
1503 5528 1741 5598 diceret,

69 5601 355 5680 [eginanr
388 5597 1141 5680 SuecerumnChristinamA
1193 5612 1526 5680 supremum
1575 5597 1744 5680 ‘diem

65 5668 255 5727 Romae
291 5671 525 5728 obiisse
552 5671 612 5725 in
643 5671 867 5727 aedibus
897 5672 1032 5728 sitis
1063 5672 1215 5727 inter
1232 5668 1550 5726 obeliscum
1575 5668 1745 5723 Vati-

63 5754 275 5798 canum
305 5748 374 5798 et
417 5743 765 5813 pyramidem
796 5743 855 5798 C.
888 5743 1087 5812 Cestii,
1122 5749 1187 5798 ut
1232 5743 1380 5798 tedes
1411 5740 1741 5796 Riariorum

64 5813 394 5877 indicaret,
446 5815 596 5869 inter
652 5822 964 5884 utrumque
1006 5814 1317 5869 terminum
1361 5813 1736 5880 constitutas;

60 5899 213 5959 cum,
251 5891 398 5943 tota
420 5884 567 5939 Urbe
588 5885 982 5951 interjacente,
1007 5884 1185 5954 hujus
1211 5885 1533 5942 innumeris
1555 5884 1744 5957 parti-

426 5973 661 6029 PATROL.
713 5972 980 6031 CXXVII.

1863 4667 2053 4723 clesite
2093 4667 2419 4723 hierarchia
2458 4666 2647 4721 tribus
2686 4668 2839 4721 hisce
2884 4665 3158 4736 gradibus
3195 4669 3512 4724 constituta

1864 4746 2037 4794 testes
2059 4747 2196 4793 sunt
2223 4740 2427 4793 littera:
2452 4738 2615 4793 illius
2642 4737 2909 4793 Ecclesia:
2934 4737 3260 4792 antistitum
3287 4752 3319 4793 a
3350 4740 3510 4795 Petro

1864 4812 2277 4879 proximorum,
2308 4811 2618 4875 praesertim
2660 4809 2866 4878 lgnatii
2897 4809 3185 4877 martyris,
3218 4810 3320 4878 qui
3368 4825 3507 4880 pro-

1861 4883 2055 4936 ximus
2083 4882 2154 4936 ab
2180 4880 2389 4935 Evodio
2419 4882 2697 4934 successit
2725 4881 2905 4944 Petro,
2933 4881 3158 4933 eosdem
3185 4881 3398 4949 gradus
3421 4881 3511 4936 di-

1861 4960 2009 5007 serte
2044 4959 2438 5007 memorantes.
2473 4954 2547 5006 De
2592 4951 2839 5004 Romana
2872 4963 3000 5003 vero
3034 4949 3192 5004 nulla
3221 4964 3332 5005 non
3369 4960 3506 5007 tetas

1859 5024 2256 5079 testimonium
2290 5022 2497 5087 reddit,
2526 5029 2580 5075 et
2615 5021 2925 5090 prtesertim
2962 5019 3056 5074 hic
3094 5020 3243 5075 liber
3269 5023 3501 5078 Pontiﬁ-

1857 5096 2022 5161 calis,
2055 5096 2111 5149 in
2137 5093 2389 5164 singulis
2413 5092 2783 5161 pontificibus
2803 5103 3131 5164 memorans
3148 5092 3505 5163 presbyteros

1857 5174 1912 5222 et
1956 5162 2545 5221 diaconos'Ecclesiee
2599 5164 2861 5218 Romanae
2904 5162 2975 5216 ab
3026 5162 3171 5232 ipsis
3216 5162 3401 5232 datus,
3446 5175 3501 5221 et

1857 5240 2154 5308 episcopos
2184 5236 2499 5308 aliquando
2530 5240 2744 5308 tantum
2775 5234 3502 5308 suburbicarios,quando-

1856 5305 1966 5380 que
1994 5309 2166 5363 etiam
2192 5308 2251 5361 in
2286 5307 2422 5380 aliis
2455 5305 2793 5380 civitatibus
2820 5320 2917 5375 per
2944 5305 3498 5380 tractumpcciden—

1855 5377 1992 5435 talis
2028 5378 2455 5449 patriarchatus
2500 5377 2837 5432 institutos:
2894 5390 3069 5446 quare
3092 5377 3263 5449 inaiis
3296 5390 3495 5433 recen-

1855 5447 2049 5506 sendis
2098 5450 2435 5521 plerumque
2459 5449 2694 5503 additur
2718 5450 2989 5521 episcOpos
3014 5462 3114 5516 per
3137 5447 3355 5521 diuersa
3380 5449 3495 5503 locu

1854 5517 2180 5577 numero—N.
2231 5523 2309 5576 De
2343 5517 2585 5575 numero
2626 5518 3081 5589 presbyterorum
3130 5524 3186 5573 et
3214 5517 3497 5576 diacono—

1855 5610 1981 5650 rum
2032 5596 2296 5649 Romanae
2340 5591 2605 5646 Ecclesiae
2643 5590 2757 5645 erit
2784 5589 2934 5645 infra
2958 5589 3188 5645 dicendi
3239 5590 3401 5648 locus
3436 5594 3494 5648 in

1852 5665 1982 5720 Vita
2011 5668 2064 5721 S.
2090 5664 2256 5720 Cleti.
2289 5663 2389 5718 Hic
2419 5662 2659 5718 observo
2710 5662 3009 5731 episcopos
3049 5660 3341 5729 adjutores
3385 5671 3499 5720 tres

1852 5751 1884 5791 a
1936 5739 2099 5793 Petro
2132 5735 2433 5791 institutos
2475 5735 2630 5790 circa
2684 5733 2908 5797 Urbem,
2969 5732 3195 5800 Linum,
3251 5734 3497 5801 Cletum,

1850 5808 2215 5886 Clementem,
2245 5812 2538 5886 ut_eorum
2567 5804 2793 5861 scilicet
2839 5803 3164 5886 ministerio
3196 5806 3385 5886 peragi
3416 5807 3495 5886 Ain

1849 5879 1999 5936 Urbe
2030 5884 2219 5953 posset
2242 5878 2642 5950 episcoliorum
2668 5876 3044 5947 consecratio,
3077 5889 3203 5945 qua:
3223 5890 3292 5931 ex
3319 5876 3495 5929 insti-

3075 5961 3147 6020 33
