3994 6168
477 350 501 407 4
511 349 616 407 039

1703 346 2062 402 ANASTASII
2097 342 2640 400 BlBLlOTHECARII

3748 346 3859 409 4044)

475 479 543 532 ad
577 479 793 532 exitum
822 476 1074 542 Claudii,
1103 490 1301 544 nempe
1339 475 1407 530 ad
1427 490 1553 530 coss
1599 478 1671 529 Μ.
1702 474 1967 529 Asinium
1996 474 2136 527 Mar—
2162 481 2221 540 Α
2249 476 2410 527 Anno
2441 472 2527 529 65.
2560 505 2628 512 —
2666 474 2845 527 Nerea
2896 479 2945 527 et
2999 474 3220 526 Vestino
3258 488 3391 526 coss.
3441 474 3670 527 Neronis
3715 492 3863 529 annus

478 549 710 613 cellum,
746 550 818 601 Μ.
853 547 1104 603 Acilium
1136 546 1389 602 Aviolam
1427 548 1641 601 Christi
1670 545 1760 607 54,
1794 554 2130 613 occupatum

480 617 802 675 fundandis
829 626 884 673 et
924 619 1235 673 visitandis
1272 618 1555 681 ecclesiis,
1606 619 1664 672 in
1707 618 1843 672 Asia
1893 630 2137 686 praeser—

481 692 585 745 tim
609 691 764 746 sitis.
792 690 1067 759 Reliquos
1094 703 1279 744 annos
1311 689 1389 743 ita
1422 690 1809 759 disponimus.

481 801 644 855 Anno
672 797 762 855 55.
794 828 868 837 --
895 800 1104 853 Nerone
1149 803 1199 851 et
1242 799 1429 853 Vetere
1458 814 1616 862 coss.;
1670 799 1729 851 B.
1786 799 1935 851 Petri
1978 808 2134 851 XXVII

732 876 781 924 et
822 884 1027 935 XXVIII,
1055 880 1103 923 et
1141 871 1388 923 Romana:
1427 871 1570 923 sedis
1598 882 1669 924 XV
1692 874 1741 923 et
1768 882 1884 924 XVI.

552 979 720 1033 Juxta
757 975 1079 1048 catalogum
1132 976 1522 1042 Liberianum,
1558 976 1613 1030 B.
1665 977 1866 1031 Petrus
1903 976 2135 1030 Romam

488 1050 697 1104 iterum
725 1049 903 1103 venit.

486 1055 697 1105 iterum
725 1055 903 1103 venit.

479 1158 644 1211 Anno
696 1155 785 1211 66.
837 1185 911 1195 —
957 1155 1257 1209 Saturnino
1303 1160 1353 1209 et
1396 1156 1646 1224 Scipione
1691 1170 1851 1217 coss.;
1909 1156 1972 1207 B.
2036 1155 2140 1207 Pc-

552 1231 625 1281 tri
663 1242 840 1283 XXVIII
886 1232 937 1281 et
973 1241 1110 1282 XXIX
1153 1233 1201 1280 et
1236 1229 1489 1281 Romanae
1534 1227 1677 1280 sedis
1706 1240 1797 1279 XVI
1841 1230 1891 1279 et
1927 1240 2062 1279 XVII.

550 1318 610 1372 B.
664 1319 867 1371 Petrus
897 1315 1126 1371 ordinat
1176 1316 1379 1370 Linum
1434 1315 1765 1384 episcopum
1798 1318 1885 1383 (ex
1940 1316 2134 1369 eodem

481 1388 741 1470 catalogo
773 1386 1096 1470 Liberiano)
1143 1393 1207 1441 ut
1237 1387 1626 1470 ministerium
1657 1386 2008 1470 sacerdotale
2043 1399 2138 1470 per

478 1457 795 1515 absentiam
819 1458 1210 1526 apostolorum
1246 1458 1530 1527 principis
1577 1458 1635 1512 in
1682 1457 1827 1512 Urbe
1855 1464 2132 1527 exerceat,

479 1532 712 1600 sibique
732 1531 996 1596 praesenti
1016 1530 1353 1600 opituletur,
1375 1526 1607 1585 utinfra
1630 1529 1881 1583 dicimus
1900 1542 2051 1583 num.
2077 1526 2130 1583 2.

477 1599 641 1657 Circa
676 1602 828 1656 hunc
862 1614 1075 1655 annum
1124 1599 1194 1655 56
1219 1614 1342 1654 aarv-
1393 1601 1717 1656 communis
1765 1600 2130 1667 Christianai,

479 1673 565 1729 vel
600 1672 769 1741 paulo
795 1678 927 1726 ante
952 1672 1190 1741 scripsit
1212 1674 1269 1726 B.
1295 1674 1496 1726 Petrus
1519 1673 1761 1740 primam
1789 1671 2129 1740 Epistolam;

479 1758 648 1814 quam
681 1749 905 1799 constat
929 1743 1118 1797 datam
1149 1751 1446 1812 postquam
1500 1742 1781 1811 discipuli
1833 1744 2135 1796 Christiani

477 1817 724 1883 fuerant,
769 1821 826 1870 et
877 1814 1228 1883 senioribus,
1277 1829 1376 1869 seu
1424 1814 1772 1884 presbyteris
1820 1821 2021 1877 auctae,
2079 1821 2135 1868 et

477 1896 609 1942 ante
654 1874 914 1942 octavum
952 1874 1480 1954 Neronis'aunum,
1532 1874 1708 1940 Marci
1768 1874 2134 1957 evangelista:
2167 1874 2217 1932 B

478 1960 752 2028 martyrio
782 1957 1125 2027 insignitum
1156 1999 1168 2021 ,
1198 1972 1327 2012 cum
1373 1959 1498 2024 ejus
1532 1958 1761 2011 nomine
1808 1959 2005 2011 Petrus
2035 1970 2135 2010 sa-

470 2029 614 2085 lulet
646 2030 902 2084 ﬁdelium
935 2028 1239 2097 Ecelesias,
1259 2030 1326 2083 ad
1348 2042 1490 2098 quas
1552 2029 1881 2097 perscribit.
1910 2029 2043 2083 Inde
2063 2029 2131 2081 ad

474 2115 687 2154 annum
744 2099 816 2156 65
872 2114 997 2154 atrae.
1048 2101 1372 2155 communis
1417 2100 1762 2154 Christianae
1816 2100 2021 2167 partim
2074 2099 2133 2153 in

471 2171 637 2237 Urbe,
671 2174 877 2240 partim
902 2185 1001 2241 per
1031 2172 1360 2240 provincias
1385 2172 1717 2226 Occidentis
1746 2178 2008 2225 versatus
2039 2188 2053 2238 ;
2080 2183 2136 2224 et

471 2250 788 2311 occupatus
816 2242 1241 2309 ampliﬁcandis
1286 2242 1554 2297 Ecclesia:
1582 2242 1816 2307 ﬁnibus,
1851 2255 1947 2296 eas
1984 2257 2139 2310 pra:-

471 2313 641 2382 eipue
672 2314 832 2368 sedes
860 2314 1150 2383 episcopis
1182 2314 1428 2384 ornavit,
1452 2328 1595 2384 quas
1621 2312 1774 2368 infra
1799 2318 2136 2368 enumerant

478 2393 628 2439 notae
653 2385 874 2440 Somier
902 2385 1056 2439 circa
1087 2385 1276 2441 ﬁnem.

472 2509 637 2563 Anno
683 2508 771 2565 58.
824 2540 893 2549 ——
938 2512 1144 2566 Nerone
1190 2512 1263 2565 Ill
1318 2516 1369 2564 et
1417 2512 1651 2564 Messala
1712 2525 1871 2575 coss;
1920 2510 1975 2563 S.
2024 2512 2133 2564 Pe—

577 2583 775 2635 triXXX
803 2588 854 2636 et
878 2596 1040 2645 XXXI,
1089 2588 1137 2636 et
1166 2585 1424 2637 Romana:
1461 2584 1617 2635 Sedis
1647 2596 1794 2635 χχιιι
1826 2587 1875 2634 et
1923 2583 2046 2635 xix.

539 2687 718 2758 Felici
746 2690 1226 2744 succeditFestus
1256 2690 1312 2742 in
1347 2690 1536 2743 .ludaea
1570 2688 1946 2758 procuranda.
1981 2688 2122 2757 (Act.

473 2772 606 2812 XXIV
659 2756 745 2813 27.
1571 2756 1580 2758 “
1990 2756 1994 2757 ⁷

541 2801 627 2885 8.’
659 2760 872 2886 Pau)lus
921 2832 1196 2885 Caesarem
1246 2830 1543 2899 appellans
1586 2832 1816 2885 Romam
1871 2830 2129 2884 mittitur

467 2900 609 2974 (Act.
648 2902 826 2974 XXVII)
867 2916 1019 2958 anno
1070 2903 1315 2957 Neronis
1362 2908 1569 2972 quarto
1598 2902 1669 2973 (S.
1724 2903 2121 2972 Hieronymus,

465 2973 531 3026 de
568 2974 772 3043 Script.
804 2976 975 3038 Eccl.,
1002 2976 1061 3028 in
1091 2975 1276 3045 Luca).

461 3082 626 3135 Anno
664 3080 750 3137 60.
802 3113 871 3121 —
934 3084 1143 3137 Nerone
1190 3084 1259 3136 IV
1310 3088 1359 3135 et
1411 3083 1614 3136 lentulo
1662 3098 1821 3149 coss.;
1868 3083 1925 3137 S.
1977 3083 2126 3137 Petri

600 3167 763 3208 XXXII
785 3159 834 3207 et
870 3169 1076 3221 XXXIII,
1110 3160 1159 3208 et
1185 3158 1443 3209 Romana:
1487 3156 1631 3208 sedis
1671 3169 1745 3209 XX
1784 3160 1835 3208 et
1857 3169 1980 3208 XXI.

2320 544 2387 599 l2
2424 562 2490 599 ea:
2519 547 2605 598 die
2646 559 2711 599 III
2760 546 2889 600 Idus
2922 544 3183 599 Octobris.
3224 543 3282 598 S.
3313 546 3460 598 Petri
3489 559 3687 600 XXXVII
3713 552 3866 601 etmi-

2316 620 2451 671 tium
2496 630 2738 682 XXXVIII,
2784 622 2833 669 et
2872 618 2931 668 in
2968 618 3213 670 Romana
3258 617 3383 671 sede
3410 630 3547 681 XXV,
3592 634 3789 673 menses
3824 618 3863 681 Ξ.

2316 689 2431 742 dies
2456 685 2539 768 7,‘
2554 704 2621 741 ea:
2647 686 2710 744 2i
2746 688 2961 756 Aprilis
2990 703 3122 740 ann.
3165 684 3255 742 40.

2318 797 2653 867 Martyrium
2685 796 2775 867 88.
2810 795 3213 867 Apostolorum
3250 796 3402 851 Petri
3435 804 3491 852 et
3516 797 3678 853 Pauli
3709 798 3794 853 die
3816 798 3867 853 ΞΒ

2245 870 2426 936 Jurii,
2468 864 2644 923 annis
2677 864 2744 923 37
2793 864 3079 923 absolutis
3117 881 3148 920 a
3204 869 3471 923 Passione
3518 870 3769 924 Domini.
3810 872 3863 937 .S.

2247 940 2626 1008 Hieronymus
2656 940 2712 993 in
2742 938 2949 1005 Petro.)
2993 939 3327 1008 Epiphanus
3359 940 3557 994 retulit
3585 942 3655 993 ad
3689 954 3868 996 annum

2248 1012 2491 1065 Neronis
2523 1025 2625 1065 XII.
2660 1011 2798 1065 Vide
2825 1011 3028 1064 Baron.
3057 1012 3123 1064 ad
3159 1024 3291 1064 ann.
3348 1010 3441 1072 69.
3476 1025 3637 1067 num.
3666 1010 3722 1065 2.
3751 1014 3870 1067 Suc-

2246 1083 2400 1136 cedit
2428 1083 2484 1136 in
2521 1083 2768 1137 Romana
2799 1083 2929 1136 sede
2958 1087 3015 1135 et
3046 1081 3360 1136 universali
3408 1082 3590 1137 totius
3632 1084 3869 1139 Ecclesia:

2245 1155 2299 1208 8.
2344 1154 2542 1219 Linus,
2574 1154 2645 1208 de
2669 1166 2783 1223 quo
2815 1166 2973 1208 num.
3004 1153 3290 1223 sequenti.

2895 1295 3215 1350 CIACONII.

2318 1407 2489 1459 Linea
2549 1400 2597 1456 4.
2657 1433 2731 1442 -
2779 1404 2977 1456 Beatus
3025 1404 3218 1475 Petrus
3261 1404 3560 1472 apostolus,
3631 1411 3686 1458 et
3737 1408 3872 1475 prin-

2248 1494 2369 1548 ceps
2443 1477 2825 1545 apostolorum.
2907 1476 2951 1529 A
3024 1474 3255 1548 Christo
3330 1476 3556 1543 Ccphas,
3633 1474 3747 1548 seu
3795 1480 3873 1530 Pr?-

2246 1545 2363 1604 trus
2411 1555 2671 1612 vocatus,
2726 1560 2836 1599 non
2898 1547 3046 1615 quod
3096 1545 3258 1601 aliud
3316 1548 3542 1614 Cephas,
3593 1547 3756 1604 aliud
3805 1551 3876 1603 si-

2248 1622 2480 1692 gniticet
2508 1622 2721 1681 Petrus,
2765 1618 2858 1692 sed
2882 1618 3030 1692 quod
3061 1630 3233 1692 quam
3268 1631 3371 1692 nos
3402 1621 3601 1692 Latine
3624 1629 3687 1673 et
3715 1622 3875 1675 Graece

2238 1688 2451 1763 petram
2486 1704 2783 1763 vocamus,
2811 1689 2953 1741 hanc
2982 1688 3199 1763 liebriei
3249 1696 3305 1743 et
3333 1690 3458 1759 Syri
3509 1698 3747 1758 propter
3777 1692 3876 1745 lin—

2245 1760 2369 1834 guai
2399 1765 2549 1817 inter
2574 1775 2633 1815 se
2678 1760 2944 1834 vicinam,
3004 1760 3237 1834 Cepham
3270 1768 3624 1834 nuncupent.
3665 1769 3729 1816 ut
3765 1764 3877 1816 Hie—

2246 1830 2520 1903 ronymus
2551 1838 2796 1887 testatur
2828 1830 2929 1895 lib,
2967 1832 3068 1904 I_in
3114 1844 3151 1884 ιι
3185 1846 3235 1886 c.
3272 1833 3338 1885 ad
3373 1833 3561 1887 Galat.
3605 1834 3875 1904 Signiﬁcat

2244 1902 2429 1962 autem
2459 1905 2678 1972 Cephas
2726 1916 2838 1957 non
2863 1902 3320 1972 qualemcunque
3353 1911 3591 1970 petram,
3627 1902 3724 1959 sed
3750 1906 3876 1959 soli-

2245 1979 2568 2041 dissimam,
2601 1983 2663 2028 ut
2686 1987 2905 2042 rupem.
2940 1981 3041 2027 aut
3070 1981 3314 2035 cantem,
3346 1990 3474 2043 quae
3507 1974 3875 2030 fundamentis

2246 2050 2502 2118 subjecta
2529 2046 2686 2118 solet
2709 2059 2831 2098 esse
2858 2045 3438 2118 tit'missima.iNeque
3467 2045 3541 2100 ob
3569 2046 3869 2101 afﬁnitatem

2245 2116 2412 2188 quam
2454 2117 2617 2173 habet
2645 2131 2771 2171 cum
2800 2118 3154 2189 Grzeeavoee
3194 2116 3437 2189 Ks;a).t;.
3469 2132 3533 2171 ca
3547 2126 3651 2184 put
3673 2117 3871 2189 signiti-

2243 2186 2357 2261 cat,
2389 2198 2450 2245 ut
2480 2189 2728 2261 [sideris
2762 2189 2945 2261 sensit
2983 2187 3142 2261 Orig.
3178 2202 3367 2261 VIIJAC.
3408 2186 3464 2261 r97.
3511 2189 3696 2261 Aliud
3736 2186 3869 2243 enim

2243 2271 2330 2318 est
2348 2259 2575 2330 ’Cephas
2590 2260 2773 2315 dictio
2793 2259 3044 2328 Syriaca,
3068 2259 3226 2313 aliud
3258 2259 3499 2327 Κεᾳαλὶς,
3522 2260 3581 2314 id
3611 2268 3703 2315 est
3721 2267 3870 2329 caput.

2243 2335 2377 2389 Fuit
2399 2342 2584 2387 autem
2632 2332 2735 2387 hoc
2763 2344 2963 2385 nomen
2997 2332 3213 2385 Simoni
3242 2348 3269 2383 ει
3303 2332 3535 2385 Christo
3566 2332 3871 2399 impositum

2247 2420 2356 2460 non
2387 2406 2534 2459 citra
2578 2416 2843 2471 magnum
2879 2403 3232 2471 mysterium,
3285 2409 3341 2456 et
3383 2403 3687 2471 judicium
3717 2417 3872 2458 rerum

2243 2477 2567 2532 clarissime
2594 2474 2970 2544 gerendarum
3004 2491 3018 2541 ;
3067 2474 3221 2528 sicut
3250 2473 3311 2527 in
3341 2474 3551 2528 Jacobo
3586 2486 3642 2528 et
3668 2476 3874 2538 Joanne,

2242 2548 2489 2603 Zebedeei
2525 2546 2683 2601 ﬁliis.
2718 2545 2952 2605 accidit,
3003 2545 3101 2614 qui
3152 2546 3477 2610 Boanerges,
3514 2545 3626 2600 hoc
3675 2556 3760 2600 est
3788 2549 3878 2599 Τις.-

2242 2622 2417 2673 m‘trui
2464 2620 2587 2687 ﬁlii,
2638 2616 2889 2685 fulgura,
2939 2617 3174 2684 inquam
3223 2616 3295 2670 ab
3358 2616 3556 2687 eodem
3610 2618 3879 2671 Salvatore

2243 2686 2546 2754 nominati,
2598 2689 2747 2758 quod
2789 2688 2935 2742 alter
2977 2688 3298 2755 occiduam,
3354 2686 3501 2742 alter
3559 2690 3879 2743 orientalem

2237 2762 2469 2817 deberet
2502 2761 2722 2830 plagam
2752 2759 3107 2825 illuminare.

2312 2834 2479 2888 Linea
2504 2832 2558 2886 2.
2604 2861 2677 2869 —
2724 2832 2851 2884 Vico
2885 2830 3207 2884 Bcthsuidev.
3252 2830 3558 2886 Bethsaida
3600 2845 3792 2899 parva.
3841 2838 3885 2885 et

2242 2904 2522 2975 ignobilis
2540 2902 2995 2975 Capharnactani
3019 2903 3143 2975 agri
3167 2901 3392 2975 civitas,
3413 2902 3481 2975 ad
3510 2902 3688 2957 littus
3713 2903 3882 2974 magni

2241 2973 2401 3031 lacus
2427 2974 2795 3035 Genesareth,
2826 2975 2947 3027 sive
2980 2974 3156 3028 maris
3184 2973 3512 3027 'l‘iberiadis
3538 2975 3683 3028 sita.

2311 3048 2483 3101 Linea
2494 3047 2709 3101 eadem.
2737 3074 2801 3083 —
2829 3046 3042 3098 Primus
3063 3046 3201 3097 sedit
3218 3045 3535 3098 cathedram
3552 3047 3882 3114 episcopatus

2236 3123 2293 3171 in
2315 3119 2629 3172 Antiochia.
2658 3116 2829 3171 Sexto
2850 3117 3218 3184 pontiﬁcatus
3242 3117 3333 3170 sui
3357 3129 3508 3169 anno
3534 3122 3883 3185 procedente.

2235 3190 2624 3251 Antiochiam,
2650 3188 2826 3256 Syria:
2853 3188 3235 3256 metr0polim,
3262 3188 3537 3255 pervenit,
3570 3188 3885 3256 ibidemque

528 3262 610 3317 Jo.
640 3260 844 3315 Malala
864 3260 1258 3316 Antiochenus
1288 3261 1344 3315 in
1390 3275 1494 3315 sua
1526 3261 1986 3332 chronographia
2034 3261 2128 3316 his
2158 3258 2201 3316 Ο
2233 3262 2450 3316 Christi
2478 3261 2609 3315 ﬁdei
2632 3259 3132 3332 mystcriadocuit,
3157 3259 3454 3332 etprimus
3477 3260 3879 3314 Antiochenam

455 3347 603 3388 coss.
644 3333 904 3402 assignat
959 3336 1294 3401 martyrium
1323 3333 1414 3387 SS.
1444 3334 1591 3387 Petri
1625 3340 1680 3387 et
1714 3333 1873 3386 Pauli
1911 3334 2117 3386 Romae.

455 3404 772 3460 Confundit
796 3405 979 3472 prima
997 3404 1224 3458 vincula
1252 3404 1411 3459 Pauli
1440 3418 1567 3458 cum
1589 3404 1881 3458 secundis.
1910 3404 2121 3458 Paulus

456 3489 486 3530 e
525 3490 629 3531 sua
662 3476 927 3531 custodia
961 3478 1265 3531 secundam
1303 3475 1617 3544 Epistolam
1651 3475 1860 3529 scribit
1899 3475 1966 3529 ad
2019 3477 2122 3528 'I‘i—

461 3548 772 3615 motheum,
820 3546 1077 3601 eumdem
1126 3548 1415 3601 advocans
1461 3547 1579 3600 cito
1628 3547 1683 3600 in
1738 3546 1958 3601 Urbem.
1996 3547 2121 3614 Quo

455 3618 793 3673 adveniente
817 3617 965 3672 alias
1006 3618 1283 3687 epistolas
1314 3618 1513 3677 mittit,
1550 3632 1580 3672 a
1604 3618 1847 3673 Baronio
1878 3631 2121 3673 enume—

458 3696 614 3744 ratas
638 3689 705 3744 ad
735 3703 869 3744 ann.
902 3688 973 3744 59
1006 3698 1062 3744 et
1085 3688 1175 3745 60.

459 3800 619 3852 Anno
647 3795 737 3851 64.
769 3827 839 3835 -
867 3798 1015 3849 Paeto
1036 3803 1084 3849 et
1119 3798 1440 3863 Turpiliano
1479 3812 1639 3862 coss;
1668 3797 1721 3851 S.
1757 3797 1906 3849 Petri
1940 3810 2123 3851 XXXIII

687 3874 737 3921 et
770 3880 970 3933 XXXIV,
1000 3876 1048 3920 et
1079 3868 1332 3920 Romanae
1362 3869 1504 3920 sedis
1537 3882 1635 3923 XXI
1667 3874 1715 3922 et
1744 3882 1886 3922 XXII.

527 3974 583 4027 8.
611 3973 827 4029 Paulus
854 3986 884 4027 e
925 3972 1187 4027 custodia
1230 3972 1377 4027 liber
1415 3974 1759 4029 dimittitur.
1816 3975 1871 4028 S.
1923 3976 2123 4029 Petrus

461 4044 860 4099 Occidentales
893 4044 1219 4112 provincias
1245 4044 1445 4098 visitat
1474 4053 1530 4099 et
1558 4046 1722 4100 docet
1743 4045 1844 4115 (EX
1869 4046 1925 4099 8.
1948 4048 2123 4100 luno—

459 4117 650 4170 centio
700 4116 740 4173 Ι.
793 4115 1021 4182 epistola
1071 4116 1146 4168 ad
1198 4116 1550 4181 Decentium).
1593 4118 1645 4171 8.
1703 4119 1882 4171 Lucas
1934 4118 2123 4171 Roma:

455 4186 597 4311 ἔξω
641 4185 1031 4310 ξιμοῗοιοινιιιῐι
1066 4187 1401 4241 conscribit.
1438 4186 1575 4241 Vide
1623 4189 1827 4243 Baron.
1867 4188 1933 4241 ad
1985 4201 2117 4242 ann.

531 4297 545 4311 .
578 4269 734 4311 num.
802 4297 814 4310 .

531 4297 545 4325 ,
578 4269 734 4311 num.
762 4269 814 4310 ο.

460 4364 624 4417 Anno
666 4360 754 4417 62.
795 4392 868 4402 -
915 4364 1058 4418 Celso
1087 4370 1138 4415 et
1178 4362 1331 4416 Gallo
1369 4378 1526 4425 eossx,
1560 4366 1616 4417 S.
1650 4367 1799 4419 Petri
1842 4380 2017 4421 XXXIV
2075 4377 2125 4424 et

706 4448 885 4500 xxxv,
919 4442 969 4489 et
994 4435 1248 4489 Romana
1292 4435 1434 4489 sedis
1465 4449 1587 4489 XXII
1618 4442 1668 4490 et
1714 4450 1879 4491 XXIII.

532 4542 868 4614 Martyrium
892 4541 947 4596 S.
970 4541 1144 4596 Marci
1173 4548 1367 4598 octavo
1395 4544 1640 4598 Neronis
1660 4558 1810 4599 anno
1835 4545 1906 4614 (8.
1930 4545 2125 4602 Hiero-

2235 3332 2522 3397 fundavit,
2576 3333 2837 3400 rexitque
2884 3344 2981 3398 per
3008 3344 3068 3384 se
3101 3331 3286 3398 ipsum
3331 3330 3665 3395 ecclesiam,
3700 3332 3883 3385 cathe—

2234 3406 2391 3460 dram
2429 3406 2554 3471 ejus
2573 3403 2939 3471 episcopatus
2961 3401 3200 3470 adeptus
3230 3416 3330 3455 VllI
3359 3403 3653 3456 Kalendas
3686 3401 3877 3465 Martii.

2239 3477 2343 3530 hoc
2370 3482 2452 3529 est
2482 3476 2578 3528 die
2621 3471 2692 3526 22
2723 3472 3043 3533 Februarii.
3078 3488 3192 3543 quo
3221 3473 3292 3528 ab
3318 3473 3579 3527 Ecclesia
3611 3473 3875 3543 catholica

2233 3546 2577 3607 celebratur,
2611 3544 2875 3610 sabbato,
2908 3558 3059 3599 anno
3089 3540 3120 3598 a
3165 3546 3475 3599 Nativitate
3524 3545 3750 3599 Christi
3798 3540 3873 3603 37,

2233 3618 2439 3674 diebus
2462 3615 2670 3687 viginti
2696 3616 2885 3670 tribus
2903 3623 3035 3671 ante
3058 3616 3278 3671 obitum
3297 3615 3538 3670 Tiberii.
3568 3617 3684 3670 Hoc
3704 3622 3869 3669 autem

2234 3704 2303 3745 ex
2331 3691 2636 3746 Clemente.
2680 3687 2949 3753 Eusebio,
2996 3688 3342 3757 Hieronymo
3388 3694 3445 3741 et
3474 3688 3620 3741 aliis
3649 3690 3875 3742 constat.

2236 3763 2335 3830 qui
2373 3762 2424 3814 id
2460 3773 2527 3814 ex
2559 3758 2998 3827 antiquioribus
3023 3759 3149 3827 ejus
3184 3759 3447 3814 Ecclesiae
3505 3758 3876 3813 monumentis

2234 3829 2608 3902 collegerunt,
2651 3832 2821 3900 eique
2849 3829 3573 3902 septenniumrprchuisse,
3615 3830 3873 3898 proﬁten-

2234 3912 2351 3964 tur,
2380 3901 2687 3958 nontamen
2718 3903 3022 3971 integrum.
3050 3904 3127 3955 lta
3151 3901 3359 3957 habent
3379 3908 3637 3955 veterum
3663 3903 3875 3954 Patrum

2236 3977 2554 4035 sementim,
2610 3976 2687 4028 ita
2743 3975 2997 4042 antiqua:
3053 3973 3458 4027 ecclesiasticae
3522 3973 3874 4027 traditiones.

2234 4049 2493 4102 omnium
2513 4044 2789 4099 stabilitae
2810 4058 3089 4098 consensu
3112 4060 3128 4099 :
3155 4045 3369 4114 quibus
3399 4045 3600 4110 potius
3621 4043 3875 4097 standum

2236 4132 2403 4187 quam
2434 4117 2681 4172 alterunt
2706 4116 2947 4170 novitiis
2967 4118 3324 4184 commentis,
3345 4118 3443 4186 qui
3469 4114 3877 4169 Antiochenam

2234 4186 2561 4245 cathedram
2605 4194 2730 4257 post
2759 4188 3063 4242 Romanam
3096 4200 3128 4240 a
3156 4188 3318 4242 Petro
3349 4193 3681 4255 susceptam
3715 4186 3878 4240 fuisse

2234 4261 2609 4329 scripserunt.

2307 4334 2475 4386 Linea
2508 4329 2561 4385 3.
2591 4360 2665 4369 —
2709 4331 2812 4383 Hic
2847 4332 3040 4384 Petrus
3092 4330 3371 4395 ingressus
3426 4330 3486 4381 in
3530 4329 3731 4383 urbem
3782 4330 3883 4381 Ro-

2231 4419 2377 4457 mam
2414 4402 2515 4455 sub
2542 4403 2753 4456 Nerone
2800 4400 3023 4454 (Yaesare.
3077 4401 3238 4455 Anno
3285 4400 3503 4454 Christi
3569 4399 3664 4469 44,
3742 4400 3880 4454 Petri

2235 4474 2442 4543 pontii.
2479 4471 2545 4526 i2
2576 4491 2591 4543 ;
2621 4472 2848 4543 Claudii
2876 4471 3240 4540 imperatoris
3263 4486 3355 4525 an.
3380 4469 3436 4531 2,
3463 4471 3710 4527 Tiberio
3730 4472 3885 4526 Clau-

2231 4542 2330 4600 dio
2350 4542 2741 4613 CaesareAug.
2769 4542 3111 4598 Germanico
3139 4557 3198 4610 II,
3227 4550 3281 4597 et
3311 4545 3368 4597 L.
3405 4542 3643 4598 Vitellio
3679 4546 3885 4610 Nepote

463 4628 692 4709 nymus,
751 4614 1063 4709 dekScript.
1088 4615 1332 4709 JEIccl.1,"
1353 4617 1445 4709 ἱξιὶ
1473 4614 1691 4685 Marco).
1764 4617 2120 4709 Iheoiihilus
2151 4648 2202 4709 D
2236 4630 2272 4670 ιι
2303 4631 2447 4671 coss.
2491 4618 2629 4698 Cum
2656 4617 2857 4668 Petrus
2890 4615 3150 4709 populos:
3180 4615 3279 4696 qui
3309 4628 3377 4709 ex
3430 4616 3884 4709 circumcisione

462 4686 938 4758 chronographus
969 4685 1118 4755 apud
1143 4688 1245 4758 7J0.
1281 4685 1565 4758 Malalam,
1595 4702 1719 4758 pag.
1764 4686 1889 4749 325,
1918 4690 2113 4743 eodem

463 4771 616 4813 anno
643 4757 812 4813 refert
835 4765 1070 4812 mortem
1128 4757 1189 4812 S.
1247 4759 1422 4811 Marci
1469 4757 1847 4813 Alexandriae.
1910 4773 2116 4815 succe-

461 4828 631 4885 dente
677 4829 921 4897 Aniano,
956 4836 1011 4882 et
1052 4834 1288 4883 mortem
1340 4829 1543 4883 hvodii
1583 4830 1929 4899 Antiochiae,
1975 4847 2117 4886 suc—

459 4901 689 4956 sedente
727 4900 985 4970 Ignatio;
1017 4905 1074 4972 et
1104 4900 1372 4972 reditum.
1404 4902 1460 4953 B.
1485 4902 1635 4955 Petri
1668 4901 1920 4972 Romam,
1952 4909 2012 4957 ut
2032 4903 2115 4957 Si-

462 4973 650 5028 monis
679 4972 826 5040 Magi
878 4970 1167 5041 praestigia
1198 4971 1509 5026 subvertat.

455 5081 617 5134 Anno
646 5074 736 5132 63.
779 5106 847 5115 —
875 5077 1077 5143 Regulo
1128 5084 1179 5130 et
1213 5080 1353 5143 Rufo
1385 5093 1544 5144 coss.;
1586 5078 1645 5133 S.
1678 5082 1824 5135 Petri
1876 5094 2031 5135 XXXV
2062 5088 2112 5136 et

661 5161 839 5202 XXXVI
869 5151 1006 5200 etin
1035 5151 1277 5203 Romana
1308 5149 1431 5202 sede
1464 5163 1634 5217 XXIII,
1662 5157 1712 5204 et
1736 5165 1895 5206 XXIV.

522 5255 721 5310 Simon
766 5254 982 5321 Magus,
1042 5259 1241 5308 orante
1286 5255 1342 5307 Β.
1394 5254 1577 5325 Petro,
1632 5270 1879 5326 prmeeps
1926 5258 2101 5313 cadit.

449 5325 592 5382 Vide
622 5328 825 5381 Baron.
860 5333 915 5379 et
943 5334 1205 5381 auctores
1229 5326 1301 5380 ab
1321 5339 1386 5380 eo
1417 5325 1724 5395 productos
1751 5329 1819 5383 ad
1850 5342 1983 5383 ann.
2012 5330 2101 5393 68,

449 5403 506 5451 et
545 5403 707 5452 notas
732 5397 1031 5466 Sommier,
1076 5396 1222 5451 infra
1250 5398 1317 5451 ad
1351 5397 1504 5453 hunc
1528 5412 1848 5454 numerum.

445 5502 609 5575 Anno
647 5501 735 5558 64.
763 5533 838 5543 —
874 5504 1106 5556 Lecanio
1143 5504 1311 5557 Basso
1362 5510 1413 5558 et
1442 5506 1650 5569 Licinio
1692 5506 1885 5558 Crasso
1936 5524 2066 5562 coss.
2079 5529 2096 5575 ;

2230 4695 2412 4757 erant,
2448 4687 2735 4756 prmeipue
2763 4687 3071 4755 erudisset,
3114 4686 3527 4757 Antiochenam
3562 4686 3883 4741 Ecclesiam

2229 4758 2544 4824 fundasset,
2579 4759 2838 4823 Pontum,
2860 4757 3164 4821 Galatiam,
3187 4756 3631 4825 Cappadociam.
3665 4760 3882 4812 Asiam.

2225 4840 2397 4899 atque
2423 4829 2770 4899 Bithyniam,
2807 4828 3032 4898 legibus
3065 4829 3497 4897 praedicationis
3536 4829 3887 4898 evangelica

2226 4899 2550 4968 imbuisset,
2601 4902 2782 4955 totius
2835 4900 3034 4955 mundi
3086 4900 3400 4969 principem
3452 4899 3785 4967 civitatem,
3835 4907 3884 4953 et

2220 4975 2534 5033 dominam,
2555 4980 2609 5026 et
2635 4971 2890 5025 universi
2931 4970 3092 5026 orbis
3128 4971 3456 5040 primariam
3481 4983 3700 5032 arcem,
3730 4973 3886 5025 Prin-

2220 5060 2353 5112 ceps
2399 5042 2786 5112 apostolorum
2837 5049 2893 5097 et
2942 5043 3255 5111 primarius
3283 5049 3565 5096 terrarum
3599 5043 3731 5097 dux
3792 5043 3891 5097 in-

2219 5129 2451 5186 gressus
2497 5129 2566 5168 XV
2598 5112 2880 5186 Kalendas
2910 5114 3231 5186 Februarii.
3281 5113 3386 5167 hoc
3424 5120 3514 5166 est
3554 5114 3656 5167 die
3690 5113 3764 5186 48
3791 5115 3889 5166 Ja-

2218 5184 2434 5248 nuarii,
2469 5186 2570 5255 qui
2624 5185 2833 5239 incidit
2873 5194 3008 5239 tunc
3052 5186 3109 5239 in
3156 5184 3353 5240 feriam
3411 5190 3658 5245 sextam.
3719 5185 3885 5239 ﬁnito

2215 5258 2466 5312 secundo
2494 5270 2643 5311 anno
2677 5257 2905 5324 imperii
2933 5255 3186 5318 Claudii,
3231 5260 3286 5309 et
3318 5269 3416 5309 sex
3446 5255 3662 5309 diebus
3708 5259 3888 5311 tertio

2216 5329 2505 5394 inchoato,
2566 5333 2622 5382 et
2674 5327 3048 5396 pontiﬁcatus
3100 5328 3196 5382 sui
3252 5326 3622 5389 duodecimo,
3681 5328 3886 5381 tribus

2214 5399 2510 5455 mensibus
2535 5405 2591 5453 et
2623 5400 2821 5467 paucis
2856 5398 2992 5452 aliis
3034 5397 3243 5453 diebus
3276 5398 3489 5452 minus.
3528 5399 3703 5453 novis
3735 5413 3886 5454 con-

2209 5471 2441 5525 sulibus
2470 5470 2590 5524 Kal.
2610 5470 2872 5523 Januarii
2898 5470 3181 5538 proximis
3197 5469 3429 5533 creatis,
3456 5470 3885 5537 quinquennio

2207 5542 2637 5611 Hierosolymis,
2667 5547 2721 5594 et
2753 5542 3053 5608 septennio
3078 5538 3254 5596 ferme
3287 5540 3347 5594 in
3374 5541 3507 5594 sede
3536 5540 3884 5596 Antiochia!

2204 5621 2421 5679 exacto,
2481 5620 2868 5681 perseverante
2908 5613 3098 5666 adhuc
3137 5612 3302 5680 fame,
3353 5625 3481 5680 qua:
3508 5622 3781 5679 coeperat
3812 5625 3893 5667 se-

2202 5685 2391 5739 eundo
2408 5684 2633 5738 Claudii
2657 5696 2824 5737 anno.
2861 5683 2947 5737 Ab
2968 5684 3213 5737 adventu
3240 5683 3389 5736 Petri
3420 5682 3479 5735 in
3510 5681 3727 5736 Urbem
3754 5698 3891 5753 pon-

2204 5755 2593 5823 tiﬁcatusejus
2612 5754 2847 5809 initium
2866 5755 3124 5822 sumpsit
3144 5755 3201 5809 in
3219 5754 3656 5809 eadem.etdies
3678 5754 3891 5808 illece-

2200 5824 2381 5896 lebris
2415 5826 2472 5880 in
2521 5826 2727 5893 primis
2758 5834 2844 5881 est
2876 5825 3114 5881 habitus
3138 5825 3615 5879 etanniversaria
3650 5825 3895 5896 tibique

2198 5894 2517 5951 festivitate
2541 5898 2818 5954 recolitur
2846 5915 2858 5951 :
2884 5904 2940 5953 et
2961 5897 3255 5967 cathedra,
3279 5897 3339 5951 in
3364 5909 3477 5965 qua
3498 5894 3767 5965 populos
3792 5894 3896 5953 do-

517 5573 581 5697 St.
629 5575 778 5628 Petri
809 5588 980 5629 XXXVI
1014 5579 1069 5627 et
1099 5587 1321 5644 XXXVII,
1353 5582 1403 5628 et
1445 5579 1504 5629 in
1533 5580 1773 5631 Romana
1804 5578 1926 5631 sede
1955 5573 2093 5633 χχιιι

517 5660 539 5697 ε
589 5657 722 5697 xxv.

515 5657 565 5697 ετ
589 5657 722 5699 χχγ.

513 5748 845 5823 Incendium
864 5752 1051 5806 Romm
1078 5751 1186 5808 sub
1210 5752 1449 5813 Nerone,
1484 5759 1537 5807 et
1561 5755 1885 5823 persecutio
1908 5756 2091 5823 prima

441 5818 902 5898 Christianorum
954 5824 1151 5898 (Tacit.
1183 5826 1389 5898 Anam.
1443 5837 1535 5898 χχ,
1562 5818 1722 5880 'sect.
1772 5824 1843 5879 38
1884 5818 1941 5880 et
1979 5823 2087 5898 44).

434 5895 492 5949 S.
526 5891 729 5944 Petrus
764 5893 1068 5945 secundam
1098 5893 1411 5962 Epistolam
1449 5893 1583 5951 hinc
1615 5898 1979 5953 transmittit.
