3994 6168
125 323 262 381 4044

1020 340 1336 396 HISTORIA
1378 344 1465 396 DE
1508 344 1682 398 VlTlS
1720 345 1884 401 ROM.
1935 346 2126 401 PONT.
2164 377 2227 386 -—-
2268 349 2320 401 S.
2366 347 2642 403 PETRUS.

3396 341 3535 409 4049

118 457 326 534 cturus
360 453 572 534 insedit
595 453 782 534 adhuc
815 456 1035 527 integra
1065 461 1122 515 in
1149 463 1274 530 ejus
1303 461 1543 518 basilica
1574 478 1766 518 asser-
1797 469 1849 525 A
1885 480 2032 530 nam,
2061 466 2227 520 tertio
2253 465 2324 519 ab
2357 467 2501 520 Urbe
2531 467 2827 520 milliario.
2861 469 3074 532 Petrus,
3101 467 3248 534 quod
3277 466 3533 533 plebeius

118 530 305 586 vatur,
337 533 393 578 et
423 526 708 588 singulari
761 529 817 582 in
859 526 1222 588 veneratione
1257 535 1518 589 habetur.
1551 537 1768 590 Christi

114 605 306 668 autem
341 611 491 648 anno
518 595 602 662 46,
635 600 780 653 Petri
827 604 1196 668 pontificatus
1239 606 1474 660 Romani
1510 608 1560 668 3,
1598 609 1774 661 Clau-

114 667 198 748 dii
226 668 591 748 priuetpatus
613 685 761 748 anno
789 667 993 748 quinto
1016 685 1230 740 exacto,
1263 680 1331 730 Μ.
1359 679 1582 733 Vinicio
1599 681 1772 748 Quar-

115 739 240 817 tino
276 753 311 792 tt
354 748 408 793 et
455 743 524 817 lii.
553 741 784 817 Statilio
810 739 1056 800 Corvino
1087 739 1260 816 coss.,
1293 763 1420 804 cum
1454 739 1770 806 triennium

115 813 408 890 integrum
448 813 564 879 jam
600 814 787 890 Romae
822 817 1022 890 Petrus
1075 813 1482 885 insumpsisset
1539 823 1593 875 in
1627 837 1773 877 con—

111 884 414 960 stituenda
443 885 902 960 etconlirmanda
929 902 990 942 ea
1020 884 1342 946 Ecclesiaet
1369 894 1771 960 prmdieatione

110 954 432 1026 Evangelii,
474 957 704 1010 assidua
740 958 1075 1015 sollicitudo
1105 954 1765 1020 aliarum'Eeelesiarum

108 1025 498 1080 Orientalium
539 1042 665 1081 eum
699 1030 939 1090 tenebat,
975 1039 1030 1086 et
1061 1035 1332 1089 avoc-ibat
1363 1037 1434 1089 ab
1465 1037 1771 1091 Occidente

110 1097 716 1172 llierosolymam..ubi
748 1115 842 1168 per
867 1103 920 1157 id
958 1109 1180 1172 tempus
1211 1120 1317 1159 non
1356 1108 1499 1162 levis
1531 1115 1652 1161 erat
1674 1123 1772 1163 se—

107 1168 256 1221 ditio
279 1183 347 1249 ex
379 1172 1041 1249 circumcisione_exorta
1078 1168 1227 1230 inter
1252 1179 1483 1248 fideles;
1513 1194 1770 1249 quapro-

109 1251 230 1305 pter
255 1241 326 1293 ad
357 1243 774 1297 conciliandam
819 1246 1084 1300 Ecclesiae
1133 1241 1543 1310 concortliam,‘
1574 1241 1769 1305 Petrus

103 1312 556 1388 Hierosolymam
606 1329 863 1370 reversus
912 1325 1027 1371 est:
1079 1321 1263 1374 Romae
1321 1323 1626 1388 vieariutu,
1680 1324 1762 1376 vel

105 1385 361 1463 vicarios
391 1386 742 1455 relinquens,
775 1389 898 1456 qui,
933 1404 990 1443 se
1017 1389 1269 1452 absente,
1313 1407 1534 1463 gregem
1563 1385 1766 1447 Denti—

106 1459 300 1533 nicum
361 1468 803 1533 conservareet
853 1475 1167 1533 propagare
1223 1464 1278 1517 in
1318 1459 1451 1518 dies
1509 1473 1756 1533 possent.

101 1527 532 1582 Controversiis
563 1530 790 1583 interim
833 1527 1226 1589 Orientalibus
1259 1536 1313 1588 in
1343 1527 1591 1591 concilio
1625 1538 1761 1590 llie—

103 1599 522 1676 rosolymitano
542 1603 901 1676 compositis,
928 1612 1107 1658 totum
1142 1606 1366 1660 Claudii
1393 1609 1759 1676 imperatoris

107 1676 339 1746 tempus
365 1674 560 1746 Petrus
595 1675 652 1726 in
687 1673 916 1728 Oriente
956 1690 1015 1729 se
1047 1679 1358 1746 continuit,
1401 1673 1580 1734 donec
1607 1694 1756 1734 anno

102 1741 319 1815 Christi
369 1742 458 1809 336,
492 1746 736 1798 Neronis
770 1747 1135 1815 imperatoris
1185 1752 1220 1810 l,
1254 1741 1471 1804 Nerone
1514 1753 1755 1805 Claudio

1884 546 1937 591 et
1969 539 2196 591 vilioris
2218 539 2575 592 conditionis
2601 538 2922 600 haberetur,
2957 539 3148 590 crucis
3172 545 3349 589 morte
3378 539 3530 590 dam-
3617 567 3626 574 ~

1887 618 2055 663 natur
2076 611 2268 663 eodem
2293 606 2356 663 13
2378 611 2622 664 Neronis
2643 624 2810 679 anno,
2833 612 3026 663 eodam
3044 609 3136 661 die
3157 621 3169 659 l
3187 621 3247 673 tt,
3274 607 3531 679 inquam.

1888 680 2007 733 Kal.
2041 682 2220 734 Julii:
2273 696 2398 748 qtue
2446 683 2775 736 inciderunt
2801 675 2959 734 'tunc
2997 679 3092 733 die
3137 679 3428 744 Mercurii,
3460 675 3531 732 29

1882 752 2063 816 .lunii,
2091 752 2148 805 C.
2201 753 2435 807 Fonteio
2487 755 2779 821 Capitone,
2837 759 2891 804 et
2923 755 2980 804 C.
3012 751 3166 804 Julio
3199 749 3348 804 Rufo
3379 763 3527 804 cms.

1882 824 2038 890 Quod
2076 837 2256 893 genus
2289 826 2510 886 mortis,
2533 826 2800 878 Christus
2834 825 2993 877 Petro
3023 836 3129 875 non
3164 821 3348 875 solum
3385 821 3528 874 Urbe

1882 895 2194 962 excedenti,
2225 898 2320 948 sed
2342 903 2478 950 tunc
2504 898 2698 959 etiam,
2720 910 2844 949 cttm
2871 893 3179 948 Ecclesium
3210 893 3295 946 illi
3328 893 3530 962 guber-

1886 967 2127 1020 nandam
2162 967 2426 1035 tradidit,
2454 969 2737 1034 prtrdixit.
2769 970 2895 1019 Cum
2923 967 3195 1021 srnnrris.
3234 965 3527 1032 inquiens,

1881 1039 2133 1090 extendes
2161 1054 2353 1091 manus
2384 1046 2527 1099 tuas,
2571 1045 2618 1091 rt
2649 1041 2791 1090 alius
2825 1044 2872 1090 te
2907 1041 3102 1103 cinget,
3156 1044 3203 1088 et
3231 1036 3387 1088 ducet
3421 1051 3526 1103 quo

1882 1113 1941 1160 tu
1998 1125 2103 1161 non
2156 1114 2237 1162 ris
2287 1113 2439 1178 (Jonn
2500 1125 2613 1177 xxI,
2675 1109 2777 1177 ib’}.
2832 1110 3006 1162 Addit
3057 1107 3348 1161 Joannes:
3412 1109 3525 1159 Hoc

1880 1185 2058 1231 animi
2089 1183 2252 1239 diluit,
2295 1184 2611 1248 significans
2633 1199 2740 1249 qua.
2778 1187 2945 1233 morte
2967 1181 3525 1246 essetclariﬁmturus

1878 1252 2046 1302 Deum.
2085 1253 2272 1320 (Mitt,
2315 1269 2366 1304 υ.
2424 1251 2524 1315 i9).
2578 1254 2816 1322 Rogavit
2873 1255 3068 1305 Petrus
3113 1251 3414 1305 carnifices
3458 1263 3525 1303 ne

1878 1321 2152 1377 similiter
2183 1332 2353 1393 atque
2386 1326 2661 1378 Dominus
2693 1328 2849 1379 cruci
2884 1322 3224 1392 adigeretur,
3252 1323 3345 1376 sed
3380 1335 3524 1376 con-

1879 1394 2061 1466 trario
2084 1402 2138 1449 et
2185 1396 2410 1454 inverso
2454 1398 2638 1466 modo,
2689 1397 2926 1462 veritus,
2967 1405 3024 1448 ttt
3067 1402 3152 1448 est
3182 1393 3519 1466 verisimile,

1878 1477 1945 1517 ne
1969 1465 2158 1520 eadem
2187 1470 2377 1536 passio
2403 1469 2660 1522 eumdem
2686 1468 2798 1522 sibi
2821 1470 2890 1523 ab
2916 1465 3331 1534 insipientibus
3353 1466 3527 1536 hono-

1875 1550 1989 1588 rem
2023 1541 2377 1593 conciliaret.
2415 1541 2479 1592 Et
2523 1540 2649 1594 ideo
2686 1539 3016 1608 impetravit
3045 1547 3107 1593 ut
3139 1551 3342 1591 manus
3371 1535 3522 1591 infe-

1873 1608 2000 1660 rius
2050 1611 2321 1680 superius
2347 1616 2536 1664 autem
2577 1613 2743 1678 pedes
2774 1611 3158 1680 alligerentur.

1943 1680 2113 1733 Linea
2157 1678 2241 1734 41.
2283 1712 2355 1720 -
2377 1685 2542 1734 Juajtu
2577 1683 2747 1734 locum.
2786 1678 2889 1734 ubi"
2913 1686 3207 1749 cruci/imus
3237 1685 3332 1733 est.
3368 1686 3515 1747 Sup-

1871 1750 2033 1818 plicii
2070 1752 2246 1806 locus.
2274 1755 2577 1807 summitas
2597 1753 2869 1807 .laniculi.
2895 1767 2994 1807 seu
3018 1753 3277 1806 Vaticani
3310 1752 3521 1805 montis

100 1814 317 1900 Czesare
352 1818 630 1900 Augusto,
666 1824 720 1871 et
752 1819 810 1871 L.
853 1814 1106 1900 Antistio
1137 1822 1328 1900 _\-'et_ere
1359 1823 1750 1900 _coss.,Ur_bem
1789 1841 1838 1900 Β
1867 1814 1983 1900 fuit
2040 1825 2348 1900 imminens
2381 1825 2740 1900 naumachia:
2790 1826 3031 1900 Neronis
3062 1823 3310 1900 inferius
3351 1824 3514 1890 juxta

98 1885 264 1964 longo
288 1895 416 1954 post
440 1893 546 1964 tem
558 1902 690 1955 pore
713 1903 995 1964 reversus,
1029 1894 1274 1946 Ecclesia
1287 1909 1332 1947 m
1358 1895 1413 1947 in
1433 1909 1493 1947 ea
1521 1885 1747 1964 revisit,

97 1966 143 2009 et
174 1961 376 2011 denuo
403 1959 529 2012 suis
550 1961 768 2014 sanctis
795 1965 1175 2018 concionibus
1201 1965 1617 2019 confortavitet
1638 1959 1749 2018 am;

98 2027 306 2094 pliavit
335 2039 700 2104 anamjantea
728 2047 833 2086 non
862 2035 1031 2089 licuit
1061 2049 1222 2088 suam
1258 2037 1441 2089 sedem
1474 2043 1746 2104 repetere,

94 2106 323 2174 vetante
356 2100 581 2156 Claudii
616 2105 821 2168 edicto,
854 2107 951 2174 qui
977 2108 1199 2160 Judzeos
1231 2121 1424 2160 omnes
1451 2100 1623 2162 Roma
1646 2100 1749 2161 ex?

94 2171 324 2245 pulerat
350 2175 540 2245 ;_quod
576 2182 758 2228 tamen
795 2171 982 2243 ipsius
1017 2178 1179 2231 obitu
1214 2179 1480 2245 spirat-at.

158 2243 339 2296 Linea
459 2275 526 2282 —
548 2247 647 2298 llic
677 2242 897 2315 scripsit
920 2249 1057 2299 duas
1085 2242 1371 2317 Epistolas,
1399 2267 1519 2317 qua:
1556 2251 1737 2302 catho-

92 2316 198 2366 lica:
253 2318 639 2369 nominantur.
693 2318 938 2386 Scripsit
989 2316 1184 2376 Petrus
1232 2316 1418 2374 Itonia:
1470 2322 1746 2386 existens,

89 2399 258 2452 quam
280 2386 357 2461 ob
380 2386 762 2461 idololatriam
786 2399 839 2443 et
861 2392 1134 2445 immensa
1152 2391 1387 2460 scelera,
1410 2393 1744 2461 Babylonem

89 2465 269 2529 vocat.
302 2460 455 2511 duas
486 2460 807 2526 Epistolas:
846 2463 1114 2529 priorem,
1153 2476 1247 2529 per
1277 2460 1568 2518 Silvanum
1605 2464 1750 2518 tide-

92 2527 188 2603 lem
218 2526 468 2603 fratrem
498 2531 795 2603 rlicclesiis
823 2526 1008 2601 Ponti,
1043 2526 1303 2596 Galatite,
1354 2537 1744 2603 Cappadocize,

87 2602 230 2652 Asia:
283 2607 345 2672 et
399 2601 701 2671 Bithynia},
751 2607 1000 2658 secundo
1051 2607 1291 2660 Neronis
1345 2601 1514 2672 anno,
1563 2610 1747 2659 Marco

85 2671 446 2745 evangelista
483 2673 702 2745 inejus
727 2676 1002 2730 comitatu
1033 2684 1325 2739 manente;
1375 2671 1741 2745 posteriorem

85 2755 210 2795 vero
242 2743 508 2810 ejusdem
546 2741 610 2797 4’2
641 2746 882 2799 Neronis
907 2761 1075 2805 anno.
1104 2763 1228 2801 cum
1253 2762 1283 2800 a
1319 2741 1425 2802 Deo
1453 2750 1564 2803 sibi
1597 2760 1748 2802 esset

84 2815 202 2889 ejus
237 2814 466 2889 obitus,
493 2822 549 2889 et
574 2818 908 2889 martyrium
949 2821 1204 2887 proxime
1228 2819 1611 2887 subeundum,
1643 2835 1746 2889 pa—

85 2882 387 2959 tefactum.
427 2882 735 2941 Catholicai
783 2882 969 2944 autem
1005 2905 1080 2944 6&8
1125 2891 1394 2958 Epistolte
1443 2882 1740 2959 dicunt-ur,

78 2957 244 3032 quasi
286 2956 662 3032 universales,
710 2962 856 3032 quod
891 2976 998 3015 non
1045 2963 1143 3015 uni
1176 2956 1390 3029 populo
1432 2970 1533 3016 :tttt
1564 2956 1740 3032 genti,

77 3027 165 3101 sed
193 3027 409 3101 multis
429 3042 494 3082 ac
515 3029 762 3084 diversis
786 3031 1004 3086 fuerint
1025 3027 1271 3101 scriptio,
1306 3036 1459 3088 sicut
1483 3027 1742 3088 Isidorus

73 3098 228 3168 Orig.
265 3098 372 3151 lib.
408 3113 483 3165 γι,
516 3115 545 3153 c
598 3101 651 3162 '2,
687 3109 963 3170 testatur;
1011 3098 1160 3158 inter
1194 3106 1521 3173 Scripturas
1551 3113 1738 3160 autem

75 3173 848 3263 θαι-ηε..ἐρῑνίξειηοηὶωειδῇὴξιξ
879 3176 1307 3263 ᾳμιεξᾙρξξῐοιω
1355 3184 1732 3263 reponuntur.
1765 3205 1811 3263 ρ

77 3240 361 3314 Nantulii
395 3241 527 3295 libri
558 3258 687 3297 sex:
737 3240 1095 3308 Prwdicatio;
1121 3240 1500 3314 Erimngeliu'rn,
1547 3253 1735 3310 Actus,

73 3312 386 3373 Revelatio,
443 3317 718 3375 Doctrina,
795 3318 1096 3376 Judicium,
1154 3312 1384 3372 nomine
1432 3321 1577 3372 l’etri
1637 3321 1736 3373 in-

74 3384 361 3461 scriptila
376 3387 903 3461 poeryphilspurii,
929 3397 985 3442 et
1007 3387 1150 3443 falso
1169 3389 1555 3457 apostolorum
1583 3391 1738 3444 Prin-

74 3455 183 3529 cipi
221 3455 596 3529 tribuuntur.
645 3459 796 3518 Eam,
832 3475 956 3528 qu:e
986 3455 1217 3514 dicitur
1252 3462 1418 3515 Petri.
1453 3463 1738 3529 Apocaly-

73 3527 230 3589 psim,
259 3533 335 3579 ut
356 3528 720 3602 subdititiam
747 3539 799 3583 et
834 3527 1195 3602 illegitimam
1217 3546 1246 3584 a
1274 3527 1564 3585 veteribus
1590 3534 1735 3586 indi-

77 3605 277 3671 catam,
309 3600 459 3664 apud
483 3601 813 3654 Palzestinos
832 3600 1015 3656 tamen
1035 3604 1089 3656 in
1111 3604 1372 3656 ecclesiis
1390 3603 1733 3671 quibusdam

78 3670 241 3743 semel
306 3673 618 3743 quotannis
653 3674 708 3726 in
741 3673 836 3726 die
887 3676 1222 3728 Parasceves
1275 3670 1591 3743 aliquando
1625 3675 1732 3743 legi

83 3740 316 3814 solitam
353 3742 695 3814 invenimus.
731 3745 972 3812 (Nicrph.
1021 3747 1053 3800 Ι.
1093 3759 1194 3810 χιι,
1227 3761 1272 3797 (ει
1305 3740 1416 3814 διίῖ)

151 3812 330 3884 Linea
380 3811 433 3864 6.
485 3845 544 3851 -
579 3817 648 3868 Et
697 3811 1052 3882 Emnyjrliwn
1104 3819 1295 3874 Murri,
1344 3811 1474 3884 quia
1525 3821 1737 3870 Murrus

79 3881 314 3955 orljutor
345 3885 460 3948 ejus
499 3888 630 3950 fuit,
678 3893 725 3939 et
754 3881 900 3953 ﬁlius
929 3889 1045 3954 ejus
1072 3890 1137 3940 (1e
1171 3881 1452 3955 tntptisino.
1489 3891 1733 3953 Marcus,

81 3951 223 4026 Petri
254 3955 618 4026 discipulus,
653 3967 706 4011 et
748 3951 1014 4025 Sectator,
1047 3967 1102 4013 et
1144 3959 1200 4012 in
1238 3951 1521 4026 baptismo
1556 3951 1735 4019 lililts,

81 4023 481 4098 Evangeltum,
523 4030 669 4096 quod
717 4030 837 4096 ipse
862 4023 1251 4098 apostolorum
1292 4023 1560 4098 Princeps
1593 4047 1739 4098 μηθ-

78 4095 399 4169 dicaverat.
459 4095 837 4155 liomanorum
880 4095 1105 4156 hortatu
1152 4109 1206 4156 et
1253 4095 1518 4169 precibus
1548 4095 1738 4157 Girzece

81 4166 280 4220 itidem
336 4173 705 4239 conscripsit,
769 4187 891 4239 seu,
955 4181 1016 4228 ut.
1073 4174 1174 4228 alii
1237 4166 1456 4233 volunt,
1523 4176 1735 4236 Latine,

76 4239 391 4318 cujusnea
457 4242 653 4318 lim-ua
714 4244 1083 4318 archetypum
1156 4245 1446 4318 adversari
1539 4253 1738 4314 putant

76 4307 346 4385 Venetiis
380 4313 440 4385 in
475 4315 783 4368 Marcianis
827 4307 1156 4370 'l'hesauris.
1199 4317 1322 4385 Syri
1367 4307 1561 4370 omnes
1605 4319 1739 4371 huic

79 4381 154 4458 rei
183 4383 360 4458 tidep
390 4383 612 4438 faciunt
639 4405 649 4440 ;
683 4397 737 4441 et
762 4389 908 4441 ratio
939 4389 1139 4442 suadet
1168 4381 1367 4442 ut'non
1397 4390 1534 4455 alia,
1567 4403 1736 4458 quam

77 4452 520 4529 Latinalingua
555 4458 916 4529 Evangelinm
957 4461 1012 4512 iit
1043 4474 1203 4514 usum
1229 4461 1446 4514 Latinis
1480 4452 1738 4514 futurum

75 4527 574 4599 conscriberetur.
609 4527 962 4584 Alterutrum
1006 4532 1204 4586 horum
1238 4531 1350 4594 sit,
1383 4547 1452 4585 ex
1485 4531 1655 4599 Papia
1686 4540 1741 4586 et

1866 1892 2116 1948 Tiberim
2148 1897 2272 1949 siue
2303 1915 2314 1949 :
2351 1895 2446 1950 ubi
2499 1910 2648 1949 nunc
2697 1896 3062 1962 magnificum
3102 1896 3373 1963 templum
3409 1910 3514 1948 su-

1868 1972 2271 2036 perstructum,
2319 1969 2465 2020 Petri
2502 1968 2711 2021 Montis
2741 1968 2900 2020 aurei
2946 1967 3288 2036 insignitum
3321 1967 3511 2034 titulo,

1867 2035 1963 2089 ubi
2002 2052 2196 2104 puram
2228 2046 2281 2092 et
2313 2037 2735 2092 immaculatum
2762 2051 2921 2091 suam
2950 2040 3198 2092 animam
3231 2038 3286 2090 in
3315 2051 3514 2091 manus

1861 2107 1962 2160 Dei
1990 2109 2278 2175 deposuit.
2297 2110 2556 2163 Clemens
2582 2110 2705 2177 ejus
2725 2110 3080 2176 discipulus,
3105 2116 3159 2164 et
3186 2109 3512 2177 episcopus.

1863 2191 1987 2230 cum
2035 2180 2277 2233 maxime
2317 2181 2698 2234 venerandum
2742 2187 2796 2234 et
2840 2188 3098 2235 sanctum
3137 2181 3262 2247 ejus
3304 2193 3512 2246 corpus

1866 2251 2159 2318 magnilice
2179 2252 2595 2318 composuisset
2616 2252 2671 2305 in
2697 2253 2806 2305 ima
2831 2253 3087 2306 Vaticani
3117 2259 3290 2319 parte,
3321 2251 3376 2303 in
3401 2265 3510 2318 qua

1860 2321 2104 2375 Neronis
2141 2324 2287 2376 horti
2322 2330 2503 2387 erant,
2557 2327 2611 2375 rt
2642 2323 2835 2376 circus
2867 2338 2992 2378 cum
3043 2322 3316 2382 obelisco,
3343 2322 3506 2388 juxta

1862 2391 2159 2456 Apollonis
2239 2393 2532 2461 templum,
2609 2395 2891 2461 sepelivit.
2957 2394 3058 2447 Ubi
3116 2407 3266 2446 nunc
3337 2393 3507 2446 etiam

1862 2464 2110 2530 quiescit
2131 2464 2368 2519 basilica
2396 2465 2798 2518 illustrissima
2821 2480 2851 2518 a
2871 2465 3246 2519 Constantino
3265 2464 3510 2517 Maximo

1864 2533 2205 2601 imperatore
2265 2537 2319 2589 in
2372 2536 2639 2590 honorem
2695 2537 2949 2602 ejusdem
3003 2535 3214 2589 ibidem
3250 2533 3506 2588 fundata.

1861 2611 2041 2684 totzus
2073 2607 2385 2660 Christiani
2428 2607 2587 2660 orbis
2613 2607 2775 2662 culttt
2807 2615 2860 2661 et
2885 2606 3207 2677 frequentia
3253 2605 3510 2659 celeber—

1862 2690 2002 2730 I‘lmil
2017 2717 2027 2728 .

1933 2748 2099 2802 Linea
2132 2747 2215 2801 l3.
2247 2779 2319 2788 —-
2351 2751 2450 2801 llic
2469 2752 2601 2815 ferit
2629 2751 3006 2803 ordinationes
3029 2766 3129 2818 per
3159 2764 3364 2801 menses
3393 2751 3507 2801 Dc—

1858 2819 2136 2872 cembrios.
2183 2821 2332 2874 Fecit
2376 2822 2432 2873 B.
2480 2823 2678 2876 Petrus
2721 2822 3118 2876 ordinationes
3170 2820 3361 2887 plures
3413 2834 3510 2888 per

1858 2904 2102 2944 mensem
2165 2891 2546 2955 Decembrem,
2599 2894 3000 2961 episcOporum
3069 2907 3166 2960 per
3229 2892 3505 2946 dimceses

1856 2963 2274 3031 quinquaginta
2305 2965 2501 3028 trium,
2527 2970 2583 3016 et
2611 2965 2666 3016 in
2693 2965 2830 3017 urbe
2849 2965 3020 3017 Roma
3047 2962 3503 3031 presbyterorum

1853 3034 2065 3101 decem,
2113 3034 2487 3087 diaconorutu
2522 3040 2733 3102 septem
2766 3051 2776 3085 :
2834 3035 2889 3086 in
2928 3035 3018 3088 his
3061 3034 3217 3088 fuere
3247 3035 3501 3102 episcopi

1855 3105 2052 3167 Linus,
2100 3104 2316 3170 Cletus,
2347 3105 2627 3171 Clemens,
2667 3104 3041 3172 Apollinaris,
3077 3106 3320 3168 Marcus,
3359 3106 3503 3159 Her—-

1855 3189 2134 3243 magoras,
2166 3182 2221 3228 et
2241 3175 2342 3228 alii
2377 3193 2390 3241 ;
2418 3175 2730 3244 presbyteri
2756 3174 3083 3244 Anacletus,
3104 3182 3160 3229 et
3180 3175 3503 3242 Evaristus,

1854 3254 2047 3314 postea
2083 3247 2319 3302 Romani
2359 3246 2678 3314 pontifices.

2573 3351 2776 3407 l’AGlI.

1920 3461 2092 3515 Linea
2123 3461 2172 3516 6.
2206 3492 2280 3500 ——
2308 3465 2457 3515 Duas
2478 3463 2736 3530 epistolas
2763 3459 2992 3531 (Pagius
3011 3460 3214 3515 Junior
3244 3475 3400 3516 num.
3434 3461 3492 3518 Η

1848 3538 1902 3586 et
1932 3531 2043 3599 42.)
2070 3534 2223 3588 Duas
2260 3541 2494 3587 sanctus
2541 3535 2737 3587 Petrus
2766 3533 3009 3604 scripsit
3028 3532 3341 3604 Epistolas,
3374 3551 3498 3604 qua:

1849 3605 2147 3658 catholicae
2172 3605 2559 3658 nominantur.
2599 3607 2673 3658 De
2703 3604 2880 3672 priori
2919 3603 3078 3657 nulla
3109 3617 3359 3671 utiquam
3389 3607 3495 3661 du-

1849 3676 2056 3729 bitatio
2079 3674 2192 3729 fuit
2215 3693 2228 3742 ',
2249 3677 2318 3730 de
2344 3677 2642 3742 posteriori
2672 3682 2898 3744 propter
2921 3675 3053 3743 styli
3079 3675 3497 3731 dissonantiam

1852 3747 2126 3800 nonnulla
2158 3747 2306 3814 apud
2359 3747 2588 3814 aliquos
2613 3746 2964 3815 ambiguitas
3014 3746 3240 3800 exstitit
3270 3765 3281 3799 :
3321 3749 3415 3802 sed
3446 3750 3497 3803 si

1851 3822 1983 3887 quis
2013 3819 2228 3885 prioris
2262 3819 2524 3886 lipistolae
2556 3819 2766 3886 stylutn
2805 3818 3032 3886 penittts
3061 3817 3355 3887 inspiciat,
3388 3835 3496 3874 non

1854 3891 2095 3943 multum
2120 3889 2410 3943 dissidere
2432 3905 2462 3943 a
2486 3890 2630 3958 stylo
2656 3889 3014 3957 posterioris,
3049 3887 3218 3942 facile
3245 3891 3508 3946 animad-

1853 3968 2052 4027 vertet,
2101 3970 2272 4028 atque
2326 3961 2379 4014 id
2435 3963 2604 4015 etiam
2661 3961 3173 4028 Magtleburgenses
3225 3959 3496 4018 fatentur.

1859 4035 2162 4100 Utramque
2189 4038 2338 4084 certe
2383 4031 2692 4100 Epistolam
2734 4041 2788 4086 et
2829 4033 3183 4097 canonicam,
3227 4040 3281 4086 et
3315 4036 3498 4088 sancti

1854 4105 2001 4156 Petri
2036 4117 2179 4157 esse.
2229 4103 2477 4157 Ecclesia
2510 4105 2710 4157 thin-uit
2745 4107 2798 4156 in
2855 4103 3124 4156 conciliis
3160 4104 3495 4174 Laodiceno,

1849 4174 2285 4242 Carthaginensi
2348 4176 2537 4232 tertio.
2617 4175 2943 4229 Florentino
3015 4180 3070 4227 et
3138 4175 3498 4230 'l‘ridentino.

1850 4245 2216 4314 Evangelium
2248 4248 2428 4300 sancti
2467 4248 2635 4300 Marci
2670 4260 2700 4299 a
2747 4245 3092 4315 quibusdam
3132 4248 3314 4300 sancti
3353 4250 3499 4303 Petri

1850 4318 2089 4382 dicitur,
2108 4319 2264 4386 quia,
2295 4319 2578 4373 utscribit
2600 4329 2831 4371 sat‘tctus
2852 4319 3248 4386 Hieronymus,
3277 4321 3500 4375 Marcus

1853 4390 2087 4444 auditor
2116 4393 2240 4454 ejus
2262 4397 2316 4442 et
2347 4394 2647 4455 interpres.
2679 4397 2913 4458 rogatus
2956 4403 2986 4441 a
3016 4387 3313 4444 fratribus.
3351 4391 3494 4446 illud

1854 4462 2109 4529 scripsit,
2142 4463 2305 4526 juxta
2355 4462 2502 4528 quod
2560 4463 2782 4515 Petrum
2817 4459 3150 4513 referentem
3197 4460 3496 4515 audierat:

1856 4534 2006 4601 quod
2053 4546 2181 4585 cutn
2231 4533 2430 4586 Petrus
2472 4534 2748 4594 audisset,
2804 4529 3085 4601 probavit,
3127 4536 3181 4583 et
3235 4531 3501 4586 Ecclesiae

75 4595 395 4670 ¢_.Ilertiente,
426 4598 526 4651 lib.
562 4614 639 4664 vt,
685 4602 888 4656 recitat
919 4602 1198 4657 Eusebius
1229 4604 1387 4669 (Hist.
1434 4603 1537 4656 lib.
1567 4595 1652 4664 'tt,
1688 4620 1735 4656 c.
1773 4598 1821 4655 D
1861 4595 2156 4670 legendum
2192 4618 2296 4655 sua
2320 4604 2663 4656 auctoritate
2689 4595 2884 4655 dedit:
2927 4602 3002 4653 ita
3029 4600 3404 4668 Hieronymus
3439 4605 3496 4658 in

74 4664 178 4731 eli),
217 4670 283 4720 Β.
323 4670 544 4723 Petrum
569 4673 790 4738 Spiritu
823 4681 1018 4727 saneto
1044 4664 1338 4735 revelantc,
1375 4682 1434 4728 ttt
1460 4674 1746 4729 intellexit

73 4753 221 4806 opus
255 4740 488 4795 editum
514 4757 544 4796 a
593 4745 802 4798 Marco.
853 4747 1196 4799 auctoritate
1243 4745 1383 4799 illud
1420 4759 1524 4799 sua
1558 4755 1740 4800 ratum

75 4808 390 4884 habuisse.
425 4817 481 4865 et
524 4816 913 4884 conﬁrmasse,
946 4819 1094 4884 quod
1147 4818 1201 4868 in
1247 4817 1494 4870 Ecclesia
1531 4819 1739 4882 passim

75 4881 501 4951 perlegeretur.
537 4883 762 4952 Quibus
801 4881 1016 4941 clarum
1057 4886 1318 4953 eﬂicitur,
1374 4881 1742 4942 Petroadhuc

72 4955 428 5028 superstite.
479 4957 730 5012 Marcum
793 4973 899 5013 non
950 4966 1060 5012 tam
1119 4971 1310 5016 suum,
1362 4972 1530 5028 quam
1595 4961 1740 5012 Petri

76 5026 471 5098 lirvangelium
503 5028 706 5082 Retine.
742 5043 794 5083 et
835 5031 1270 5098 conscripsisse,
1300 5036 1352 5083 et
1379 5026 1738 5094 publicasse:

73 5097 229 5148 sicut
258 5104 322 5149 et
357 5097 581 5166 Lucam,
608 5101 810 5168 quinto
838 5103 1081 5156 Nerottis
1112 5115 1280 5168 anno,
1309 5101 1540 5162 ibidem,
1574 5102 1744 5168 paulo

76 5176 199 5233 post
237 5168 558 5242 biennium
591 5184 618 5222 a
673 5173 891 5226 Ciesare
921 5173 1271 5242 absolutum,
1333 5173 1542 5227 librum
1577 5177 1745 5226 Actus

71 5241 464 5310 apostolorum
498 5242 839 5310 inscriptum
868 5247 928 5297 ed
944 5246 995 5298 id
1010 5245 1140 5298 isse.

141 5311 338 5364 Linea
389 5308 475 5364 40.
520 5341 583 5348 -—
617 5308 714 5366 llic
745 5319 1008 5381 martyrio
1053 5332 1171 5368 cunt
1223 5316 1388 5367 Paulo
1436 5321 1745 5368 coronatur.

75 5381 273 5436 Tertio
310 5382 550 5436 decimo
574 5383 756 5454 igitur
785 5387 1029 5440 Neronis
1058 5400 1206 5440 anno
1223 5393 1278 5456 et
1301 5387 1516 5440 Christi
1543 5388 1631 5454 68,
1650 5387 1753 5440 ali-

78 5464 216 5519 quot
255 5462 410 5507 ante
471 5457 789 5520 passionem
841 5458 1068 5525 diebus,
1128 5459 1326 5511 Petrus
1371 5459 1584 5511 carceri
1623 5473 1747 5511 cum

79 5526 279 5593 Paulo,
316 5533 384 5580 et
410 5525 663 5581 vinculis
710 5531 1040 5597 mancipati,
1087 5527 1248 5582 l'aISIs
1283 5530 1752 5582 accusationibus

78 5597 287 5663 delati,
363 5599 593 5664 tyranni
652 5601 951 5668 capitalem
1007 5601 1316 5654 toleravere
1371 5600 1748 5664 sententiam;

76 5670 314 5737 alligati
357 5671 544 5735 prius,
573 5676 628 5723 et
658 5674 838 5741 virgis
860 5673 1012 5728 c:esi.
1042 5684 1102 5725 ttt
1128 5686 1244 5724 mos
1273 5671 1542 5724 Romanis
1566 5670 1754 5723 inole—

81 5750 262 5797 verat.
308 5741 639 5813 prmset'tim
676 5745 936 5804 crimine,
971 5745 1120 5813 quod
1158 5744 1278 5797 illis
1309 5743 1623 5809 impietatis
1645 5742 1754 5795 ob—

75 5814 292 5878 jicieba
309 5822 435 5864 tur.
472 5812 702 5880 Paulus,
733 5818 880 5881 quod
916 5812 1202 5869 Romanus
1224 5823 1278 5869 et
1301 5814 1536 5878 nobilis,
1571 5816 1755 5882 capite

82 5892 419 5938 truncatur
443 5885 508 5936 ad
542 5898 722 5952 aquas
747 5886 966 5940 Salvias
1009 5893 1169 5940 extra
1204 5889 1422 5941 Portant
1468 5886 1755 5955 Trigemi—

1860 4669 1958 4729 lib.
1990 4675 2058 4728 de
2087 4675 2300 4740 Script.
2336 4673 2649 4725 ecclesiast.
2697 4674 2751 4725 in
2792 4675 2996 4725 Marco.

1926 4747 2167 4798 Sanctus
2189 4747 2388 4798 doctor
2409 4743 2616 4796 ibidem
2645 4745 2701 4796 in
2733 4745 2893 4796 Petro
2917 4741 3124 4794 multos
3151 4741 3298 4796 alios
3320 4743 3499 4800 libros

1855 4816 1964 4870 sub
1978 4816 2102 4883 ejus
2120 4817 2346 4869 nomine
2373 4815 2622 4882 scriptos
2640 4813 2820 4868 fuisse
2843 4820 3275 4867 commemorat:
3302 4827 3500 4884 nempe

1858 4901 2054 4953 unum,
2082 4887 2180 4955 qui
2215 4887 2548 4939 Auctarium
2574 4886 2697 4953 ejus
2723 4884 3103 4952 inscribitur;
3127 4884 3305 4938 altum
3330 4887 3504 4940 Evan-

1857 4958 1991 5026 gelii
2010 4975 2023 5018 ς
2042 4959 2266 5011 tertium
2293 4956 3036 5024 l’rtedicationis;quartum
3052 4956 3495 5025 Apocalypseos;

1858 5024 2123 5097 quintum
2155 5029 2408 5091 Judicii;
2444 5029 2539 5082 sed
2587 5041 2681 5081 eos
2713 5041 2909 5081 omnes
2958 5027 3106 5081 inter
3148 5024 3503 5098 apocryphas

1857 5099 2186 5166 Scripturas
2239 5101 2492 5167 reputari
2555 5098 2764 5154 ibidem
2829 5100 3056 5152 asserit.
3122 5100 3395 5154 Praeterea
3444 5102 3502 5155 in

1858 5171 2132 5224 Auctario
2177 5170 2541 5224 bibliothecae
2586 5171 2811 5224 Patrum
2865 5177 3048 5224 exstat
3096 5169 3356 5239 liturgia,
3401 5186 3503 5226 seu

1865 5244 2034 5295 missa
2060 5242 2392 5309 apostolica,
2415 5255 2581 5311 quam
2609 5257 2675 5296 ex
2697 5243 2892 5296 codice
2915 5245 3301 5310 manusrt'ipto
3324 5244 3509 5298 cardi-

1863 5315 2012 5367 nalis
2041 5314 2233 5366 Sirleti
2260 5316 2403 5367 Petri
2434 5315 2808 5382 inscriptione
2845 5314 3201 5382 insignitam,
3230 5313 3421 5368 Grmce
3450 5322 3509 5369 et

1861 5386 2058 5438 Latine
2088 5385 2270 5438 edidit.
2302 5387 2452 5439 circa
2483 5385 2645 5438 tinem
2680 5385 2874 5437 s:eculi
2908 5384 3116 5437 decimi
3151 5385 3296 5437 sexti
3329 5385 3506 5440 Guil—

1864 5457 2071 5510 lelmus
2121 5457 2413 5510 Lindanus
2461 5455 2952 5509 Ruremundensis
3005 5455 3354 5522 episcopus;
3407 5456 3500 5512 sed

1863 5541 1983 5581 eam
2035 5528 2470 5595 supposititiam
2518 5541 2642 5580 esse
2688 5528 2942 5581 ostendit
2983 5524 3299 5579 cardinalis
3357 5527 3507 5582 Bona

1865 5599 1966 5652 lib.
2024 5613 2035 5651 ι
2085 5600 2288 5652 lterum
2342 5599 2767 5668 liturgicarum,
2803 5613 2925 5667 cap.
2957 5598 3010 5662 8,
3047 5611 3173 5651 cum
3214 5597 3269 5650 itt
3318 5611 3380 5651 ea
3415 5612 3508 5653 re—

1867 5671 2165 5737 periantur
2205 5670 2459 5738 qtuedam
2495 5671 2784 5723 orationes
2827 5683 2893 5724 ex
2927 5669 3076 5722 libro
3109 5671 3508 5723 sacramento-

1867 5755 1988 5795 rum
2021 5741 2199 5795 sancti
2230 5741 2488 5806 Gregorii
2543 5743 2748 5808 Magni.
2801 5747 2856 5793 ct
2894 5739 3294 5794 cmisarcinata
3336 5743 3414 5795 sit
3442 5757 3506 5795 ex

1868 5814 2040 5866 missa
2071 5813 2288 5871 Latina,
2313 5821 2367 5866 et
2393 5826 2458 5866 ex
2489 5813 2749 5880 liturgiis
2781 5811 2994 5877 Jacobi,
3029 5812 3228 5865 llasilii
3266 5819 3320 5866 et
3346 5812 3512 5880 Chry-

1866 5885 2124 5938 sostomi.
2150 5884 2391 5952 Quibus,
2417 5883 2668 5952 altisque
2706 5882 3030 5937 rationibus
3055 5885 3164 5938 rite
3194 5884 3508 5952 perpensis,
