3994 6168
480 342 620 401 4043

480 542 632 602 αἱιιιο
663 554 820 600 sexto
859 558 891 600 a
923 542 1168 615 quodam
1198 545 1488 599 sacerdote
1516 544 1655 599 Italo
1696 545 1913 603 Graaco.
1940 543 2037 613 qui
2067 542 2120 596 ei

481 617 633 673 Petri
693 630 895 672 nomen
948 617 1210 685 praeﬁxit,
1264 616 1350 671 vel
1416 616 1553 685 quia
1612 629 1792 670 canon
1860 616 2124 669 Romana:

484 688 775 753 Ecclesiae,
830 689 998 757 cujus
1052 689 1252 742 Petrus
1299 686 1572 742 fundator
1638 685 1770 747 fuit.
1834 690 2124 755 praecipua

488 760 614 830 ejus
637 773 768 829 pars
784 768 889 827 est,
923 759 1007 813 vel
1041 759 1181 813 utei.
1205 759 1351 814 tanti
1377 758 1632 813 nominis
1660 758 2124 824 interpositione.

489 831 885 887 auctoritatem
918 831 1275 885 conciliaret.
1312 831 1387 883 De
1420 830 1795 885 translatione
1823 841 2128 899 corporum

490 904 582 958 SS.
614 903 763 957 Petri
796 909 850 956 et
882 902 1040 956 Pauli
1068 902 1188 967 lege
1213 902 1453 956 dicenda
1478 901 1535 955 in
1582 904 1739 957 Sixto
1776 904 1841 956 ll.

565 975 733 1029 Linea
755 972 814 1027 6.
850 1004 914 1011 —
944 975 1013 1026 Et
1052 975 1411 1038 Evangelium
1442 974 1636 1026 Marci.
1683 976 1833 1044 (Pag.
1863 975 2029 1027 Num.
2057 970 2132 1042 6.)

494 1047 682 1100 Romae
706 1045 962 1099 existens
1000 1051 1235 1099 sanet-.s
1272 1046 1471 1098 Petrus
1496 1052 1753 1100 sanctum
1789 1047 2039 1099 Marcum
2074 1044 2131 1096 in

492 1118 792 1187 Egyptum
831 1116 1161 1183 destinavit,
1200 1116 1297 1171 ubi
1346 1116 1654 1169 Ecclesiam
1688 1117 2134 1187 Alexandrinam

495 1186 780 1243 fundavit.
798 1188 1039 1242 Sanctus
1057 1188 1269 1256 quippe
1292 1187 1652 1255 Epiphanius
1675 1189 1874 1242 han-esi
1901 1186 1962 1242 54
1992 1186 2136 1241 scri-

495 1259 615 1314 bit:
642 1261 774 1315 Post
804 1262 1089 1313 Mattaaum
1114 1264 1345 1312 secutus
1360 1266 1445 1312 est
1467 1260 1704 1323 Marcus,
1724 1262 1925 1326 jussus
1948 1274 1975 1311 a
1997 1272 2137 1311 san-

495 1338 587 1386 cto
611 1333 773 1385 Petro
788 1331 972 1384 Romae
995 1330 1357 1395 Evangelium
1379 1331 1572 1384 edere:
1598 1331 1765 1385 etubi
1786 1332 2134 1398 scripsisset,

497 1404 756 1457 mittitur
782 1415 812 1454 a
841 1408 1037 1456 sancto
1080 1402 1240 1455 Petro
1277 1402 1333 1456 in
1365 1402 1757 1471 Egyptiorum
1808 1405 2123 1472 regionem.

496 1475 751 1529 Primum
786 1472 1241 1527 Alexandrinum
1292 1473 1625 1542 episcopum
1662 1474 1841 1529 fuisse
1881 1476 2132 1527 Marcum

494 1546 705 1601 asserit
738 1544 1019 1599 Eusebius
1046 1543 1145 1597 lib.
1177 1558 1235 1608 ll,
1258 1558 1378 1613 cap.
1404 1542 1494 1609 ‘24,
1535 1546 1624 1599 his
1656 1546 1879 1599 verbis:
1918 1547 2134 1599 Interea

494 1619 715 1672 Nerone
772 1622 1029 1670 octavum
1098 1616 1324 1688 imperii
1379 1630 1591 1672 annum
1651 1624 1870 1688 agente,
1916 1618 2137 1685 primus

498 1695 625 1758 post
673 1689 921 1742 Marcum
962 1686 1367 1757 evangelistam
1420 1686 1821 1745 Alexandriam
1875 1688 2140 1743 Ecclesiae

495 1759 1059 1816 administrationem
1088 1760 1347 1826 suscepit
1371 1759 1651 1815 Anianus.
1678 1762 1827 1815 idem
1856 1759 2142 1815 Eusebius

496 1832 769 1888 laudatus
795 1844 921 1899 cap,
944 1827 1009 1885 46
1034 1836 1090 1885 et
1132 1827 1216 1893 47,
1250 1832 1459 1899 agitde
1488 1832 1859 1887 institutione
1885 1832 2141 1886 Alexan-

494 1906 679 1960 drina:
727 1902 993 1957 Ecclesite
1041 1916 1074 1956 a
1132 1908 1331 1956 sancto
1382 1903 1587 1967 Marco,
1644 1910 1700 1957 et
1764 1905 1834 1958 de
1878 1903 2139 1957 moribus

491 1976 982 2039 Christianorum,
1013 1987 1157 2043 quos
1178 1973 1300 2042 ipse
1317 1972 1659 2029 formaverat
1686 1982 1774 2041 get
1796 1989 1917 2044 cap.
1946 1972 2013 2029 45
2031 1974 2136 2041 ait,

493 2056 759 2103 sanctum
788 2049 1059 2111 Marcum,
1098 2045 1354 2099 ﬁdelium
1388 2045 1577 2100 Romae
1607 2048 1978 2101 existentium
2010 2046 2140 2100 hor-

492 2126 636 2185 tatu,
663 2118 1029 2189 Evangelium
1064 2117 1403 2189 scripsisse:
1451 2119 1601 2186 quod
1649 2133 1773 2173 cum
1811 2120 2012 2173 Petrus
2044 2131 2140 2185 per

492 2188 893 2245 revelationem
950 2188 1135 2242 sancti
1180 2189 1437 2256 Spiritus
1467 2191 1848 2260 cognovisset,
1882 2190 2139 2244 delecta-

493 2268 589 2315 tus
626 2262 850 2315 ardenti
884 2260 1179 2314 hominum
1210 2260 1424 2315 studio.
1470 2259 1685 2316 librum
1734 2262 1896 2316 illum
1930 2266 2138 2315 aucto-

490 2332 662 2386 ritate
725 2344 828 2385 sua
876 2331 1277 2399 comprobasse
1323 2332 1563 2401 dicitur,
1624 2340 1686 2387 ut
1740 2333 2009 2401 deinceps
2077 2331 2136 2385 in

490 2401 766 2458 Ecclesiis
783 2401 1085 2472 legeretur.
1110 2403 1239 2457 ldeo
1261 2408 1450 2457 autem
1481 2405 1727 2459 Ecclesia
1745 2403 2137 2458 Alexandrina

493 2477 743 2545 primum
765 2473 951 2528 locum
978 2479 1104 2541 post
1119 2473 1425 2528 Romanam
1441 2475 1719 2541 obtinuit,
1741 2477 1879 2545 quia
1913 2476 2137 2545 Marcus

488 2544 766 2611 eamdem,
813 2545 960 2598 Petri
996 2544 1227 2600 nomine
1261 2547 1315 2600 id
1350 2548 1682 2613 statuentis,
1727 2548 1931 2613 erexit,
1982 2544 2133 2614 quod

490 2625 735 2673 testatur
756 2615 1024 2670 Gelasius
1054 2628 1194 2683 papa
1230 2616 1285 2670 in
1312 2618 1540 2671 decreto
1578 2619 1648 2672 de
1688 2617 1858 2672 libris
1888 2631 2135 2685 apocry-

488 2689 655 2758 phis:
697 2687 946 2741 secunda
986 2694 1176 2758 autem
1220 2687 1404 2753 sedes,
1440 2689 1655 2757 inquit,
1690 2689 1839 2756 apud
1880 2688 2137 2742 Alexan—

486 2757 697 2827 driam,
729 2758 879 2829 beati
924 2757 1069 2811 Petri
1120 2759 1370 2824 nomine,
1400 2772 1431 2812 a
1463 2760 1652 2814 Marco
1691 2762 1815 2829 ejus
1841 2758 2135 2825 discipulo

485 2838 543 2887 et
588 2828 946 2899 Evangelista
994 2835 1325 2883 consecrata
1374 2837 1489 2883 est:
1547 2831 1668 2897 ipse
1707 2828 1859 2885 enim
1891 2845 1923 2885 a
1972 2831 2134 2884 Petro

485 2898 763 2972 apostolo
785 2900 854 2972 in
900 2898 1217 2972 Egyptumr
1251 2901 1509 2955 directus
1581 2902 1815 2956 verbum
1874 2902 2136 2956 veritatis

486 2971 845 3043 praedicavit,
891 2978 947 3026 et
987 2971 1325 3040 martyrium
1370 2974 1813 3028 consummavit.

556 3044 728 3114 Linea
763 3040 942 3114 40.7
970 3045 1236 3110 Martyrto
1261 3058 1380 3096 cum
1408 3045 1577 3097 Paulo
1623 3050 1933 3099 coronatur.
1982 3045 2132 3114 (Pag.

484 3117 652 3171 Num.
682 3112 717 3168 9
744 3120 800 3169 et
841 3111 949 3183 40.)
996 3114 1285 3169 Simonem
1344 3117 1569 3181 Magum
1617 3116 1806 3171 Romae,
1838 3111 2039 3172 fuisse.
2083 3111 2138 3171 et

482 3186 555 3243 ob
584 3193 740 3241 artes
771 3186 1024 3256 magicas
1064 3199 1292 3240 summo
1326 3188 1383 3239 in
1428 3186 1644 3242 honore
1688 3188 1949 3242 habitum
1985 3185 2136 3242 refe-

1707 341 2071 397 ANASTASII
2109 341 2654 397 BIBLIOTHECARII

478 474 811 543 suspicatur
845 488 967 529 eam
997 474 1269 543 scriptam
1301 472 1482 527 fuisse
1523 473 1717 527 eodem
1766 471 1975 527 saeculo
2013 471 2121 543 de:-
2146 471 2199 529 Α
2230 485 2460 539 passum
2492 472 2760 527 arbitrati
2783 476 2950 542 sunt;
2977 485 3007 543 a

2233 544 2498 612 quintum
2525 562 2541 607 ;
2576 544 2815 613 triginta
2838 540 3250 598 sex'efﬁuxere.
3274 540 3356 595 Ab
3385 555 3451 613 eo
3480 547 3742 613 computo
3763 554 3854 594 non

2233 615 2588 669 dissentiunt
2618 612 2995 684 Hieronymus
3018 613 3088 668 de
3115 612 3501 680 scriptoribus
3541 612 3856 684 ecclesiasti-

2235 688 2340 751 cis,
2372 693 2481 741 tam
2510 688 2567 740 in
2594 687 2794 757 Elogio
2828 683 2946 741 divi
2977 686 3152 747 Petri,
3181 697 3347 754 quam
3371 683 3675 757 diviPauli
3695 684 3857 757 ;_Pon-

3733 339 3849 398 40H

3041 484 3154 540 quo
3184 483 3334 524 anno
3365 469 3433 523 ad
3464 469 3853 538 sexagesimum

2240 758 2449 812 tiﬁcale
2467 754 2869 820 Romanorum,
2891 757 3348 826 Chrysostomus,
3401 755 3677 821 lsidorus,
3716 754 3854 813 Beda.

2244 829 2527 899 Rabanns,
2560 829 2936 897 Nicephorus,
2965 828 3206 896 aliique,
3240 827 3528 899 tradentes
3556 827 3775 899 Petrum
3816 833 3859 878 et

2244 897 2522 968 Paulum,
2573 901 2811 969 triginta
2874 904 3086 968 septem
3136 898 3307 953 annis
3371 904 3494 967 post
3562 897 3856 969 Passioneni

2244 973 2455 1025 Christi
2504 968 2736 1040 elapsis,
2784 972 3055 1039 martyrio
3102 975 3402 1024 coronatos
3448 982 3606 1035 esse;
3652 982 3771 1021 nam
3812 968 3855 1021 lii

2247 1050 2555 1113 utrumque
2580 1053 2889 1098 extremum
2918 1056 3127 1113 annum
3177 1041 3583 1113 incompletum
3609 1052 3862 1113 procum-

2248 1115 2397 1183 pleto
2426 1110 2744 1179 numerant,
2772 1115 2826 1168 in
2853 1127 2964 1183 quo
2996 1112 3177 1167 solum
3210 1127 3241 1166 a
3274 1110 3857 1183 prioribusdiﬁ‘erunt.

2250 1181 2402 1239 Passi
2439 1193 2782 1241 snntautem
2833 1181 2927 1239 die
2956 1185 3229 1255 vigesima
3282 1198 3429 1238 nona
3474 1184 3661 1245 Junii,
3691 1181 3856 1255 quain

2249 1257 2518 1312 omnibus
2551 1257 2663 1311 fere
2697 1252 3118 1327 Martyrologiis
3143 1270 3336 1310 eorum
3377 1255 3650 1309 memoria
3678 1252 3861 1327 recoli—

2251 1339 2364 1395 tur,
2400 1330 2713 1398 etquidem
2764 1329 2820 1383 in
2877 1329 3056 1396 prima
3116 1327 3382 1382 Ecclesia:
3422 1326 3807 1396 persecutione
3837 1339 3858 1377 ξι

2247 1402 2466 1455 Nerone
2503 1407 2843 1470 imperatore
2872 1401 3138 1454 excitata.

2899 1507 3229 1563 SOMMIER.

2319 1618 2489 1673 Linea
2548 1615 2686 1670 4.-
2745 1616 3037 1683 Apostolus
3094 1619 3143 1667 et
3198 1614 3452 1682 Princeps
3506 1611 3862 1683 apostolorum.

2247 1691 2555 1745 Character
2607 1688 2715 1742 iste
2766 1682 3083 1741 distinctus
3131 1688 3195 1741 in
3243 1685 3595 1739 auctoritate
3630 1682 3862 1753 pastorali

2251 1762 2401 1816 beati
2429 1760 2574 1815 Petri
2602 1758 3004 1827 complectitur
3027 1759 3142 1813 duo
3165 1757 3468 1825 attributa,
3500 1756 3715 1825 quibus
3738 1757 3863 1827 ejus-

2250 1834 2377 1888 dem
2411 1838 2615 1886 natura
2644 1825 2899 1885 constat:
2934 1843 3130 1898 nempe
3162 1830 3548 1887 crtensiomm,
3581 1842 3704 1897 qum
3733 1825 3862 1898 nullo

2253 1906 2439 1959 limite
2464 1901 2993 1967 circumscribitur,
3025 1896 3080 1955 et
3112 1899 3306 1954 ﬁdeles
3335 1896 3632 1968 quotquot
3662 1899 3712 1953 in
3751 1896 3861 1951 orbe

2254 1977 2519 2030 universo
2572 1980 2729 2033 sunt.
2778 1973 3009 2027 Christo
3054 1972 3293 2026 Domino
3348 1971 3426 2023 ita
3463 1970 3859 2039 pronuntiante.

2249 2045 2602 2117 colligitsub
2638 2059 2749 2099 uno
2780 2052 3002 2117 pastore
3040 2046 3215 2117 (Joan.
3267 2057 3325 2109 x,
3362 2040 3466 2117 16}.
3494 2048 3563 2096 ut
3593 2043 3691 2096 ﬁat
3722 2052 3857 2117 uninn

2251 2111 2419 2185 ovile,
2453 2124 2507 2171 et
2537 2131 2684 2170 unus
2712 2111 2919 2184 pastor.
2942 2111 3297 2168 Attributum
3331 2113 3585 2168 alterum
3615 2122 3698 2167 est
3722 2111 3859 2185 ττι-ει-

2248 2181 2414 2243 lcntia
2450 2181 2731 2258 potestatis
2756 2201 2821 2241 ac
2841 2187 3182 2258 directionis
3210 2186 3267 2239 in
3298 2192 3522 2254 pastore
3566 2181 3858 2258 universali.

2248 2262 2347 2330 qui
2372 2252 2562 2315 ovium
2599 2260 2653 2313 in
2676 2273 2850 2313 censu
2876 2272 3004 2312 cum
3028 2252 3472 2330 obtineatipsos
3501 2262 3769 2330 pastores,
3786 2252 3858 2306 tali

2248 2326 2521 2401 tantaque
2548 2330 2850 2400 vigilantia
2902 2336 2958 2383 et
3009 2329 3239 2398 regendi
3268 2329 3329 2401 vi
3359 2327 3579 2401 pollere
3630 2326 3794 2401 debet,
3817 2330 3861 2376 ut

2249 2397 2576 2459 omnimoda
2602 2397 2731 2456 cum
2765 2397 3086 2455 securitate
3106 2413 3238 2468 grex
3272 2399 3439 2453 illum
3474 2397 3747 2466 subsequi
3786 2410 3863 2445 va—

2252 2476 2379 2529 leat.
2413 2475 2466 2529 ld
2498 2481 2561 2529 ut
2585 2474 2903 2539 contingat,
2931 2472 3314 2527 necessarium
3341 2476 3427 2524 est
3453 2476 3517 2524 ut
3575 2470 3735 2524 illius
3761 2479 3864 2519 vox.

2247 2560 2311 2600 ac
2333 2546 2578 2600 directio
2604 2545 2722 2598 sint
2750 2546 2953 2596 veritas
2975 2550 3022 2595 et
3046 2544 3314 2595 I‘t‘ctltltdo
3342 2560 3357 2593 :
3381 2555 3509 2610 qute
3536 2542 3595 2595 si
3623 2541 3863 2599 deessent.

2251 2632 2537 2686 perperam
2564 2629 2701 2670 cura
2734 2620 2924 2685 gregis
2954 2614 3041 2669 illi
3072 2614 3549 2686 concrederetur;
3575 2618 3636 2667 et
3672 2611 3783 2679 plus
3803 2622 3869 2676 pe-

2247 2684 2421 2743 riculi
2445 2684 2772 2741 immineret
2799 2685 2954 2756 gregi
2983 2687 3060 2739 ita
3080 2686 3397 2739 constituto
3421 2684 3530 2739 sub
3565 2697 3681 2738 uno
3703 2689 3865 2756 pasto-

2247 2773 2325 2815 re.
2375 2773 2543 2829 quam
2574 2754 3029 2813 relictis‘ovibus
3059 2756 3175 2829 sub
3196 2757 3413 2829 ducatu
3447 2756 3705 2829 plurium
3736 2754 3869 2829 diref

2246 2827 2490 2896 ctoriim,
2519 2844 2550 2885 a
2580 2843 2639 2884 se
2690 2830 2930 2884 invicem
2985 2842 3094 2882 non
3145 2827 3624 2896 dependentium.
3663 2828 3785 2881 Nam
3827 2827 3864 2873 si

2249 2918 2400 2958 unus
2425 2901 2758 2956 exorbitans
2786 2908 2986 2954 auctor
3005 2901 3160 2970 gregi
3188 2899 3347 2953 ﬁeret
3377 2899 3625 2963 erroris,
3648 2897 3742 2952 alii
3762 2907 3869 2970 pos-

2248 2980 2514 3029 sentoves
2531 2972 2783 3042 palantes
2797 2968 3404 3045 opportune'reducere
3420 2971 3713 3045 in_rectam
3726 2968 3865 3045 viain.

2248 3046 2508 3099 Attamen
2541 3049 2759 3099 certum
2785 3051 2889 3110 est,
2940 3043 3106 3098 ﬁnem
3132 3054 3164 3095 a
3208 3042 3339 3095 .Iesu
3365 3041 3606 3096 Christo
3638 3041 3865 3108 proposi—

2249 3125 2365 3172 tum
2400 3118 2455 3169 in
2485 3115 2616 3171 sede
2649 3129 2759 3169 una
2779 3114 3183 3169 constituenda
3204 3113 3430 3167 caeteris
3452 3112 3723 3166 omnibus
3744 3120 3865 3177 prte-

2247 3188 2508 3251 cellente,
2545 3199 2774 3255 unoque
2795 3185 3061 3253 pontiﬁce
3079 3197 3301 3239 summo
3337 3185 3393 3238 in
3427 3183 3680 3237 Ecclesia
3702 3180 3867 3235 decla-

482 3266 621 3315 runt
648 3253 915 3313 Justinus
959 3263 1175 3326 martyr
1199 3257 1478 3328 Apologia
1518 3256 1572 3325 2,
1605 3265 1662 3314 et
1704 3261 1953 3314 Irenmus
1981 3259 2083 3314 lib.
2117 3272 2133 3313 ι
2164 3253 2211 3313 C
2248 3260 2449 3327 rando,
2480 3253 2996 3319 fuisse—unitatem,
3038 3262 3093 3310 et
3137 3262 3552 3328 consequenter
3599 3256 3863 3328 ceritatem.

479 3334 757 3386 adversus
782 3328 1098 3383 haereticos.
1132 3342 1261 3396 cap.
1291 3327 1381 3383 20.
1412 3330 1592 3399 Hunc,
1636 3336 1700 3385 ut
1729 3332 1919 3397 prodit
1942 3333 2131 3384 Arno—

479 3402 614 3457 bius
646 3400 748 3456 lib.
781 3412 820 3453 ii
876 3400 1151 3454 adversus
1189 3400 1468 3466 Gentiles,
1526 3414 1650 3471 pag.
1699 3400 1790 3463 23.
1820 3403 2130 3456 Ecclesiam

479 3474 844 3528 vehementer
867 3470 1326 3527 conturbantem.
1366 3470 1633 3540 precibus
1656 3474 1967 3542 prostravit
1990 3487 2132 3528 san-

478 3553 609 3600 ctus
632 3546 867 3598 Petrus:
899 3544 1041 3597 Cum
1068 3542 1220 3597 enim
1258 3543 1450 3597 Simon
1502 3546 1740 3611 magicis
1787 3545 2035 3610 artibus,
2070 3552 2130 3599 ut

477 3630 539 3671 se
578 3618 755 3670 Deum
791 3615 1080 3684 probaret,
1104 3613 1337 3669 duobus
1364 3613 1639 3670 suﬁ'ultus
1661 3617 1965 3671 daemoniis
1992 3630 2128 3671 evo-

479 3688 673 3745 lasset.
708 3686 1078 3741 orationibus
1104 3688 1500 3753 apostolorum
1555 3689 1703 3742 Petri
1735 3695 1792 3742 et
1842 3688 2003 3743 Pauli
2028 3686 2131 3743 fu—

479 3760 632 3829 gatis
661 3757 1045 3817 dtemonibus,
1081 3756 1353 3825 delapsus
1386 3757 1445 3810 in
1478 3765 1706 3827 terram,
1741 3761 1950 3827 populo
1992 3773 2133 3827 spe—

474 3836 665 3885 ctante
685 3830 959 3895 diruptus
1004 3833 1109 3880 est.
1162 3829 1298 3881 Acta
1332 3837 1661 3884 sanctorum
1688 3832 1833 3884 Petri
1884 3839 1940 3885 et
1971 3830 2130 3885 Pauli

478 3915 547 3955 ex
572 3900 789 3953 Graecis
838 3898 1133 3955 translata.
1169 3912 1199 3951 a
1226 3900 1578 3967 Lippomano
1609 3910 1665 3954 et
1689 3903 1858 3956 Surio
1886 3903 1953 3955 ad
1978 3902 2127 3956 diem

477 3970 549 4026 29
576 3970 735 4024 Junii
759 3969 936 4038 edita,
976 3968 1183 4022 habent
1211 3976 1441 4024 sanctos
1469 3973 1761 4039 apostolos
1798 3973 2131 4027 Christiana

480 4042 591 4097 ﬁde
632 4039 914 4095 imbuisse
960 4040 1107 4111 duas
1154 4039 1419 4108 feminas,
1468 4044 1712 4098 Neronis
1764 4045 2133 4111 imperatoris

479 4112 737 4181 pellices,
771 4124 898 4180 quae
950 4110 1222 4179 deinceps
1271 4113 1477 4181 pudice
1527 4114 1716 4170 vivere
1765 4110 2121 4171 statuerunt.

479 4185 645 4257 Parte
665 4182 964 4257 alia,_cum
1016 4182 1162 4257 Nero
1198 4184 1430 4257 Romam
1462 4185 1690 4257 incendi
1741 4187 2038 4257 jussisset,
2063 4188 2134 4241 ob

482 4256 658 4326 idque
686 4254 744 4326 in
767 4252 1249 4326 odiumomnium
1281 4255 1551 4321 venisset,
1578 4252 1859 4312 abolendo
1888 4252 2130 4326 rumori,

483 4322 681 4395 inquit
701 4324 936 4378 Tacitus
969 4322 1072 4377 lib.
1120 4326 1470 4397 xviAnnal.,
1517 4328 1733 4382 crimen
1777 4330 2025 4397 conjecit
2076 4322 2135 4385 in

481 4397 866 4470 Christianos,
926 4408 1139 4464 eosque
1206 4396 1311 4451 hac
1364 4397 1434 4451 de
1481 4411 1651 4453 causa
1700 4396 2140 4470 quaisitissimis

484 4468 666 4540 ptenis
694 4465 902 4522 aﬁ‘ecit.

555 4539 678 4615 Qua
710 4553 768 4594 re
802 4540 880 4609 (id
931 4544 1017 4615 est
1060 4539 1390 4615 miraculis,
1420 4548 1481 4615 et
1508 4543 1987 4615 conversionibus
2015 4560 2141 4615 quae

2246 3332 2374 3385 sine
2406 3325 2517 3399 qua
2545 3331 2743 3384 unitas
2775 3342 2957 3398 neque
2983 3340 3107 3382 esse
3137 3340 3319 3395 neque
3346 3325 3613 3399 intelligi
3636 3334 3861 3399 unquam

2248 3394 2457 3471 potest.
2489 3400 2651 3454 Multi
2680 3414 2809 3455 vero
2840 3394 3107 3454 ductores
3135 3394 3242 3452 non
3272 3394 3648 3471 subordinati
3676 3394 3862 3471 diutius

2244 3462 2455 3528 sociari
2483 3472 2726 3526 invicem
2756 3484 3115 3541 nequaquam
3144 3476 3404 3537 possunt.
3440 3469 3578 3523 Inde
3604 3481 3735 3541 vero
3755 3462 3863 3541 elle-

2242 3553 2395 3600 ctum
2430 3551 2516 3599 est
2546 3551 2609 3598 ut
2643 3542 2742 3597 illa
2768 3535 2981 3608 unitas,
3003 3555 3129 3610 qua}
3145 3535 3442 3612 reperitur
3466 3543 3525 3594 in
3552 3540 3678 3595 sola
3707 3535 3860 3612 Eccle—

2243 3620 2329 3672 sia
2361 3614 2666 3669 catholica.
2702 3613 2898 3668 habita
2930 3627 3153 3681 semper
3175 3610 3351 3666 fuerit
3379 3613 3639 3666 medium
3665 3610 3855 3681 tutissi-

2245 3702 2397 3741 mum
2424 3686 2613 3755 ipsius
2640 3680 3073 3739 conservande
3107 3681 3453 3753 Quicunque
3505 3684 3693 3753 igitur
3713 3681 3796 3734 hac
3816 3680 3858 3729 in

2241 3758 2495 3813 Ecclesia
2522 3764 2781 3811 centrum
2801 3764 2887 3811 est
2918 3758 3170 3815 unitatis,
3206 3756 3285 3809 sit
3314 3763 3370 3809 et
3390 3757 3647 3807 veritatis
3677 3758 3859 3825 ιιθαηεξε

2243 3837 2350 3897 est,
2385 3829 2535 3900 quod
2568 3830 2625 3882 in
2660 3829 2806 3883 idem
2860 3827 3088 3900 recidit,
3136 3826 3616 3900 etc._t}haracter
3656 3830 3860 3900 pastoris

2246 3896 2499 3970 supremi
2524 3906 2579 3954 et
2607 3899 2956 3954 universalis
2976 3906 3080 3965 est,
3107 3906 3168 3951 ut
3195 3896 3535 3952 infallibilis
3552 3898 3637 3951 sit
3657 3898 3706 3950 in
3726 3901 3859 3970 grege

2248 3966 2519 4029 universo
2542 3972 2842 4040 pascendo,
2874 3985 3003 4024 cum
3036 3970 3232 4025 nullus
3252 3971 3363 4037 ipsi
3389 3970 3665 4040 superior
3684 3966 3858 4020 adeum

2246 4039 2616 4115 dirigendum
2645 4043 2723 4097 sit
2742 4043 3121 4115 constitutus,
3145 4050 3348 4115 praeter
3381 4042 3570 4115 ipsum
3596 4039 3859 4095 Christum

2244 4111 2455 4184 .lesuiu,
2484 4113 2571 4168 illi
2593 4115 2877 4168 dicentem
2896 4114 3042 4167 citra
3069 4111 3399 4167 facultatem
3433 4112 3611 4167 ullam
3644 4114 3861 4184 censura

2246 4202 2311 4241 ac
2371 4177 2671 4255 potestatis
2714 4185 2785 4239 ab
2815 4184 2996 4239 altero
3043 4198 3218 4252 supra
3290 4185 3479 4256 ipsum
3537 4177 3860 4256 exercendam:

2249 4246 2411 4311 Pasce
2466 4272 2637 4323 agnos
2662 4272 2833 4317 meos;
2874 4272 3031 4323 pasco
3060 4246 3179 4308 oves
3227 4246 3373 4308 meas
3416 4255 3594 4324 (Joan.
3644 4268 3756 4317 ιιι,

2253 4326 2367 4398 l7);
2403 4320 2891 4398 quemadmodum
2937 4333 3102 4381 antea
3138 4327 3226 4381 illi
3273 4320 3536 4381 dixerat:
3578 4328 3663 4379 Tu
3702 4338 3751 4398 es
3783 4320 3864 4398 _P6—

2252 4393 2390 4462 ιιηὶε,
2422 4393 2435 4398 ’
2465 4406 2515 4454 et
2598 4416 2764 4466 super
2810 4399 2950 4451 hanc
2994 4404 3207 4467 petram
3280 4398 3556 4466 aediﬁcabo
3598 4393 3861 4467 Ecclesium

2250 4460 2457 4531 meum:
2513 4476 2563 4524 ct
2613 4460 2713 4524 tibi
2769 4470 2909 4523 (labo
2959 4460 3135 4523 claues
3166 4472 3322 4536 regni
3370 4460 3627 4521 calorum
3679 4460 3865 4536 (Manli.

2254 4558 2368 4612 XVI,
2402 4542 2487 4603 48,
2521 4541 2643 4611 49);
2684 4548 2771 4596 et:
2807 4544 3012 4607 Rogaui
3054 4558 3156 4609 pro
3188 4534 3257 4601 te,
3289 4543 3465 4601 Patre,
3517 4546 3578 4593 ut
3604 4534 3714 4592 non
3752 4534 3869 4612 fle/i—

484 4627 584 4683 per
611 4614 836 4667 Petrum
857 4617 914 4684 et
939 4609 1175 4665 Paulum
1207 4610 1433 4681 ﬁebant)
1461 4613 1528 4667 ad
1551 4616 1824 4669 Neronem
1847 4609 2061 4671 delata.
2082 4658 2096 4670 .
2119 4658 2130 4669 .
2168 4625 2221 4684 D
2254 4609 2364 4668 δέατ’
2409 4616 2544 4683 ﬁdes
2574 4609 2667 4666 tua
2692 4632 2709 4666 :
2760 4618 2809 4666 et
2852 4619 2909 4665 tu
2954 4613 3256 4680 aliquando
3301 4626 3587 4684 conuersus
3641 4610 3865 4684 conﬁrma

488 4685 713 4753 primus
738 4683 994 4737 omnium
1024 4689 1356 4749 persecutus
1378 4685 1475 4738 Dei
1504 4699 1708 4740 servos
1734 4688 1955 4742 Petrum
1977 4689 2136 4743 cruci

483 4754 693 4824 afﬁxit,
726 4759 783 4807 et
809 4753 1053 4808 Paulum
1082 4753 1395 4823 interfecit,
1429 4754 1631 4810 subdit
1667 4760 1997 4814 Lactantius
2022 4759 2141 4815 lau-

484 4828 676 4882 datus.
713 4826 1052 4896 Martyrium
1105 4826 1251 4879 illud
1309 4828 1558 4896 contigit
1589 4830 1767 4883 Nerva
1800 4837 1855 4884 et
1906 4832 2139 4886 Vestino

484 4896 850 4970 consulibus,
896 4902 961 4951 ut
994 4895 1207 4964 legitur
1240 4897 1297 4970 in
1332 4897 1599 4970 catalogo
1646 4908 1899 4955 veterum
1941 4904 2140 4970 ponti—

489 4970 690 5041 ﬁcum,
742 4968 984 5041 ideoque
1037 4981 1186 5021 anno
1240 4968 1459 5023 Christi
1507 4972 1862 5041 sexagesimo
1909 4968 2135 5041 quinto.

490 5039 772 5113 Baronius
790 5039 1022 5108 quidem
1040 5043 1365 5113 sanctorum
1386 5039 1774 5109 apostolorum
1803 5039 2138 5113 martyrium

490 5111 687 5167 diﬁ‘ert
716 5111 771 5163 in
807 5123 1020 5164 annum
1068 5110 1285 5164 Christi
1332 5115 1748 5182 sexagesimum
1806 5110 2137 5182 septimum,

495 5197 659 5251 quem
688 5182 809 5255 ipse
834 5183 1464 5255 vocatsexagesimum,
1499 5198 1729 5251 nonum,
1756 5186 1953 5255 aitque.
1976 5201 2137 5244 suam

493 5253 833 5309 sententiam
867 5251 1238 5317 gravissimos
1262 5252 1469 5307 habere
1498 5261 1830 5321 assertores,
1859 5251 2134 5315 nimirum

492 5324 692 5379 Caium
710 5329 1016 5392 antiquum
1034 5322 1403 5391 Theologum,
1424 5326 1792 5393 Zephirinum
1823 5329 2135 5386 Romanum

496 5395 844 5464 pontiﬁcem,
870 5394 1742 5470 et_Dionysium_Corinthiorum
1765 5399 2135 5470 episcopum;

495 5480 639 5537 quos
670 5464 1520 5537 omnescitansMetaphrastes
1573 5470 1720 5537 apud
1768 5464 2000 5526 S’urium
2043 5464 2139 5530 die

492 5534 563 5590 29
587 5536 746 5612 Junii
773 5536 976 5612 iisdem
1005 5534 1359 5604 astipulatur
1380 5546 1566 5612 atque
1597 5534 1925 5606 concordat,
1974 5545 2134 5612 dum,

496 5618 645 5660 anno
674 5607 971 5679 trigesimo
1002 5612 1163 5661 sexto
1208 5615 1334 5679 post
1380 5607 1707 5665 Pas’sionem
1758 5613 2009 5679 Domini,
2043 5607 2140 5672 eos

494 5683 724 5754 necatos
767 5675 1029 5754 ’aﬁirm‘at.
1095 5680 1175 5754 [ta
1238 5678 1697 5754 Baronius._Sed
1754 5684 1887 5740 hinc
1944 5675 2140 5754 potius

495 5752 693 5820 nostra
717 5750 999 5820 sententia
1031 5749 1422 5820 conﬁrmatur.
1449 5749 1689 5820 Antiqui
1730 5755 1905 5819 enim,
1938 5749 2001 5811 ut
2032 5773 2138 5814 su-

534 5816 695 5896 erius
712 5816 995 5896 diximus,
1018 5819 1567 5896 Christumhduolius
1587 5816 1850 5879 Geminis
1869 5816 2139 5884 consuli-

516 5902 625 5953 ius,
673 5886 914 5951 ideoque
960 5900 1109 5941 anno
1147 5902 1272 5942 aii-az
1311 5890 1652 5945 Christianae
1680 5896 1958 5963 vigesimo
1986 5913 2136 5958 nono

2250 4680 2454 4753 fratres
2482 4694 2601 4738 tuos
2630 4685 2783 4750 (Luc.
2834 4698 2975 4745 xxii,
3024 4684 3130 4753 :52).
3160 4684 3321 4738 Talia
3358 4690 3496 4737 sunt
3527 4680 3867 4753 fundamenta

2253 4747 2595 4823 immobilia,
2622 4747 2795 4824 Super
2820 4769 2945 4824 quae
2974 4747 3199 4810 constat
3245 4757 3301 4809 in
3330 4756 3586 4809 Ecclesia
3616 4747 3867 4807 catholica

2251 4828 2578 4884 stabilitum
2611 4840 2733 4882 esse
2760 4826 3092 4896 primatum,
3144 4833 3200 4881 et
3228 4837 3465 4881 caaieras
3491 4827 3655 4881 dotes
3686 4824 3870 4876 Roma-

2254 4914 2337 4955 na:
2360 4901 2540 4955 sedis.
3330 4900 3339 4905 ”

2326 4972 2493 5025 Linea
2543 4970 2869 5025 6.—Duas
2928 4970 3220 5037 Epistolas.
3286 4971 3361 5023 Ex
3423 4967 3615 5023 verbis
3679 4963 3869 5037 prioris

2254 5044 2522 5112 Epistola:
2539 5040 2767 5111 colligit
2786 5034 3065 5096 Sommier
3091 5040 3351 5095 ordinem
3372 5034 3753 5112 Ecclesiarum
3772 5034 3868 5101 jam

2252 5111 2633 5170 cnnstitutum
2664 5112 2773 5167 sub
2832 5115 3013 5168 Petro.
3043 5126 3172 5167 cum
3200 5112 3268 5166 ad
3320 5124 3414 5165 eas
3443 5111 3719 5165 scriberet
3763 5116 3865 5171 pas

2253 5182 2342 5254 44,
2376 5188 2491 5239 haec
2547 5186 2848 5239 adnotans.
2904 5186 3025 5251 lpse
3053 5184 3108 5237 S.
3135 5185 3336 5238 Petrus
3364 5184 3600 5238 denotat
3632 5177 3868 5254 ordinem

2250 5264 2305 5317 et
2333 5253 2714 5311 Characterem
2758 5254 3141 5309 Ecclesiarum
3197 5257 3265 5308 ad
3301 5268 3447 5324 quas
3488 5253 3693 5308 scribit
3729 5257 3867 5323 suam

2251 5341 2497 5401 priorem
2530 5326 3043 5401 Ep’istolam,ju_xta
3075 5326 3333 5401 ordinem
3380 5326 3869 5401 quemproviucra'

2248 5391 2319 5458 ab
2352 5401 2478 5468 ipso
2510 5391 2815 5453 nominata:
2849 5391 2907 5451 in
2946 5398 3197 5452 Romano
3248 5391 3491 5464 imperio
3524 5391 3868 5468 obtinebant:

2249 5466 2439 5529 Patras
2471 5471 2746 5539 apostolus
2775 5471 2901 5521 Jcsu
2952 5470 3157 5525 Christi
3203 5469 3384 5521 electis
3429 5468 3655 5521 advenis
3686 5466 3873 5539 disper-

2249 5546 2419 5599 sionis
2452 5533 2630 5606 Ponti,
2689 5540 2939 5600 Galatiae,
2990 5539 3366 5609 Cappadocae,
3397 5542 3572 5600 Asiae,
3604 5543 3651 5609 rt
3700 5533 3869 5609 Billfli“

2249 5620 2371 5670 πίω.
2408 5614 2636 5667 Amasia
2657 5618 2778 5666 erat
2812 5605 3147 5679 metropolis
3179 5610 3363 5676 Ponti,
3386 5610 3610 5680 Ancyra
3624 5605 3870 5680 Galatia.

2247 5692 2499 5743 Caesarea
2524 5683 2922 5756 Cappadociae.
2947 5675 3201 5756 Ephesus
3230 5683 3403 5750 Asiae,
3422 5675 3867 5756 _Nicomed_i_a.Bif

2250 5760 2479 5828 thynize.
2532 5749 2766 5828 Septem
2802 5749 3087 5828 Ecclesiae,
3115 5750 3183 5828 ad
3226 5767 3370 5828 quas
3393 5749 3653 5828 Joannes
3675 5749 3871 5828 dirigit

2247 5820 2408 5886 suam
2430 5820 2852 5895 Apocalypsim.
2890 5820 3117 5880 scilicet
3147 5820 3424 5890 Ephesus.
3455 5826 3721 5895 Smyrna,
3738 5820 3869 5895 Per-

2247 5912 2467 5971 gamus,
2481 5892 2791 5966 Thyatira,
2812 5898 3045 5966 Sardes,
3074 5896 3474 5965 Philadelphia
3495 5892 3872 5952 et’Laodicea;
