3994 6168
175 275 327 337 1045

1057 283 1380 339 HISTORIA
1418 286 1507 340 DE
1550 287 1726 343 VITIS
1767 285 1933 342 ROM.
1978 287 2175 343 PONT.
2206 317 2279 327 —
2313 289 2368 344 S.
2420 290 2699 347 PETRUS.

3451 293 3591 353 4046

168 411 345 492 erant
376 406 721 492 metropoles
764 408 823 463 in
872 407 1013 492 Asia
1046 411 1295 492 minori.
1339 413 1415 492 Et
1436 413 1494 469 S.
1521 413 1740 470 Paulus
1769 415 1919 492 adA
1944 416 2299 492 (pcumenica
2341 417 2840 492 Constantinopoli
2894 419 3176 477 celebrata
3227 421 3368 492 (Act.
3430 438 3470 480 Il
3522 425 3583 480 in

165 479 369 534 Titum
394 479 751 555 discipulum
774 481 1056 555 scribens,
1076 486 1242 551 quem
1265 485 1598 555 episcopum
1622 486 1832 541 consti-

170 557 369 624 tuerat
394 551 450 605 in
478 550 641 624 Creta
671 551 884 620 insula,
912 566 1025 608 una
1052 550 1121 609 ex
1151 550 1479 624 provinciis
1494 559 1832 613 Macedonia:

169 622 286 678 sub
319 624 571 700 Romano
606 623 869 700 imperio,
904 625 1074 700 cujus
1106 622 1440 694 metropolis
1469 639 1589 684 erat
1617 628 1833 700 Gorty-

168 707 269 758 na,
294 694 483 749 eidem
510 694 774 764 praecipit
799 702 864 769 ut
885 697 1186 765 episcopos
1210 700 1529 755 constituat
1557 713 1654 769 per
1673 694 1832 755 civi-

166 772 344 843 cates,
378 770 521 843 sicut
566 772 616 819 et
655 766 1024 843 ego,_inquit,
1071 770 1322 843 disposui
1357 772 1458 824 tibi
1504 766 1639 840 (Tit.
1673 786 1714 839 I,
1754 771 1827 843 5).

165 838 416 911 Constat
441 839 559 906 jam
585 850 658 911 ex
687 841 742 893 S.
775 837 1093 911 Scriptura,
1131 837 1283 896 inter
1309 837 1512 897 caetera
1548 844 1678 911 jura
1705 837 1831 899 su-

169 908 472 985 perierunt
502 910 728 985 sedium
758 910 814 965 id
845 913 1175 985 recognosci
1207 914 1377 968 etiam
1406 908 1569 970 atate
1593 922 1829 985 aposto—

165 980 312 1054 lica,
346 986 408 1035 ut
437 978 776 1054 inferiorum
801 978 1023 1038 sedium
1048 984 1348 1054 episcopos
1379 978 1819 1042 constituerent.

247 1053 424 1107 Linea
453 1050 508 1106 8.
534 1083 608 1125 -έ
630 1053 770 1120 Ejus
801 1050 1108 1109 testimonio
1155 1050 1284 1110 sunt
1325 1060 1564 1125 ﬁrmata.
1608 1058 1823 1113 lbidem

167 1129 447 1197 auctores
495 1124 806 1197 orthodmi
852 1140 1039 1195 nempe
1067 1127 1173 1181 SS.
1218 1124 1429 1192 Patres,
1477 1131 1686 1197 aliique
1715 1145 1826 1182 au—

166 1200 349 1248 ctores
380 1196 951 1270 Ecclesiasticinquos
968 1214 1140 1266 supra
1164 1200 1451 1270 indicavit)
1483 1196 1828 1255 inhterentes

166 1267 515 1321 auctoritati
566 1268 699 1322 Jesu
740 1267 980 1335 Christi,
1016 1272 1284 1325 testantis
1332 1284 1393 1325 se
1435 1267 1551 1326 non
1602 1272 1828 1326 venisse

164 1338 393 1392 solvere
420 1337 621 1409 legem,
657 1338 752 1393 sed
800 1340 1134 1409 adimplere,
1181 1355 1284 1397 nec
1324 1355 1433 1397 non
1481 1342 1671 1397 verbis
1700 1343 1826 1410 ejus

169 1409 436 1478 Apostoli
468 1411 751 1478 docentis,
786 1412 978 1466 omnia
1053 1425 1137 1467 uae
1169 1412 1276 1468 sub
1309 1412 1428 1484 lege
1458 1409 1828 1483 contingebat

171 1480 416 1538 figuram
451 1495 574 1535 esse
605 1496 797 1537 rerum
826 1428 1324 1538 adimtﬂendarum
1356 1485 1463 1538 sub
1496 1486 1822 1538 Evangelio.

171 1480 416 1556 figuram
451 1495 574 1535 esse
605 1496 797 1537 rerum
826 1480 1324 1556 adimplendarum
1356 1480 1463 1539 sub
1496 1480 1822 1556 Evangelio,

170 1553 497 1606 decernunt
531 1556 767 1620 pariter,
808 1568 839 1609 a
866 1555 978 1609 Deo
1009 1562 1397 1611 constituente
1430 1553 1823 1622 pontificatum

180 1624 403 1677 Veteris
424 1624 769 1680 Testamenti
801 1626 1203 1681 adumbratum
1233 1641 1375 1691 esse,
1409 1641 1475 1683 ac
1511 1628 1688 1683 veluti
1719 1630 1828 1683 de-

181 1695 458 1767 lineatam
481 1696 871 1767 rudimentum
902 1698 1272 1766 pontiﬁcatus
1288 1699 1548 1767 erigendi
1570 1700 1626 1753 in
1648 1701 1821 1754 Novo.

1946 486 2107 557 line):
2143 509 2168 540 α
2192 490 2263 564 Et
2290 488 2693 564 hocmdignitati
2717 486 2834 564 suae
2859 492 3066 564 addere
3091 486 3398 563 credimus,
3429 497 3580 564 quod

1941 572 1977 635 a
2005 560 2359 635 temporibus
2393 560 2541 635 Petri
2573 562 2823 635 apostoli
2854 562 3076 617 nullum
3113 564 3294 619 alium
3329 560 3579 635 unquam

1940 628 2271 705 Orientalis
2297 632 2551 705 Ecclesia
2603 628 2865 705 suscepit
2905 635 3257 705 episcopum,
3316 628 3582 692 manibus

1942 709 2151 758 nostra:
2181 703 2335 758 sedis
2365 704 2720 759 ordinatum.
2746 706 2814 759 Et
2842 702 3116 765 forsitan,
3138 706 3222 761 vel
3247 702 3323 761 ad
3354 708 3584 763 demon-

1939 776 2276 830 strationem
2311 774 2501 829 laudis
2536 776 2747 845 ipsius,
2774 776 2859 830 vel
2885 778 2953 831 ad
2982 777 3432 834 destructionem
3457 779 3581 833 ini-

1942 847 2473 920 micoruminstans
2525 860 2616 901 res
2646 853 2801 902 tanta
2854 848 3127 918 pervenit,
3168 855 3230 904 ut
3280 848 3402 905 illis
3459 850 3584 920 ipse

1940 916 2154 991 similis
2183 931 2307 991 esse
2344 916 2627 991 videatur,
2661 933 2805 988 quos
2850 916 2908 974 in
2936 919 3034 991 his
3067 916 3411 990 quandoque
3439 916 3579 991 par-

1940 989 2098 1043 tibus
2132 989 2319 1058 ipsius
2348 988 2737 1058 apostolorum
2774 990 2944 1058 primi
2977 988 3181 1047 electio
3212 988 3522 1048 ordinavit.
3551 1010 3576 1042 ››

1937 1061 2005 1114 Et.
2035 1075 2155 1131 pag.
2190 1058 2280 1127 53,
2314 1060 2532 1115 laudati
2562 1062 2821 1116 auctoris
2853 1063 2969 1116 haec
2995 1063 3220 1117 addam.

2008 1134 2250 1187 Noscere
2281 1131 2569 1204 quispiam
2604 1134 2809 1204 cupiet
2836 1132 3141 1202 Ecclesias,
3182 1147 3326 1204 quas
3367 1134 3581 1191 Antio-

1937 1202 2119 1258 cheno
2151 1203 2570 1273 patriarchatui
2604 1202 2805 1258 beatus
2836 1205 3035 1259 Petrus
3064 1202 3395 1274 subjecerit.
3429 1207 3580 1260 Dici-

1940 1287 2068 1347 mus
2098 1275 2433 1347 generatim,
2465 1274 2755 1329 Orientem
2788 1275 2877 1329 illi
2911 1275 3262 1344 subdidisse,
3295 1277 3579 1347 quemad—

1941 1345 2168 1401 modum
2200 1345 2545 1401 subditurus
2574 1352 2697 1400 erat
2733 1348 2984 1402 Romano
3016 1345 3431 1416 patriarchatui
3462 1347 3579 1403 Oc—

1936 1417 2242 1479 cidentem,
2291 1424 2346 1472 et
2376 1417 2744 1487 Aquilonem,
2776 1425 2829 1473 et
2860 1417 3249 1474 Alexandrino
3296 1419 3579 1474 meridio-

1940 1488 2123 1542 nalem
2180 1495 2345 1544 terra:
2398 1496 2631 1556 partem.
2680 1490 2740 1544 Id
2801 1503 2932 1544 vero
2994 1488 3187 1544 haberi
3245 1503 3356 1545 non
3413 1490 3579 1545 debet

1940 1560 2131 1614 inanis
2163 1559 2511 1629 suppositio,
2559 1559 2652 1614 sed
2701 1558 2835 1615 facti
2878 1574 3046 1615 verax
3096 1561 3360 1626 historia,
3407 1562 3576 1631 cujus

1936 1632 2280 1685 evidentiam
2316 1631 2574 1685 insecuta
2606 1637 2859 1699 tempora
2887 1632 3270 1686 elucideruut.
3305 1632 3441 1700 Qua:
3469 1633 3578 1687 Ni—

1935 1715 2091 1757 caano
2115 1715 2183 1758 ex
2201 1702 2450 1757 concilio
2470 1702 2796 1757 desumitur
2816 1721 2830 1771 ;
2853 1717 2981 1757 cum
3005 1708 3246 1757 testetur
3261 1704 3576 1759 divisionis

172 1766 295 1848 ξοδ
319 1766 504 1847 priori
529 1765 1252 1848 fgederehmodispluribus
1284 1765 1662 1848 revelationes
1689 1783 1824 1848 suas
1854 1789 1903 1848 Β
1934 1773 2341 1848 antiquitatem
2364 1790 2380 1841 ;
2404 1774 2779 1848 -demonstrat
2822 1765 2896 1827 'ab
2944 1786 3009 1828 eo
3067 1775 3431 1848 processisse,
3479 1789 3577 1844 per

174 1838 332 1912 Deus
349 1838 677 1912 aperiebat:
698 1839 1013 1912 aliquando
1039 1856 1136 1910 per
1152 1855 1428 1912 organum
1451 1842 1627 1909 vocis,
1653 1843 1824 1910 cujus

171 1908 347 1962 verba
379 1908 963 1983 audiebantur,‘licet
990 1908 1116 1982 ejus
1146 1908 1247 1983 qui
1295 1911 1576 1981 proferret
1600 1908 1820 1982 species

170 1992 288 2053 non
336 1980 653 2053 videretur,
688 1980 1179 2051 quemadmodum
1211 1984 1267 2038 in
1298 1980 1499 2040 monte
1541 1980 1726 2053 Sin'ai,
1765 1992 1821 2038 et

164 2050 237 2104 ad
273 2049 469 2106 locum
500 2049 877 2120 tabernaculi,
907 2070 972 2108 ac
999 2056 1245 2110 subinde
1271 2054 1468 2124 templi
1501 2049 1817 2124 nuncupati

166 2124 381 2176 Sancta
402 2132 769 2187 sanctorum;
792 2125 1107 2193 aliquando
1130 2140 1229 2194 per
1257 2126 1647 2182 ministerium
1669 2140 1821 2182 sum-

169 2194 261 2267 mi
277 2194 578 2267 pontificis
602 2196 790 2251 induti
816 2204 1151 2252 ornamento
1174 2198 1339 2253 illius
1362 2199 1595 2267 proprio
1611 2212 1676 2254 ac
1704 2198 1819 2253 sin-

166 2265 408 2345 gulari;
442 2267 877 2345 aliquandoper
904 2269 1231 2345 prOphetas,
1258 2265 1484 2345 aliosve
1500 2270 1820 2345 virosndnivi-

168 2337 703 2410 nitus_inspiratos.
733 2339 803 2393 Ut
832 2337 1022 2394 aufem
1066 2340 1459 2403 revelationes,
1490 2354 1617 2410 quae
1649 2341 1816 2396 ﬁdem

166 2420 293 2480 com
308 2407 726 2475 plectebantur,
749 2416 804 2466 et
821 2425 1008 2466 mores
1027 2411 1393 2467 ablsraelitis
1407 2407 1813 2480 observandos,

167 2479 558 2553 redderentur
587 2481 873 2537 immunes
901 2483 972 2538 ab
997 2484 1153 2539 omni
1183 2483 1308 2538 labe
1336 2491 1391 2537 et
1421 2485 1813 2553 corruptione,

164 2564 346 2623 quam
386 2551 585 2623 lapsus
627 2555 921 2623 temporis,
969 2560 1027 2610 et
1056 2556 1398 2623 Opinionum
1434 2551 1817 2611 humanorum

164 2622 527 2678 vicissitudo
560 2623 731 2679 rebus
756 2627 980 2681 caeteris
1004 2622 1215 2681 inferre
1241 2625 1407 2694 solet,
1438 2628 1819 2682 constituerat

166 2694 228 2747 in
261 2693 483 2767 Israele
509 2695 718 2767 sedem,
753 2710 817 2752 ac
848 2697 1105 2753 tribunal
1136 2697 1335 2763 ﬁxum,
1368 2711 1433 2752 ac
1463 2711 1814 2767 supremum,

165 2766 327 2834 quod
361 2764 649 2822 arbitrum
674 2764 819 2823 feret
843 2769 1099 2823 omnium
1131 2764 1554 2836 pertinentium~
1570 2770 1638 2823 ad
1674 2769 1819 2823 reli-

163 2837 426 2911 gionem,
460 2838 528 2911 ad
565 2852 756 2894 verum
789 2839 1240 2911 sensumlegum
1270 2854 1504 2895 suarum
1555 2840 1817 2895 homini-

162 2908 284 2963 bus
330 2909 730 2977 aperiendum,
778 2918 835 2966 et
881 2912 949 2966 ad
1000 2908 1262 2966 absolute
1313 2911 1695 2966 decidendum
1744 2911 1815 2966 de

159 2979 448 3035 omnibus
495 2983 927 3039 controversiis.
980 2983 1042 3037 Si
1091 2983 1337 3051 difﬁcile,
1393 2988 1442 3037 et
1494 2982 1814 3049 ambiguum

155 3052 323 3175 apud
365 3052 726 3175 texjudicz'uzn
765 3069 885 3108 esse
907 3057 1273 3125 perspeaieris,
1305 3060 1413 3109 etc.
1456 3055 1632 3126 (Deut.
1668 3067 1808 3123 xvu,

228 3137 407 3175 seua.

228 3130 434 3177 εεαα.)
674 3130 690 3161 ⁸

235 3122 504 3251 $33324.
543 3226 618 3236 -—
646 3130 971 3252 Cathedram
1009 3198 1366 3268 episcopatus.
1402 3199 1464 3252 In
1506 3199 1663 3252 Novo
1701 3197 1811 3251 Te-

157 3272 458 3348 stamcnto
502 3268 958 3348 veritasnrerum
1017 3266 1606 3348 perfecteyespondet
1656 3270 1813 3348 hisce

161 3339 382 3409 figuris
407 3339 671 3409 Antiqui,
699 3345 813 3395 etc.
849 3339 1333 3408 Quemadmodu'm
1367 3340 1474 3394 sub
1504 3340 1685 3409 priori
1711 3339 1813 3394 illo

160 3408 384 3465 {uadere
418 3408 707 3480 nunquam
737 3409 926 3467 defuit
957 3411 1211 3467 tribunal
1243 3419 1458 3466 certum
1491 3413 1813 3466 constantis

163 3481 573 3536 institutionis
615 3482 681 3536 ad
725 3496 919 3538 verum
965 3496 1195 3539 sensum
1230 3483 1642 3537 revelationum
1669 3496 1813 3550 ape-

162 3552 464 3621 riendum,
492 3559 548 3608 et
575 3554 644 3607 ad
674 3555 1158 3623 pronuntiandam
1191 3554 1530 3608 sententiam
1564 3553 1816 3608 deﬁniti-

162 3636 291 3677 vam
348 3624 411 3678 in
452 3625 658 3697 causis
707 3627 776 3681 ad
832 3626 1168 3697 religionem
1222 3623 1684 3694 pertinentibus;
1733 3625 1813 3679 ita

164 3709 416 3764 prorsus
448 3696 551 3751 hoc
599 3704 850 3765 tempore
896 3696 1023 3753 nevi
1071 3696 1304 3753 foederis
1347 3708 1610 3764 suprema
1651 3697 1812 3751 sedes

166 3769 226 3820 in
278 3765 535 3822 Ecclesia
576 3774 763 3822 erecta
806 3775 913 3836 est,
946 3770 1115 3837 cujus
1142 3781 1174 3822 a
1214 3767 1462 3837 judiciis
1508 3780 1811 3836 provocare

166 3851 278 3892 non
308 3838 480 3892 licet:
516 3837 797 3907 Quidquid
823 3841 1117 3907 ligaveris;
1141 3841 1309 3908 cujus
1330 3838 1654 3893 decisiones
1674 3844 1812 3893 sunt

167 3909 581 3965 irrevocabiles
610 3927 622 3962 :
653 3910 923 3979 Conﬁrmu
953 3915 1156 3979 fratres
1188 3916 1305 3964 tuos
1330 3929 1346 3974 ;
1370 3911 1538 3978 cujus
1564 3910 1811 3966 directio

169 3979 527 4035 universalis
557 3987 663 4049 est,
696 3996 761 4037 ac
790 3996 1027 4038 secura:
1062 3983 1227 4035 Pasce
1255 3996 1422 4048 agnos
1460 3996 1622 4043 meos,
1646 3996 1813 4050 pasce

165 4067 287 4105 01.788
309 4067 459 4105 meas
468 4093 479 4104 .

240 4123 322 4176 Ad
374 4124 652 4179 lectiones
700 4124 964 4180 codicum
1006 4124 1237 4179 Freheri
1287 4124 1333 4179 A
1361 4124 1505 4193 etB,
1548 4128 1605 4178 et
1634 4124 1812 4179 trium

172 4194 454 4261 Fabrotti,
486 4196 646 4265 Reg,
679 4198 814 4251 Maz.
849 4203 906 4251 et
934 4196 1035 4250 Th.
1071 4202 1126 4250 et
1154 4196 1223 4250 ad
1255 4208 1318 4251 ea
1352 4194 1557 4251 verba:
1614 4215 1639 4246 (ι
1686 4197 1817 4251 Post

163 4266 294 4334 ejus
319 4268 643 4322 Passionem
676 4267 909 4339 (Christi
937 4266 1378 4339 annonsequenti
1406 4268 1595 4321 tenuit
1614 4268 1814 4339 Petrus

161 4339 469 4410 apostolus
502 4339 559 4392 in
595 4335 1143 4410 partibusOrientis
1180 4335 1509 4410 cathedram
1540 4339 1709 4410 annis
1741 4335 1809 4410 λίς

162 4407 380 4463 deinde
407 4422 557 4464 anno
588 4407 816 4465 Domini
849 4408 920 4466 38
948 4411 1105 4464 venit
1131 4409 1514 4471 Antiochiam,
1542 4409 1639 4464 ubi
1664 4407 1815 4465 sedit

161 4480 343 4560 annis
382 4476 451 4561 ᾖ.
482 4480 607 4536 dies
657 4481 1005 4561 8;.deinde‘
1032 4481 1456 4561 venit__R_omam
1508 4479 1606 4535 ubi
1663 4481 1815 4561 sedit

1843 3156 1893 3220 C

1935 1842 2102 1914 quem
2132 1851 2248 1899 tres
2275 1843 2389 1898 illa:
2421 1844 2581 1898 sedes
2612 1842 2865 1899 fundatae
2894 1851 3051 1898 sunt.
3084 1846 3391 1901 Universos
3419 1842 3573 1900 enim

1932 1916 2171 1971 criticos
2203 1927 2507 1984 provocare
2535 1915 2669 1969 licet
2701 1918 2769 1970 ad
2797 1923 3107 1981 auctorem,
3148 1930 3248 1971 seu
3294 1916 3574 1972 fundato-

1935 2000 2048 2042 rem
2076 1987 2370 2041 diversum
2405 1999 2436 2040 a
2472 1987 2631 2040 Petro
2664 1986 2831 2041 nobis
2861 1987 3299 2042 ostendendum.
3340 1988 3571 2043 Niczeno

1933 2059 2116 2128 igitur
2140 2057 2394 2113 concilio
2420 2057 2474 2112 id
2510 2063 2695 2111 ratum
2728 2055 2911 2112 fuisse
2943 2057 3228 2123 habitum,
3260 2064 3324 2113 ut
3354 2059 3567 2114 Antio-

1929 2130 2098 2185 eheni
2129 2129 2553 2198 patriarchatus
2579 2128 2727 2183 ditio
2756 2136 2907 2184 esset
2930 2128 3158 2195 Oriens,
3190 2130 3567 2199 antiquorum

1931 2214 2094 2256 nemo
2123 2200 2434 2256 dubitavit.
2475 2200 2530 2253 S.
2564 2199 2941 2268 Hieronymus
2988 2200 3191 2255 Joanni
3233 2200 3570 2269 Hierosoly-

1928 2273 2146 2328 mitano
2204 2273 2260 2327 id
2320 2270 2647 2340 exprobrat,
2703 2272 3012 2339 quodcum
3069 2272 3217 2326 inter
3267 2271 3569 2340 episcopos

1929 2344 2243 2399 Palaestina:
2311 2343 2434 2412 ipse
2506 2348 2856 2405 censeretur,
2935 2342 3317 2411 cognitionem
3389 2354 3576 2397 causa:

1926 2416 2329 2472 ecclesiasticae
2359 2412 2570 2469 deferri
2592 2419 2849 2467 curasset
2877 2412 2945 2467 ad
2973 2413 3304 2482 episc0pum
3339 2411 3580 2467 Alexan-

1926 2487 2193 2542 drinum:
2231 2486 2301 2541 ad
2334 2498 2503 2556 quem
2539 2484 2828 2552 judicium
2878 2483 3024 2538 illud
3059 2496 3179 2556 non
3222 2483 3567 2553 pertinebat,

1928 2572 2056 2613 cum
2088 2559 2308 2613 directo
2339 2554 2407 2611 ad
2438 2557 2851 2610 Caesareensem
2884 2554 3306 2623 metropolitam
3340 2560 3573 2624 specta-

1930 2634 2035 2687 ret.
2085 2635 2141 2683 et
2190 2629 2322 2684 inde
2369 2626 2659 2697 appellare
2725 2631 3013 2694 oporteret
3062 2625 3130 2680 ad
3186 2625 3569 2697 patriarcham

1927 2699 2369 2755 Antiochenum.
2407 2696 2565 2752 «Tui
2598 2697 2697 2766 qui
2748 2697 2977 2767 regulas
3031 2698 3246 2767 quaeris
3293 2696 3576 2753 ecclesia-

1928 2775 2105 2826 sticas
2133 2770 2350 2897 gnquit
2396 2769 2451 2824 S.
2497 2769 2699 2823 doctor
2728 2766 2835 2837 ep.
2861 2766 2950 2835 60)
2990 2773 3047 2823 et
3078 2769 3292 2823 Nicaani
3332 2768 3572 2824 concilii

1928 2844 2133 2897 canoni
2182 2857 2247 2896 us
2268 2841 2485 2897 uteris:
2514 2840 2795 2897 responde
2826 2839 2993 2897 mihi.
3021 2839 3089 2895 ad
3123 2840 3572 2895 Alexandrinum

1926 2839 2253 2898 canonibus
2268 2841 2485 2904 uteris;
2514 2840 2795 2909 responde
2826 2839 2993 2908 mihi,
3021 2839 3089 2895 ad
3123 2840 3575 2895 Alexandrinum

1924 2915 2255 2984 episcopum
2290 2913 2591 2984 Palaestina
2633 2911 2795 2984 quid
2826 2909 3115 2979 pertinet?
3143 2911 3240 2984 Ni“
3269 2909 3439 2984 fallor
3470 2913 3576 2966 hoc

1926 2982 2009 3041 ibi
2059 2984 2406 3040 decernitur,
2460 2990 2524 3036 ut
2581 2983 2895 3037 Palaestinae
2946 2982 3278 3050 metropolis
3323 2982 3575 3037 Caesarea

1923 3060 2021 3117 sit,
2052 3063 2111 3110 et
2139 3055 2321 3111 totius
2356 3052 2613 3108 Orientis
2636 3052 2964 3121 Antiochia,
2987 3054 3354 3109 [nnoi-entius
3376 3056 3396 3108 l
3420 3053 3579 3108 seri—-

1924 3128 2063 3195 hens
2087 3126 2156 3181 ad
2202 3124 2591 3180 Alexandrum
2636 3126 2968 3194 episcopum
3021 3124 3442 3180 Antiochenum
3467 3125 3577 3179 de-

1922 3199 2123 3263 clarat,
2187 3196 2556 3251 Revolventes
2610 3196 2807 3263 itaque
2868 3196 3268 3250 auctoritatem
3346 3196 3573 3251 Nicena:

1924 3269 2148 3341 synodi,
2209 3280 2335 3338 qua:
2390 3279 2560 3321 unam
2611 3265 2868 3341 omnium
2902 3278 2998 3333 per
3040 3265 3233 3320 orbem
3266 3270 3571 3341 terrarum

1921 3336 2171 3410 eitplicat
2220 3336 2459 3410 mentem
2491 3336 3034 3410 sacerdotum,__qute
3081 3338 3309 3410 censuit
3344 3337 3414 3391 de
3449 3338 3572 3391 An-

1922 3406 2187 3468 tiochena
2212 3409 2460 3466 Ecclesia
2481 3408 2713 3465 cunctis
2745 3406 3034 3476 ﬁdelibus,
3071 3421 3141 3462 ne
3164 3408 3350 3463 dicam
3373 3420 3573 3463 sacer-

1921 3483 2158 3540 d0tibus
2214 3495 2336 3537 esse
2387 3481 2777 3536 necessarium
2829 3479 3126 3534 custodire
3174 3492 3342 3549 quam
3397 3492 3572 3546 super

1921 3555 2216 3610 dioecesim
2268 3565 2452 3620 suam,
2511 3565 2622 3606 non
2684 3562 2858 3619 super
2902 3549 3570 3620 aliquamqprovinciam

1923 3624 2386 3696 recognoscimus
2413 3617 2814 3696 constitutam.
2835 3639 2863 3696 ξ)
2896 3622 2960 3675 Et
2990 3617 3118 3691 pag.
3147 3617 3349 3696 ὅμως

1990 3691 2246 3752 Orientis
2274 3697 2521 3753 nomine,
2546 3694 2617 3748 de
2642 3706 2757 3762 quo
2793 3692 2884 3746 hic
2918 3704 3104 3746 sermo
3128 3698 3232 3761 est,
3281 3691 3571 3763 intelligi-

1922 3774 2019 3823 tur
2057 3766 2406 3822 universitas
2427 3764 2757 3835 quindecim
2788 3763 3240 3835 provinciarum,
3270 3777 3396 3834 quaa
3414 3767 3570 3833 post-

1924 3840 2153 3895 modum
2211 3837 2402 3892 relatae
2446 3833 2588 3890 sunt
2638 3835 2745 3891 sub
2800 3833 3232 3890 nomenclatura
3259 3833 3571 3891 d’iteceseos

1921 3909 2179 3966 Orientis
2207 3909 2266 3963 in
2295 3907 2559 3963 notitiam
2595 3907 2824 3976 imperii
2858 3906 3119 3968 Romani,
3151 3919 3394 3978 quarum
3426 3906 3572 3978 regi-

1925 3995 2051 4037 men
2074 3978 2590 4036 administrabatur
2609 3992 2705 4047 per
2724 3978 3123 4047 magistratum
3141 3978 3211 4032 ab
3232 3980 3572 4046 imperatore

1923 4054 2327 4110 constitutum.
2363 4056 2428 4106 ut
2445 4049 2720 4105 resideret
2735 4048 3076 4108 Antiochiae,
3101 4050 3375 4104 donatum
3394 4048 3570 4105 titulo

1928 4123 2175 4195 praefecti
2217 4121 2485 4195 praetorio
2513 4118 2790 4195 Orientis.
2805 4120 2959 4195 _Su_nt
2984 4125 3174 4195 autem
3203 4120 3297 4195 hic
3331 4121 3572 4195 provin-

1871 4229 1874 4232 ~
1923 4191 2047 4263 cite,
2104 4191 2281 4265 Syriae
2331 4192 2480 4259 dum,
2538 4192 2782 4265 totidem
2805 4191 3125 4265 Palestina,
3156 4198 3215 4246 et
3240 4191 3569 4265 Phteniciaa,

1922 4263 2371 4335 Ciliciae‘pariter
2389 4266 2421 4321 d
2434 4279 2538 4332 uae,
2558 4263 2844 4329 Armenia,
2862 4264 3082 4333 Cyprus
3101 4263 3311 4331 insula,
3335 4263 3568 4335 Arabia,

1923 4338 2164 4398 lsauria,
2204 4335 2635 4406 Euphratensis,
2677 4335 2995 4406 Osrhoena,
3039 4340 3095 4389 et
3142 4335 3570 4404 Mesopotamia.

1922 4411 2049 4465 Haec
2098 4405 2314 4464 divisio
2364 4408 2677 4463 diteceseos
2720 4405 3036 4461 Orientalis
3070 4411 3292 4473 peracta
3319 4411 3406 4461 est
3434 4413 3567 4461 ante

1924 4480 2161 4537 Honorii
2191 4485 2248 4534 et
2293 4478 2524 4533 Arcadii
2554 4484 2793 4533 aetatem.
2822 4476 2937 4531 Sub
2978 4477 3203 4530 ditione
3235 4477 3573 4543 patriarcha:

161 4552 345 4623 annis
373 4546 477 4623 2‘5,
520 4566 698 4608 mens.
719 4546 788 4623 ’7,
818 4554 945 4608 dies
972 4550 1025 4621 8,
1063 4571 1087 4601 »
1142 4552 1405 4623 adhiberi
1457 4560 1697 4623 possunt
1722 4566 1811 4623 ex
1846 4547 1898 4608 D
1922 4550 2265 4623 Antiocheni
2295 4546 3461 4623 habebantuuetiamnationesOrientalcs
3482 4560 3573 4623 eit-

159 4621 467 4676 Sommier.
505 4620 1091 4694 Historia'dogmys.
1139 4621 1312 4689 sedis,
1362 4637 1485 4693 pag.
1531 4620 1600 4677 48
1635 4622 1809 4693 et58,

160 4701 474 4762 sequentes
502 4702 666 4750 notae.

235 4763 490 4836 Tempus
518 4766 834 4836 appetebat,
867 4781 899 4820 a
936 4766 1136 4822 divina
1179 4764 1545 4821 Providentia
1586 4766 1815 4820 consti—

164 4840 364 4889 tutum
398 4834 728 4893 t'undationi
761 4838 1026 4893 Ecclesiae
1056 4839 1343 4892 Romanae.
1374 4838 1430 4891 S.
1476 4837 1674 4891 Petrus
1707 4837 1815 4891 iter

163 4904 313 4960 illuc
370 4908 647 4973 instituit,
695 4915 751 4963 et
780 4909 1029 4965 visitans
1057 4908 1344 4963 Ecclesias
1381 4921 1447 4963 eo
1497 4908 1577 4973 in
1608 4907 1817 4961 itinere

159 4984 559 5051 occurrentes,
590 4972 1066 5051 deditepiscOpos
1101 4980 1353 5035 Cesareae
1385 4980 1443 5033 in
1498 4972 1813 5051 Paltestina,

156 5049 397 5121 Sidoni,
428 5048 679 5121 Beritho,
725 5048 918 5120 Byblo,
963 5048 1185 5121 Tripoli
1212 5052 1389 5117 Syriae
1422 5055 1478 5104 et
1505 5049 1814 5116 Laodiceae,

158 5119 427 5194 aliisque
447 5120 608 5188 locis,
636 5119 1040 5194 quaeantiquis
1060 5119 1093 5178 a
1111 5121 1505 5191 Scriptoribus
1523 5121 1818 5176 observata

158 5199 311 5265 sunt
344 5191 404 5245 in
440 5191 827 5265 monumentis
856 5191 1272 5251 vetustissimis
1311 5194 1667 5265 consignata.
1716 5194 1824 5248 Se-

158 5264 426 5318 cundum
464 5264 579 5318 haec
608 5267 810 5321 revisit
847 5280 1010 5321 suam
1041 5267 1453 5322 Antiochenam
1484 5264 1819 5325 Ecclesiam.

161 5335 322 5408 unde
357 5335 614 5408 perrexit
655 5338 715 5408 in
745 5338 1184 5408 Cappadociam,
1216 5337 1520 5401 Galatiam,
1557 5338 1820 5405 Pontum,

159 5414 216 5480 et
238 5407 601 5480 Bithyniam,
627 5407 843 5480 ubique
870 5407 1230 5465 Constituens
1259 5409 1576 5480 episcopos.
1608 5408 1826 5462 Funda-

161 5478 249 5551 vit
299 5484 483 5532 etiam
529 5478 830 5551 plerasque
859 5481 1117 5535 Thracia:
1147 5479 1449 5551 Ecclesias,
1486 5478 1638 5551 inter
1681 5492 1823 5548 quas

162 5550 589 5619 Byzantinam,
616 5549 754 5620 qure‘
780 5552 1030 5608 subinde
1072 5550 1347 5607 inclaruit
1391 5549 1623 5603 nomine
1669 5553 1825 5604 Con-

162 5621 637 5695 stantinopoleos
660 5630 979 5695 assumpto.
1013 5624 1140 5678 Haec
1166 5628 1472 5695 memorata
1506 5621 1826 5695 reperimus

165 5693 228 5745 iu
261 5692 518 5760 epistola
546 5694 784 5764 Agapeti
815 5691 972 5764 papa:
996 5695 1065 5750 ad
1095 5698 1321 5750 Petrum
1348 5691 1830 5761 Hierosolymita—

167 5776 355 5818 num:
417 5764 591 5832 cujus
649 5767 1047 5822 testimonium
1096 5779 1162 5821 eo
1208 5772 1293 5821 est
1338 5764 1728 5820 venerabilius
1776 5770 1833 5819 et

168 5835 614 5906 solidius,quod
633 5836 964 5893 adhibitum
982 5838 1376 5893 invenieturin
1398 5837 1601 5906 quinta
1615 5836 1830 5906 synodo

1925 4622 2166 4679 traﬁnes
2184 4621 2417 4675 Romani
2436 4620 2665 4689 imperii
2684 4619 3032 4673 constitutae.
3052 4617 3144 4685 cuj
3156 4631 3221 4689 us
3231 4617 3573 4685 jurisdictio

1921 4692 2332 4750 extendebatur
2366 4703 2464 4759 pro
2490 4689 2653 4745 modo
2679 4692 2969 4760 augmenti
3012 4688 3418 4760 Ecclesiarum,
3443 4700 3569 4760 quae

1921 4765 2169 4822 subinde
2192 4762 2273 4817 ibi
2304 4757 2715 4816 fundabantur.
2742 4757 2998 4828 Scriptor
3037 4757 3353 4813 Orientalis
3384 4758 3568 4814 unde-

1924 4837 2063 4892 cimi
2089 4833 2286 4889 saeculi
2322 4830 2495 4887 refert
2514 4832 2641 4901 ejus
2665 4830 2997 4886 auctoritati
3030 4831 3293 4899 paruisse
3310 4828 3569 4901 Parthos,

1924 4907 2137 4973 Medos,
2183 4906 2400 4970 Persas,
2457 4898 2744 4973 usquead
2794 4901 2979 4956 Indos.
3029 4902 3125 4956 Est
3173 4906 3365 4973 autem
3404 4898 3575 4955 Nilus

1927 4971 2381 5033 archimandrita
2410 4971 2563 5043 apud
2594 4972 2867 5028 Allatium
2904 4973 2961 5026 in
2988 4984 3156 5041 opere
3184 4971 3256 5027 de
3288 4984 3573 5043 consensu

1927 5049 2194 5105 Ecclesiae
2218 5041 2745 5101 OrientfetOccid.
2796 5044 2906 5098 Nec
2955 5044 3167 5099 desunt
3208 5043 3310 5113 qui
3339 5041 3576 5113 credant

1929 5119 2272 5176 exarchatus
2299 5118 2485 5184 Ponti,
2514 5116 2663 5171 Asiae
2687 5122 2743 5170 et
2770 5116 3026 5169 Thraciae
3059 5115 3266 5183 primis
3308 5112 3576 5168 Ecclesia:

1932 5189 2287 5260 temporibus
2305 5189 2566 5258 paruisse
2581 5188 2602 5257 j
2615 5186 2991 5260 urisdictioni
3010 5186 3166 5241 sedis
3183 5185 3573 5260 Antiochenge.

1929 5252 2244 5333 (Cabassut.
2277 5252 2403 5316 Not.
2429 5252 2599 5333 13001.;
2617 5258 2811 5333 saecul.
2841 5271 2905 5324 ll,
2928 5256 3170 5333 dissert.
3202 5252 3290 5320 44,
3319 5253 3579 5333 nu_m._3.)

1932 5325 2049 5391 Alii
2103 5330 2387 5387 alﬁrmant
2437 5332 2539 5385 has
2595 5331 2870 5385 dioeceses
2923 5325 3106 5382 fuisse
3152 5325 3578 5396 antocephalas,

1935 5405 2083 5461 nulli
2145 5401 2559 5474 patriarchatui
2615 5400 2920 5474 subiectas,
2980 5412 3111 5454 cum
3165 5398 3417 5474 singulis
3450 5413 3587 5474 Ame-

1935 5468 2209 5547 tropoli'ta
2238 5473 2562 5544 praacipuus
2606 5473 2728 5547 sive
2776 5471 2992 5547 primas
3042 5468 3344 5547 praefectus
3378 5469 3583 5547 fuisset

1942 5542 2429 5617 ind'ependéns,et
2444 5548 2649 5617 auctus
2664 5543 3076 5617 jurtsdictione
3090 5542 3334 5617 quadam
3352 5543 3593 5617 patriar-

1939 5614 2113 5676 chali.
2146 5615 2516 5687 Cappadocia:
2550 5615 2607 5669 in
2641 5614 3260 5687 PontoiCtesareensis,
3286 5615 3436 5670 Asia:
3471 5615 3586 5668 mi—

1942 5692 2068 5748 nori
2120 5684 2465 5758 Ephesinus,
2517 5687 2780 5758 Thracia;
2826 5684 3233 5758 Heracleensis,
3281 5692 3585 5758 antequam

1939 5755 2473 5828 Constantinopolis
2525 5766 2707 5813 erecta
2755 5755 2965 5811 fuisset
3023 5758 3081 5812 in
3117 5756 3583 5828 patriarchatum.

1942 5837 2153 5904 Nempe
2195 5827 2505 5896 istae’sunt,
2534 5830 2835 5903 inquiunt,
2865 5829 3188 5899 uetropoles
3212 5827 3324 5880 illae
3348 5840 3461 5897 pra:
3480 5838 3590 5879 ca":-
