3994 6168
464 259 602 317 4047

1684 259 2045 316 ANASTASII
2086 256 2631 316 BIBLIOTHECARII

3714 259 3823 317 4048

462 384 604 439 teris
632 384 910 454 illustres,
938 385 1007 440 de
1050 384 1266 455 quibus
1304 386 1532 440 Niczena
1557 385 1809 455 synodus
1854 384 2116 453 loquitur
2144 387 2196 445 A
2223 382 2442 439 fuerint
2486 384 2754 439 Ecclesiae
2779 389 2946 439 certae
2987 397 3019 438 a
3055 382 3111 437 S.
3148 382 3313 455 Petro
3361 383 3700 449 constitutae,
3745 394 3821 439 aut

461 469 679 511 canone
706 463 897 511 sexto:
945 456 1065 522 ubi,
1095 463 1220 524 post
1245 464 1461 512 asserta
1480 459 1611 526 jura
1637 469 1740 510 sua
1767 462 1951 510 vetera
1999 456 2115 510 tri-

463 527 573 582 bus
620 526 1109 597 patriarchalibus
1156 528 1429 583 Ecclesiis
1468 530 1675 593 Roma),
1726 527 2110 598 Alexandriae,

459 598 808 667 Antiochiae,
831 598 1085 653 declarat
1109 600 1257 667 apud
1287 607 1519 653 i-aeteras
1555 599 1879 666 provincias
1926 598 2115 654 hono-

462 683 578 724 rem
611 684 781 724 suum
810 671 1129 739 unicuique
1156 672 1493 726 servandum
1529 670 1809 725 Ecclesiae.
1842 671 2112 723 Vichu-

458 756 591 809 pum
616 743 675 794 in
701 740 735 796 6
770 757 893 794 can.
942 742 1133 793 concil.
1162 744 1389 803 Nicami,
1431 747 1481 795 et
1504 758 1637 811 pag.
1681 739 1783 796 89:
1837 742 1907 796 de
1935 741 2112 796 Osci--

458 812 789 867 dentalibus
806 812 1019 867 Ecclesi
1032 812 1080 865 is
1099 813 1155 866 in
1178 810 1567 882 patriarchatu
1581 814 1833 868 Romano
1851 810 2111 867 fundatis

458 896 491 937 a
521 884 583 936 D.
634 884 805 955 Petro
832 884 910 937 ita
941 883 1171 951 scribit,
1202 892 1499 953 postquam
1531 886 1781 939 Marcum
1813 883 2109 955 ablegasse

461 955 721 1009 narravit
750 954 1184 1009 Alexandriam.
1240 956 1447 1010 Eodem
1499 962 1750 1025 tempore
1799 955 1854 1008 Β.
1908 956 2107 1009 Petrus

456 1025 693 1095 (inquit)
723 1025 871 1080 alios
900 1025 1224 1089 discipulos
1257 1027 1580 1082 transmisit
1602 1028 1661 1081 in
1693 1028 1950 1082 diversas
1981 1040 2108 1096 pro-

456 1096 698 1162 vincias,
736 1096 1165 1165 meridionales,
1196 1099 1598 1163 occidentales,
1626 1105 1682 1153 et
1726 1097 2000 1166 boreales,
2044 1103 2110 1153 ut

460 1166 540 1221 ibi
574 1168 858 1223 Ecclesias
890 1166 951 1223 fu
980 1170 1216 1227 :darent.
1251 1183 1379 1225 cum
1404 1170 1483 1224 sit
1514 1168 1902 1231 manifestum,
1926 1170 2110 1223 aitln-

458 1241 636 1293 noc.I
692 1240 862 1308 epist.
917 1236 1042 1295 lad
1101 1243 1360 1295 Decent.:
1421 1262 1446 1291 ‹‹
1506 1243 1565 1295 In
1599 1254 1818 1295 omnem
1863 1241 2107 1302 Italiam,

454 1310 694 1376 Gallias,
718 1310 1039 1379 Hispanias,
1066 1310 1337 1377 Africam,
1365 1311 1643 1374 Siciliam,
1665 1312 2001 1379 insulasque
2028 1312 2107 1366 in-

459 1382 795 1449 terjacentes
824 1380 1046 1436 nullum
1092 1383 1389 1437 hominum
1420 1384 1750 1437 instituisse
1800 1380 2105 1451 Ecclesias,

456 1452 572 1506 nisi
595 1465 692 1505 eos
725 1466 869 1522 quos
909 1453 1255 1508 venerabilis
1280 1455 1479 1509 Petrus
1507 1455 1802 1523 apostolus
1835 1462 1936 1509 aut
1982 1457 2109 1523 ejus

450 1536 812 1597 successores
842 1526 1268 1597 constituerunt
1301 1527 1641 1581 sacerdotes.
1661 1527 1775 1581 Aut
1802 1526 2010 1597 legant,
2057 1527 2105 1581 si

456 1594 515 1667 i_n
532 1594 848 1667 provinciis
869 1594 1424 1667 aliusapostolorum
1443 1598 1758 1666 invenitur,
1777 1594 1882 1652 aut
1897 1599 2110 1667 legitur

453 1665 740 1721 docuisse.
768 1683 794 1715 »
818 1665 1103 1722 Distincte
1122 1672 1370 1722 attamen
1401 1667 1550 1724 haud
1576 1676 1820 1738 constat,
1848 1665 2106 1739 quaenam

447 1879 641 1893 -_

2221 462 2384 511 aetate
2403 456 2513 525 ipsi
2526 471 2591 511 us
2606 456 2677 510 ab
2693 456 2942 524 ejusdem
2962 454 3275 523 discipulis
3289 453 3539 509 fundatae
3554 455 3606 508 in
3624 458 3823 523 provin-

2222 527 2333 582 ciis
2364 527 2742 582 occidentalis
2770 526 3023 595 imperii.
3049 527 3194 580 Sunt
3224 539 3355 580 vero
3383 540 3621 594 quarum
3645 529 3708 581 de
3726 528 3821 582 ori-

2221 599 2355 669 gine
2382 598 2450 653 ab
2479 611 2545 653 eo
2593 598 3073 669 repetendail'ama
3126 596 3452 665 percrebuit
3480 598 3823 669 verosimilior

2219 668 2297 725 eae
2309 684 2434 740 quae
2455 683 2591 739 sequ
2603 676 2799 724 untur.
2825 671 2882 724 ln
2898 668 3064 723 Italia
3084 686 3097 722 :
3114 671 3323 737 Capua,
3338 668 3622 737 Neapolis.
3643 671 3823 735 Anxur,

2219 741 2418 810 Eque,
2448 743 2666 808 Nepete.
2699 742 2914 796 Fesulae
2939 741 3110 800 Luca,
3150 740 3435 810 Ravenna,
3490 742 3717 804 Verona,
3742 743 3824 795 Pa-

2218 809 2459 877 tavium,
2476 810 3065 882 Ticinum,AquIleia.
3090 812 3148 867 In
3166 809 3402 865 Galliis:
3427 812 3823 880 Lemovicensis,

2216 884 2515 952 Tolosana,
2565 882 3024 953 Burdegalensis,
3072 882 3428 948 Rhemensis,
3491 883 3821 945 Arelatensis,

2217 955 2581 1022 Senonensis,
2604 958 3007 1023 Cenomanum,
3036 954 3268 1020 Vienna,
3286 954 3699 1018 Catalauuium,
3722 955 3825 1010 Bur~

2217 1026 2438 1096 degala,
2458 1027 2743 1095 Alvernia,
2765 1028 3063 1087 Santones,
3081 1025 3320 1096 Tungri,
3341 1026 3584 1095 Treviri,
3606 1025 3821 1093 Colonia,

2219 1098 2534 1168 Moguntia.

2291 1168 2559 1238 Hispanis
2596 1169 2942 1224 tribuuntur
2969 1168 3227 1238 episcopi
3280 1168 3628 1238 Torquatus,
3673 1168 3823 1223 Ctesi-

2222 1240 2395 1309 phon,
2415 1240 2729 1307 Secundus,
2749 1240 2970 1310 aliique
2994 1240 3334 1310 :Germanis
3355 1240 3689 1303 Eucherius,
3712 1240 3824 1310 digi-

2219 1320 2365 1373 stus,
2405 1318 2462 1366 et
2491 1314 2835 1367 Maricauus.
2869 1309 3084 1367 Siculis
3118 1312 3473 1381 Pancratius,
3518 1309 3821 1369 Marcianus.

2216 1383 2496 1452 Beryllus,
2524 1388 2581 1437 et
2615 1383 2940 1453 Philippus.
2975 1385 3173 1438 Fertur
3201 1384 3373 1437 etiam
3410 1384 3469 1436 in
3500 1383 3824 1438 Britannicas

2214 1455 2443 1510 insulas
2492 1453 2601 1509 sub
2629 1455 2687 1508 B.
2726 1456 2886 1510 Petro
2915 1453 3288 1524 Evangelium
3322 1460 3675 1523 penetrasse:
3704 1456 3821 1524 quod

2217 1525 2523 1581 admodum
2551 1526 2845 1593 probabile
2891 1526 3108 1581 censeri
3129 1524 3314 1586 debet,
3340 1539 3470 1580 cum
3493 1525 3824 1581 Claudiitiaa—

2218 1598 2367 1652 saris
2384 1597 3038 1667 Britannicaacquisitio
3057 1596 3302 1652 liberum
3320 1596 3542 1653 aditum
3560 1598 3623 1653 ad
3637 1599 3819 1654 easdem

2221 1668 2445 1724 insulas
2476 1668 2838 1737 praeconibus
2870 1668 3000 1724 ﬁdei
3032 1669 3376 1739 aperuisset.

1704 2061 1802 2128 11.
1884 2058 2262 2131 SANCTUS
2329 2058 2614 2129 LINUS.

1522 2291 1701 2336 ANNO
1741 2292 1999 2337 CHRISTI
2038 2276 2138 2351 69,
2172 2290 2453 2337 NERONIS
2488 2292 2631 2336 IMP.
2672 2275 2767 2334 13.

674 2644 731 2706 2
752 2646 1004 2725 Linus,
1037 2649 1315 2712 natione
1345 2650 1601 2729 Italus,
1652 2653 1957 2732 regionis
2010 2652 2285 2732 Tusciae,
2319 2668 2402 2715 ex
2438 2655 2628 2733 patre
2670 2655 3069 2734 Herculano,
3111 2651 3285 2716 sedit
3315 2669 3534 2714 annos
3563 2646 3818 2732 quinde-

594 2742 745 2820 cim,
779 2760 1042 2806 menses
1061 2748 1217 2822 tres,
1241 2746 1385 2809 dies
1416 2748 1784 2811 duodecim.
1814 2750 1984 2813 Fuit
2009 2755 2236 2814 autem
2258 2763 2287 2792 ³
2316 2752 2725 2834 temporibus
2754 2753 3078 2832 Neronis,
3113 2769 3155 2814 a
3189 2749 3576 2814 Consulatu
3605 2746 3817 2809 Satur-

598 2840 761 2903 nini
789 2844 854 2903 et
874 2840 1226 2924 Scipionis
1250 2848 1315 2906 et
1344 2862 1557 2926 usque
1582 2848 1674 2909 ad
1714 2847 2111 2928 Capitonem
2127 2853 2191 2911 et
2223 2849 2471 2912 Rufum
2496 2848 2524 2891 b
2552 2850 2882 2913 consules.
2908 2850 3257 2929 Martyrio
3288 2850 3667 2912 coronatur.
3697 2842 3813 2904 Hic

594 2944 1022 3022 eaprarcepto
1068 2941 1245 3005 beati
1268 2945 1470 3006 Petri
1513 2946 1874 3009 constituit
1918 2950 1997 3009 ut
2024 2946 2276 3010 mulier
2320 2949 2400 3011 in
2442 2948 2789 3012 ecclesiam
2826 2948 3049 3012 celato
3091 2948 3317 3028 capite
3344 2946 3685 3009 introiret.
3716 2939 3815 3002 Hic

514 3037 553 3097 5
597 3035 754 3099 fecit
777 3037 1232 3104 ordinationes
1262 3039 1431 3103 duas
1462 3062 1475 3116 ;
1515 3043 1855 3122 episcopos
1885 3062 2004 3123 xv,
2040 3044 2455 3126 presbyteros
2502 3065 2684 3108 XVIII.
2736 3048 2870 3121 Qui
2895 3046 3211 3128 sepultus
3239 3049 3338 3111 est
3364 3046 3580 3124 juxta
3606 3050 3813 3119 corpus

596 3134 775 3198 beati
802 3135 996 3200 Petri
1019 3138 1099 3201 in
1134 3140 1482 3215 Vaticano,
1523 3141 1647 3203 sub
1679 3142 1788 3204 die
1818 3159 1989 3204 nono
2024 3143 2370 3207 Kalendas
2413 3144 2777 3207 Octobrias.

1601 3294 2097 3358 CATALOGUS
2125 3298 2281 3359 SUB
2317 3298 2675 3359 LIBERIO.
2761 3340 2773 3352 .

518 3401 729 3464 Linus
783 3404 980 3466 annis
1034 3404 1382 3471 duodecim
1436 3408 1780 3472 mensibus
1804 3428 1895 3488 Iv,
1951 3410 2188 3474 diebus
2239 3429 2353 3473 x11.
2416 3411 2571 3474 Fuit
2608 3412 3019 3492 temporibus
3077 3413 3359 3476 Neronis
3398 3431 3441 3474 θ,
3487 3411 3808 3474 consulatu

520 3574 527 3581 I
597 3500 941 3564 Saturnini
984 3504 1051 3565 et
1099 3504 1448 3586 Scipionis,
1481 3522 1693 3587 usque
1721 3507 2041 3588 Capitone
2070 3512 2135 3571 et
2167 3508 2357 3572 Rufo.

1587 3668 1866 3712 NOTULzE
1910 3669 2327 3713 MARGINALES
2355 3670 2705 3714 FABRO'I‘TI.

502 3807 533 3838 ει
555 3798 598 3851 Β
621 3810 700 3852 In.
728 3794 783 3867 2,
813 3797 870 3852 d.
902 3795 992 3853 23.
1070 3796 1100 3839 ι)
1126 3798 1191 3869 Β,
1233 3800 1419 3855 Galbae
1467 3799 1711 3856 Othonis.
1749 3803 1959 3857 Vitellii
2006 3808 2059 3858 et
2104 3804 2327 3873 Vespas.
2376 3820 2412 3857 a
2449 3804 2593 3862 Coss.
2621 3806 2832 3860 Fonteii
2868 3811 2919 3860 et
2948 3808 3092 3877 Ruﬁ,
3130 3820 3304 3877 usque
3327 3806 3405 3861 ad
3429 3804 3741 3861 Commodum
3762 3795 3806 3853 ετ

438 3886 703 3939 Priscum.

1735 3981 2020 4043 VARIE
2054 3981 2415 4045 LECTION
2420 3983 2539 4045 ES.

440 4105 610 4176 Apud
662 4070 988 4162 ‘Fabrottum
1045 4124 1112 4163 ea:
1140 4109 1414 4233 gohdicibus
1460 4113 1643 4179 Regio,
1693 4114 1976 4167 Μακρινίπο
2036 4120 2088 4169 et

1221 4196 1382 4233 uano.

1221 4196 1382 4234 uano.

506 4286 670 4360 Nugn.
711 4282 767 4347 2,
801 4285 901 4338 lin.
933 4282 983 4360 l,
1014 4285 1084 4340 de
1107 4286 1349 4360 regione
1360 4288 1602 4360 Tuscize.
1634 4291 1735 4343 lin.
1783 4288 1838 4360 εξ,
1866 4304 2084 4348 consu-

446 4356 541 4411 les.
572 4356 673 4410 Hic
720 4369 787 4411 ex
823 4371 906 4426 pr.
959 4358 1054 4433 lin.
1103 4355 1276 4433 5,‘pr.
1327 4356 1425 4413 48:
1463 4359 1556 4414 hic
1611 4355 1885 4433 martyrio
1913 4377 2086 4420 coro-

426 4433 608 4529 .natus
636 4433 743 4498 est,
771 4434 826 4483 et
847 4429 1112 4507 sepultus
1127 4429 1171 4498 j.
1206 4443 1255 4483 c.

2602 4200 2603 4203 η
2690 4121 2778 4174 Em
2806 4120 2917 4174 alio
2949 4119 3068 4174 cod.
3101 4119 3349 4174 Thuano.

2266 4207 2391 4260 Lin.
2424 4205 2474 4279 4,
2503 4208 2653 4264 sedit
2684 4222 2817 4264 ann.
2851 4206 2908 4264 44
2944 4222 3165 4265 menses
3215 4206 3268 4265 3.
3324 4209 3426 4263 lin.
3469 4206 3521 4279 4,
3557 4209 3609 4263 in
3648 4205 3802 4262 eccle-

2195 4277 2363 4332 siam.

2477 4351 2646 4420 Apud
2669 4353 3011 4406 Hosltenium
3025 4356 3075 4407 et
3093 4353 3557 4410 Schelestratium.

2262 4440 2389 4493 Lin.
2424 4436 2473 4508 4,
2506 4442 2691 4495 Vatic.
2728 4446 2778 4496 et
2793 4442 2901 4495 duo
2921 4442 3092 4505 Βίαν-η
3121 4455 3233 4497 ann
3266 4456 3347 4497 x1.

1774 4560 2021 4624 NOTE
2060 4564 2164 4625 VA
2176 4565 2528 4628 RIORUM.

1052 4680 1479 4736 ALTASERRA.

512 4770 683 4825 Linea
708 4766 758 4824 4.
782 4799 856 4810 —
882 4771 984 4823 Hic
1029 4785 1097 4823 cm
1144 4776 1415 4840 praecepto
1442 4772 1587 4826 beati
1638 4775 1785 4828 Petri
1811 4779 2090 4831 constituit

438 4847 499 4896 ut
520 4842 719 4895 mulier
746 4843 805 4895 in
843 4842 1120 4895 ecclesiam
1156 4843 1330 4896 velato
1351 4844 1525 4912 capite
1547 4845 1820 4900 introiret.
1852 4847 1896 4901 A
1928 4848 2089 4903 Petro

440 4917 791 4987 memoratur
822 4913 1301 4987 h-icinstitutum,‘
1328 4920 1389 4969 ut
1417 4914 1685 4970 mulieres
1706 4916 2091 4987 velatocapite

438 4986 559 5040 sint
583 4985 639 5039 in
666 4983 926 5053 ecclesia,
960 4998 1074 5053 quo
1101 4984 1305 5053 pudori
1338 4998 1511 5040 sexus
1540 4988 1899 5043 consulatur.
1937 4983 2083 5044 Idem

435 5070 465 5110 a
500 5056 675 5111 Paulo
708 5060 1047 5123 praeceptum
1082 5058 1135 5123 (Ι
1173 5057 1290 5112 Cor.
1316 5056 1393 5125 XI)
1425 5062 1486 5111 ut
1518 5057 1728 5112 mulier
1752 5066 1874 5113 oret
1902 5062 2087 5115 velato

437 5128 665 5198 capite,
703 5126 869 5198 quasi
904 5133 1165 5198 monente
1215 5135 1438 5185 natura.
1491 5142 1616 5195 qua:
1658 5129 1902 5198 capillos
1927 5132 2087 5187 dedit

439 5193 670 5268 mulieri
696 5193 1163 5268 dvri_nspz60).atou,
1186 5213 1288 5266 pro
1318 5193 1604 5252 velamine.
1633 5193 1973 5268 Apostolica:
2003 5203 2087 5256 in—

437 5267 765 5325 stitutionis
790 5266 924 5335 fuit,
949 5274 1009 5322 ut
1030 5268 1374 5324 mulieribus
1398 5269 1557 5324 locus
1575 5266 1833 5327 tabulato
1861 5274 2088 5329 distin-

435 5344 626 5411 ctusa
666 5340 817 5395 viris
836 5345 984 5411 esset
1009 5339 1065 5393 in
1108 5340 1368 5411 ecclesia.
1398 5342 1557 5411 Joan.
1599 5341 1986 5411 Chrysostom.
2023 5347 2082 5401 in

438 5410 637 5486 Matth.
675 5410 872 5486 homil.
900 5407 1000 5465 742
1043 5411 1237 5482 Ἐχρῆν
1269 5408 1355 5480 μέν
1383 5413 1467 5486 (ξῦν
1497 5408 1635 5463 ἑνδον
1666 5407 1798 5485 ἔχειν
1827 5412 1884 5486 τὸ
1910 5426 2084 5486 nsi-[pg

435 5475 493 5530 τό
517 5481 725 5553 διεῖργον
764 5484 890 5552 ὑμᾶς
920 5487 1018 5533 τῶν
1044 5475 1334 5553 legumina.
1380 5482 1668 5551 Oportebat
1693 5475 1949 5553 "quidem
1987 5475 2084 5540 ίὴέ

435 5552 629 5626 teriore
632 5556 854 5626 pariete
880 5569 914 5605 a
933 5552 1529 5626 mulieribusseparuri
1571 5552 1878 5626 Augustin.
1895 5559 1964 5613 de
1984 5560 2082 5613 Ci—

436 5621 601 5675 vitat.
631 5623 732 5677 Dei
758 5623 887 5677 libr.
922 5638 1062 5678 xin.
1087 5636 1210 5692 cap.
1237 5624 1273 5676 8
1296 5643 1307 5677 :
1333 5621 1371 5674 “‹‹
1403 5621 1756 5680 Αᾱπιοηθῐιιι·
1780 5628 1835 5682 in
1865 5632 2086 5685 somnis

434 5693 929 5764 appropinquante
962 5694 1190 5763 Pascha,
1232 5701 1295 5749 ut
1322 5694 1380 5748 in
1425 5702 1580 5764 parte
1603 5695 1947 5755 feminarum
1976 5700 2088 5757 ob—

435 5762 686 5818 servanti
716 5763 786 5815 ad
818 5762 1244 5835 baptistezium,
1279 5762 1635 5835 quaecunque
1664 5767 1752 5821 illi
1798 5772 2083 5840 baptizata

2117 4688 2171 4749 B
2199 4689 2475 4764 primitus
2500 4691 2866 4759 occurrisset,
2890 4691 3148 4763 signaret
3162 4692 3213 4748 ei
3248 4691 3437 4749 locum
3465 4692 3627 4764 signo
3647 4686 3806 4764 crucis

2197 4761 2435 4836 Christi.
2466 4781 2491 4811 »
2522 4763 2872 4836 Anastasin
2903 4761 3133 4836 Sergio:
3168 4785 3196 4817 α
3231 4764 3335 4819 Hic
3367 4764 3506 4819 fecit
3530 4761 3802 4836 imaginem

2200 4830 2351 4905 beati
2385 4835 2532 4888 Petri
2560 4834 2976 4905 apostoli,qua2
3009 4830 3105 4890 'est
3152 4835 3211 4890 in
3247 4841 3407 4904 parte
3453 4830 3756 4905 mulierum.
3782 4845 3802 4874 ι

2202 4904 2349 4958 Idem
2383 4905 2441 4958 in
2472 4906 2748 4974 Gregorio
2790 4903 2900 4961 IIl’:
2937 4928 2963 4957 α
2988 4907 3092 4961 Hic
3146 4903 3283 4961 fecit
3329 4908 3645 4961 oratorium
3684 4903 3807 4956 intra

2197 4976 2448 5048 eamdem
2482 4975 2800 5046 basilicam,
2842 4979 3008 5046 juxta
3038 4990 3236 5033 arcum
3269 4977 3642 5048 principalem
3681 4976 3810 5043 parte

2199 5046 2475 5121 virorum.
2505 5063 2529 5096 »
2553 5049 2704 5103 ldem
2734 5049 2792 5121 in
2840 5050 3095 5105 Adriano
3127 5051 3179 5104 I:
3210 5068 3236 5100 (ι
3270 5046 3338 5105 Et
3370 5046 3545 5121 rugas
3596 5048 3651 5102 in
3698 5054 3808 5113 pre—

2198 5116 2452 5191 sbyterio
2475 5131 2508 5172 a
2532 5127 2688 5191 parte
2704 5120 2960 5177 virorum
2981 5128 3037 5176 et
3059 5121 3368 5176 mulierum
3384 5116 3804 5191 ex‘argento‘pu-

2198 5185 2451 5244 riSsiIno.
2488 5185 2688 5262 »_l_dem
2713 5191 2771 5245 in
2806 5194 2985 5249 Leone
3005 5194 3108 5247 Ill:
3149 5212 3175 5245 α
3209 5192 3514 5262 Simulque
3537 5185 3599 5246 ut
3628 5185 3810 5262 colum-

2198 5272 2299 5313 nas
2330 5259 2630 5315 tornatiles
2655 5267 2768 5339 tam
2811 5263 2868 5318 in
2889 5265 3153 5339 ingressu
3178 5259 3451 5339 corporis
3470 5259 3812 5339 dextralatve-

2197 5343 2307 5400 que
2326 5344 2393 5384 ex
2429 5338 2585 5399 parte
2615 5333 2870 5389 virorum
2903 5333 2977 5391 ac
3006 5333 3338 5392 mulierum.
3369 5354 3395 5385 υ
3428 5334 3640 5389 Dicatis
3662 5333 3808 5385 etiam

2195 5401 2510 5472 virginilus
2540 5405 2808 5472 proprius
2835 5404 2997 5461 locus
3035 5414 3156 5462 erat
3183 5409 3241 5462 in
3269 5407 3534 5463 ecclesia.
3565 5401 3805 5460 Ambros.

2195 5472 2270 5546 ad
2302 5472 2519 5546 Virgin.
2574 5473 2789 5544 lapsam
2816 5489 2941 5546 cap.
2972 5475 3026 5532 6.
3053 5498 3078 5528 α
3102 5479 3300 5533 Nonne
3333 5478 3419 5533 vel
3450 5477 3613 5533 illum
3649 5474 3810 5528 locum

2199 5543 2793 5618 tabulisseparatum,
2830 5543 3022 5618 in'quo
3056 5549 3112 5603 in
3136 5550 3375 5604 ecclesia
3401 5548 3610 5611 stabas,
3638 5553 3811 5618 κερν-

2196 5615 2320 5669 dari
2352 5615 2632 5689 debuisti,
2654 5619 2721 5674 ad
2753 5611 3227 5689 quem'religioszr
3253 5629 3527 5675 matr-enm
3541 5627 3594 5674 et
3614 5611 3816 5689 nobiles

2195 5687 2458 5741 certatim
2479 5685 2787 5761 currebant
2803 5697 2899 5744 tua
2917 5685 3112 5746 oscula
3138 5701 3411 5761 ιωιιεεηθε,
3432 5705 3559 5760 qua:
3576 5685 3815 5745 sanctio-

2198 5770 2287 5811 res
2310 5764 2364 5811 et
2396 5759 2662 5815 meliores
2684 5766 2737 5815 te
2762 5762 2969 5817 erant?
2987 5781 3014 5812 ιο
