3994 6172
167 295 313 355 4049

849 445 1143 502 BENCINI.

239 554 412 608 Linea
446 551 497 607 i.
518 584 593 594 —
618 555 807 609 LINUS.
834 554 911 608 De
936 554 1085 608 Petri
1114 566 1441 609 successore
1465 553 1657 609 gravis
1680 567 1825 609 con-

160 626 476 691 troversia,
499 626 570 680 de
591 639 703 695 qua
729 625 785 679 in
809 638 978 694 opere
998 625 1403 695 chronologico
1427 625 1592 694 plura
1615 639 1827 680 occur-

161 704 300 751 rent
347 697 872 752 animadvertenda.
919 696 1150 751 Interim
1198 696 1316 752 haec
1356 697 1643 752 successio
1691 711 1824 751 mu—

158 768 408 834 tuanda,
432 769 548 823 nisi
571 768 804 823 evidens
828 768 886 823 in
909 768 1262 823 contrarium
1295 768 1443 823 ratio
1468 770 1725 827 suadeat,
1752 781 1822 822 ex

158 840 320 894 libro
348 840 694 903 Pontificali,
731 853 829 908 per
855 852 1020 907 quam
1051 846 1334 895 reservata
1363 847 1449 894 est
1481 839 1820 895 vetustissi-

156 925 388 966 morum
412 910 802 982 catalogorum
838 911 1130 965 memoria.
1156 910 1411 981 Catalogi
1436 924 1568 966 vero
1589 911 1822 980 specia-

158 984 270 1037 tim
314 984 414 1052 qui
465 982 950 1052 repra'sentabant
992 983 1273 1051 originem
1315 983 1713 1052 apostolicam,
1756 995 1821 1036 ac

163 1054 592 1121 fundationem,
626 1061 682 1109 et
722 1060 1170 1123 perseverantem
1213 1054 1656 1119 successionem,
1690 1066 1818 1108 cum

166 1128 229 1179 in
269 1127 565 1195 primitiva
600 1126 851 1181 Ecclesia
884 1132 1072 1179 essent
1101 1126 1365 1179 veritatis
1393 1132 1816 1194 argumentum,

157 1197 372 1252 sedulo
408 1197 888 1252 custodiebantur
920 1215 931 1250 :
966 1203 1021 1251 et
1070 1196 1120 1251 si
1165 1196 1402 1267 reliqua)
1446 1196 1712 1251 Ecclesiae
1750 1196 1821 1267 de

158 1269 502 1324 istiusmodi
543 1282 718 1324 censu
758 1267 1178 1339 gloriabantur,
1222 1266 1404 1322 mUlto
1436 1269 1619 1338 magis
1660 1267 1713 1321 id
1748 1266 1819 1321 de

158 1341 416 1395 Romana
450 1341 705 1395 Ecclesia
740 1341 1133 1400 asserendum,
1159 1339 1257 1395 ubi
1285 1340 1554 1394 cathedra
1587 1339 1822 1407 episco-

157 1419 336 1481 patus
364 1411 592 1480 collata,
622 1420 679 1466 et
702 1413 866 1483 origo
893 1412 1233 1477 necessaria,
1271 1416 1465 1483 utpote
1494 1412 1651 1477 prior
1675 1422 1820 1465 verae

154 1483 433 1538 Ecclesiae
461 1484 586 1549 dos,
618 1490 674 1538 et
707 1483 764 1537 in
792 1482 1225 1539 Successoribus
1255 1482 1522 1537 cathedra
1556 1493 1822 1551 perseve—

156 1568 339 1621 rans;
371 1568 499 1610 cum
532 1555 800 1610 cathedra
836 1561 1077 1623 nequeat
1105 1567 1229 1608 esse
1254 1567 1322 1608 et
1352 1554 1579 1623 Optato,
1612 1553 1671 1607 in
1704 1565 1819 1622 quo

152 1628 332 1682 etiam
360 1627 667 1681 Donatistae
688 1626 1120 1689 conveniebant,
1143 1627 1239 1678 ubi
1259 1640 1365 1679 non
1387 1624 1589 1678 sederit
1609 1626 1822 1693 episco-

144 1714 288 1768 pus.
316 1698 583 1752 Ecclesia:
612 1698 807 1767 itaque
828 1697 979 1768 inter
1000 1696 1223 1766 reliqua
1244 1696 1511 1768 ampliori
1536 1709 1675 1768 cura
1697 1707 1821 1768 cen-

154 1766 264 1825 Sus
278 1770 703 1838 episcoporum,
721 1766 1163 1823 utdeferrentad
1184 1767 1512 1823 subsidium
1534 1767 1817 1830 veritatis,

156 1840 604 1897 accuratissime
632 1839 1076 1909 custodiebant;
1102 1839 1372 1894 cathedra
1403 1852 1535 1893 vero
1566 1839 1817 1893 Romana

154 1914 229 1967 ad
276 1912 558 1982 originem
604 1911 989 1982 necessariam
1023 1910 1454 1982 ostendendam.
1493 1909 1816 1982 Cyprianus

161 1983 303 2038 inde
342 1980 608 2039 Cornelio
655 1982 915 2038 scribens
962 1981 1034 2037 de
1076 1980 1479 2037 Africanarum
1529 1981 1818 2036 Ecclesia—

156 2068 292 2110 rum
348 2055 691 2121 constantia,
745 2061 802 2109 et
852 2053 973 2109 zelo
1027 2054 1086 2108 in
1143 2053 1478 2119 rejiciendis
1527 2053 1818 2108 schisma-

152 2126 408 2181 ticorum
457 2126 783 2193 conatibus,
830 2131 886 2180 et
931 2124 1146 2180 litteris
1184 2125 1511 2193 Novatiani,
1555 2131 1610 2179 et
1650 2136 1818 2178 reco-

156 2196 425 2269 gnitione
455 2197 835 2269 pontiﬁcatus
865 2195 1121 2266 legitime
1139 2194 1311 2269 iacti,
1344 2196 1460 2251 duo
1491 2196 1813 2269 conjungit,

155 2266 219 2323 ét
249 2266 695 2339 recognitionem
738 2268 1103 2321 ordinationis
1139 2266 1431 2339 legitimae,
1467 2274 1525 2339 et.
1553 2268 1818 2333 originem

153 2337 540 2394 necessariam.
569 2339 874 2395 Ordinatio
899 2337 1243 2409 respiciebat
1265 2338 1683 2394 successionem
1714 2349 1817 2391 ca-

155 2411 380 2466 thedra:
430 2417 918 2481 perseverantem:
955 2412 1118 2481 origo
1167 2409 1488 2465 necessaria
1526 2409 1677 2481 Petri
1713 2419 1818 2481 ca-

158 2478 445 2552 thedram,
477 2483 724 2552 priorem
751 2494 895 2536 vera:
912 2478 1180 2537 Ecclesiae
1199 2481 1395 2552 dotem
1414 2486 1552 2552 tunc
1567 2479 1648 2552 ab
1675 2478 1816 2552 uni-—

155 2553 347 2608 versis
374 2548 647 2609 hab-itam.
676 2552 892 2609 Scribit
917 2554 1112 2622 itaque
1136 2552 1306 2621 epist.
1333 2548 1437 2607 68:
1467 2571 1493 2602 α
1519 2550 1615 2606 Sic
1642 2550 1813 2622 etiam

158 2637 319 2680 nunc
347 2625 714 2695 episcopatus
743 2624 852 2692 tui,
880 2631 935 2679 et
962 2620 1440 2695 veritas’pariter,
1471 2627 1529 2695 et
1555 2620 1814 2695 dignitas

157 2692 743 2765 apertissima'luce,
802 2702 859 2750 et
914 2692 1433 2765 manifestissima,
1478 2692 1815 2765 ﬂrmiSsitna

158 2762 634 2835 comprobatione
670 2765 910 2822 fundata
951 2771 1081 2821 est:
1119 2762 1183 2820 u‘t
1224 2779 1291 2820 ex
1341 2765 1644 2835 rescriptis
1686 2762 1816 2818 col—-

154 2833 414 2909 legat-um
435 2845 784 2899 nostrorum,
806 2838 905 2907 qui
926 2838 994 2892 ad
1016 2850 1121 2892 nos
1143 2836 1366 2909 litteras
1385 2836 1518 2891 inde
1534 2833 1811 2909 fecerunt,

154 2907 304 2965 et‘ex
349 2909 641 2971 relatione,
675 2922 741 2964 ac
769 2908 1119 2964 testimoniis
1146 2908 1614 2978 coepiscoporum
1644 2907 1814 2978 Pom-

160 2980 301 3049 peii,
333 2986 389 3036 et
415 2980 708 3051 Stephani.
742 2988 799 3036 et
828 2980 1113 3046 Caldonii,
1143 2992 1209 3034 ac
1238 2977 1536 3035 Fortunati
1560 2977 1804 3051 ordina-

160 3052 347 3107 tionis
390 3050 525 3120 tuae,
572 3060 627 3107 et
670 3052 834 3122 origo
882 3050 1223 3122 necessaria,
1265 3058 1321 3105 et
1365 3052 1512 3106 ratio
1548 3050 1726 3117 justa,
1759 3051 1817 3102 et

157 3124 413 3195 gloriosa
436 3136 662 3195 quoque
679 3121 1007 3195 innocentia
1025 3121 1097 3178 ab
1117 3122 1388 3195 omnibus
1412 3126 1810 3195 nosceretur.)

156 3170 1814 3265 si“si'.;l'5‘a7.13“d'e"a'sisagaga‘emga'pi;{massis
1844 3170 1894 3250 Ο

153 3267 571 3321 circumventis
591 3267 834 3321 dixerat.
866 3285 891 3315 α
923 3266 1150 3320 Scimus
1170 3277 1274 3320 nos
1302 3265 1557 3319 hortatos
1580 3275 1724 3325 esse,
1751 3266 1816 3315 ut

155 3337 428 3393 Ecclesiae
438 3338 735 3393 catholicae
753 3336 1021 3405 radicem,
1041 3343 1096 3391 et
1117 3337 1406 3391 matricem
1421 3337 1813 3406 agnoscerent,

155 3416 214 3463 et
240 3415 517 3464 tenerent.
553 3428 578 3458 η
608 3408 809 3469 Radix,
839 3414 894 3462 et
918 3408 1082 3478 origo
1114 3408 1432 3463 necessaria
1460 3404 1518 3460 in
1545 3404 1816 3459 cathedra

156 3481 311 3535 Petri
345 3488 466 3535 erat
497 3480 874 3550 agnoscenda,
905 3487 960 3534 et
991 3479 1287 3534 retinenda
1317 3493 1446 3534 cum
1486 3488 1816 3550 successore

155 3552 428 3607 Cornelio
458 3548 805 3607 communio.
852 3551 995 3605 Hinc
1037 3558 1261 3606 constat
1303 3549 1574 3605 debuisse
1603 3548 1815 3601 Roma-

156 3636 292 3679 nam
323 3623 627 3678 Ecclesiam
653 3623 1106 3690 diligentissime
1136 3622 1384 3677 retinere
1412 3621 1813 3689 episcoporum

155 3695 603 3757 successionem,
626 3709 693 3749 ex
723 3710 836 3763 qua
859 3694 1032 3749 sicuti
1060 3708 1128 3747 ex
1154 3693 1380 3764 origine
1404 3705 1533 3764 vera
1561 3689 1815 3764 Ecclesia

153 3765 625 3837 dignoscebatur.
676 3761 931 3836 Reliqua:
973 3761 1271 3837 Ecclesiae,
1299 3763 1550 3837 maxime
1590 3761 1815 3837 quando

159 3830 500 3892 fundatione
518 3830 838 3906 apostolica
854 3830 1274 3908 gloriabantur,
1298 3836 1401 3908 bos
1424 3830 1633 3908 census
1652 3830 1816 3888 defe—

158 3909 365 3964 rebant
394 3926 411 3978 ;
441 3920 508 3963 ac
538 3905 828 3964 successio
861 3905 971 3963 non
1014 3908 1337 3978 interrupta
1370 3905 1816 3978 habebaturrve-

157 3980 273 4036 luti
317 3976 582 4035 veritatis
612 3985 1035 4051 argumentum.
1069 3979 1152 4035 Ad
1187 3976 1527 4051 hoscensus
1568 3976 1817 4051 remittit

154 4055 411 4107 Irenteus
443 4052 480 4105 Ι.
515 4065 603 4116 ιιι,
631 4048 748 4107 c.'3
777 4069 789 4105 :
824 4071 850 4102 α
881 4051 1271 4121 Traditionem
1300 4050 1494 4121 itaque
1516 4048 1818 4121 apostolo—

160 4136 292 4178 rum
322 4125 381 4177 in
413 4128 533 4178 toto
566 4123 779 4179 mundo
808 4120 1249 4187 manifestatam,
1282 4122 1340 4177 in
1373 4119 1530 4178 omni
1564 4119 1818 4175 Ecclesia

155 4196 325 4249 adest
354 4196 680 4265 prospicere
700 4194 972 4250 omnibus
997 4198 1098 4264 qui
1123 4207 1253 4249 vera
1274 4193 1475 4250 volunt
1498 4192 1702 4265 audire
1724 4208 1738 4246 :
1763 4195 1821 4265 et

160 4262 442 4321 habemus
470 4262 847 4322 adnumerare
878 4279 994 4331 eos,
1016 4262 1124 4336 'qui
1152 4264 1224 4320 ab
1254 4264 1533 4334 apostolis
1560 4262 1817 4318 instituti

155 4343 302 4393 sunt
346 4339 602 4407 episcopi
655 4339 715 4393 in
760 4338 1055 4405 Ecclesiis,
1094 4343 1151 4393 et
1204 4350 1563 4393 successores
1618 4347 1818 4407 eorum

160 4423 350 4478 usque
379 4406 446 4465 ad
482 4406 607 4480 nos,
642 4410 741 4478 qui
784 4408 934 4464 nihil
978 4408 1091 4464 tale
1132 4409 1477 4480 docuerunt.
1515 4426 1539 4457 υ
1573 4406 1822 4480 Ηξθνθῑὶ-

155 4494 362 4536 corum
419 4478 820 4537 conventicula
866 4492 934 4536 eo
980 4482 1152 4537 etiam
1201 4479 1378 4535 titulo
1424 4478 1821 4534 Tertullianus

1072 297 1394 355 HISTORIA
1431 298 1524 354 DE
1560 297 1738 353 VITIS
1780 295 1948 354 ROM.
1993 296 2192 353 PONT.
2229 325 2292 337 —
2336 299 2393 352 S.
2439 297 2653 352 LINUS.

1845 427 1905 487 A
1934 426 2207 494 vigarem.
2233 444 2258 475 ι)
2281 425 2596 494 Aliquibus
2624 426 2763 480 aliis
2791 425 3112 491 recensitis,
3139 439 3268 480 cum
3289 426 3359 481 de
3379 425 3591 482 Hiero-

3452 293 3591 354 1050

1936 496 2297 567 solymitana,
2350 496 2612 552 observat
2642 496 2810 567 Ahanc
2855 498 3123 562 virginem
3170 497 3586 565 compellatam,

1936 562 2075 638 quia
2106 583 2137 624 a
2171 562 2350 638 prieri
2385 562 2657 637 episc0p6
2692 580 2875 636 usque
2904 567 2973 622 ad
3008 580 3071 620 ea
3103 562 3359 638 tempora
3392 562 3589 623 nullus

1937 637 2151 695 sederit
2181 652 2372 694 errore
2399 653 2627 710 quoque
2660 638 2928 695 fta-datus.
2955 657 2981 689 α
3010 638 3079 691 Et
3110 637 3418 693 Ecclesium
3449 639 3591 708 qui-

1934 711 2058 766 dem
2108 709 2709 782 hactenusfvirginem
2754 709 3052 775 vocabant,
3102 714 3399 782 propterea
3438 710 3586 782 quod

1936 783 2098 837 v-inis
2143 780 2812 838 sermonibus'nondum
2858 786 3129 849 corrupta
3171 780 3333 835 foret.
3381 798 3405 827 ιι
3450 781 3592 847 Epi-

1939 867 2243 918 scoirorum
2311 867 2444 909 vero
2504 853 2926 909 successionem
2971 858 3031 906 et
3086 851 3350 906 ordinem
3411 851 3592 906 dein-

1932 924 2002 979 de
2062 938 2388 995 numerans,
2434 923 2595 980 addit
2638 942 2651 979 :
2695 926 2892 986 Series,
2942 939 3063 992 qua:
3120 925 3186 995 in
3228 923 3465 995 archivis
3510 923 3591 975 il-

1936 996 2041 1048 lius
2102 991 2722 1061 Ecclesia/servantur,
2784 991 3095 1049 ostendunt.
3152 991 3276 1062 Quo
3335 994 3481 1058 loco,
3536 999 3592 1049 et

1931 1067 2265 1122 testimonio
2345 1066 2665 1136 colligitur,
2746 1068 2939 1122 varios
3016 1066 3199 1121 fuisse
3271 1065 3587 1136 catalogos,

1932 1139 2031 1207 qui
2087 1139 2144 1193 in
2186 1138 2451 1193 Ecclesia:
2500 1138 3029 1207 Hierosolymitana:
3069 1136 3326 1191 archivis
3385 1143 3592 1191 custo—

1932 1210 2258 1276 diebantur,
2307 1215 2362 1263 et
2408 1210 2476 1264 ad
2527 1210 2933 1265 ostendendam
2979 1207 3400 1263 successionem
3449 1221 3591 1275 pro—

1932 1280 2279 1335 ferebantur.
2330 1280 2489 1335 Unde
2540 1281 2637 1335 lux
2687 1280 2925 1335 affertur
2982 1280 3159 1335 dictis
3209 1278 3415 1349 synodi
3461 1281 3585 1334 Mo-

1936 1359 2251 1419 psuestenaa
2285 1351 2343 1406 in
2385 1364 2558 1406 causa
2588 1353 2868 1407 Theodori
2904 1350 3040 1407 olim
3088 1351 3253 1405 illius
3284 1349 3449 1405 urbis
3478 1363 3590 1404 an-

1932 1423 2165 1492 tistitis,
2192 1437 2317 1493 quae
2340 1436 2587 1490 expensa
2612 1431 2697 1478 est
2722 1424 2778 1477 in
2807 1424 3025 1493 synodo
3049 1436 3081 1474 v
3107 1422 3163 1477 in
3186 1429 3321 1477 tom.
3348 1423 3424 1475 Ill
3443 1423 3587 1476 Con-

1932 1494 2056 1563 cil.,
2087 1508 2211 1563 pag.
2243 1492 2368 1549 526.
2404 1493 2668 1550 Refertur
2696 1492 2849 1550 enim
2888 1496 2944 1548 in
2973 1496 3140 1558 actis,
3171 1493 3323 1564 quod
3352 1495 3588 1564 Joannes

1926 1566 2211 1634 presbyter
2234 1571 2286 1619 et
2311 1566 2649 1619 cimiliarcha
2680 1580 2712 1621 a
2742 1566 2946 1636 synodi
2983 1563 3247 1620 Patribus
3274 1563 3589 1633 compella—

1933 1642 2028 1692 tus
2052 1637 2121 1692 ad
2156 1637 2463 1692 tradendos
2492 1637 2781 1707 catalogos
2812 1638 3233 1705 episcoporum,
3266 1648 3363 1690 eos
3387 1648 3457 1691 ex
3486 1648 3589 1707 ar-

1935 1710 2119 1764 mario
2158 1721 2452 1763 sacrorum
2486 1706 2752 1763 vasorum
2798 1707 3041 1777 protulit
3075 1707 3388 1776 inquiens:
3424 1726 3450 1757 ar
3482 1706 3588 1761 Se—

1852 1807 1904 1868 B
1931 1779 2800 1868 99?.“3lui‘sif’l‘eﬂlefff‘!’
2849 1779 3403 1868 ἱδῙὶίὶίῖἱίέἒίδμίῘὶΨΓμ
3415 1789 3585 1868 ἕὲἳῖἓ

1930 1864 2082 1919 vasa,
2131 1864 2257 1921 qua:
2296 1864 2327 1905 a
2360 1863 2447 1905 me
2488 1857 2810 1917 servantur,
2861 1849 3132 1905 habentes
3170 1848 3443 1921 diptycha
3476 1850 3585 1921 ista

1932 1919 2170 1991 protuli,
2202 1928 2258 1975 et
2286 1922 2354 1976 ad
2399 1922 2793 1977 recitationem
2842 1921 3090 1992 porrigo.
3138 1919 3322 1975 Habeo
3352 1928 3408 1974 et
3438 1919 3586 1992 alios

1926 1994 1960 2048 d
1972 2006 2074 2047 uos
2089 1995 2546 2048 membranaceos
2558 1993 2968 2063 quaterniones
2980 1991 3325 2063 vetustiores
3339 1991 3471 2063 istis
3484 1991 3585 2063 qui

1929 2077 2083 2119 nunc
2103 2069 2262 2130 sunt,
2289 2067 2347 2118 et
2366 2061 2707 2119 recitantur.
2739 2082 2764 2114 ››
2789 2062 3069 2133 Diptycba
3094 2063 3247 2118 enim
3271 2075 3341 2117 ex
3365 2061 3589 2117 tabulis

1928 2141 2111 2205 erant,
2144 2141 2200 2191 et
2226 2134 2341 2190 alia
2374 2136 2431 2189 in
2465 2136 2705 2201 chartis,
2750 2140 2993 2205 utraque
3036 2133 3281 2203 protulit
3316 2134 3583 2205 Joannes.

1927 2204 2077 2274 Quid
2108 2207 2471 2262 continerent
2492 2222 2554 2260 va
2566 2207 2649 2262 ria
2678 2205 2779 2261 illa
2799 2203 3071 2276 diptycha
3092 2205 3178 2260 sic
3205 2204 3502 2260 declarant
3528 2203 3587 2258 in

1928 2284 2202 2347 sequente
2234 2277 2682 2333 interlocutione
2722 2278 2914 2333 Patres
2946 2295 2959 2330 :
2997 2296 3023 2327 α
3056 2277 3393 2331 Recitentur
3423 2287 3587 2331 sacra

1926 2348 2222 2419 diptycha,
2269 2363 2395 2418 qua:
2424 2349 2717 2404 declarant
2758 2353 2967 2403 sanctae
3014 2348 3302 2403 memoria:
3331 2359 3588 2419 comme-

1930 2420 2306 2475 morationem
2330 2421 2717 2484 sacerdotum,
2748 2420 2922 2474 istius
2949 2421 3363 2488 Mopsuestena:
3391 2418 3592 2472 civita-

1929 2491 2025 2559 tis,
2049 2504 2116 2546 ex
2139 2504 2253 2562 quo
2274 2491 2639 2547 immaculata
2661 2497 2716 2546 et
2736 2491 3052 2547 orthodoxa
3077 2489 3218 2545 ﬁdes
3244 2490 3591 2562 praedicatur

1928 2576 2113 2631 usque
2153 2560 2221 2615 ad
2259 2562 2410 2617 hunc
2461 2562 2832 2629 sacerdotem,
2867 2563 2966 2632 qui
3011 2562 3071 2616 in
3120 2561 3383 2630 praesenti
3417 2560 3588 2632 tertia

1925 2630 2146 2688 decima
2175 2633 2493 2689 indictione
2513 2632 2823 2689 defunctus
2854 2630 2960 2688 est.
2996 2651 3022 2681 »
3052 2633 3457 2687 Successiones
3488 2630 3590 2685 ita-

1926 2717 2057 2774 que,
2084 2709 2141 2759 et
2172 2704 2569 2773 episcoporum
2597 2709 2777 2759 series
2808 2705 2868 2757 in
2903 2703 3164 2773 qualibet
3189 2704 3422 2774 civitate
3443 2701 3589 2774 reli-

1926 2772 2085 2845 giose
2105 2772 2499 2847 servabantur,
2523 2783 2580 2831 et
2606 2776 2664 2830 hi
2689 2776 2834 2830 varii
2857 2772 3022 2847 erant
3042 2775 3311 2846 catalogi,
3342 2772 3585 2847 forsitan

1927 2843 2029 2916 qui
2080 2843 2529 2909 ordinationem,
2572 2854 2627 2902 et
2672 2849 2773 2916 qui
2820 2846 3041 2902 obitum
3092 2843 3377 2901 notarent.
3432 2843 3582 2915 quod

1929 2917 2132 2973 ultima
2161 2917 2388 2973 laudata
2412 2918 2613 2987 synodi
2642 2920 3051 2986 Mepsuestena:
3072 2917 3238 2972 verba
3255 2916 3581 2971 declarant:

1926 2989 2061 3045 etin
2084 2989 2609 3057 disceptationibus
2633 3002 2926 3043 recursum
2957 2987 3193 3057 factum,
3219 2993 3283 3043 ut
3308 2987 3440 3042 inde
3465 3000 3588 3056 pro-

1926 3060 2189 3115 bationes
2209 3059 2665 3115 desumerentur.
2700 3060 2843 3114 Hinc
2866 3060 2923 3113 in
2948 3058 3130 3114 simili
3160 3060 3493 3113 velitatione
3518 3057 3587 3112 de

1926 3131 2148 3193 ordine,
2173 3138 2229 3184 et
2248 3132 2615 3185 successione
2644 3131 3022 3185 Romanorum
3050 3130 3385 3198 pontificum
3408 3128 3586 3183 robur

1924 3203 2166 3267 addunt,
2198 3214 2323 3270 qua:
2348 3212 2416 3255 ex
2436 3201 2699 3270 antiquis
2728 3200 3063 3270 pontificum
3090 3201 3369 3269 catalogis
3392 3199 3587 3254 addu-

1925 3277 2154 3327 cuntur.

1995 3343 2169 3397 Linea
2190 3339 2243 3397 5.
2272 3371 2345 3381 -
2361 3342 2464 3395 Hic
2492 3343 2621 3409 fecit
2644 3342 3016 3396 ordinationes
3048 3341 3209 3395 duas.
3238 3340 3587 3412 Assignatur

1929 3415 1987 3469 in
2022 3415 2161 3468 Lino
2197 3426 2472 3468 numerus
2501 3413 2959 3479 ordinationum,
3005 3412 3146 3468 dum
3176 3413 3324 3467 duas
3358 3420 3583 3467 tantum

1927 3484 2245 3541 celebrasse
2273 3485 2517 3549 dicitur,
2550 3492 2605 3539 et
2635 3485 2773 3553 quia
2804 3484 2860 3539 S.
2892 3484 3095 3539 Petrus
3127 3482 3322 3553 plures
3354 3482 3584 3550 habuit,

1926 3557 2145 3612 dictum
2188 3561 2276 3611 est
2312 3571 2413 3625 per
2454 3570 2659 3610 menses
2700 3556 3057 3609 Decembrios.
3099 3556 3239 3611 Cum
3282 3569 3411 3611 vero
3453 3556 3586 3624 epi-

1928 3640 2231 3696 scoporum
2284 3628 2639 3682 consecratio
2698 3640 2814 3681 uno
2865 3633 3136 3682 contextu
3194 3628 3586 3695 conjungatur

1926 3714 2055 3755 cum
2093 3699 2460 3754 ordinatione
2507 3699 2963 3768 presbyterorum
2998 3705 3055 3753 et
3082 3699 3481 3766 diaconorum,
3518 3710 3587 3753 ne

1926 3769 2192 3826 confusio
2222 3770 2467 3839 oriatur,
2502 3769 2838 3838 notandum,
2865 3770 3018 3824 diem
3045 3778 3101 3825 et.
3125 3782 3370 3825 mensem
3392 3769 3588 3839 respi-

1926 3854 2054 3897 cere
2087 3840 2446 3911 presbyteros
2475 3847 2531 3896 et
2559 3842 2835 3898 diaconos
2869 3858 2883 3910 ;
2922 3841 3329 3910 episcoporum
3373 3842 3585 3895 etenim

1927 3914 2405 3969 consecrationon
2446 3912 2818 3982 alligabatur.
2856 3913 3061 3978 mensi,
3096 3913 3192 3967 sed
3236 3913 3295 3966 in
3329 3911 3588 3982 qualibet

1927 3986 2066 4039 anni
2136 3984 2434 4038 Dominica
2498 3983 2917 4040 celebrabatur.
2978 3984 3137 4039 Unde
3196 3983 3588 4052 interpunctio

1930 4055 2445 4126 subintelligenda,
2475 4061 2540 4111 ut
2562 4062 2789 4112 constat
2817 4067 2885 4111 ex
2906 4055 3045 4110 aliis
3068 4054 3205 4110 libri
3233 4054 3588 4110 Pontificalis

1932 4128 2097 4195 locis,
2124 4128 2181 4182 in
2206 4127 2422 4197 quibus
2451 4140 2564 4183 rem
2592 4129 2679 4183 sic
2698 4139 2822 4184 esse
2842 4126 3239 4195 explicandam
3266 4126 3590 4182 certissime

1931 4206 2187 4268 apparet.
2234 4200 2301 4253 Et
2344 4199 2576 4269 quidem
2619 4200 2676 4253 in
2715 4200 2931 4254 Joanne
2971 4199 3037 4253 Vl
3080 4199 3592 4267 interpunctioest

1932 4283 2200 4340 expressa
2232 4287 2244 4323 :
2282 4290 2309 4321 α
2345 4268 2446 4325 Hic
2477 4268 2614 4326 fecit
2645 4270 3068 4327 ordinationem
3103 4269 3588 4340 presbyterorum,

1932 4355 2034 4397 seu
2059 4342 2456 4406 diaconorum,
2489 4341 2544 4397 id
2572 4349 2660 4397 est
2686 4341 3045 4413 presbyteros
3076 4355 3291 4410 novem,
3320 4343 3594 4395 diaconos

1931 4414 2099 4469 duos.
2134 4413 2287 4468 Fecit
2314 4418 2504 4468 autem
2538 4427 2638 4482 per
2665 4412 2892 4469 diversa
2924 4412 3045 4468 loca
3076 4414 3378 4481 episcopos
3410 4413 3591 4481 quin—

1932 4486 2137 4539 decim.
2172 4502 2196 4533 »
2226 4483 2455 4539 Clarius
2488 4485 2902 4553 interpunctio,
2934 4490 2991 4537 et
3015 4485 3263 4537 varietas
3294 4484 3351 4536 in
3381 4495 3589 4537 conse-

158 4552 489 4625 proscindit
511 4566 578 4607 ex
599 4550 824 4625 defectu
853 4551 1102 4625 originis
1131 4558 1186 4607 et
1213 4550 1815 4625 successsion_is,_dum
1845 4564 1900 4625 ι)
1930 4555 2293 4611 crationibus
2324 4550 2733 4609 denotatur'in
2772 4555 2970 4624 Sergio
3001 4555 3022 4607 Ι
3048 4570 3061 4606 ;
3103 4573 3129 4604 α
3165 4553 3267 4607 llic
3294 4553 3588 4625 ordinavit

159 4627 246 4679 ita
277 4624 503 4679 eosdem
534 4623 857 4693 compellat.
899 4622 1083 4677 Edunt
1112 4637 1236 4689 ergo
1271 4624 1509 4688 origines
1538 4622 1821 4675 Ecclesia—

153 4711 287 4749 rum
323 4711 582 4749 suarum:
610 4695 861 4749 evolvunt
896 4695 1142 4749 ordinem
1173 4695 1540 4762 episcoporum
1571 4706 1815 4753 suorum,

156 4771 245 4821 ita
270 4781 376 4836 per
398 4769 785 4821 successionem
807 4767 877 4819 ab
908 4768 1069 4819 initio
1099 4766 1491 4836 decurrentem,
1519 4770 1582 4817 ut
1605 4766 1819 4833 primus

154 4840 256 4892 ille
304 4840 584 4907 episcopus
650 4839 890 4906 aliquem
947 4853 1015 4891 ea:
1055 4837 1336 4906 apostolis,
1368 4835 1454 4888 vel
1507 4836 1819 4907 apostolicis

150 4906 450 4978 viris,’qui
477 4914 659 4963 tamen
688 4924 810 4962 cum
848 4909 1108 4977 apostolis
1135 4908 1523 4976 perseveravit,
1566 4906 1821 4959 habuerit

153 4985 438 5034 auctorem
488 4986 538 5034 et
593 4986 998 5033 antecessorem.
1050 4980 1193 5034 Hinc
1239 4978 1615 5049 Hegesippus,
1666 4978 1817 5045 apud

154 5051 371 5108 Euseb.
406 5051 442 5105 i.
478 5065 559 5121 v1,
600 5066 650 5106 c.
681 5050 771 5118 2‘2,
810 5051 1019 5122 itinere
1061 5047 1678 5122 suscepto—nobiliores
1710 5050 1821 5103 Ec—

152 5124 371 5179 clesias
398 5122 774 5190 perlustrans,
802 5120 924 5177 duo
947 5123 1003 5177 in
1030 5121 1152 5176 illis
1173 5120 1489 5187 adnotavit,
1514 5120 1823 5189 episcopo—

152 5209 289 5251 rum
319 5195 741 5250 successionem
764 5193 834 5248 ab
854 5193 1168 5262 apostolica
1192 5192 1561 5248 institutione
1580 5192 1823 5246 descen-

146 5268 409 5333 dentem,
446 5267 872 5334 puritatemque
913 5266 1243 5335 dogmatum
1275 5264 1346 5319 ab
1375 5264 1589 5319 eisdem
1624 5263 1824 5335 Eccle-

150 5338 274 5392 siis
295 5338 669 5393 custoditam.
694 5338 775 5391 ita
797 5337 949 5390 enim
974 5334 1135 5391 suam
1162 5335 1544 5391 narrationem
1570 5334 1817 5404 profert:

152 5430 179 5458 α
231 5410 294 5463 ln
322 5408 579 5477 singulis
603 5415 791 5463 autem
820 5407 1227 5477 Episcoporum
1252 5406 1741 5471 successionibus,
1769 5411 1825 5461 et

151 5493 262 5550 per
288 5480 555 5549 singulas
599 5479 769 5534 urbes
818 5481 1011 5534 eadem
1066 5484 1310 5550 manent,
1340 5492 1467 5547 qua:
1496 5489 1594 5545 per
1619 5477 1819 5550 legem,

147 5548 210 5606 et.
258 5548 594 5622 prophetas.
626 5561 682 5605 et
713 5564 743 5605 a
775 5551 1018 5605 Domino
1060 5549 1364 5619 praedicata
1408 5553 1563 5622 sunt.
1603 5565 1629 5596 υ
1661 5548 1729 5602 Et
1753 5549 1825 5622 de

149 5619 597 5677 Corinthiorum
650 5622 904 5677 Ecclesia
953 5622 1040 5676 sic
1087 5619 1633 5674 eam'commendat.
1683 5640 1710 5671 α
1753 5621 1822 5674 Et

148 5694 596 5749 Corinthiorum
625 5694 856 5764 quidem
883 5692 1131 5747 Ecclesia
1157 5691 1213 5764 in
1244 5696 1393 5764 recta
1422 5689 1530 5745 tlde
1554 5703 1820 5764 perman-

152 5767 238 5819 sit
267 5779 454 5836 usque
484 5766 552 5820 ad
591 5761 837 5835 primum
870 5764 1126 5833 ejusdem
1162 5761 1661 5836 lociepiscopum.
1696 5762 1821 5831 Quo

152 5851 290 5892 cum
339 5833 718 5893 familiariter
744 5836 1068 5892 collocutus
1106 5847 1235 5890 sum
1264 5833 1401 5889 dum
1434 5835 1667 5891 Romam
1709 5846 1821 5889 na-

1933 4641 2033 4698 per
2077 4626 2340 4681 diversas
2396 4625 2724 4698 provincias
2775 4623 3077 4698 episcopos
3131 4623 3443 4692 nonaginta
3492 4635 3592 4677 se-

1933 4694 2103 4767 ptem.
2148 4698 2303 4751 Fecit
2334 4701 2529 4767 autem
2571 4696 2968 4751 ordinationes
3010 4694 3294 4767 duasgper
3340 4706 3585 4748 mensem

1930 4764 2148 4830 Martii.
2198 4766 2556 4836 presbyteros
2594 4767 2783 4822 decem
2824 4773 2882 4822 et
2921 4772 3070 4836 octo,
3119 4764 3399 4821 diaconos
3440 4777 3589 4836 qua—

1930 4847 2083 4895 tuor.
2121 4857 2146 4887 »
2180 4834 2248 4892 Et
2289 4834 2421 4895 ante
2456 4838 2558 4893 hos
2602 4838 2659 4893 in
2710 4837 2906 4893 codice
2949 4835 3323 4891 Holsteniano
3366 4837 3425 4891 in
3459 4834 3586 4904 Syl-

1930 4915 2119 4965 vestro
2163 4917 2458 4980 notantur.
2508 4922 2633 4980 pag.
2682 4906 2771 4975 38,
2827 4909 3289 4980 consecrationes
3336 4906 3588 4980 diversis

1931 4979 2290 5049 temporibus
2311 4979 2495 5045 factae,
2521 4978 2745 5035 nullius
2773 4984 2984 5034 mensis
3006 4979 3301 5049 assignato
3326 4978 3583 5049 nomine:

1936 5073 1959 5103 α
1996 5048 2307 5121 Episcopos
2339 5064 2437 5177 ger
2459 5051 2684 5106 diversa
2716 5051 2837 5106 loca
2861 5050 3110 5105 diversis
3136 5048 3498 5119 temporibus
3528 5049 3585 5102 in

1936 5124 2075 5177 urbe
2126 5124 2295 5177 Roma
2376 5119 2429 5177 ὃ.
2480 5140 2505 5171 υ
2550 5120 2705 5177 Ouod
2751 5122 3037 5177 exnressit
3087 5122 3145 5176 in
3194 5128 3373 5176 Leone
3416 5122 3484 5177 ll.
3534 5126 3585 5174 et

1934 5119 2075 5180 urbe
2126 5119 2295 5177 Roma
2339 5119 2429 5177 75.
2480 5140 2505 5171 υ
2550 5120 2705 5189 Quod
2751 5122 3037 5191 expressit
3087 5122 3145 5176 in
3194 5128 3373 5176 Leone
3416 5122 3484 5187 ll,
3534 5126 3590 5174 et

1932 5194 2277 5250 distinctius
2309 5194 2368 5248 in
2412 5190 3029 5261 Constantino,’cujus
3067 5192 3470 5248 ordinationes
3502 5190 3587 5246 sic

1936 5274 2207 5322 recenset.
2259 5267 2321 5320 In
2375 5272 2642 5333 suscepto
2687 5264 3333 5331 ConstantinOpolitano
3380 5264 3588 5318 itinere

1932 5339 2329 5408 episcoporum
2351 5335 2811 5408 consecrationes
2827 5335 3249 5408 celebravit,de
3270 5334 3484 5404 quibus
3501 5334 3586 5408 sic

1931 5404 2076 5481 (pag.
2114 5404 2270 5477 ibi):
2305 5427 2339 5481 «_
2361 5408 2462 5461 Hic
2487 5404 2630 5481 fecit
2659 5408 3055 5481 ordinationes
3082 5407 3489 5481 episcoporum
3524 5406 3582 5460 in

1931 5478 2139 5549 eundo,
2166 5486 2223 5534 et
2238 5479 2537 5549 redeundo
2567 5490 2664 5547 per
2690 5479 2914 5533 diversa
2949 5478 3071 5533 loca
3100 5479 3402 5547 episcopos
3433 5479 3586 5533 duo-

1930 5548 2136 5607 decim.
2173 5569 2198 5599 ι)
2221 5548 2357 5617 Qua:
2381 5550 2778 5605 ordinationes
2801 5551 2980 5604 mensi
3002 5549 3181 5604 alicui
3204 5551 3587 5606 determinato

1929 5621 2218 5694 assignari
2266 5629 2579 5690 nequeunt.
2632 5623 2692 5675 in
2737 5622 2844 5676 line
2887 5634 3018 5694 vero
3071 5619 3391 5694 pag.7163:
3425 5642 3451 5673 «
3484 5622 3586 5676 llic

1932 5691 2079 5748 fecit
2098 5693 2520 5748 ordinationem
2568 5706 2761 5753 unam,
2807 5691 3165 5761 presbyteros
3194 5693 3407 5761 decem,
3451 5694 3584 5747 dia-

1933 5779 2110 5821 conos
2154 5765 2349 5819 duos:
2384 5764 2687 5833 episcopos
2740 5776 2838 5832 per
2886 5763 3113 5818 diversa
3169 5764 3290 5820 loca
3344 5777 3582 5819 numero

1933 5837 2228 5907 sexaginta
2246 5841 2517 5906 quatuor.
2540 5852 2566 5883 »
2590 5835 2727 5890 Etin
2742 5836 3118 5892 Constantino
3133 5837 3434 5907 antipapa:
3455 5855 3479 5884 ‹‹
3494 5834 3585 5887 Fe-
