3994 6168
251 342 389 400 4053

1163 343 1483 405 HISTORIA
1520 347 1612 403 DE
1650 345 1826 402 VITIS
1864 345 2033 403 ROM.
2076 346 2275 404 PONT.
2306 379 2380 389 —
2415 350 2469 405 S.
2514 353 2736 408 LINUS.

3517 353 3657 413 4054

243 473 710 547 octingentorum
741 489 1043 547 annorum,
1071 474 1221 531 inter
1246 490 1371 546 quae
1396 473 1567 530 etiam
1598 473 1892 528 Notkeria-
1918 474 1975 532 A
2000 473 2151 547 idem
2174 473 2455 530 statuitur
2474 474 2529 530 in
2548 475 3148 547 concilioRothomag.
3174 481 3480 547 celebrato,
3502 491 3657 537 anno

246 558 383 599 num
408 544 647 615 afﬂgant
666 546 784 603 diei
815 546 887 604 23
906 544 1289 617 Septembris}:
1315 547 1707 617 sitqueannus
1731 558 1893 617 mar—

244 616 385 686 tyrii
420 614 545 671 tertia
591 618 807 674 Christi
862 614 1186 675 com—munis
1235 616 1325 686 67,
1364 614 1639 687 Capitone
1666 622 1721 672 et
1744 614 1891 671 Rufo

242 702 419 761 coss.
444 688 530 743 uti
560 689 862 746 Liberiano
905 705 1033 747 cum
1061 691 1322 761 catalogo
1354 689 1503 745 liber
1532 688 1893 744 Pontificalis

238 759 462 824 diserte
517 761 715 823 tradit,
767 776 918 817 anno
961 759 1289 824 undecimo,
1347 774 1537 817 mense
1569 762 1762 825 tertio,
1795 761 1893 814 die

239 831 589 888 duodecimo
611 845 678 887 ex
699 848 813 903 quo
827 832 1015 888 fuerat
1045 834 1349 889 ordinatus
1378 834 1685 902 episcopus
1721 850 1739 903 ,7
1762 832 1893 903 ejus

241 906 667 975 consecration:
716 901 934 961 ciderit
949 919 1015 960 ex
1031 905 1136 961 hac
1153 901 1449 975 putatione
1471 905 1527 959 in
1547 904 1698 959 diem
1722 901 1787 957 i2
1804 905 1895 958 Ju-

246 975 334 1027 nii
384 976 524 1029 anni
573 973 643 1031 55
723 990 801 1031 ιω
830 973 1174 1043 communis,
1218 977 1443 1031 scilicet
1480 975 1742 1042 Sabbato,
1785 988 1895 1043 ap-

247 1052 475 1115 petente
504 1048 584 1102 Do
673 1049 824 1103 nica.
872 1050 972 1103 Sin
991 1055 1179 1103 autem
1203 1049 1329 1103 dies
1361 1048 1625 1103 undeciin
1669 1045 1892 1117 legendi

243 1119 370 1172 sint
414 1132 543 1173 cum
597 1121 792 1174 codice
822 1118 928 1176 900
978 1118 1151 1174 ferme
1193 1133 1472 1175 annorum
1534 1117 1896 1173 bibliothecae

242 1189 835 1246 Palatino-Vaticana:
883 1192 1154 1258 superius
1207 1191 1387 1245 relato
1434 1190 1712 1259 opusculo
1760 1201 1791 1238 v
1830 1202 1898 1242 ex

239 1260 676 1325 Schelestratio,
702 1264 824 1331 ipsa
844 1263 972 1317 dies
1000 1262 1301 1317 Dominica
1320 1260 1751 1317 i3Juniifuerit
1770 1259 1897 1314 dies

238 1332 658 1388 ordinationis.
682 1335 785 1389 Sed
811 1334 1057 1389 retinere
1081 1341 1308 1402 praestat
1332 1346 1627 1388 numerum
1651 1332 1896 1400 priorem

240 1405 476 1458 dierum
507 1403 590 1472 i2,
618 1412 701 1460 tot
725 1401 1109 1461 monumentis
1140 1404 1538 1459 confirmatum
1570 1408 1711 1472 quot
1736 1401 1901 1456 indi-

239 1476 506 1530 cavimus
541 1490 663 1547 pag.
700 1473 790 1532 87.

313 1546 479 1620 Nihil
501 1544 691 1603 autem
713 1549 985 1618 impediet
1001 1549 1313 1620 quominus
1336 1546 1699 1620 intelligatur
1720 1544 1900 1600 Linus

245 1619 559 1674 ordinatus
585 1621 680 1675 die
723 1618 1032 1676 Dominica‘
1065 1619 1131 1676 i3
1153 1620 1335 1681 Junii,
1369 1632 1494 1688 qua:
1525 1618 1720 1672 eodem
1745 1629 1897 1670 anno

251 1689 367 1745 fuit
424 1699 621 1747 octava
673 1695 1054 1748 Pentecostes,
1106 1705 1236 1747 cum
1268 1690 1483 1745 Pascha
1528 1688 1803 1743 inciderit
1835 1688 1894 1741 in

247 1763 399 1817 diem
457 1762 529 1832 487
557 1763 779 1832 Aprilis
829 1766 966 1818 Nam
1004 1763 1155 1819 infra
1185 1762 1511 1818 videbimus
1543 1761 1603 1815 in
1633 1758 1895 1829 Callisto,

2004 542 2145 600 4072
2170 564 2203 622 :_
2223 566 2248 597 (ι
2272 548 2409 600 Item
2444 553 2693 616 quatuor
2724 554 3044 622 temporum
3068 542 3391 607 observatio
3417 542 3615 622 compe
3635 581 3656 591 -

2006 638 2030 668 α
2066 618 2207 672 tenti
2263 624 2515 687 tempore
2557 619 2875 674 secundum
2917 621 3173 677 divinam
3226 618 3653 679 institutionem

2005 709 2030 740 α
2079 690 2368 744 communi
2409 689 2836 746 observantiaa
2897 693 3062 748 nobis
3120 701 3400 755 servetur,
3455 696 3513 750 id
3570 703 3656 750 est

2008 780 2034 811 α
2072 761 2258 886 1ρι’ἱιῐιει
2289 760 2637 817 hebdomada
2660 763 2874 825 Martii,
2895 764 3343 830 secundaJunii,
3375 786 3401 816 «
3424 771 3558 833 etc.,
3594 773 3657 820 ut

2008 846 2066 886 re
2093 839 2179 886 ert
2202 832 2515 886 Ordericus
2555 833 2636 886 lib
2690 847 2761 886 tv.
2790 836 2935 886 Hist.
2966 836 3111 886 Eccl.
3149 838 3271 886 Haec
3305 850 3407 886 nm
3432 837 3655 886 ratione

2008 832 2179 886 refert
2202 832 2515 906 Ordericus
2555 833 2761 906 liva.
2790 836 2935 889 Hist.
2966 836 3111 890 Eccl.
3149 838 3271 891 Haec
3305 850 3407 906 pro
3432 832 3655 891 ratiOne

2005 903 2607 977 temporumillorum.
2644 904 2932 961 Faitsane
2951 908 3252 977 antiquior
3273 903 3416 963 usus
3441 908 3651 976 jejunii

2007 975 2182 1044 hujus
2212 974 2534 1029 celebrandi
2572 976 2628 1030 in
2657 977 2778 1045 ipsa
2808 974 3167 1033 Pentecost'es
3197 974 3566 1045 hebdomade,
3592 985 3658 1034 ut

2007 1046 2223 1101 clarum
2244 1053 2420 1101 estex
2446 1046 2499 1101 S.
2526 1048 2747 1103 Isidoro
2773 1048 2870 1102 lib.
2911 1050 3017 1104 ide
3045 1049 3209 1105 Oftic.
3236 1050 3444 1111 Eccle.,
3473 1064 3525 1105 c.
3559 1045 3652 1111 37,

2007 1125 2063 1172 et
2108 1118 2160 1171 S.
2219 1119 2400 1172 Leone
2420 1120 2771 1191 rpapaSerm.
2800 1118 2925 1187 4,2,
2958 1118 2991 1175 3
3012 1128 3068 1177 et
3091 1119 3123 1175 4
3151 1123 3220 1176 de
3242 1122 3470 1191 jejunio
3505 1123 3654 1176 Pen—

2010 1195 2283 1243 tecostes:
2330 1190 2429 1257 qui
2456 1190 2677 1245 tandem
2706 1192 2760 1245 in
2791 1191 3043 1247 Ecclesia
3072 1190 3282 1248 revixit
3304 1190 3657 1248 auctoritate

2007 1260 2268 1335 gr‘egorii
2296 1261 2405 1335 νει,
2441 1267 2504 1314 ut
2532 1262 2697 1316 docet
2719 1263 3068 1335 Micrologus
3094 1278 3212 1333 cap.
3244 1262 3334 1326 25,
3359 1271 3418 1319 et
3442 1263 3653 1318 Urbani

2008 1332 2136 1405 Ilin
2157 1344 2315 1385 conc.
2338 1331 2803 1405 Claromontano,
2835 1335 2893 1389 in
2909 1331 3023 1405 quo
3054 1336 3140 1391 sic
3166 1331 3464 1391 Statuitur.
3495 1335 3657 1402 Jeju—

2008 1404 2160 1455 nium
2209 1403 2506 1455 secundum
2543 1420 2764 1474 semper
2828 1408 2888 1458 in
2927 1403 3268 1461 hebdomade
3330 1408 3657 1460 Pentecostes

2008 1474 2324 1541 celebretur,
2371 1481 2434 1529 ut
2464 1473 2637 1530 refert
2666 1478 2976 1533 Ordericus
3011 1479 3215 1534 Vitalis
3259 1477 3361 1533 lib.
3402 1492 3460 1532 ιχ
3508 1477 3649 1531 Hist.

2008 1544 2155 1599 Eccl.
2190 1545 2284 1620 Sic
2316 1545 2760 1620 olimjejunium
2784 1549 3033 1617 primum
3054 1557 3303 1620 quatuor
3334 1556 3653 1620 temporum

2011 1615 2386 1697 peragebatur
2416 1615 2848 1697 in'hebdomatle
2878 1615 3559 1697 prima'mensisMartii,
3594 1624 3658 1697 ut

2007 1688 2200 1764 videre
2229 1694 2315 1742 est
2343 1690 2537 1764 eodem
2568 1704 2696 1745 can.
2728 1692 2966 1747 concilii
3001 1691 3326 1764 Moguntini
3362 1704 3546 1764 supra
3563 1691 3658 1764 ci—

2007 1760 2111 1814 tati
2136 1761 2561 1833 {constitutum
2592 1769 2699 1827 est,
2742 1770 2804 1818 ut
2835 1760 3385 1833 quatuor'tempora
3415 1760 3554 1817 anni
3585 1760 3655 1817 ab

244 1847 405 1888 num.
465 1831 551 1901 i7,
582 1831 827 1904 jejunia,
864 1850 989 1905 quae
1018 1836 1270 1890 dicimus
1300 1839 1538 1903 quatuor
1574 1833 1712 1884 anni
1752 1837 1897 1905 rtem-
1929 1834 1980 1895 Β
2007 1831 2279 1905 omnibus
2304 1845 2432 1905 cum
2475 1831 3125 1905 jejunioobserventur,
3172 1835 3226 1890 id
3252 1831 3343 1890 est
3374 1835 3431 1889 in
3466 1846 3657 1890 mense

236 1922 465 1974 porum,
513 1920 611 1975 per
639 1904 897 1962 eumdem
952 1907 1272 1976 pontificem
1309 1904 1662 1969 confirmata,
1696 1904 1764 1958 ad
1796 1916 1899 1958 nos

244 1978 550 2046 pervenire
594 1992 661 2033 ex
701 1977 1017 2047 apostolica
1047 1986 1227 2033 aetate.
1272 1977 1353 2032 ibi
1400 1982 1589 2031 autem
1622 1982 1899 2047 vocantur

224 2044 519 2117 jejunium
566 2044 811 2103 Sabbati.
856 2051 957 2105 Hic
987 2050 1293 2105 constituit
1313 2049 1601 2117 jejunium
1628 2047 1724 2101 die
1751 2044 1899 2100 Sab—-

235 2120 366 2174 bati
401 2126 490 2175 ter
516 2122 573 2175 in
606 2135 757 2176 anno
789 2122 932 2185 ﬁeri,
967 2122 1194 2191 quando
1215 2121 1442 2176 scilicet
1471 2119 1642 2173 etiam
1669 2118 1898 2191 ordina-

236 2192 440 2246 tiones
456 2192 791 2247 habeantur.
824 2188 1055 2247 Unde‘S.
1086 2195 1191 2248 Leo
1216 2194 1454 2257 Magnus
1480 2191 1651 2244 toties
1682 2190 1739 2243 in
1768 2188 1895 2243 suis

235 2263 617 2318 sermonibus
672 2270 800 2331 post
845 2264 1134 2333 jejunium
1168 2269 1387 2333 quarta:
1432 2268 1486 2317 et
1512 2268 1684 2316 sextae
1713 2260 1891 2329 feriae,

232 2333 495 2389 Sabbato
520 2335 878 2405 vigilandum
903 2336 1082 2389 edicit
1110 2336 1260 2403 apud
1286 2336 1341 2387 S.
1366 2336 1635 2405 Petrum:
1671 2338 1728 2405 et
1753 2333 1895 2401 qui-

231 2406 373 2461 dem
404 2403 778 2461 veterimore.
806 2406 889 2460 Ab
923 2406 1045 2461 illis
1061 2408 1214 2460 enim
1242 2405 1466 2475 vigiliis
1485 2403 1738 2469 Sabbati,
1768 2416 1895 2472 qum

234 2477 549 2547 praemisso
573 2478 797 2547 jejunio
820 2478 1151 2547 aperiebant
1169 2474 1458 2546 mysteria,
1489 2476 1701 2542 epocha
1729 2474 1897 2530 ordi-

225 2546 553 2604 hationum
599 2546 982 2616 repetebatur.
1028 2550 1089 2603 Et
1147 2562 1276 2604 cum
1335 2546 1653 2601 Christiani
1712 2551 1895 2600 ctetus

236 2620 455 2674 fierent
484 2621 825 2676 antelucano
846 2627 1121 2688 tempore,
1147 2620 1230 2673 uti
1260 2632 1326 2673 ex
1355 2618 1527 2673 Plinii
1550 2618 1796 2687 epistola
1825 2617 1891 2672 ad

231 2693 554 2760 Trajanum
576 2696 818 2758 constat,
841 2691 977 2745 licet
995 2690 1391 2745 ordinationes
1408 2690 1804 2759 episcojiorum
1822 2689 1893 2743 ad

235 2765 403 2819 diem
436 2764 736 2817 Dominam
772 2762 1117 2817 haberentur
1150 2762 1301 2816 inter
1344 2760 1689 2816 oblationem
1723 2760 1897 2815 sacri-

233 2835 364 2889 ﬁcii
404 2834 728 2902 incruenti;
760 2841 1006 2889 attamen
1044 2834 1325 2903 pertinere
1371 2831 1787 2902 quodammodo
1817 2830 1899 2885 vi-

234 2906 533 2961 bebantur
556 2907 625 2961 ad
650 2905 798 2962 diem
830 2905 1063 2960 illarum
1086 2904 1448 2976 vigiliarum,
1474 2904 1624 2959 unde
1650 2907 1897 2976 cmperat

236 2977 583 3032 convocatio
609 2977 866 3031 fidelium
880 2977 948 3031 ad
968 2990 1063 3031 eas
1084 2974 1451 3047 peragendas.
1474 2977 1557 3031 Ita
1585 2988 1715 3029 vero
1740 2974 1897 3029 cele-

237 3048 369 3103 bris
394 3046 765 3103 fuitsecunda
789 3047 1141 3103 hebdomada
1167 3046 1380 3102 mensis
1399 3048 1558 3102 Junii
1577 3047 1897 3101 indictione

227 3121 453 3189 jejunii
489 3125 738 3189 quatuor
768 3124 1111 3187 temporum,
1139 3125 1192 3174 et
1225 3117 1698 3175 ordinationibus
1728 3117 1892 3183 cleri,

238 3199 307 3246 ut
323 3192 477 3259 apud
498 3191 810 3246 nonnullas
828 3190 1115 3246 Ecclesias
1129 3190 1443 3260 aliquando
1463 3189 1897 3245 mosinoleverit

236 3276 546 3332 nunquam
592 3262 663 3317 ab
696 3262 797 3317 illa
848 3261 1201 3317 hebdomada
1230 3261 1552 3316 removendi
1582 3267 1892 3329 utrumque

234 3331 403 3389 illud
446 3331 700 3389 ofﬁcium
728 3353 740 3388 :
771 3334 910 3388 adeo
960 3341 1024 3387 ut
1074 3340 1199 3401 post
1250 3340 1501 3388 octavam
1536 3333 1891 3387 Pentecosws

234 3420 356 3461 non
390 3405 565 3459 semel
597 3405 904 3476 contigerit
936 3404 1239 3470 celebrari,
1282 3418 1409 3474 quae
1452 3404 1604 3458 intra
1634 3409 1885 3476 octavam

232 3477 474 3532 fuerant
533 3478 847 3547 peragenda
899 3490 966 3531 ex
1016 3477 1415 3537 vetustissina,
1475 3481 1531 3529 et
1572 3475 1888 3543 apostolica

229 3548 558 3617 disciplina
590 3566 602 3602 :
638 3550 818 3604 donec
874 3548 1181 3615 vigilantia
1233 3547 1568 3617 pontificum
1606 3560 1668 3600 ea
1698 3547 1886 3600 disci-

236 3621 404 3687 plina
436 3619 551 3673 fuit
573 3622 863 3675 restituta.
888 3621 944 3674 Id
974 3620 1237 3675 observat
1258 3619 1526 3674 eruditus
1551 3619 1887 3685 explanator

231 3693 686 3746 Sacramentarii
739 3692 1077 3761 Gregoriani
1129 3691 1453 3746 Menardus.
1505 3690 1675 3757 cujus
1716 3689 1885 3744 verba

232 3778 374 3818 mox
405 3761 656 3817 afferam.
688 3764 921 3818 interim
955 3763 1227 3833 colligere
1256 3775 1580 3831 possumus,
1610 3761 1723 3815 sibi
1754 3775 1886 3815 mu-

234 3844 342 3890 tuo
382 3833 689 3905 suffragari
736 3834 1192 3906 chron010giam,
1220 3842 1276 3889 et
1307 3833 1887 3906 historiamordina—

235 3906 447 3962 tionis.
484 3904 873 3974 pontiﬁcatus,
923 3912 980 3959 et
1006 3904 1265 3976 martyrii
1323 3906 1376 3959 Β.
1414 3904 1884 3976 Lini.Siquidem

232 3992 302 4032 ex
336 3978 617 4046 martyrio
650 3978 708 4031 in
739 3974 1168 4033 vetustissimis
1210 3976 1425 4033 tabulis
1454 3974 1718 4030 Ecclesiae
1744 3988 1890 4029 con-

234 4056 415 4119 gnato
446 4052 514 4101 ad
547 4049 698 4103 diem
734 4047 804 4103 23
831 4049 1203 4117 Septembris,
1237 4047 1713 4119 quemadmodum
1745 4047 1888 4119 etin

236 4117 393 4174 libro
418 4119 737 4175 Pontificali
761 4121 985 4191 signata
1011 4128 1096 4176 est
1121 4117 1554 4191 ejus‘depositio
1576 4117 1766 4172 eadem
1794 4117 1889 4171 die

240 4205 293 4263 tx
324 4191 451 4245 Kal.
487 4191 711 4263 Octob,
744 4200 796 4247 et
828 4206 894 4263 ex
937 4193 1150 4263 epocha
1194 4193 1562 4261 episcopatus
1594 4202 1697 4263 per
1710 4202 1892 4263 annos

239 4262 327 4327 Η,
360 4276 586 4317 menses
609 4260 662 4330 3,
690 4264 817 4318 dies
838 4260 1579 4333 i2continuati,colligttur
1602 4260 1892 4333 ordinatio

234 4334 497 4403 ejusdem
514 4337 816 4389 octavadie
835 4337 1229 4399 Pentecostes;
1261 4342 1316 4391 et
1346 4348 1414 4389 ex
1448 4332 1778 4401 liujusmodi
1809 4345 1893 4387 or-

234 4405 551 4459 dinatione
582 4406 959 4465 confirmatur
1004 4408 1243 4462 traditio
1274 4406 1344 4461 ab
1384 4405 1700 4473 apostolica
1729 4408 1894 4457 aatate

233 4478 308 4531 ad
349 4489 451 4530 nos
501 4477 852 4533 descendens
900 4479 1145 4536 habendi
1201 4484 1348 4534 stata
1390 4476 1615 4545 jejunia
1646 4481 1896 4545 quatuor

233 4555 564 4614 temporum
602 4549 753 4603 intra
784 4551 1191 4607 hebdomadam
1240 4552 1614 4615 Pentecostes,
1648 4552 1704 4600 et
1729 4546 1894 4599 ordi-

2009 1904 2215 1971 primo,
2249 1901 2601 1959 hebdomada
2632 1904 2838 1974 prima,
2893 1913 3038 1972 etc.,
3070 1914 3126 1961 et
3154 1906 3407 1962 concilio
3432 1905 3655 1961 Rotho—

2009 1974 2261 2043 magensi
2294 1989 2468 2043 supra
2499 1976 2677 2033 citato
2700 1994 2712 2030 :
2738 1977 3038 2033 Communi
3070 1978 3430 2034 observantia
3453 1976 3657 2033 obser-

2006 2051 2175 2099 vetur
2198 2059 2230 2100 a
2258 2045 2445 2118 nobis,
2500 2047 2556 2102 id
2590 2055 2676 2103 est
2709 2050 2892 2118 prima
2926 2049 3278 2105 hebdomada
3306 2049 3521 2103 Martii.
3549 2046 3653 2103 Sed

2009 2123 2204 2185 postea
2226 2117 2373 2172 idem
2397 2119 2713 2186 Gregorius
2746 2122 2833 2174 Vil
2853 2121 3154 2176 transtulit
3188 2120 3333 2175 illud
3361 2120 3420 2174 in
3449 2118 3661 2174 hebdo-

2009 2188 2215 2262 made_n_
2243 2189 2484 2262 primam
2511 2187 2993 2262 Quadragesimae,
3029 2199 3094 2247 ut
3123 2192 3288 2248 docet
3305 2190 3657 2262 Micrologus

2006 2273 2129 2327 cap.
2153 2256 2257 2325 24,
2282 2266 2337 2314 et
2360 2261 2439 2316 ita
2470 2256 2861 2318 statutum'est
2888 2263 2946 2317 in
2981 2256 3232 2318 concilio
3261 2263 3439 2317 citato
3468 2256 3661 2317 Claro-

2011 2337 2280 2385 montano
2305 2333 2461 2386 omni
2493 2340 2744 2401 tempore
2800 2335 3049 2402 primum
3077 2334 3369 2403 jejunium
3402 2338 3652 2403 quatuor

2006 2408 2322 2474 temporum
2360 2404 2543 2472 prima
2599 2404 2951 2460 hebdomada
3004 2402 3469 2474 Quadragesimae
3502 2402 3656 2459 cele—

2005 2471 2226 2528 bretur.
2270 2471 2570 2530 Ut’refert
2618 2477 2930 2533 Ordericus
2970 2471 3179 2531 Vitalis
3235 2471 3386 2531 libro
3415 2476 3651 2529 citato.»

2052 2543 2309 2624 Constat
2358 2545 2542 2624 igitur
2581 2548 2730 2624 ratio
2780 2548 3172 2624 chronologiae
3196 2548 3563 2624 episcopatus
3589 2546 3649 2624 _B.

2006 2615 2157 2696 bini,
2190 2630 2317 2684 qua:
2362 2615 2540 2696 hujus
2568 2618 2990 2674 ordinationem
3035 2615 3286 2696 referens
3305 2618 3374 2673 ad
3408 2621 3555 2672 stata
3580 2615 3660 2696 je_-

2000 2686 2299 2757 juniorum
2357 2692 2609 2756 tempora
2640 2703 2737 2757 per
2784 2697 3037 2745 octavam
3096 2692 3469 2756 Pentecostes,
3517 2686 3655 2741 anni

2004 2754 2094 2832 66,
2122 2756 2436 2832 Saturnino
2466 2754 2522 2832 et
2551 2754 2821 2832 Scipione
2849 2775 3022 2823 coss.,
3056 2762 3318 2832 perducit
3336 2754 3657 2832 perannos

2010 2824 2096 2910 ii,
2127 2826 2424 2910 mensesng,
2466 2824 2688 2910 d‘ies_i'2
2716 2833 2783 2887 ad
2817 2833 2968 2910 diem
2983 2824 3365 2910 _martyrii_23
3397 2832 3656 2910 Septem:

2007 2898 2129 2953 bris
2154 2902 2290 2955 anni
2333 2896 2421 2966 67,
2477 2903 2753 2971 Capitone
2799 2911 2854 2958 et
2888 2903 3034 2959 itufo
3080 2896 3227 2959 coss.
3261 2904 3403 2959 Cum
3430 2896 3563 2957 vero
3595 2900 3651 2953 Β.

2010 2972 2210 3044 Petrus
2242 2973 2583 3042 martyrium
2610 2976 2983 3044 compleverit
3012 2988 3163 3031 anno
3188 2973 3259 3030 65
3289 2975 3397 3030 sub
3434 2985 3657 3044 consuf

2009 3041 2128 3097 latu
2160 3043 2353 3098 Nervae
2390 3048 2448 3099 et
2477 3044 2696 3100 Vestini
2731 3041 2793 3100 fit
2831 3046 2956 3101 Kal.
2997 3046 3162 3114 Julii,
3194 3052 3259 3104 ut
3289 3046 3346 3101 in
3396 3044 3552 3099 notis
3580 3041 3647 3097 ad

2008 3126 2308 3169 numerum
2353 3115 2705 3187 superiorem
2738 3118 3136 3182 ostendimus;
3168 3129 3524 3187 consequens
3547 3119 3653 3187 est.

1923 3215 1972 3273 c
2006 3187 2395 3273 22938311918.
2421 3185 2512 3273 με
2558 3189 2858 3273 messibus
2887 3187 2940 3259 δυ
2967 3185 3648 3273 ἀίεδιιεμριίίξεορξβὲἕ

2005 3256 2317 3332 ministerii
2340 3260 2479 3332 [_.in_o
2497 3258 2739 3332 tributis
2760 3256 2954 3332 novem
2976 3261 3231 3332 exegerit
3256 3256 3531 3332 vicarius,
3554 3268 3654 3310 seu

2000 3328 2303 3401 coadjutor
2354 3329 2646 3398 Principis
2686 3328 3107 3397 apostolorum,
3132 3332 3308 3401 hujus
3355 3330 3473 3401 vita
3511 3339 3658 3382 con—

2000 3405 2218 3470 stante;
2258 3400 2407 3455 duos
2438 3413 2569 3455 vero
2620 3408 2956 3470 postremos,
3011 3400 3242 3458 menses
3288 3400 3549 3464 totidem,
3592 3411 3656 3452 ac

1998 3470 2124 3543 dies
2143 3468 2215 3524 25
2244 3468 2735 3543 sederitpontifex
2767 3468 3071 3542 maximus,
3094 3474 3335 3543 ejusque
3355 3482 3656 3543 successor

2001 3542 2223 3614 primus
2265 3544 2323 3597 in
2364 3542 2633 3599 cathedra
2657 3546 2921 3600 Romanae
2948 3542 3135 3614 atque
3163 3542 3510 3599 universalis
3541 3542 3656 3596 Ec---

1997 3612 2221 3668 clesiasz
2255 3628 2370 3684 quo
2398 3615 2592 3677 titulo,
2620 3625 2674 3670 et
2705 3617 2910 3671 ordine
2940 3612 3277 3671 numeratur
3306 3623 3428 3670 tum
3459 3614 3518 3668 in
3550 3624 3653 3666 ca—

1999 3696 2143 3756 none
2174 3685 2449 3756 liturgize,
2502 3696 2618 3741 tum
2644 3702 2675 3742 a
2704 3688 2797 3742 SS.
2826 3688 3110 3752 Patribus,
3142 3688 3395 3756 aliisque
3416 3684 3657 3756 scripto—

1998 3754 2162 3811 ribus
2187 3752 2645 3826 proximis.tetati
2688 3759 3042 3828 apostolicae,
3075 3772 3278 3826 nempe
3302 3752 3651 3828 irenteolib.

2000 3839 2083 3889 ill,
2117 3841 2241 3896 cap.
2298 3837 2353 3883 et
2409 3827 2488 3884 iis“
2518 3830 2671 3884 unde
2700 3826 2923 3898 accepit
2952 3826 3235 3886 Eusebius
3267 3829 3372 3885 lib.
3402 3841 3464 3882 Ili
3501 3826 3652 3881 Hist.

1997 3897 2171 3972 Eccl.,
2201 3914 2323 3969 cap.
2361 3898 2445 3963 l3,
2477 3913 2579 3955 nec
2603 3913 2710 3956 non
2744 3897 3084 3971 Epiphanis,
3118 3902 3345 3972 Optato,
3369 3906 3425 3955 et
3441 3899 3498 3954 S.
3526 3898 3655 3952 Au—

2000 3971 2255 4041 gustino,
2290 3985 2354 4027 ac
2397 3972 2627 4027 caeteris
2674 3973 3118 4042 posterioribus.

2429 4131 2484 4173 Ε]
2493 4131 2670 4174 USDEM
2715 4132 2868 4174 NOTE
2921 4131 3243 4174 HISTORICE.

2074 4258 2247 4314 Linea
2274 4255 2327 4312 4.
2354 4288 2424 4298 —
2447 4261 2551 4313 Hic
2580 4277 2648 4314 ea:
2682 4265 2947 4330 praecepto
2986 4261 3047 4315 B.
3079 4261 3230 4314 Petri
3277 4259 3565 4313 constituit
3591 4262 3654 4312 ut

2001 4331 2201 4386 mulier
2237 4331 2412 4400 velato
2462 4335 2638 4400 capite
2681 4329 2739 4385 in
2790 4329 3067 4386 ecclesiam
3102 4333 3379 4386 introiret.
3410 4329 3494 4386 Ad
3550 4330 3661 4385 Pe-

2009 4411 2159 4458 trum
2181 4399 2430 4457 refertur
2458 4399 2799 4473 praeceptum
2830 4404 3005 4459 istius
3030 4403 3384 4471 disciplinae,
3406 4402 3658 4473 ejusdem

2012 4472 2276 4529 mandato
2305 4487 2401 4542 per
2432 4472 2719 4530 Linum’in
2740 4475 2995 4531 Ecclesia
3020 4476 3270 4529 Romana
3288 4472 3655 4529 constitutae:

2009 4558 2176 4615 quem
2205 4550 2499 4613 protiterea
2540 4546 2819 4601 vicarium
2849 4545 3108 4599 absentis
3129 4544 3278 4599 Petri
3310 4549 3448 4615 tunc
3477 4543 3662 4615 egisse

233 4590 1345 4693 ati'g'ta'egtiééi'tss'tagitassem:
1357 4590 1622 4693 ’ἔῖιῖἕᾶξῶ
1650 4590 1890 4693 δεῖξέ.
1924 4590 1977 4649 D
2009 4590 3293 4693 Ruﬁni(Liuit_p}§‘fiu'ii§“i‘iciiieiiéiéfu'uuf'ih
3310 4590 3663 4693 Ῐᾷιὲῐοζῖῖὸῐὲζ

234 4690 585 4745 Audiendus
612 4685 698 4745 est
724 4685 1026 4750 Menardus
1064 4695 1121 4747 in
1153 4685 1466 4747 Comment.
1496 4690 1565 4744 ad
1602 4702 1724 4757 pag.
1770 4685 1890 4748 407,

235 4761 279 4815 l.
337 4762 943 4835 xvt1_Sacramentarii
989 4763 1327 4835 Gregoriani
1370 4764 1438 4817 ad
1474 4773 1548 4835 ea
1597 4759 1769 4835 verba
1794 4777 1811 4835 :_
1836 4760 1898 4813 Si

226 4839 362 4901 post
406 4833 804 4888 hebdomadam
834 4831 1164 4890 PentecostE’s
1196 4833 1501 4887 advenerit.
1538 4851 1564 4883 α
1597 4831 1744 4891 Haec,
1792 4831 1897 4901 fin-

234 4900 398 4973 quit,
419 4916 531 4957 non
554 4906 928 4971 reperiuntur
958 4909 1017 4962 in
1035 4906 1213 4961 editis
1226 4919 1328 4960 nec
1351 4905 1409 4959 in
1428 4902 1566 4958 aliis
1595 4900 1898 4973 codicibus

232 4972 344 5029 Ms.
378 4974 518 5042 Quae
559 4981 744 5047 tamen
774 4979 989 5047 scripta
1027 4986 1181 5039 sunt,
1210 4979 1375 5046 juxta
1410 4987 1619 5047 morem
1664 4972 1896 5047 illorum

232 5053 589 5114 temporum,
625 5046 683 5099 in
707 5045 925 5116 quibus
951 5045 1651 5117 celebrabaturjejunium
1683 5045 1898 5099 mensis

233 5118 438 5189 quarti
475 5117 827 5175 hebdomade
858 5122 1106 5177 secunda
1132 5120 1313 5188 Junii,
1341 5134 1406 5175 ex
1458 5131 1570 5189 quo
1597 5129 1743 5189 saepe
1771 5129 1898 5189 con-

232 5187 504 5258 tingebat
527 5189 933 5262 hocjejunium
958 5193 1149 5262 peragi
1193 5199 1315 5259 post
1338 5187 1737 5262 hebdomadem
1769 5188 1899 5262 Pen-

226 5266 508 5331 tecostes,
546 5267 607 5314 ut
636 5261 831 5317 videre
872 5260 973 5319 est
1010 5265 1067 5318 in
1102 5260 1371 5318 concilio
1406 5261 1740 5331 Moguntino
1788 5260 1897 5314 sub

226 5330 445 5411 Carolo
473 5330 697 5411 Magno,
748 5334 805 5389 in
841 5348 953 5404 quo
1003 5335 1247 5403 triginta
1281 5331 1895 5411 CQISCOP!,_8£Vi-glilti

227 5402 506 5470 quinque
561 5401 795 5461 abbates
843 5401 1250 5461 convenerunt.
1286 5401 1436 5475 (Cun.
1472 5401 1585 5475 34.)
1612 5402 1897 5456 Similiter

230 5475 299 5526 in
336 5485 535 5527 mense
569 5476 743 5531 Junio
788 5477 1141 5533 heddomada
1169 5473 1443 5543 secunda,
1486 5473 1626 5528 feria
1656 5487 1709 5526 tv
1738 5479 1792 5526 et
1814 5486 1892 5539 v1,

227 5550 290 5619 et
320 5542 569 5619 Sabbato
609 5549 905 5618 jejunetur
938 5562 1118 5619 usque
1142 5548 1437 5619 adboram
1480 5557 1703 5619 nonam.
1732 5544 1890 5611 Quod

228 5616 504 5669 citatura
536 5615 837 5675 Buchardo
858 5619 959 5675 lib.
1000 5615 1060 5683 ti,
1093 5635 1143 5675 c.
1172 5615 1256 5683 i4,
1287 5617 1382 5672 sed
1410 5616 1764 5671 contractius
1796 5632 1807 5667 :
1838 5621 1894 5669 et

228 5699 286 5760 a_
312 5686 633 5759 Micrologo
662 5704 783 5760 cap.
818 5689 889 5746 24
920 5697 977 5748 et
1014 5690 1103 5758 25,
1146 5692 1216 5747 de
1237 5688 1611 5760 Observation
1623 5685 1752 5760 ibus
1785 5689 1893 5740 lic-

231 5758 457 5812 clesiae.
480 5758 584 5814 Sed
617 5758 850 5818 videtur
888 5764 1214 5831 intelligere
1238 5761 1398 5817 aliud
1430 5758 1743 5815 concilium
1768 5760 1893 5831 Mo-

229 5831 578 5899 guntinum,
602 5847 730 5889 cum
759 5834 843 5891 ait
876 5836 1019 5892 illud
1046 5830 1227 5891 fuisse
1247 5834 1353 5889 sub
1385 5831 1625 5887 Henrico
1641 5830 1890 5885 secundo

228 5900 621 5974 celebratum,
652 5907 821 5977 eique
860 5906 1195 5962 interfuisse
1235 5904 1536 5961 duodecim
1568 5904 1886 5972 episcopos.

2011 4684 2142 4743 rens
2189 4686 2665 4741 constitutionem
2710 4688 2780 4742 de
2833 4699 3073 4741 numero
3134 4685 3347 4756 viginti
3399 4684 3660 4755 quinque

2011 4757 2469 4828 presbyterorum
2506 4758 2562 4811 in
2599 4757 2744 4812 Urbe
2769 4758 3115 4823 ordinando,
3133 4756 3411 4813 similiter
3437 4770 3476 4828 a7
3496 4756 3660 4809 Petro

2007 4826 2429 4895 demandatum,
2460 4828 2667 4883 addit:
2720 4828 2872 4883 Unde
2929 4833 3141 4882 constat
3189 4844 3276 4883 eos
3314 4827 3659 4895 coadjutores

2008 4902 2146 4967 ejus,
2188 4914 2299 4951 non
2337 4914 2402 4951 su
2428 4915 2688 4953 ccessores
2719 4902 2913 4965 fuisse.
2951 4900 3175 4954 Addere
3216 4906 3404 4954 tamen
3434 4896 3659 4961 debuit,

2010 4971 2261 5025 dumhazc
2292 4969 2508 5023 decreta
2538 4972 2846 5038 vulgarent.
2882 4968 3139 5026 Profecto
3170 4972 3320 5040 quod
3354 4967 3657 5040 attinet_ad

2009 5044 2199 5111 capita
2234 5041 2543 5095 mulierum
2587 5043 2843 5110 velanda,
2880 5043 3026 5098 idem
3055 5038 3665 5111 cons'tituitapudCo-

2012 5110 2264 5168 rinthios
2279 5111 2491 5166 Paulus
2516 5115 2571 5167 in
2600 5113 2780 5182 priori
2804 5112 3059 5183 Epistola
3075 5114 3144 5169 ad
3166 5113 3325 5169 illam
3350 5110 3659 5166 Ecclesiam

2008 5188 2141 5242 data
2166 5198 2234 5239 ex
2265 5184 2400 5238 Asia
2435 5184 2667 5253 minori,
2712 5192 2771 5240 et
2818 5186 3050 5255 quidem
3083 5198 3149 5240 eo
3181 5184 3357 5240 ferme
3390 5189 3658 5255 tempore,

2007 5272 2122 5329 quo
2173 5257 2370 5329 Petrus
2427 5254 2593 5324 paulo
2626 5264 2757 5311 ante
2789 5254 2849 5311 in
2901 5255 3105 5311 Urbem
3130 5256 3309 5329 redux
3352 5254 3662 5329 ex_itinere

2006 5326 2241 5397 Asiano,
2275 5328 2391 5382 imo
2430 5328 2603 5383 etiam
2631 5342 2699 5383 ex
2725 5329 3025 5394 Corintho,
3058 5341 3228 5397 quam
3265 5327 3325 5380 in
3349 5326 3543 5381 reditu
3565 5329 3663 5379 at—

2006 5403 2236 5472 tigerat,
2269 5399 2795 5472 Romaarreliquerat
2837 5401 3039 5472 Linum
3069 5398 3352 5472 vicarium
3376 5410 3568 5472 suum,
3601 5402 3660 5472 u_t

2007 5467 2127 5540 ipse
2157 5469 2542 5526 occidentales
2576 5467 2863 5526 Ecclesias
2893 5470 3176 5525 visitaret.
3213 5468 3529 5540 Epistolam
3553 5467 3665 5536 pri-

2006 5539 2151 5598 mam
2170 5540 2418 5612 apostoli
2448 5541 2607 5596 Pauli
2634 5542 2703 5597 ad
2727 5542 3063 5612 Corinthios
3079 5542 3272 5596 datam
3299 5539 3483 5596 fuisse
3504 5540 3656 5594 circa

2002 5610 2221 5669 annum
2264 5628 2388 5668 terte
2436 5615 2762 5670 communis
2808 5610 2878 5670 57
2922 5626 3049 5668 cum
3105 5613 3348 5668 Baronio
3390 5613 3457 5668 ad
3489 5623 3662 5666 eum—

2000 5687 2125 5741 dem
2159 5698 2394 5751 annum,
2459 5686 2802 5755 interpretes
2840 5684 2956 5741 fere
2999 5697 3196 5739 omnes
3251 5683 3539 5755 colligunt
3592 5693 3661 5755 ex

2000 5756 2254 5827 ejusdem
2295 5748 2583 5813 contextu.
2613 5748 2819 5827 'capite
2868 5756 3183 5827 praesertim
3240 5753 3327 5825 46,
3374 5748 3576 5809 v'crsic.
3605 5748 3663 5813 3,

2000 5825 2041 5883 4’
2061 5836 2118 5884 et
2161 5825 2218 5896 5,
2251 5829 2398 5885 unde
2430 5828 2489 5883 fit
2542 5825 2774 5884 evidens
2826 5825 3098 5897 scriptam
3131 5826 3313 5883 fuisse
3355 5831 3659 5891 antequam

1998 5900 2212 5956 Paulus
2258 5902 2591 5956 ascenderet
2616 5913 2686 5955 ex
2712 5899 2849 5956 Asia
2894 5896 3372 5971 Hierosolymam,
3412 5901 3468 5949 et
3493 5896 3663 5946 ante—
