4024 6176
356 292 493 351 4055

1568 289 1927 345 ANASTASII
1986 285 2530 344 BIBLIOTHECARII

3614 285 3746 342 4056

354 435 523 491 quam
547 420 605 475 in
630 418 1017 476 Macedoniam
1032 416 1606 491 eprhesinolittore
1639 430 1699 471 se
1724 413 2008 491 conferret
2026 416 2083 474 A
2122 427 2251 491 pere
2276 413 2774 491 commendaretur
2798 411 2869 467 ab
2898 416 3097 491 exortu
3124 410 3471 491 Christianae
3504 410 3627 466 ﬁdei
3659 426 3750 467 re-

353 488 625 561 PraBCipit
645 504 795 559 vero,
826 491 1034 560 capite.
1063 488 1148 555 Η,
1192 496 1250 542 ut
1282 491 1389 541 viri
1417 494 1602 556 aperto
1633 489 1811 561 capite
1831 491 2002 545 orent,

352 580 416 617 ac
455 559 797 633 prophetam,
839 559 1092 633 mulieres
1140 562 1478 633 vei-orvclato
1518 562 1731 633 rapite:
1765 559 2005 633 ejusque

355 627 507 689 ritus
539 627 808 704 mysteria
859 632 1138 688 insinuat.
1182 632 1383 686 Eodem
1432 627 1597 704 anno
1624 627 1713 704 57,
1769 644 1882 704 quo
1911 629 2004 704 _de

352 700 613 761 velandis
634 704 981 760 mulieribus
1001 705 1078 758 ita
1104 704 1403 771 rescripsit
1435 701 1643 757 Paulus
1662 700 2003 756 Corinthio-

355 791 480 832 rum
517 775 799 837 Ecclesiac,
854 775 1138 830 residebat
1170 775 1227 828 in
1280 774 1424 828 Urbe
1454 774 1630 827 Linus
1659 773 1871 826 vicaria
1903 772 1999 825 Pe-

355 850 431 902 tri
468 854 744 917 potestate
774 845 1036 917 fungens,
1076 860 1143 901 ex
1175 859 1288 916 quo
1309 844 1585 917 fueratab
1611 842 1997 917 apostolorum

354 914 621 988 Principe
638 914 939 973 ordinatus
978 914 1286 987 episcopus
1311 930 1461 971 anno
1484 914 1554 971 56
1581 915 1837 985 proxime
1870 926 2003 981 prae-

353 991 598 1049 cedenti,
629 991 943 1044 Saturnino
985 997 1041 1043 et
1090 989 1357 1057 Scipione
1400 1001 1545 1042 coss.
1596 988 1700 1055 (uti
1734 1000 1799 1040 ex
1841 991 2000 1038 cata—

356 1062 505 1132 logis
550 1061 849 1115 Liberiano
880 1069 935 1115 et
964 1059 1254 1132 Feliciano
1287 1058 1454 1128 paulo
1480 1066 1609 1132 ante
1641 1059 1999 1132 demonstra-

356 1129 568 1196 vimus,
601 1141 656 1187 et
683 1133 741 1187 in
768 1130 1245 1202 Prolegomenis);
1279 1138 1332 1185 et
1366 1130 1770 1202 occidentalem
1815 1129 2002 1202 impe—

356 1205 430 1258 rii
464 1210 706 1259 tractum
748 1200 953 1258 Petrus
978 1212 1306 1270 susceperat
1346 1201 1831 1271 perlustrantlum,
1860 1200 1995 1271 dum

354 1275 537 1344 prima
562 1276 661 1330 illa
677 1277 919 1329 Neronis
937 1280 1189 1342 tempora
1207 1270 1451 1328 ﬂuerent
1468 1273 1700 1326 omnino
1718 1270 1995 1344 secunda,

352 1341 479 1402 cum
516 1347 745 1402 sublato
769 1346 995 1400 Claudii
1031 1341 1220 1399 edicto
1259 1345 1327 1398 de
1354 1345 1568 1398 Judaeis
1599 1343 1670 1398 ab
1698 1342 1842 1397 Urbe
1872 1341 1998 1409 pcl—

354 1417 562 1481 lendis,
588 1420 674 1472 uti
709 1417 984 1471 Baronius
1019 1416 1229 1470 ibidem
1251 1416 1517 1470 observat
1540 1429 1595 1469 n.
1629 1413 1736 1482 42°,
1773 1414 1906 1476 imo,
1940 1416 1997 1466 et

350 1489 678 1543 eorumdem
703 1501 829 1558 rege
849 1488 1101 1557 Agrippa
1124 1493 1373 1555 quatuor
1391 1486 1730 1558 civitatibus
1760 1486 1992 1551 donato,

353 1557 829 1643 quemadmodum
848 1558 1134 1643 ‘J_osephus
1155 1558 1372 1643 retulit,
1396 1558 1587 1643 {\ntiq.
1622 1557 1722 1612 lib.
1749 1571 1845 1643 xx‘,
1866 1568 1988 1643 cap.

349 1625 403 1697 5,
438 1638 495 1685 et
520 1630 656 1685 belli
682 1631 811 1685 Jud.
847 1629 949 1684 lib.
990 1625 1057 1695 iu,
1092 1644 1211 1698 cap.
1250 1628 1334 1692 42,
1358 1625 1519 1699 plena
1555 1625 1783 1698 quoque
1803 1625 1994 1681 facul—

352 1709 440 1756 tas
482 1709 631 1756 esset
668 1700 966 1771 apostolis,
1018 1706 1074 1755 et
1115 1701 1475 1756 Christianis
1506 1700 1731 1763 Urbem,
1760 1712 1824 1753 ac
1856 1710 1993 1766 pro-

2118 484 2246 554 gula
2278 485 2852 551 velandi,mulierum
2884 484 3093 553 capitis
3124 484 3178 537 in
3212 482 3476 547 ecclesia,
3512 490 3623 537 tum
3653 499 3748 537 ca-

2117 557 2405 611 stimoniae
2449 564 2502 611 et
2535 556 2855 611 honestatis
2879 569 3073 619 causa,
3121 564 3238 609 tum
3271 554 3441 609 etiam
3478 559 3747 623 mysterii.

2118 628 2423 695 Utramque
2473 629 2623 682 enim
2670 640 2897 684 causam
2946 627 3366 695 complectitur,
3431 628 3619 694 capite
3669 623 3751 695 li,

2111 699 2439 768 Apostolus,
2472 706 2525 754 et
2569 700 2627 753 in
2652 713 2716 768 en
2745 699 3179 761 deprehendunt
3204 700 3563 765 interpretes,
3612 712 3757 765 prae-

2111 767 2307 825 se’rtim
2342 771 2625 826 versiculo
2659 767 2745 834 40,
2779 770 2874 826 ubi
2924 771 3046 824 ait:
3082 771 3203 826 Ideo
3226 772 3377 823 debet
3424 771 3618 821 mulier
3657 785 3755 835 po-

2113 847 2359 896 tcstutcm
2412 843 2608 896 habere
2655 859 2823 911 supra
2855 848 3038 908 caput,
3086 848 3306 911 propter
3352 841 3594 906 angelos.
3633 841 3755 894 Sive

2112 914 2262 968 enim
2296 914 2629 984 angelorum
2685 915 2918 968 nomine
2948 914 3231 982 exiirimat
3278 914 3457 966 bcutos
3509 914 3752 984 spiritus,

2115 983 2388 1040 nostriad
2419 985 2741 1041 custodiam
2775 988 3003 1043 missos,
3042 985 3123 1039 uti
3157 999 3282 1039 cum
3310 985 3601 1037 Clemente
3625 983 3757 1036 Ale-

2114 1057 2401 1111 xandrino
2426 1064 2481 1111 et
2499 1056 2797 1111 nonnullis
2827 1056 3284 1125 Patriliasaliqui
3322 1057 3622 1120 sentiunt;
3645 1056 3756 1108 sive

2111 1129 2433 1198 εαρρνίίοεις,
2456 1129 2714 1197 angelico
2743 1129 3066 1183 ministerio
3100 1129 3154 1182 in
3186 1126 3434 1183 Ecclesia
3459 1126 3754 1198 praiditos,

2112 1212 2292 1270 eoque
2313 1200 2540 1254 nomine
2562 1200 2619 1253 in
2650 1200 2988 1268 Apocalypsi
3012 1200 3271 1266 donatos,
3303 1200 3387 1253 uti
3417 1197 3559 1253 aliis
3583 1197 3759 1265 piaret

2110 1286 2237 1325 cum
2264 1271 2601 1335 Ambrosio;
2623 1273 2742 1326 sive
2766 1278 3074 1340 utrosque;
3104 1285 3229 1326 cum
3246 1270 3432 1339 angeli
3450 1269 3758 1340 appellatio

2109 1342 2433 1397 ofﬁciorum
2467 1343 2545 1397 sit
2574 1344 2767 1410 potius
2795 1356 2963 1411 quam
2992 1350 3207 1398 natura:
3231 1361 3246 1411 ;
3267 1357 3371 1397 cur
3392 1341 3482 1396 lex
3517 1341 3760 1395 ferretur

2111 1414 2285 1468 istius
2305 1414 2747 1469 consuetudinis
2763 1427 2863 1469 nec
2880 1415 3131 1484 mysterii
3150 1426 3320 1469 causa
3338 1412 3549 1473 defuit,
3584 1425 3758 1477 neque

2109 1485 2449 1540 honestatis.
2483 1487 2775 1540 Honestati
2804 1483 3094 1555 siquidem
3127 1485 3353 1540 consuli
3400 1498 3576 1538 sexus
3608 1485 3663 1537 in
3684 1483 3757 1538 fir-

2107 1556 2330 1627 mioris,
2350 1570 2588 1627 eamque
2611 1558 2788 1611 tutari
2812 1557 3077 1612 securius
3105 1557 3162 1611 in
3190 1564 3473 1612 conventu
3504 1556 3755 1608 omnium

2103 1626 2373 1682 ordinum
2422 1628 2604 1683 velato
2631 1629 2817 1697 capite
2851 1628 3007 1683 nulla
3036 1641 3145 1683 non
3188 1637 3325 1683 actas
3368 1626 3672 1697 intelligit.
3704 1633 3759 1679 ut

2106 1701 2329 1769 integro
2358 1698 2506 1754 libro
2529 1701 2598 1754 de
2619 1699 2878 1755 velandis
2908 1699 3244 1770 Virginibus
3265 1699 3605 1768 comprobat
3626 1700 3755 1752 Ter-

350 1773 572 1851 vi_ncias
629 1770 921 1851 Romanas
950 1787 1069 1851 pro
1093 1772 1286 1851 lubitu
1344 1772 1749 1851 frequentandi
1777 1779 1991 1851 {atque
2017 1792 2069 1851 Β
2105 1771 2412 1851 tullianus.
2434 1770 2537 1825 Sed
2562 1786 2619 1851 ea:
2651 1786 2763 1851 prae
2794 1772 3017 1851 caeteris
3050 1779 3302 1851 tempora
3329 1771 3629 1851 nascentis
3662 1774 3759 1823 Ec-

349 1844 489 1900 adeo
537 1851 720 1900 cretus
772 1839 1028 1899 ﬁdelium
1058 1849 1175 1897 tum
1227 1844 1431 1911 Romae,
1452 1839 1584 1899 tum
1613 1841 1878 1898 Corinthi
1910 1839 1992 1894 li—

350 1915 482 1971 bere
510 1916 868 1987 congregari,
887 1914 1328 1987 etdisciplinam
1363 1916 1511 1971 tradi
1539 1921 1993 1987 nostrarum__sy-

350 2000 567 2043 naxeon
605 1983 767 2043 nemo
801 1983 1148 2057 prohiberet.
1168 1986 1367 2057 Quare
1419 1988 1468 2041 si
1523 1999 1770 2055 unquam
1799 1983 1988 2057 alias,

352 2058 460 2113 hoc
512 2067 664 2115 certe
713 2054 965 2127 tempore
1025 2072 1124 2126 par
1154 2055 1270 2112 fuit
1294 2054 1637 2113 Christianae
1663 2054 1992 2127 disciplina:

352 2128 506 2200 leges
538 2130 756 2185 nostris
776 2125 845 2183 in
861 2125 1242 2200 conventibus
1266 2142 1364 2198 per
1387 2128 1678 2197 apostolos
1709 2125 1988 2200 stabiliri.

351 2197 513 2268 Quod
546 2200 729 2271 igitur
754 2199 969 2255 Paulus
1007 2197 1277 2255 Corinthi
1304 2214 1401 2269 per
1434 2200 1656 2255 litteras
1688 2197 1994 2269 praecipie—

353 2270 468 2337 bat,
520 2270 627 2325 hec
664 2272 866 2325 Petrus
923 2272 1112 2326 Romae
1160 2272 1455 2327 sanciebat
1505 2284 1602 2341 per
1640 2270 1929 2341 decretum
1961 2279 1994 2321 a

353 2342 496 2396 Lino
546 2342 921 2413 vulgandam,
978 2343 1259 2397 mandans
1303 2343 1478 2399 velari
1512 2340 1819 2403 mulieres,
1853 2340 1990 2413 dum

351 2411 1053 2482 orationis'aliorumque
1100 2426 1394 2471 sacrorum
1434 2426 1608 2470 causa
1633 2414 1701 2469 ad
1736 2411 1992 2482 ﬁdelium

349 2491 664 2540 conventus
706 2481 1055 2539 accederent.
1109 2486 1282 2540 Nemo
1329 2493 1518 2541 air-tem
1567 2485 1809 2539 miretur
1846 2481 1994 2536 tanti

352 2554 606 2611 habitam
636 2554 818 2611 fuisse
850 2556 907 2610 in
966 2556 1091 2624 ipso
1129 2556 1397 2611 Ecclesiae
1433 2556 1748 2625 primordio
1783 2554 1998 2621 hujus—

352 2627 503 2682 modi
536 2627 933 2694 disciplinam,
978 2633 1040 2681 ut
1069 2625 1360 2682 referenda
1393 2626 1570 2682 fuerit
1602 2627 1750 2681 inter
1784 2626 1997 2694 primas

350 2697 681 2767 apostolicae
703 2693 862 2752 Sedis
893 2697 1360 2753 constitutiones.
1394 2701 1534 2752 Nam
1562 2697 1718 2752 Pauli
1751 2693 1996 2765 epistola

351 2769 495 2825 satis
526 2770 765 2835 indicat,
796 2768 998 2837 quanti
1027 2768 1331 2823 interesset
1357 2776 1476 2823 tum
1514 2768 1766 2837 mysterii
1800 2778 1992 2825 causa.

353 2850 475 2966 Eum
508 2839 927 2923 sanctimoniae,
975 2839 1230 2894 eamdem
1263 2839 1437 2911 legem
1470 2846 1626 2893 tanta
1650 2837 1996 2894 auctoritate

398 2925 597 2966 rmari.

398 2925 597 2966 rmari.

422 2981 812 3052 Antequamid
848 2993 1149 3051 exponam,
1184 2981 1356 3037 liceat
1379 2982 1519 3037 mihi
1545 2980 1995 3037 unumindicare

350 3054 768 3119 circadecreta,
789 3066 915 3123 quae
942 3052 1276 3108 collectores
1296 3055 1554 3109 Vitarum
1575 3059 1911 3108 enumerant
1935 3052 1993 3105 in

349 3124 501 3180 libro
552 3124 890 3188 Pontiﬁcali,
933 3137 964 3178 a
1014 3126 1196 3191 Petro,
1247 3130 1304 3179 et
1346 3124 1780 3180 successoribus
1816 3124 1991 3178 edita.

348 3195 597 3252 Observo
643 3197 745 3251 illa
793 3195 1130 3265 plerumque
1165 3194 1362 3251 referri
1397 3196 1463 3251 ad
1497 3198 1613 3252 duo
1638 3209 1859 3251 summa
1892 3208 1996 3248 ca-

351 3267 492 3337 pita.
549 3273 859 3337 utrumque
916 3268 1210 3336 proprium
1267 3281 1421 3323 cura:
1474 3276 1530 3324 et
1568 3265 1994 3323 sollicitudinis

353 3338 649 3408 pontiﬁcis
690 3339 961 3393 maximi:
1015 3351 1213 3407 nempe
1238 3341 1306 3395 ad
1341 3340 1641 3394 catholicae
1675 3339 1804 3394 ﬁdei
1837 3338 1994 3391 inte-

350 3411 615 3477 gritatem
647 3412 937 3477 tuendam,
980 3412 1129 3479 quod
1180 3412 1425 3479 primum
1450 3417 1537 3465 est
1568 3428 1583 3476 ς
1616 3417 1669 3464 et
1701 3410 1767 3464 ad
1800 3408 1990 3464 divini

349 3482 546 3536 cultus
576 3485 856 3536 rationem
892 3480 1345 3549 diligentissime
1374 3482 1792 3550 procurandum
1829 3483 1886 3534 in
1910 3493 1994 3533 sa-

350 3553 597 3615 criﬁcio,
621 3560 676 3607 et
702 3553 901 3624 gratiae
928 3552 985 3606 in
1020 3552 1141 3617 illo,
1161 3568 1226 3608 ac
1252 3555 1476 3608 caeteris
1505 3552 1880 3607 sacramentis
1900 3552 1993 3604 ad-

354 3625 774 3692 ministrandae,
799 3624 948 3695 quod
974 3624 1341 3680 estaltcrum.
1372 3626 1688 3694 Utrumque
1716 3629 1890 3691 caput
1915 3624 1992 3676 ita

349 3696 577 3751 elucere
606 3708 672 3750 ac
710 3695 1061 3764 deprehendi
1097 3697 1240 3751 mihi
1267 3697 1516 3763 videtur,
1550 3696 1609 3750 in
1630 3695 1877 3751 decretis
1901 3695 1995 3748 hic

351 3768 676 3833 recensitis,
701 3773 765 3821 ut
784 3766 1007 3821 nullum
1034 3780 1100 3821 ex
1129 3766 1221 3822 his
1250 3769 1529 3822 alterutro
1551 3775 1780 3833 careat:
1815 3778 1995 3835 eoque

352 3838 583 3893 nomine
616 3838 765 3892 satis
812 3839 1241 3908 commendetur
1285 3839 1595 3893 consilium
1623 3839 1992 3908 scriptorum,

350 3909 658 3979 admodum
684 3920 863 3979 pauca
889 3907 1113 3962 decreta
1146 3922 1175 3963 e
1200 3909 1467 3977 pluribus
1495 3907 1855 3979 eligertium,
1874 3921 1997 3977 quae

352 3979 411 4033 in
442 3978 555 4034 haac
596 3978 882 4049 breviaria
914 3979 1168 4033 Vitarum
1204 3979 1499 4048 referrent,
1532 3978 1705 4035 veluti
1737 3986 2000 4049 praestan-

353 4050 527 4115 tiora,
558 4055 615 4103 et
657 4048 890 4103 maximi
923 4050 1240 4105 sacerdotis
1267 4050 1459 4105 ofﬁcio
1504 4066 1614 4119 prae
1663 4048 1885 4106 caeteris
1905 4064 1997 4103 re—

352 4119 711 4192 spondentia.
736 4122 871 4192 Nam
893 4120 960 4175 ad
1002 4121 1373 4189 sacriﬁcium,
1394 4124 1717 4192 atqueadeo
1736 4124 1803 4178 ad
1830 4120 2001 4175 maxi-

356 4205 509 4263 mum
576 4191 677 4245 Dei
726 4190 947 4246 cultum
1005 4193 1291 4260 pertinent
1335 4206 1398 4247 ea
1454 4190 1579 4263 qua:
1634 4194 1705 4248 de
1764 4206 2000 4248 numero

355 4262 818 4331 presbyterorum
875 4263 1024 4317 Petri
1079 4265 1249 4332 jussu
1280 4262 1784 4332 Cletus’instituit,
1836 4278 1901 4319 ac
1930 4263 2000 4318 de

354 4340 566 4406 septem
602 4333 867 4406 diaconis
916 4334 1236 4396 Evaristus,
1275 4348 1489 4390 necnon
1511 4338 1580 4390 de
1625 4336 1764 4391 cleri
1799 4336 2000 4406 gradi-

355 4405 465 4459 bus
482 4404 760 4475 Hyginus,
783 4404 1023 4474 ejusque
1053 4407 1121 4461 de
1144 4408 1304 4462 cultu
1334 4409 1628 4472 Anicetus,
1660 4421 1726 4462 ac
1759 4404 1828 4463 de
1850 4408 2001 4461 ordi-

359 4475 590 4549 natione
622 4476 999 4547 Zephyrinus,
1031 4485 1085 4533 et
1108 4478 1284 4533 Caius
1314 4496 1327 4549 ς
1357 4485 1476 4533 tum
1501 4493 1561 4533 ea
1590 4494 1715 4548 quae
1741 4481 1810 4534 de
1861 4481 2000 4532 Pas—

2101 1843 2291 1897 clesiae
2308 1856 2510 1897 curare
2524 1842 2800 1897 solet-tius
2817 1842 3140 1898 debuerunt
3162 1843 3305 1898 hanc
3328 1841 3581 1911 publicae
3598 1841 3758 1895 hone-

2102 1915 2272 1968 statis
2297 1914 2693 1983 disciplinam,
2718 1916 2919 1969 tumad
2944 1915 3266 1983 exemplum
3296 1919 3549 1984 posteris
3570 1925 3755 1982 propo-

2105 1986 2374 2052 nendum,
2411 1994 2528 2040 tum
2559 1985 2626 2039 ad
2664 1987 3059 2055 praecavendas
3089 1986 3396 2055 aequalium
3434 1985 3759 2039 calumnias

2101 2064 2297 2111 contra
2312 2063 2627 2112 conventus
2650 2056 3222 2119 Christianorum,ab
3242 2057 3501 2112 ethnicis
3530 2062 3761 2110 nostro-

2104 2141 2228 2183 rum
2264 2140 2557 2182 sacrorum
2586 2127 2982 2197 hostibusjam
3016 2135 3134 2183 tum
3166 2129 3467 2191 excitatas,
3497 2127 3672 2197 quasi
3698 2125 3759 2180 ad

2101 2200 2424 2267 Thyestaeas
2457 2212 2667 2264 cannas,
2726 2206 2782 2253 et
2827 2199 3103 2254 scelerata
3152 2200 3415 2254 convivia
3448 2199 3681 2253 nostris
3710 2198 3759 2249 in

2103 2270 2421 2340 synaxibus
2443 2283 2540 2339 per
2569 2284 2848 2325 summam
2882 2271 3299 2340 impudentiam
3326 2271 3759 2326 conveniretur.

2103 2343 2341 2396 Necesse
2373 2340 2506 2408 fuit,
2544 2348 2606 2395 ut
2643 2342 2969 2401 viduarum.
3002 2349 3058 2396 et
3082 2342 3552 2397 diaconissarum
3589 2341 3762 2394 mini-

2104 2414 2283 2468 sterio
2317 2414 2372 2467 in
2416 2412 2690 2482 pluribus
2722 2421 3020 2469 uterentur
3048 2413 3262 2473 ﬁdeles,
3297 2424 3417 2468 tum
3449 2415 3510 2467 in
3543 2412 3617 2467 ad
3635 2412 3764 2466 mit—

2106 2485 2295 2539 tendis
2315 2483 2632 2549 sororibus,
2657 2486 2797 2541 etad
2822 2492 3079 2549 separata
3098 2499 3128 2540 a
3151 2486 3294 2540 viris
3320 2485 3443 2539 loca
3465 2485 3764 2539 deducen—

2104 2555 2218 2621 dls,
2244 2563 2365 2611 tum
2390 2556 2625 2610 honeste
2641 2556 3126 2626 circumtegendis
3143 2556 3376 2611 feminis
3395 2556 3466 2626 ad
3488 2554 3761 2622 baptismi

2107 2626 2314 2682 fontem
2359 2628 2703 2689 accessuris,
2743 2628 2799 2681 in
2834 2625 3075 2697 aga’pum
3135 2640 3362 2697 quoque
3408 2625 3761 2695 frequentia,

2107 2703 2162 2751 et
2190 2698 2752 2753 adolescentularum
2778 2696 2938 2766 cura,
2970 2696 3218 2769 aliisque
3236 2698 3469 2767 ofﬁciis,
3493 2712 3631 2767 quae
3656 2696 3761 2752 col-

2108 2770 2248 2839 legit
2276 2784 2343 2824 ex
2378 2770 2646 2824 Patribus
2674 2778 2729 2824 et
2766 2771 3037 2825 conciliis
3082 2772 3451 2825 Christianus
3480 2770 3682 2837 Lupus
3711 2770 3760 2821 in

2103 2840 2357 2896 Scholiis
2406 2842 2473 2896 ad
2511 2841 2744 2896 tertium
2780 2849 2956 2910 caput
3006 2842 3350 2897 Tertulliani
3383 2842 3455 2895 de
3489 2840 3763 2895 Praescri-

2108 2912 2428 2981 ptionibus.
2479 2912 2753 2967 Universa
2801 2915 2954 2968 enim
2987 2914 3102 2969 haec
3139 2914 3444 2969 honestius
3473 2920 3764 2965 curaturae

2104 2997 2170 3038 ac
2199 2984 2575 3050 dispositurae
2608 2982 2956 3039 videbantur
2982 3000 3111 3040 cum
3139 2985 3374 3039 feminis
3394 2983 3764 3045 diaconissae,

2104 3067 2170 3109 ac
2192 3055 2379 3111 viduae
2403 3069 2571 3124 quam
2603 3055 2822 3109 diversi
2843 3070 3014 3112 sexus
3044 3057 3326 3121 ministri,
3361 3063 3415 3109 et
3447 3053 3763 3123 praepositi.

2025 3146 2073 3208 α
2103 3126 2242 3208 Cum
2274 3127 2455 3195 igitur
2482 3126 2788 3208 mulierum
2823 3128 3279 3208 ministrantium
3308 3126 3503 3208 ofﬁcia
3539 3133 3633 3181 tot
3677 3139 3766 3208 es—_

2105 3204 2232 3252 sent
2273 3198 2605 3264 exercenda,
2650 3197 2863 3264 quibus
2915 3201 3085 3253 etiam
3124 3201 3315 3253 Patres
3370 3199 3762 3252 adnumerant

2104 3269 2457 3324 nonnullain
2476 3267 2847 3333 consulendo,
2877 3276 2933 3325 et
2953 3271 3007 3324 in
3032 3271 3273 3339 privatis
3296 3267 3759 3324 allocutionibus

2104 3341 2409 3413 repetendo
2451 3340 2915 3413 imperitioribus
2965 3340 3197 3397 feminis
3250 3340 3539 3413 quidquid
3581 3341 3752 3413 illaea

2101 3411 2436 3465 catechistis
2464 3412 2784 3480 audissent,
2822 3414 3078 3481 exemplo
3106 3410 3404 3477 Priscillae,
3437 3420 3497 3465 et
3526 3410 3750 3481 Aquilae

2100 3482 2770 3552 (Act.xv1n)periculum
2796 3484 3147 3551 imminebat,
3180 3498 3247 3539 ne
3270 3483 3529 3553 quaedam
3561 3485 3752 3551 Opina-

2103 3560 2305 3608 rentur
2333 3568 2392 3608 se
2425 3567 2655 3623 quoque
2706 3556 3017 3623 participes
3064 3556 3372 3610 sacerdotii
3420 3567 3587 3608 novae
3620 3553 3755 3623 legis

2103 3624 2286 3679 fuisse
2316 3625 2638 3680 institutas.
2686 3627 2879 3695 Neque
2934 3627 3087 3681 enim
3138 3628 3319 3681 multo
3367 3633 3497 3694 post
3530 3626 3753 3679 feminae

2102 3697 2432 3764 Marcionis,
2478 3703 2533 3751 et
2579 3698 3007 3761 Gnosticorum,
3041 3712 3256 3753 necnon
3306 3697 3539 3752 asseclae
3579 3698 3755 3751 haere—

2103 3781 2230 3823 seos
2275 3768 2747 3840 Pepuzianorum,
2782 3776 2835 3823 et
2867 3769 3287 3840 Collyridianae,
3321 3783 3351 3823 a
3393 3769 3487 3823 SS.
3526 3772 3752 3830 Irenaeo,

2107 3846 2160 3893 et
2195 3839 2535 3908 Epiphanio,
2560 3846 2731 3909 atque
2761 3853 2792 3895 a
2813 3839 3169 3896 'l'ertulliano
3195 3841 3485 3902 iudicatae,
3511 3850 3753 3910 quorum

2108 3910 2437 3965 testimonia
2470 3910 2714 3979 protulit
2739 3910 3010 3968 laudatus
3030 3913 3302 3982 Lupusad
3326 3921 3506 3980 caput
3527 3911 3593 3966 Η
3623 3914 3758 3980 ejus-

2107 3983 2230 4036 dem
2266 3984 2459 4050 operis
2506 3983 2575 4037 de
2607 3984 3168 4051 Praescriptionibus.
3217 3984 3269 4038 id
3325 3982 3441 4038 sibi
3493 3993 3759 4054 armgare

2110 4053 2417 4108 ambitiose
2469 4059 2606 4107 sunt
2636 4067 2821 4107 ausae:
2853 4068 3030 4125 eaque
3077 4058 3134 4109 in
3192 4056 3417 4123 primis.
3445 4056 3519 4108 de
3564 4053 3676 4125 qua
3706 4054 3738 4105 S

2113 4124 2490 4180 Firmilianus
2506 4126 2572 4179 ad
2593 4126 2644 4178 S.
2670 4124 3015 4194 Cyprianum
3040 4128 3302 4194 scripsit:
3331 4124 3763 4183 «intercartera.

2113 4197 2328 4266 inquit,
2363 4195 2578 4265 quibus
2624 4195 2906 4263 plurimos
2942 4198 3257 4267 deceperat,
3296 4197 3403 4252 hoc
3431 4199 3611 4252 etiam
3651 4195 3764 4250 fre-

2110 4275 2351 4336 quenter
2392 4280 2531 4322 ausa
2557 4275 2664 4335 est,
2701 4274 2762 4322 ut
2794 4269 3153 4324 invocatione
3183 4283 3289 4324 non
3328 4267 3758 4338 contemptibili

2109 4338 2468 4394 sanctiﬁcare
2507 4351 2567 4393 se
2600 4352 2819 4408 panem,
2868 4348 2924 4395 et
2974 4341 3394 4395 Eucharistiam
3447 4342 3636 4394 facere
3679 4341 3764 4391 si—

2112 4411 2373 4475 mularet,
2430 4416 2485 4465 et
2533 4410 2883 4465 sacriﬁcium
2940 4414 3181 4466 Domino
3234 4413 3360 4466 sine
3402 4417 3764 4466 sacramento

2110 4482 2296 4536 solitae
2330 4482 2679 4549 precationis
2723 4482 2969 4537 offerret.
3003 4484 3316 4552 Baptizavit
3342 4495 3580 4551 quoque
3616 4482 3767 4536 mul—

355 4540 791 4624 sioneDomini
818 4540 1178 4624 sacerdotum
1209 4540 1522 4624 precationi
1554 4540 1998 4624 intermiscenda
2033 4540 2082 4599 D
2112 4559 2218 4619 tos,
2246 4540 2456 4608 usi-tata
2510 4561 2566 4607 et
2600 4553 2852 4624 legitima
2888 4553 3054 4608 verba
3084 4540 3571 4622 interrogationis
3592 4567 3766 4607 usur—

354 4618 580 4673 curavit
596 4618 939 4684 Alexander;
961 4621 1167 4690 quaede
1181 4622 1319 4675 aliis
1338 4621 1524 4675 missa:
1542 4621 1999 4691 precibusedixit

352 4691 769 4764 Telesphorus;
792 4704 857 4745 ac
887 4691 1227 4764 detempore
1254 4692 1528 4748 sacriﬁcii
1551 4693 1844 4760 offerendi,
1875 4707 1998 4764 quae

353 4763 425 4816 de
457 4761 581 4834 loco
606 4761 859 4834 ejusdem
883 4762 1205 4834 celebrandi
1243 4765 1491 4818 sancivit
1522 4772 1763 4834 uterque
1793 4761 1947 4819 Felix
1980 4782 1994 4827 ς

356 4847 482 4905 quae
506 4833 577 4887 de
606 4833 1106 4901 ministeriivasis,
1139 4849 1455 4905 eorumque
1483 4833 1779 4891 contractu
1801 4837 2000 4891 Sixtus

352 4910 409 4977 et
424 4904 631 4977 Soter:
650 4905 719 4977 de
738 4905 997 4977 vestibus
1018 4904 1371 4974 Stephanus,
1390 4915 1445 4961 et
1461 4908 1719 4963 Zosimus
1741 4926 1755 4977 ;
1776 4910 1844 4962 de
1865 4909 2001 4962 tituc

358 4975 545 5031 lorum
578 4975 869 5030 divisione
901 4977 1213 5047 Dionysius
1256 4988 1311 5032 et
1340 4977 1640 5033 Marcellus
1675 4975 2005 5034 constitue-

355 5054 511 5120 runt.
545 5046 626 5101 Ad
674 5048 901 5120 regulas
929 5046 1119 5103 autem
1155 5048 1284 5104 ﬁdei
1313 5051 1559 5109 tuendae.
1583 5057 1639 5105 et
1669 5057 1867 5120 gratiae
1909 5050 2002 5105 ad-

357 5118 761 5191 ministrandae
791 5117 1119 5174 referuntur
1135 5134 1199 5174 ea
1229 5135 1354 5189 quae
1390 5123 1583 5177 Victor
1620 5117 1689 5176 de
1720 5122 2003 5191 baptismo

356 5190 688 5253 constituit,
719 5189 1101 5262 deludacrum
1150 5193 1522 5247 conversione
1559 5194 1712 5259 Pius,
1764 5189 1833 5248 de
1871 5195 2002 5262 epi—

357 5272 659 5334 scoporum
708 5261 932 5329 judicio
970 5261 1186 5334 Sixtus,
1219 5262 1289 5318 de
1322 5273 1629 5334 martyrum
1659 5266 1805 5318 actis
1826 5272 1880 5318 et
1906 5261 2005 5319 Se-

358 5330 592 5404 pultura
641 5335 911 5392 Anterus,
942 5332 1270 5404 Fabianus.
1320 5330 1747 5404 Eutychianus:
1780 5336 1849 5390 de
1882 5338 2005 5391 hae—

359 5402 667 5458 reticorum
704 5403 1173 5459 reconciliatione
1214 5402 1513 5469 Eusebius,
1555 5413 1608 5461 et
1647 5408 1916 5471 Siricius,
1949 5414 2003 5463 et

357 5475 543 5547 caeteri
573 5474 957 5542 protulerunt,
1006 5475 1130 5529 suis
1160 5476 1301 5530 locis
1328 5478 1679 5547 exponenda.
1716 5515 1721 5520 .

428 5543 734 5619 Hisautem
763 5547 1074 5612 praemissis
1112 5547 1180 5601 de
1209 5543 1475 5603 universo
1517 5564 1719 5619 genere
1761 5551 2007 5606 decreto-

359 5626 505 5695 rum.
542 5628 572 5695 a
620 5616 1310 5695 Vita_rum_scriptoribus
1348 5616 2008 5695 e_nttntiato,_convertor

357 5685 426 5738 ad
452 5685 579 5759 Lini
600 5685 1070 5759 constitutionem
1099 5691 1168 5742 de
1185 5688 1477 5759 capitibus
1504 5692 1761 5747 velandis
1797 5695 2008 5751 mulie-

359 5757 581 5834 r_um__ad
607 5756 925 5834 ecclesiam
980 5756 1393 5834 accedentium.
1445 5762 1600 5828 Dixi,
1634 5778 1698 5817 ex
1752 5766 2009 5834 Epistola

360 5827 521 5882 Pauli
553 5828 620 5881 ad
641 5824 974 5880 Corinthios
1002 5830 1183 5896 prima
1202 5839 1464 5886 constare
1483 5824 1665 5904 posSe,
1693 5824 2009 5894 cur'tanto-

2111 4637 2270 4693 pans,
2308 4631 2369 4679 ut
2400 4624 2550 4678 nihil
2581 4625 2908 4693 discrepare
2931 4625 3002 4679 ab
3031 4625 3357 4695 evangelica
3384 4625 3586 4695 regula
3608 4625 3769 4695 vide:

2110 4692 2286 4751 retur.
2360 4713 2385 4744 ι)
2447 4697 2653 4750 Harum
2718 4692 3027 4750 andaciam
3089 4704 3146 4751 et
3185 4692 3606 4765 “procacitatem
3688 4692 3768 4748 uti

2109 4773 2458 4822 renovarunt
2514 4767 2696 4821 variis
2754 4767 3109 4835 temporibus
3163 4768 3221 4822 in
3295 4767 3499 4822 haeresi
3562 4767 3765 4821 Caiana

2110 4838 2415 4908 Quintilla,
2453 4839 2510 4891 in
2552 4838 2854 4908 Pelagiana
2885 4838 3199 4895 Amazones
3252 4838 3365 4893 illae
3416 4840 3671 4892 Ponticae
3701 4836 3768 4890 de

2112 4911 2328 4980 quibus
2357 4910 2415 4980 S.
2444 4910 2841 4977 Hieronymus,
2870 4916 2926 4963 et
2957 4910 3377 4979 posterioribus
3408 4910 3649 4964 saeculis
3671 4908 3769 4961 Be‘

2112 4979 2302 5049 guinae
2332 4994 2360 5034 a
2392 4979 2677 5034 Clemente
2710 4981 2750 5034 V
2779 4981 3080 5045 damnatae,
3116 4982 3406 5035 recentius
3434 4994 3571 5035 vero
3596 4986 3770 5049 quot-

2112 5059 2253 5122 quot
2278 5052 2525 5107 Luthero
2556 5056 2809 5117 auctore,
2840 5058 3012 5118 atque
3043 5052 3329 5115 sectariis,
3359 5065 3507 5121 quos
3528 5052 3772 5122 Tremit:

2114 5117 2199 5179 los
2247 5129 2468 5183 vocant,
2525 5135 2731 5176 munus
2796 5117 3022 5190 publice
3084 5125 3140 5178 in
3218 5117 3468 5178 Ecclesia
3526 5117 3772 5177 docendi

2113 5207 2392 5256 usurpare
2424 5207 2531 5247 non
2590 5193 2882 5255 dubitant,
2939 5194 3096 5249 fretae
3147 5195 3322 5249 istius
3377 5192 3774 5249 haeresiarchas:

2114 5265 2456 5322 monstrosis
2489 5263 2736 5333 placitis,
2772 5278 2803 5318 a
2828 5264 3085 5320 Coclilaeo
3118 5265 3317 5322 relatis
3345 5265 3497 5333 apud
3560 5271 3771 5333 Lupum

2114 5338 2237 5394 loco
2271 5336 2545 5401 indicato,
2594 5342 2647 5390 et
2676 5334 3123 5406 afﬁrmantibus,
3166 5356 3191 5387 α
3229 5337 3503 5392 mulieres
3547 5351 3640 5406 qua
3668 5345 3778 5403 que

2111 5408 2473 5465 Christianas
2512 5420 2639 5461 vere
2684 5405 3006 5463 sacerdotes
3052 5421 3193 5474 esse,
3222 5416 3393 5478 atque
3424 5405 3576 5463 adeo
3596 5407 3779 5475 quid—-

2117 5482 2255 5553 quid
2283 5494 2313 5536 e
2356 5479 2642 5553 baptismo
2681 5478 2923 5553 repserit
2952 5493 3075 5533 esse
3127 5493 3253 5534 vere
3300 5492 3522 5553 papam.
3564 5479 3781 5553 episco-

2117 5546 2273 5623 pum,
2322 5546 2669 5623 sacerdotem
2710 5546 2906 5623 ;’»_ita
2958 5553 3130 5604 etiam
3180 5550 3500 5623 apostolico
3547 5546 3784 5623 saeculo-

2118 5619 2577 5695 prtemonstravit
2616 5622 2674 5675 in
2705 5621 3030 5695 rudimento
3085 5622 3385 5695 muliebris
3434 5619 3780 5695 arrogantiae

2117 5691 2226 5752 non
2305 5693 2611 5748 infecundo
2660 5694 3077 5763 primogenitus
3144 5694 3242 5748 ille
3310 5695 3530 5747 Satanae
3581 5691 3779 5744 Simon

2115 5769 2334 5837 Magus,
2380 5765 2631 5837 Selencm
2680 5777 2841 5837 suam
2888 5764 3349 5837 circumducens,
3399 5776 3456 5820 et
3485 5771 3782 5820 ostentans

2120 5835 2284 5912 quasi
2320 5835 2613 5903 Ennoiam,
2666 5841 2721 5888 et
2748 5835 2993 5904 primum
3025 5849 3142 5890 suae
3182 5836 3391 5891 mentis
3418 5842 3777 5903 conceptum.
