3994 6172
302 337 442 399 4057

1208 346 1525 402 HISTORIA
1571 345 1660 402 DE
1699 344 1873 400 VITIS
1910 341 2078 398 ROM.
2120 342 2318 397 PONT.
2349 373 2423 383 —
2457 344 2511 398 S.
2568 344 2788 399 LlNUS.

3571 341 3710 400 4058

297 480 403 534 per
452 483 626 542 quam
677 470 912 541 angelos
953 468 1182 537 faceret,
1233 477 1290 527 et
1320 470 1717 542 archangelos,‘
1756 470 1873 542 imo
1901 473 1958 524 et
1984 469 2041 528 A
2070 468 2426 542 percipiendi
2457 469 2890 542 demonstrans:
2925 471 3044 523 tum
3069 468 3251 542 velata
3272 467 3613 542 feminarum
3634 468 3711 526 fa-

294 539 635 611 angelorum
687 539 873 597 errata
921 545 1284 598 emendaret:
1337 544 1423 607 uti
1468 539 1793 598 ex'lrenao
1847 540 1958 595 late

294 613 573 678 exposuit
618 613 905 670 Baronius
935 616 1003 669 ad
1028 628 1240 670 annum
1273 612 1362 683 35,
1395 627 1630 670 numero
1658 611 1729 669 20
1767 618 1822 667 et
1860 625 1959 666 se—

295 682 644 751 quentibus.

374 754 519 826 Huic
554 754 739 826 igitur
785 756 1043 811 nascenti
1099 757 1472 826 impudentia
1522 754 1827 811 muliebris
1853 768 1959 808 su—

295 824 535 893 perbia,
586 825 658 879 ab
689 826 1090 883 hareticorum
1142 824 1533 897 protagonista
1580 828 1809 882 Simone
1843 827 1957 892 jam

295 903 421 949 turn
446 898 709 952 excitata
733 898 801 952 ad
826 900 1166 956 docendum.
1187 906 1243 953 et
1268 899 1693 970 corrigendum.
1715 904 1771 952 et
1790 897 1960 970 paulo

294 975 432 1040 post
480 982 510 1022 a
553 970 831 1040 proximis
861 971 1127 1025 sectariis
1177 971 1338 1025 elata
1391 968 1459 1025 ad
1514 968 1955 1040 prasidendum,

296 1038 735 1109 baptizandum,
783 1038 839 1094 et
887 1040 1238 1097 offerendum
1287 1055 1442 1097 more
1494 1038 1858 1103 sacerdotali,
1893 1052 1958 1093 eo

212 1145 217 1151 η
291 1109 558 1182 validius
586 1110 867 1167 obsistere
892 1112 1217 1168 debuerunt
1258 1112 1528 1181 apostoli,
1576 1126 1689 1182 quo
1723 1110 1959 1165 facilius

290 1180 546 1246 gliscere
579 1183 638 1236 in
666 1189 923 1251 posteros
954 1184 1201 1239 subinde
1230 1180 1471 1253 poterat,
1507 1180 1778 1238 memoria
1807 1194 1956 1253 repe-

291 1253 536 1318 tituros,
586 1253 1007 1309 Samaritanum
1056 1251 1244 1310 illum
1275 1255 1584 1314 Simonem,
1621 1251 1954 1321 hujusmodi

286 1324 657 1393 dogmatum,
709 1332 763 1380 et
818 1327 1177 1394 impietatum
1226 1326 1629 1385 architectum,
1676 1323 1957 1392 apostolis

285 1394 371 1448 ab
393 1396 567 1450 initio
583 1397 651 1451 ad
664 1397 915 1457 hasisse,
940 1411 967 1450 a
989 1396 1205 1463 quibus
1229 1396 1617 1465 postulaverat
1636 1401 1699 1450 ut
1718 1395 1956 1449 cuicun-

286 1480 413 1534 que
441 1481 643 1522 manus
667 1468 1275 1537 imponeretSpiritum
1306 1474 1566 1522 sanctum
1603 1467 1947 1537 largiretur:

290 1539 712 1606 reprehensum
745 1536 920 1594 veroa
953 1541 1135 1603 Petro,
1157 1546 1214 1593 et
1243 1539 1312 1593 ad
1343 1539 1735 1607 panitentiam
1755 1536 1953 1592 cohor-

287 1616 481 1663 tatum
545 1610 810 1677 precibus
868 1611 1204 1677 apostolicis
1255 1622 1313 1663 se
1336 1610 1761 1664 commendasse
1797 1610 1949 1675 (-tct.

286 1680 444 1745 vui).
491 1682 765 1735 intererat
799 1682 928 1735 lidei
978 1682 1309 1751 aqu-alium,
1352 1694 1417 1735 ac
1465 1688 1844 1749 posterorum,
1890 1686 1952 1734 ut

293 1751 654 1820 intelligeret
683 1751 925 1806 feminas
969 1750 1265 1807 universas
1297 1755 1374 1805 ita
1408 1766 1530 1807 esse
1555 1765 1586 1805 a
1626 1750 1951 1805 sacerdotio

288 1823 589 1897 exclusas,
619 1830 683 1878 ut
717 1824 862 1878 nulli
888 1837 1079 1897 earum
1111 1824 1539 1897 permitteretur
1563 1844 1588 1874 «
1616 1823 1673 1876 in
1700 1822 1951 1897 Ecclesia
1982 1837 2034 1897 Β

292 1893 487 1962 loqui,
530 1907 631 1948 nec
651 1897 871 1959 docere,
898 1908 998 1950 nec
1026 1896 1266 1965 tingere,
1305 1908 1407 1949 nec
1430 1894 1805 1965 offerretnec
1855 1892 1953 1948 ul—

290 1965 424 2018 lius
463 1965 655 2020 virilis
683 1967 955 2031 muneris,
992 1964 1198 2021 nedum
1231 1966 1605 2020 sacerdotalis
1625 1964 1793 2019 ofﬁcii
1820 1978 1953 2019 sor-

292 2043 416 2089 tem
458 2036 571 2091 sibi
606 2037 930 2092 vindicarc-
968 2056 992 2086 υ
1024 2038 1503 2107 quemadmodum
1548 2038 1824 2091 distincte
1858 2033 1976 2107 re-'

287 2108 533 2161 censuit
555 2108 870 2176 Septimius
893 2104 1132 2164 Tertull.
1157 2110 1227 2163 de
1255 2109 1513 2163 velandis
1542 2109 1720 2178 Virg,
1742 2121 1865 2176 cap.
1896 2104 1950 2161 9.

287 2178 384 2233 Ad
409 2180 674 2251 tuendam
696 2180 838 2251 legis
858 2182 1031 2235 istius
1046 2181 1447 2236 auctoritatem
1467 2186 1583 2235 tum
1615 2180 1672 2233 in
1697 2179 1954 2249 frequen-

290 2250 558 2305 tioribus
587 2250 871 2321 ecclesiis,
898 2260 1017 2307 tum
1050 2253 1106 2306 in
1160 2252 1410 2320 parciori
1436 2264 1674 2306 numero
1697 2251 1953 2305 fidelium

294 2322 569 2391 praeditis
594 2322 861 2385 catibus,
890 2323 1271 2378 adhibendam
1295 2337 1418 2377 esse
1439 2328 1789 2377 censuerunt
1810 2336 1956 2390 apo-

290 2394 443 2449 stoli
468 2396 948 2463 compendiosum,
985 2402 1258 2464 paratam,
1291 2401 1345 2449 et
1385 2395 1641 2448 omnium
1694 2392 1951 2462 aspectui

290 2466 628 2534 expositam
679 2467 1076 2521 admonitione
1104 2487 1128 2517 ιι
1176 2466 1234 2521 in
1275 2466 1490 2534 capitis
1538 2465 1950 2535 integumento,

293 2553 336 2607 (ι
350 2537 459 2591 uod
480 2535 624 2592 foret
640 2538 808 2592 etiam
836 2538 1166 2606 prasidium
1188 2537 1478 2592 modestia
1495 2543 1549 2591 et
1574 2540 1715 2590 casti
1729 2537 1950 2590 monia.

291 2610 385 2662 Ad
404 2608 779 2664 moriebantur
803 2610 972 2664 etiam
992 2608 1219 2663 femina
1243 2623 1340 2677 per
1360 2608 1607 2662 velamen
1635 2608 1811 2675 capiti
1839 2608 1955 2661 im-

300 2681 588 2749 positum,
621 2680 728 2734 sub
771 2680 957 2735 aliena
992 2685 1266 2749 potestate
1296 2694 1356 2734 se
1408 2680 1755 2733 constitutas
1804 2692 1953 2748 pra-

293 2751 535 2806 clusum
566 2751 785 2806 aditum
830 2758 1102 2821 perpetuo
1139 2751 1438 2806 habituras
1482 2750 1549 2805 ad
1583 2749 1825 2820 gloriam
1856 2764 1957 2805 sa-

300 2823 580 2887 cerdotii,
614 2824 781 2890 cujus
807 2824 937 2891 jura
988 2823 1132 2877 viris
1192 2827 1527 2891 praservata
1559 2834 1687 2876 rum
1742 2821 1956 2876 honore

305 2894 590 2965 imaginis
621 2908 737 2949 sua
767 2896 1045 2949 Dominus
1070 2893 1366 2949 voluisset.
1414 2894 1472 2948 Id
1513 2899 1706 2965 aperte
1727 2893 1957 2962 signiti-

304 2966 464 3019 cavit
495 2965 704 3020 Paulus
732 2966 789 3020 in
839 2966 1076 3021 exordio
1105 2965 1320 3020 decreti
1365 2965 1546 3033 prima
1572 2964 1639 3018 ad
1670 2964 1799 3019 Cor.
1830 2977 1955 3033 cap.

306 3033 416 3089 4i:
478 3038 607 3092 Volo
636 3043 813 3090 autem
857 3053 949 3091 vos
996 3039 1153 3106 scire,
1189 3036 1401 3107 inquit,
1444 3036 1590 3103 quod
1619 3038 1793 3089 omnis
1849 3038 1959 3088 viri

300 3116 475 3177 caput
505 3108 751 3161 Christus
796 3115 911 3162 est:
944 3112 1108 3177 caput
1136 3114 1315 3162 autem
1339 3107 1585 3161 mulieris
1611 3109 1698 3159 vir
1724 3125 1740 3159 :
1794 3111 1959 3175 caput

2066 539 2203 607 cies,
2262 546 2319 594 et
2364 545 2556 611 caput,
2612 538 3000 611 exclusionem
3059 538 3147 611 abi
3186 541 3378 594 eadem
3437 546 3712 611 potestate

2069 611 2435 680 percipienda
2457 609 2803 665 contestans.
2834 609 2968 679 Qua
2994 623 3101 664 non
3134 609 3279 664 levia
3305 623 3433 664 cum
3455 610 3576 665 sint
3601 613 3713 667 do-

2069 690 2331 737 cumenta
2373 688 2580 738 nostra
2629 680 3033 743 confessionis,
3080 681 3445 736 mediatorem
3474 682 3709 737 unicum

2069 755 2244 808 Deum
2276 754 2427 807 inter
2472 761 2527 808 et
2573 753 2833 807 homines
2878 752 3171 807 Christum
3222 751 3561 818 profitentis,
3594 755 3713 807 sive

2071 838 2199 879 cum
2234 824 2405 879 semel
2435 824 2702 879 introivit
2732 824 2789 878 in
2835 830 3052 882 sancta.
3106 824 3226 877 sive
3256 836 3384 878 cum
3411 823 3710 892 apostolis,

2069 903 2124 951 et
2153 894 2554 950 sacerdotibus
2579 895 2724 961 suis,
2775 900 2835 949 ut
2868 901 3142 964 potestate
3161 895 3376 949 eisdem
3402 894 3635 960 tradita,
3659 902 3716 949 et.

2069 974 2269 1035 negata
2301 966 2522 1021 caeteris
2556 972 2887 1033 uterentur;
2916 979 3026 1021 non
3048 964 3189 1019 levis
3215 966 3386 1019 etiam
3415 965 3710 1029 momenti,

2068 1039 2162 1093 sed
2198 1051 2461 1107 magnum
2513 1050 2697 1106 Opera
2729 1039 2974 1106 pretium
3028 1036 3289 1091 fuittum
3346 1036 3404 1089 in
3437 1036 3716 1104 Epistolis

2066 1108 2251 1171 Pauli,
2283 1114 2402 1163 tum
2437 1109 2496 1162 in
2523 1109 2771 1163 decretis
2799 1121 2830 1163 a
2864 1109 3025 1162 Petro
3055 1121 3150 1177 per
3193 1107 3391 1162 Linum
3420 1107 3617 1177 editis,
3650 1120 3715 1163 ea

2066 1180 2419 1250 consignari,
2478 1194 2603 1249 qua
2659 1181 2728 1235 de
2779 1179 3038 1234 velandis
3087 1177 3435 1233 mulieribus
3494 1180 3552 1232 in
3618 1179 3717 1233 in—

2068 1264 2266 1322 gressu
2325 1250 2582 1306 ecclesia
2653 1251 2964 1319 scriptores
3038 1250 3297 1305 Vitarum
3363 1263 3714 1305 commemo-

2071 1328 2215 1377 rant.
3434 1358 3441 1367 .

2135 1393 2287 1449 Duxi
2315 1392 2434 1447 hac
2462 1392 2823 1449 enucleatius
2869 1392 3210 1460 explicanda
3259 1391 3561 1448 occasione
3607 1392 3715 1446 de-

2066 1466 2205 1519 creti
2246 1464 2548 1532 apostolici
2581 1466 2650 1519 de
2680 1464 2920 1519 velando
2969 1462 3312 1520 feminarum
3343 1463 3531 1533 capite
3564 1463 3716 1518 inter

2065 1537 2341 1591 orandum
2370 1536 2428 1589 in
2477 1535 2719 1590 ecclesia
2767 1536 2857 1605 (de
2908 1549 3023 1605 quo
3057 1535 3316 1597 dubitari
3351 1547 3710 1604 nequaquam

2067 1613 2272 1676 potest,
2301 1609 2442 1677 quin
2476 1606 2546 1660 ab
2584 1607 2865 1675 apostolis
2892 1608 2972 1661 sit
3001 1606 3309 1675 prolatum,
3334 1620 3463 1661 cum
3491 1605 3718 1676 legatur

2064 1678 2123 1733 in
2152 1677 2406 1746 Epistola
2433 1677 2634 1749 Pauli),
2657 1692 2765 1733 non
2794 1678 2959 1733 modo
2983 1684 3045 1733 ut
3065 1678 3278 1733 decreti
3303 1679 3413 1731 vim
3446 1690 3718 1732 causam—

2063 1763 2173 1819 que
2201 1749 2573 1813 illustrarem,
2627 1752 2720 1804 sed
2750 1751 2921 1804 etiam
2975 1756 3038 1804 ut
3083 1749 3265 1817 possit
3305 1749 3718 1817 unusquisque

2067 1821 2200 1876 inde
2229 1821 2518 1891 colligere.
2549 1821 2700 1875 ritus
2720 1821 2991 1890 mysticos
3021 1819 3091 1874 ab
3108 1819 3388 1891 apostolis
3412 1819 3716 1891 institutos

2066 1892 2247 1947 fuisse
2260 1889 2406 1961 quia
2422 1891 3065 1946 fidelibusservarentur
3080 1892 3138 1945 in
3156 1890 3409 1959 publicis
3424 1889 3712 1959 precibus,

2065 1972 2120 2018 et
2139 1962 2554 2026 conventibus;
2592 1976 2776 2032 neque
2810 1963 2900 2018 his
2939 1963 3229 2032 mysteriis
3256 1964 3515 2018 caruisse
3539 1961 3713 2016 etiam

2065 2034 2401 2100 velamenta,
2453 2035 2779 2089 eorumdem
2812 2034 3200 2102 apostolorum
3261 2034 3527 2088 mandato
3571 2032 3698 2101 qui-

2068 2106 2305 2161 busdam
2339 2106 2534 2169 vetita,
2577 2104 2922 2173 quibusdam
2970 2105 3278 2175 assignata.
3328 2104 3387 2158 Si
3414 2104 3566 2159 enim
3599 2104 3716 2157 hac

2064 2178 2374 2232 admittant
2393 2189 2619 2231 necesse
2640 2183 2725 2231 est
2740 2176 2912 2231 etiam
2935 2176 3023 2230 illi
3051 2176 3328 2239 haretici,
3353 2175 3454 2245 qui
3483 2175 3717 2243 Episto—

2067 2249 2150 2303 las
2169 2249 2328 2303 Pauli
2349 2247 2642 2302 nobiscum
2661 2254 2966 2302 numerant
2986 2248 3136 2302 inter
3157 2244 3487 2315 Scripturas
3506 2244 3718 2299 divini-

2065 2327 2159 2375 tus
2188 2321 2519 2389 inspiratas,
2544 2318 2924 2387 consequitur
2954 2324 3018 2373 ut
3059 2331 3262 2389 negare
3304 2318 3553 2389 Aminime
3579 2329 3719 2389 pos—

2064 2393 2184 2445 sint
2203 2386 2417 2446 rituum
2434 2386 2728 2445 sacrorum
2740 2386 3023 2459 originem
3044 2386 3177 2444 inde
3192 2386 3496 2456 profectam
3514 2386 3716 2459 fuisse,

2068 2463 2220 2517 unde
2255 2462 2505 2516 Ecclesia
2530 2462 2749 2530 accepit
2788 2458 3135 2526 scripturas.
3188 2459 3375 2528 Quare
3413 2458 3720 2514 confiden—

2070 2534 2189 2588 tius
2205 2547 2373 2603 quam
2399 2546 2500 2601 par
2528 2534 2609 2603 sit
2640 2533 2866 2602 plaudit
2891 2532 3003 2587 sibi
3050 2530 3363 2603 Doduellus
3408 2530 3466 2585 in
3486 2530 3721 2603 addita-

2069 2598 2256 2659 mento
2284 2605 2353 2659 ad
2387 2598 2510 2671 cap.
2543 2602 2578 2658 6
2600 2598 2893 2658 Pearsonii
2925 2604 3157 2659 dissert.
3188 2598 3243 2656 ll
3279 2602 3373 2671 de
3395 2601 3567 2657 annis
3591 2602 3719 2670 pri-

2070 2689 2288 2730 morum
2348 2670 2537 2743 Romae
2588 2676 2991 2743 episcoporum
3060 2687 3297 2729 numero
3356 2670 3422 2727 46
3470 2673 3717 2728 demon—

2069 2753 2312 2801 stratum
2355 2761 2386 2801 a
2413 2760 2474 2801 se
2500 2741 2684 2801 fuisse
2716 2741 2944 2815 putans,
2976 2746 3124 2816 quod
3158 2766 3185 2797 α
3217 2744 3385 2801 Nulla
3406 2744 3719 2816 Clementis

2069 2817 2435 2889 temporibus
2471 2818 2761 2889 virginum
2807 2831 2905 2887 per
2955 2815 3137 2872 velum
3186 2816 3269 2889 ab
3304 2816 3571 2889 episcopo
3623 2815 3723 2889 iii-

2066 2885 2357 2945 duendum
2414 2885 2592 2944 fuerit
2644 2885 2919 2943 solemnis
2959 2888 3334 2944 consecratio.
3381 2887 3565 2942 Nulla
3598 2885 3725 2954 pri—

2073 2961 2181 3015 mis
2235 2960 2668 3015 Christianismi
2729 2959 3106 3029 temporibus,
3153 2973 3280 3028 qua
3326 2958 3718 3029 virginitatem

2071 3032 2290 3087 fuerint
2341 3032 2424 3086 vel
2511 3030 2797 3098 professa.
2850 3028 3048 3085 Nulla
3108 3030 3218 3085 sub
3286 3028 3572 3085 Clemente
3652 3028 3721 3083 ad

2076 3103 2488 3172 professionem
2535 3104 2661 3171 ejus
2705 3101 2993 3170 publicam
3026 3101 3313 3167 admissa,
3375 3098 3723 3172 etc._Nulla

298 3170 435 3253 vero
477 3180 680 3234 Christi
725 3184 888 3253 Deus.
932 3170 1117 3233 omnis
1171 3183 1259 3232 vir
1283 3194 1463 3241 orans,
1499 3183 1597 3253 aut
1624 3170 1956 3253 prophetlms
1988 3191 2036 3253 α
2070 3170 2321 3253 denique
2354 3179 2546 3253 postea
2570 3170 2724 3253 cum
2765 3174 2880 3241 jam
2915 3172 3086 3253 al_iud_
3108 3186 3140 3227 a
3169 3172 3376 3253 viduis
3410 3170 3719 3253 collegium

294 3251 487 3305 velato
547 3253 743 3320 capite,
801 3252 1059 3320 deturpat
1105 3255 1269 3319 caput
1306 3266 1485 3303 suum.
1541 3249 1728 3302 Omnis
1776 3257 1957 3304 autem

295 3324 507 3377 mulier
533 3338 717 3387 orans,
749 3330 848 3376 aut
890 3323 1218 3391 prephelans
1258 3337 1364 3375 non
1392 3322 1566 3374 velato
1610 3322 1805 3391 capite,
1855 3322 1958 3375 de-

300 3401 503 3463 turpat
554 3401 718 3463 caput
754 3388 932 3447 suum.
984 3388 1051 3448 Et
1092 3407 1322 3449 rursum
1374 3393 1580 3446 versic.
1625 3388 1800 3446 7’ait:
1861 3393 1960 3446 Vir

297 3466 529 3534 quidem
547 3482 654 3518 non
684 3466 837 3519 debet
860 3466 1039 3519 velare
1064 3470 1227 3533 caput
1250 3480 1408 3517 suum
1436 3483 1451 3517 :
1484 3466 1743 3531 quoniam
1758 3464 1954 3530 imago,

299 3544 358 3592 et
386 3538 567 3604 gloria
596 3541 693 3592 Dei
731 3541 827 3599 est,
880 3538 1077 3590 mulier
1118 3542 1299 3590 autem
1327 3537 1505 3601 gloria.
1543 3536 1651 3587 viri
1701 3539 1795 3587 est.
1838 3535 1960 3589 Non

299 3612 453 3663 enim
490 3611 577 3663 vir
605 3625 672 3661 ere
708 3611 936 3662 muliere
965 3615 1063 3670 est,
1095 3609 1189 3661 sed
1238 3608 1437 3660 mulier
1465 3620 1532 3659 ea:
1571 3606 1710 3657 viro.
1740 3607 1959 3660 Etenim

300 3696 418 3733 non
476 3685 554 3733 est
591 3687 802 3734 creatus
861 3682 948 3733 vir
994 3684 1220 3749 propter
1262 3680 1561 3738 mulierem,
1613 3676 1710 3730 sed
1763 3677 1961 3731 mulier

296 3758 534 3821 propter
575 3755 774 3805 virum.
807 3752 930 3806 Ideo
982 3752 1137 3805 debet
1180 3750 1377 3803 mulier
1401 3752 1721 3821 potestatem
1763 3749 1960 3802 habere

299 3820 481 3889 supra
511 3830 673 3891 caput
702 3828 922 3893 propter
942 3823 1183 3889 angelos.
1211 3822 1397 3893 Quare
1425 3820 1733 3893 mysticam
1752 3825 1961 3875 aucto—

303 3895 540 3949 ritatem
564 3888 742 3962 signi,
783 3888 1161 3949 contestantis
1189 3888 1249 3947 in
1282 3891 1466 3945 velato
1497 3890 1683 3959 capite
1700 3888 1960 3962 femina—

306 3980 463 4032 rum,
497 3975 553 4020 et
599 3967 656 4019 in
702 3974 899 4035 aperto
924 3966 1181 4020 virorum
1218 3962 1341 4018 illis
1381 3967 1660 4035 negatam,
1696 3961 1789 4035 his
1813 3976 1961 4035 con—

302 4050 528 4092 cessam
584 4032 912 4104 potestatem
962 4035 1298 4103 praeferendi
1334 4035 1394 4087 in
1435 4032 1756 4104 sacerdotio
1809 4034 1956 4089 ima—

300 4110 498 4179 ginem
541 4101 597 4163 et.
646 4108 884 4178 gloriam
940 4101 1183 4174 Christi,
1236 4112 1387 4179 recte
1425 4116 1497 4179 se
1527 4101 1817 4179 affirmant
1854 4106 1954 4179 de:
1996 4144 1997 4147 η

306 4174 754 4246 prehenderem
803 4179 1031 4234 decreto
1069 4184 1126 4233 et
1171 4177 1364 4232 verbis
1404 4174 1660 4246 Apostoli
1724 4182 1837 4230 tam
1870 4177 1959 4231 illi

302 4252 505 4305 Patres
544 4252 643 4320 qui
680 4264 778 4321 per
815 4250 1050 4320 angelos
1101 4248 1442 4321 intelligunt
1494 4245 1690 4301 beatos
1715 4248 1963 4321 spiritus

304 4322 567 4377 ﬁdelium
603 4320 971 4378 orationibus
1003 4320 1401 4390 prasidentes,
1446 4331 1616 4390 quam
1640 4320 1831 4373 cateri
1858 4320 1959 4389 qui

300 4392 629 4463 angelicum
646 4393 1035 4448 ministerium
1058 4398 1391 4447 nostrorum
1411 4389 1772 4445 sacerdotum
1793 4391 1962 4445 inter-

303 4471 786 4605 prgamutli‘t‘erque
814 4536 963 4590 ritus
1007 4534 1258 4590 velanda
1288 4532 1534 4597 femina,
1586 4539 1642 4590 et
1666 4533 1778 4588 viri
1828 4538 1960 4605 ante

299 4606 483 4660 Deum
514 4589 759 4661 sistendi
803 4589 994 4675 capite
1020 4589 1234 4661 intecto
1261 4607 1398 4661 dum
1426 4589 1552 4660 orat
1583 4589 1684 4662 aut
1709 4604 1958 4673 prophe—
1990 4589 2043 4649 υ

300 4684 409 4743 tat,
442 4678 723 4748 dirigitur
762 4678 830 4731 ad
859 4680 1113 4733 eamdem
1136 4675 1554 4733 confessionem
1577 4676 1791 4747 capitis
1816 4677 1958 4748 uni—

301 4748 455 4802 versi
490 4746 799 4804 sacerdotii
823 4749 879 4803 in
902 4748 1133 4803 Christo
1153 4754 1354 4816 suapte
1379 4754 1583 4803 natura
1611 4747 1784 4817 positi
1807 4746 1954 4818 (cum

300 4820 473 4874 radix
516 4820 594 4874 sit
625 4819 995 4891 sanctitatis),
1028 4826 1083 4874 et
1114 4834 1145 4875 a
1173 4819 1403 4875 Christo
1432 4820 1756 4891 emanaintis
1778 4836 1800 4891 εΔ
1842 4831 1954 4891 non

298 4891 539 4960 quidem
591 4891 650 4945 in
682 4891 935 4962 angelos,
962 4888 1116 4961 quos
1164 4904 1276 4945 non
1318 4889 1700 4962 apprehendit
1735 4889 1801 4942 ad
1857 4888 1957 4942 in-

296 4970 605 5017 cruentum
631 4963 984 5018 sacrificium
1014 4977 1182 5018 suum
1220 4961 1565 5027 iterandum,
1598 4961 1693 5015 sed
1729 4964 1952 5014 tantum

297 5034 370 5087 ad
411 5034 733 5089 ministeria
778 5047 1007 5103 precum
1058 5032 1509 5101 olferendarum;
1554 5045 1736 5102 neque
1775 5032 1834 5086 in
1864 5030 1955 5103 fe:-

302 5106 515 5164 minas,
545 5118 688 5173 quas
721 5112 838 5160 tum
867 5119 898 5159 a
939 5105 1214 5160 sacrificii
1269 5104 1681 5171 immolatione,
1732 5108 1851 5158 tum
1882 5102 1955 5156 ab

296 5175 623 5231 oblationis
658 5177 985 5231 ministerio
1019 5177 1074 5230 in
1126 5176 1295 5231 altari
1329 5176 1649 5244 praestando
1691 5174 1949 5236 removit,

295 5248 399 5302 sed
436 5249 605 5302 unice
633 5248 698 5302 ad
731 5249 904 5311 viros,
938 5248 1182 5303 donatos
1218 5248 1486 5318 imagine,
1528 5254 1584 5303 et
1630 5247 1815 5318 gloria
1853 5260 1957 5301 ca—

300 5319 449 5388 pitis
488 5319 797 5375 sacerdotii
848 5328 901 5374 et
953 5319 1247 5389 pontificis
1293 5319 1491 5374 aterni
1537 5319 1751 5374 Christi
1807 5320 1957 5373 inter

300 5390 570 5445 homines
595 5389 963 5459 praeferenda,
989 5405 1117 5446 cum
1144 5396 1424 5459 potestate
1440 5390 1662 5445 cateris
1678 5390 1954 5459 denegata

297 5462 702 5529 ministrandi,
731 5461 1030 5529 ofi‘erendi,
1051 5461 1449 5527 consecrandi,
1478 5467 1535 5515 et
1563 5460 1949 5516 sacrificandi.

296 5533 653 5603 Dignitatem
682 5535 878 5603 itaque
906 5534 1092 5589 divini
1116 5534 1326 5602 capitis
1350 5532 1565 5603 Christi
1594 5531 1867 5603 praedicat
1888 5545 1958 5588 ex

296 5602 421 5658 avo
447 5602 838 5661 apostolorum
876 5606 1112 5661 inducta
1142 5612 1259 5659 tum
1308 5606 1366 5657 in
1400 5602 1543 5656 viris
1585 5603 1653 5656 ad
1684 5602 1958 5659 sacerdo—

299 5675 452 5730 tium
488 5673 653 5730 lectis
676 5682 934 5741 tonsura,
966 5683 1022 5731 et
1050 5688 1259 5730 corona
1288 5673 1527 5741 Christi.
1554 5674 1703 5728 Petri
1728 5673 1953 5744 legibus

293 5746 435 5820 jure
460 5747 769 5820 attributa,
800 5754 865 5820 ut
897 5746 1048 5802 infra
1075 5745 1401 5801 videbimus
1431 5747 1488 5820 in
1516 5745 1773 5820 Aniceto,
1796 5751 1852 5801 et
1872 5760 1955 5801 sa-

302 5818 631 5874 cerdotium
690 5818 777 5873 illi
846 5817 1332 5875 Communicatum
1400 5817 1769 5889 significans;
1830 5824 1951 5874 tum

297 5901 335 5943 a
348 5890 573 5959 perium
603 5890 854 5947 aliorum
907 5891 1162 5947 virorum
1193 5893 1385 5960 caput,
1418 5888 1745 5946 facultatem
1788 5889 1952 5946 illius

2069 3247 2206 3303 sola
2229 3239 2709 3309 'constituerent,
2765 3239 2867 3298 seu
2901 3243 3021 3298 velo
3074 3242 3439 3311 imponendo,
3473 3239 3577 3296 seu
3602 3239 3721 3294 ali-

2068 3331 2182 3388 quo
2208 3317 2324 3372 alio
2355 3315 2597 3370 solemni
2640 3316 2762 3388 ritu
2809 3314 2880 3368 ab
2927 3314 3195 3388 episcopo
3245 3317 3609 3388 consecrata,
3652 3324 3722 3365 ne

2069 3382 2300 3459 quidem
2350 3388 2542 3459 sesqui
2595 3385 2806 3459 saeculo
2854 3399 2887 3440 a
2923 3384 3242 3459 Clementis
3283 3382 3717 3459 obitu_elapso,

2067 3453 2197 3515 cum
2270 3453 2545 3515 scriberet
2610 3456 2949 3527 Cyprianus.
3008 3456 3208 3525 nQuid
3280 3454 3354 3527 de
3425 3453 3714 3527 virginum

2067 3538 2219 3586 statu
2237 3529 2609 3600 professione,
2624 3524 2679 3582 et
2694 3524 3494 3600 rituvelaminissuscipiendi
3516 3524 3722 3594 primis

2071 3598 2250 3657 hisce‘
2278 3601 2543 3656 Ecclesia
2587 3598 2947 3667 temporibus
2980 3599 3343 3653 sentiendum
3375 3598 3473 3659 sit,
3521 3600 3720 3650 contra

2068 3676 2443 3728 sectariorum
2465 3666 2786 3726 obstinatas
2812 3669 3039 3724 inficias
3054 3677 3374 3739 opportune
3394 3666 3723 3723 videbimus

2073 3745 2133 3799 in
2156 3747 2366 3799 Sotere.
2406 3745 2570 3797 Nunc
2597 3742 2744 3797 satis
2766 3754 2889 3796 esse
2915 3741 3193 3795 duximus
3218 3740 3539 3796 observare.
3589 3751 3723 3793 mu-

2075 3816 2320 3871 lieribus
2348 3812 2635 3869 universis
2655 3827 2682 3866 a
2707 3814 2867 3867 Petro
2883 3819 2937 3866 et
2965 3812 3138 3867 Paulo
3168 3811 3497 3866 mandatum
3521 3809 3723 3868 fuisse.

2079 3892 2141 3942 ut
2164 3888 2351 3955 capite
2368 3886 2553 3940 velato
2578 3884 2877 3939 ecclesiam
2908 3884 3362 3955 ingrederentur,
3382 3888 3439 3937 et
3456 3886 3720 3955 orarent:

2074 3965 2131 4013 et
2164 3960 2219 4012 in
2236 3951 2315 4013 'ea
2343 3970 2403 4011 re
2434 3970 2544 4011 non
2578 3957 2741 4011 modo
2792 3951 3151 4023 prospectum
3184 3952 3367 4011 fuisse
3404 3951 3725 4008 honestatis

2078 4030 2368 4099 prasidio,
2401 4034 2457 4083 et
2508 4027 2907 4082 sanctimonia
2930 4026 3251 4099 Christiani
3282 4030 3465 4080 catus
3496 4024 3557 4079 in
3588 4037 3724 4099 con-

2075 4094 2246 4156 ventu
2311 4114 2485 4156 sexus
2560 4099 2869 4168 utriusque
2932 4096 3208 4163 tidelium,
3272 4109 3474 4168 verum;
3550 4094 3723 4149 etiam

2073 4174 2372 4242 quasitam
2448 4166 2992 4242 fuissemy‘sticam
3048 4166 3604 4242 relationeimulidei,
3660 4179 3725 4220 ac

2073 4238 2191 4313 spei
2246 4252 2454 4299 nostra
2500 4242 2568 4297 ad
2620 4238 2846 4313 Christi
2892 4240 3276 4313 sacerdotium
3325 4238 3723 4313 indicandum,

2073 4310 2357 4386 illiusque
2398 4314 2533 4384 jura
2582 4311 2889 4368 asserenda
2932 4310 3074 4366 viris
3113 4311 3510 4368 tantummodo
3539 4322 3724 4365 reser-

2073 4394 2221 4442 vata.

2748 4490 3049 4546 CIACONII

2148 4637 2317 4693 Linea
2345 4633 2396 4690 4.
2422 4665 2495 4675 —
2520 4637 2713 4701 Linus,
2736 4636 2960 4686 natione
3000 4632 3196 4697 Italus,
3225 4632 3462 4698 regionis
3495 4632 3717 4684 Tuscia.

2072 4710 2265 4764 Patria
2299 4707 2724 4763 Volaterranus,
2762 4709 2921 4772 patre
2942 4704 3279 4767 Herculano,
3310 4702 3535 4771 primus
3561 4701 3723 4757 beato

2073 4782 2241 4834 Petro
2266 4780 2324 4834 in
2351 4779 2604 4833 Romano
2637 4774 2973 4844 pontificatu
3012 4778 3308 4828 successit.
3343 4774 3504 4828 Hunc
3526 4773 3583 4827 Β.
3604 4774 3723 4844 iPe—

2079 4856 2225 4911 trus,
2244 4851 2380 4905 dum
2399 4843 2748 4903 universalis
2764 4845 3028 4900 Ecclesia
3046 4843 3466 4909 sollicitudine,
3490 4844 3560 4898 ab
3577 4843 3725 4897 Urbe

2084 4922 2145 4975 in
2189 4922 2444 4976 diversas
2467 4918 2787 4975 Christiani
2820 4915 2979 4972 orbis
3011 4916 3337 4985 provincias
3368 4919 3718 4981 evocaretur,

2081 4992 2373 5048 ordinavit
2420 4991 2807 5059 coadjt-torem
2853 4987 3180 5059 episcopum
3220 4998 3327 5041 una
3359 5000 3502 5059 cum;
3530 4985 3717 5059 Cleto:

2078 5063 2178 5131 qui
2202 5061 2376 5117 simul
2410 5061 2532 5116 loco
2561 5057 2770 5129 ’ipsius
2802 5059 2948 5113 Petri
3000 5058 3275 5131 absentis,
3304 5057 3724 5131 ecclesiasticas

2074 5127 2422 5197 functiones,
2456 5140 2512 5187 et
2543 5127 2741 5185 munia
2770 5128 3121 5199 episcopalia
3159 5127 3408 5193 obirent,
3441 5134 3499 5184 et
3545 5128 3723 5182 Linus

2078 5206 2309 5276 quidem
2342 5204 2494 5259 intra
2518 5202 2743 5276 Urbem,
2775 5203 2969 5256 Cletus
2994 5207 3184 5256 autem
3212 5208 3370 5255 extra
3394 5201 3453 5255 in
3482 5200 3724 5276 subur-

2072 5271 2191 5331 biis
2218 5276 2491 5330 vicasiam
2524 5274 2756 5329 interim
2790 5278 3048 5342 gererent
3080 5277 3434 5342 potestatem.
3482 5272 3550 5326 Et
3591 5271 3725 5325 licet

2074 5350 2274 5403 Petrus
2323 5346 2666 5401 Clementem
2716 5356 3101 5399 successorem
3171 5342 3286 5397 sibi
3342 5342 3720 5413 designasset,

2075 5420 2330 5474 Clemens
2357 5424 2545 5472 tamen
2598 5415 2876 5470 modestia
2904 5428 3046 5469 usus
3085 5414 3206 5482 juri
3262 5427 3368 5469 suo
3411 5413 3623 5469 cessit:
3669 5421 3723 5468 et

2077 5492 2254 5547 Linus
2280 5486 2551 5560 pontifex
2593 5487 2883 5542 Romanus
2911 5486 3128 5540 electus
3160 5483 3291 5539 fuit.
3594 5490 3601 5496 ί

2787 5611 2991 5668 PAGII.

2139 5746 2313 5802 Linea
2373 5740 2422 5797 l.
2451 5772 2524 5782 —
2566 5740 2719 5796 Sedit
2771 5754 2964 5801 annos,
2997 5743 3106 5794 etc.
3146 5736 3203 5793 S.
3244 5737 3398 5793 Petri
3443 5737 3720 5805 vicarius,

2064 5834 2166 5875 seu
2195 5815 2499 5885 coadjutor
2523 5817 3020 5885 consecratusest,
3044 5809 3399 5885 eiquejuxta
3434 5810 3723 5877 Hierony—

2064 5903 2220 5950 mum
2249 5888 2309 5944 in
2336 5880 2684 5959 pontificatu
2704 5896 2855 5940 anno
2884 5880 2955 5939 65
2985 5882 3286 5939 successit.
