3994 6172
205 272 337 341 4064

1094 271 1410 329 HISTORIA
1446 273 1537 328 DE
1576 274 1750 330 VlTIS
1788 274 1955 331 ROM.
1992 275 2189 332 PONT.
2219 307 2293 317 ——
2329 281 2383 335 S.
2424 280 2700 337 CLETUS.

3464 280 3606 339 4062

194 396 780 474 Eraxedisdedicavit
809 398 1106 474 ecclesiam
1126 398 1398 474 Thermas
1419 399 1704 474 Novatiin
1728 398 1854 453 vico
1881 397 1941 456 A
1968 400 2244 474 ordinati,
2275 405 2331 456 et
2357 404 2621 471 connexi,
2655 408 2721 474 ut
2763 410 3078 474 postremos
3106 408 3422 467 decessoris
3451 412 3614 467 exci-

195 468 443 523 Patricii
482 470 542 524 in
594 470 864 525 honorem
908 471 1127 527 sororis
1160 485 1279 526 sua:
1315 473 1370 527 S.
1416 472 1790 528 Putentianze.
1825 487 1849 519 »

192 536 336 606 Quae
362 540 605 596 ecclesia
636 540 823 596 Romae
852 548 1055 597 exstat.

748 685 909 739 BINII
962 699 1026 739 Εἰ·
1080 685 1343 743 LABBEI.

268 808 565 882 (Ethth)
599 808 769 882 Linea
800 806 849 862 4.
898 839 971 882 έ-
1013 811 1212 882 Cletus.
1251 811 1307 866 S.
1353 811 1585 882 Ignatii,
1626 813 1846 868 Irenzei.

188 879 566 954 Tertulliani,
598 880 931 954 Epiphanii,
958 881 1310 952 Hieronymi,
1337 879 1705 954 Martyrologi
1735 884 1853 939 Ro-

195 952 384 1017 mani,
416 957 473 1005 et
515 951 896 1006 sacratissimi
923 951 1459 1010 canonis’missalis
1484 951 1849 1022 auctoritate,

189 1029 255 1095 et
276 1024 502 1095 ratione
523 1022 715 1078 eadem
737 1023 957 1078 Cletum
998 1027 1138 1081 Lino
1167 1028 1227 1081 in
1256 1025 1593 1095 pontiﬁcatu
1616 1040 1854 1082 succes-

189 1092 705 1169 sisseprobamus.
733 1094 892 1169 Quod
926 1102 1161 1152 sanctus
1190 1092 1453 1167 lrénzeus,
1485 1099 1766 1169 Ignatius.
1798 1104 1855 1153 et

188 1164 488 1220 Eusebius
508 1165 661 1220 hunc
688 1166 1013 1234 pontiﬁcem
1038 1169 1373 1225 Anacletum
1402 1164 1719 1225 nominent.
1744 1170 1853 1224 Ba—

190 1238 408 1291 ronius
427 1249 576 1310 anno
597 1237 813 1310 Christi
839 1236 928 1306 93,
964 1253 1017 1292 n.
1056 1235 1105 1310 4,
1129 1253 1161 1294 a
1183 1240 1328 1295 solis
1356 1241 1574 1296 Graacis
1599 1242 1851 1310 scripto-

192 1322 353 1373 rum,
403 1316 457 1362 et
505 1308 876 1364 librariorum
926 1308 1182 1366 vitio‘ac
1232 1326 1426 1367 errore
1473 1311 1685 1367 factum
1724 1308 1852 1367 esse

192 1386 388 1449 putat,
408 1392 608 1448 nempe
628 1380 780 1449 quod
807 1395 908 1449 pro
928 1381 1082 1437 Cleto
1118 1383 1454 1438 Anacletum
1485 1384 1847 1452 scripserint.

186 1451 508 1506 Nominum
538 1452 690 1506 enim
724 1452 1119 1508 similitudine
1173 1456 1417 1523 decepti,
1440 1451 1853 1509 sicutMarcel-

188 1523 344 1584 lum,
380 1527 436 1577 et
462 1523 856 1578 Marcellinum
886 1541 901 1592 ;
933 1526 1207 1580 Novatum
1237 1526 1762 1594 Carthaginensem,
1795 1532 1852 1580 et

186 1594 580 1649 Novatianum
614 1594 798 1663 patria
828 1595 1181 1650 Romanum:
1220 1598 1300 1652 ita
1328 1601 1501 1652 etiam
1530 1597 1773 1664 Cletum,
1797 1604 1854 1652 et

185 1666 534 1737 Aniacletum
561 1679 737 1721 unum
761 1667 1137 1737 eumdemque
1162 1675 1426 1737 putantes
1441 1668 1847 1733 confuderunt,

188 1736 587 1808 Bellarminus
621 1750 773 1807 vero,
818 1737 921 1792 lib.
959 1752 1016 1792 ιι.
1060 1739 1131 1794 de
1164 1736 1335 1795 Rom.
1368 1741 1537 1795 Pont.
1586 1755 1635 1795 c.
1673 1738 1727 1808 5,
1769 1741 1853 1795 ait

186 1809 351 1865 duos
370 1807 550 1863 fuisse
571 1808 894 1878 Anacletos,
921 1811 1165 1865 alterum
1201 1812 1511 1867 Clementis
1538 1819 1853 1867 antecesso—

191 1893 341 1946 rem,
370 1880 612 1935 alterum
635 1881 888 1948 ejusdem
917 1895 1301 1938 successorem
1336 1901 1348 1936 :
1395 1882 1561 1939 illum
1594 1882 1852 1938 binomi-

188 1964 328 2024 nem
353 1948 534 2007 fuisse
552 1950 720 2013 Cleti,
744 1958 802 2005 et
824 1952 1083 2008 Anacleti
1112 1954 1447 2010 nominibus
1475 1956 1847 2024 appellatum,

189 2023 449 2093 ideoque
467 2024 726 2078 eumdem
758 2025 993 2079 tertium
1024 2025 1347 2094 pontiﬁcem
1374 2023 1682 2080 Clementis
1701 2032 1853 2080 ante-

186 2107 483 2150 ressorem
513 2107 544 2147 τι
573 2094 790 2149 Graecis
837 2096 1077 2165 lgnatio,
1124 2099 1356 2160 lrenaao,
1409 2097 1656 2154 Eusebio
1694 2098 1852 2152 Ana-

186 2164 434 2232 cletum,
474 2178 508 2220 a
537 2166 761 2221 Latinis
802 2164 934 2221 vero
981 2180 1179 2237 nempe
1223 2169 1597 2235 Tertulliano,
1646 2170 1854 2224 Hiero-

188 2249 393 2306 nymo,
423 2238 685 2305 Damaso,
716 2243 848 2305 etc.,
879 2238 1099 2293 Cletum
1132 2242 1488 2295 nominatum
1513 2254 1655 2297 esse.

268 2309 373 2378 (Ex
397 2307 548 2379 LAB.)
576 2308 749 2364 Linea
782 2307 833 2363 4.
862 2340 938 2349 —
958 2313 1268 2365 Emiliano.
1302 2312 1638 2369 Emeliano.

828 2452 1215 2508 BLANCHINI.

189 2573 359 2617 ΝΟΤΑΕ
410 2571 826 2616 CHRONOLOGICE
876 2572 935 2615 IN
981 2574 1373 2617 PONTIFICATUM
1434 2575 1481 2616 S.
1530 2573 1851 2632 CLEMENTIS,

826 2644 890 2686 ET
955 2646 1004 2687 S.
1057 2646 1231 2688 CLETI.

274 2753 327 2811 4.
354 2756 494 2831 ‘Cur
540 2769 681 2831 non‘
702 2756 1034 2831 disjungam
1065 2757 1513 2831 chronologiami
1547 2760 1857 2831 utriusque

194 2827 598 2899 pontiﬁcatus,
649 2828 704 2882 S.
752 2827 1064 2883 Clementis
1106 2835 1162 2884 et
1199 2830 1252 2885 S.
1286 2827 1453 2894 Cleti,
1485 2830 1709 2899 duplici
1759 2827 1857 2887 se-

191 2900 394 2956 ctione
440 2905 759 2969 separatam
817 2914 933 2971 pro,
970 2914 1205 2956 numero
1265 2903 1621 2971 pontificum,
1690 2902 1857 2958 facile

197 2971 492 3040 intelliget
560 2972 833 3041 quisquis
885 2970 1289 3037 observaverit,
1344 2973 1403 3027 in
1463 2973 1856 3029 ecclesiastica

196 3043 459 3098 Historia
485 3042 659 3113 primi
685 3056 717 3097 a
742 3043 974 3098 Christo
1003 3044 1222 3113 saeculi,
1255 3045 1336 3099 ita
1357 3044 1696 3114 complicari
1727 3054 1853 3100 tem-

198 3127 346 3185 po;a
369 3120 807 3170 memoratorum
839 3116 1195 3183 antistitum,
1227 3122 1292 3171 ut
1317 3116 1585 3186 quisnam
1619 3116 1851 3171 illorum

198 3186 583 3256 praecesserit,
617 3186 883 3255 quisnam
924 3187 1268 3242 successerit
1293 3200 1489 3242 omnes
1530 3188 1850 3257 inquirant,

195 3264 262 3313 et
308 3258 476 3326 pauci
506 3257 811 3312 admodum
850 3256 1093 3312 deﬁnire
1122 3259 1445 3314 videantur.
1494 3256 1625 3313 Sint
1672 3260 1856 3314 instar

197 3329 466 3385 omnium
492 3328 681 3400 magni
707 3329 961 3383 nominis
988 3330 1126 3393 viri,
1155 3330 1257 3400 qui
1279 3336 1444 3384 atate
1464 3335 1661 3385 nostra
1691 3344 1855 3400 (μιξε-

197 3345 466 3385 ommum
492 3345 681 3397 magni
707 3345 961 3383 nominis
988 3345 1126 3393 Vll'l,
1155 3345 1257 3455 aut
1279 3345 1444 3384 atate
1464 3345 1661 3385 nosua
1691 3345 1853 3400 quie—

197 3400 449 3456 stionem
505 3399 650 3453 hanc
680 3406 1124 3469 pertractarunt.
1182 3401 1526 3456 ‘hristianus
1569 3402 1763 3469 Lupus
1792 3401 1853 3455 in

198 3471 364 3526 notis
410 3471 479 3525 ad
538 3470 748 3541 librum
799 3471 1143 3527 Tertulliani
1202 3473 1273 3528 de
1332 3472 1856 3541 Prescriptionibus

201 3545 403 3598 haeret.
454 3554 577 3610 cap.
635 3540 724 3609 3‘2,
757 3542 826 3598 ad
875 3542 975 3596 illa
1020 3543 1211 3611 verba,
1255 3540 1585 3597 Clementum
1624 3559 1657 3595 ιι
1698 3545 1855 3597 Petro

197 3614 545 3685 ordinatum,
576 3619 633 3668 et
672 3613 1116 3685 Schelestratius
1147 3615 1434 3685 Antiquit.
1478 3613 1693 3669 Eccles.
1724 3615 1857 3669 dis-

198 3693 344 3754 sert,
398 3682 455 3747 2,
501 3698 623 3754 cap.
684 3682 733 3738 4.
768 3704 794 3736 «
844 3686 1025 3741 Variae
1072 3692 1227 3754 sunt,
1273 3682 1357 3741 ait
1389 3686 1852 3756 Schelestratius,

198 3758 359 3813 circa
405 3755 770 3821 Clementem,
819 3763 875 3812 et
921 3756 1070 3813 alios
1117 3764 1232 3812 tres
1276 3758 1494 3827 primos
1536 3755 1853 3826 pontiﬁces,

199 3830 306 3899 qui
360 3830 525 3883 Petro
567 3835 989 3897 successerunt,
1050 3834 1300 3885 veterum
1359 3829 1676 3885 sententiae.
1736 3829 1854 3883 Alii

198 3901 358 3956 enim
408 3899 751 3955 Clementem
791 3905 1058 3956 statuunt
1104 3899 1308 3956 ordine
1345 3902 1661 3956 secundum
1694 3918 1706 3953 :
1749 3900 1855 3955 alii

200 3978 397 4027 autem
417 3972 651 4027 tertium
674 3978 894 4041 ponunt
912 3985 1043 4028 cum
1064 3973 1397 4042 antiquiore
1420 3971 1677 4042 catalogo
1708 3990 1725 4039 ;
1750 3972 1856 4027 alii

202 4050 480 4114 quartum
533 4056 566 4098 a
632 4044 685 4098 S.
749 4045 908 4099 Petro
963 4043 1247 4099 collocant
1304 4058 1433 4099 cum
1491 4044 1851 4113 Hieronymo.

200 4114 385 4185 Eque
435 4126 636 4185 magna
665 4120 752 4170 est
780 4122 1031 4170 veterum
1064 4116 1352 4172 dissensio
1381 4116 1452 4171 de
1490 4116 1627 4171 aliis
1664 4115 1858 4170 tribus

204 4184 607 4255 pontiﬁcibus,
667 4186 767 4256 qui
814 4192 941 4255 post
994 4188 1217 4242 Petrum
1263 4187 1554 4242 sederunt.
1598 4186 1734 4256 Optz’
1802 4202 1865 4242 as

200 4259 359 4312 enim
389 4257 757 4329 Milevitanus
784 4257 885 4312 lib.
916 4271 981 4326 ll,
1011 4259 1430 4314 successionem
1460 4263 1709 4329 quatuor
1728 4259 1857 4329 pri-

202 4341 433 4383 morum
480 4328 858 4384 Romanorum
918 4329 1251 4399 pontiﬁcum
1307 4328 1626 4398 recenSens,
1670 4328 1857 4400 primo

202 4400 633 4470 ponitPetrum,
666 4401 783 4468 cui,
820 4401 1032 4471 inquit,
1057 4401 1334 4456 successit
1363 4403 1543 4457 Linus
1571 4403 1713 4457 Lino
1736 4417 1859 4458 suc-

199 4472 382 4544 cessit
400 4470 678 4538 Clemens,
696 4470 970 4527 Clementi
990 4472 1314 4544 Anacletus,
1336 4492 1363 4522 ››
1387 4482 1495 4527 etc.
1518 4473 1666 4528 Idem
1691 4474 1860 4544 plane

1886 3155 1935 3217 C

1968 472 2128 552 piant
2173 473 2426 552 proximi
2459 475 2625 552 juxta
2666 472 2949 552 fastorum
2988 479 3267 552 ordinem,
3316 484 3415 552 qui
3464 488 3614 538 recte

1963 544 3613 620 assignanturinitiosuccessoris.Completurpontiﬁcatus

1962 614 2119 680 Lini,
2149 614 2424 684 Capitone
2460 624 2517 671 et
2546 617 2690 673 Rufo
2718 614 3068 674 consulibui
3091 621 3200 675 sub
3230 614 3471 684 Nerone,
3503 625 3610 679 hoc

1961 693 2048 741 est
2076 698 2226 760 anno
2255 700 2381 741 terte
2408 688 2625 743 Christi
2669 691 2994 745 communis
3026 688 3115 759 6‘7,
3148 692 3425 760 Clemens,
3460 695 3519 749 in
3549 707 3612 750 eo

1961 758 2223 833 catalogo
2240 762 2588 833 assignatus
2602 773 2922 833 successor;
2938 762 3087 833 Lini,
3108 758 3457 833 auspicatur
3489 766 3613 820 ini-

1963 830 2111 883 tium
2133 830 2288 885 sedis
2310 844 2341 884 a
2368 830 2710 887 consulibus
2734 832 2872 886 anni
2896 831 2987 895 68,
3006 830 3284 890 Trachalo
3313 843 3369 890 et
3388 835 3606 891 Italico.

1961 907 2021 974 et
2062 900 2170 955 sub
2203 900 2402 974 Galba,
2454 908 2510 956 et
2543 903 2889 971 Vespasiano
2934 918 3035 974 per
3060 918 3243 961 annos
3285 905 3337 973 9,
3394 920 3614 962 menses

1964 970 2049 1045 44,
2082 974 2208 1045 dies
2258 970 2344 1035 42,
2387 974 2609 1028 dicitur
2654 970 2873 1029 Sedisse
2919 970 3099 1045 usque
3129 977 3195 1031 ad
3247 970 3611 1033 consulatum

1960 1044 2403 1119 Vespasianivu
2428 1059 2557 1119 cum
2592 1045 2720 1119 Tito
2742 1045 2864 1100 ﬁlio
2885 1060 2918 1097 v
2942 1044 3107 1119 quem
3131 1047 3379 1103 subinde
3396 1063 3616 1119 expen-

1959 1115 2180 1189 demus.
2224 1114 2625 1189 Subsequitur,
2653 1114 2996 1172 Clementem
3041 1118 3234 1174 Cletus
3280 1133 3312 1174 a
3354 1114 3615 1189 proximo

1961 1186 2267 1261 consulatu
2302 1187 2630 1261 Vespasiani
2673 1201 2757 1261 vui
2779 1194 2835 1243 et
2863 1189 2977 1243 Titi
3020 1203 3077 1243 vr
3126 1203 3223 1259 per
3265 1186 3448 1246 annos
3491 1206 3610 1261 sex,

1966 1270 2187 1333 menses
2236 1259 2402 1333 duos,
2446 1272 2514 1313 ac
2541 1259 2682 1333 dies
2727 1260 3346 1333 decem,itemporibus
3401 1259 3615 1333 Vespa-4

1962 1330 2136 1401 siani,
2180 1342 2246 1382 ac
2270 1330 2409 1389 Titi,
2441 1339 2498 1384 et
2538 1329 2711 1401 initio
2756 1329 3442 1401 Domitiani.postremos
3466 1329 3613 1390 cen—

1962 1400 2118 1455 sules
2135 1400 2770 1474 s_u:e_sedis_pr2eferens
2794 1400 3178 1474 Domitianum
3220 1405 3255 1459 9
3282 1410 3341 1459 et
3379 1405 3610 1474 Rufum,

1960 1483 2111 1525 anno
2144 1472 2359 1545 Christi
2390 1472 2488 1527 83.
2525 1474 2685 1528 Hunc
2725 1473 3034 1529 Anacletus
3072 1477 3289 1544 excipit
3336 1472 3615 1545 proximis

1959 1542 2302 1618 consulibus
2323 1544 2706 1618 Domitianox
2734 1552 2790 1599 et
2828 1545 3040 1601 Sabino
3072 1542 3288 1602 Christi
3314 1542 3405 1616 84,
3432 1556 3489 1603 et
3517 1561 3614 1618 per

1960 1626 2143 1687 annos
2175 1611 2241 1667 42
2269 1616 2359 1669 sui
2396 1615 2705 1687 sacerdotii
2728 1617 3003 1687 pertingit
3022 1619 3092 1673 ad
3120 1611 3618 1675 consules'Domi—

1963 1686 2184 1739 tianum
2224 1700 2339 1739 xvu
2387 1693 2444 1741 et
2484 1686 2851 1755 Clementem,
2896 1688 2966 1743 ad
3017 1702 3231 1745 annum
3280 1691 3497 1746 Christi
3546 1689 3617 1746 95

1888 1777 1938 1836 Β
1965 1757 2350 1836 pertinentes:
2380 1759 2561 1836 donec
2602 1759 2898 1836 Evaristus
2932 1761 3266 1816 novissimis
3296 1762 3611 1816 Domitiani

1964 1827 2318 1902 temporibus
2344 1831 2395 1883 ei
2440 1829 2802 1902 subrogetur,
2837 1830 3076 1899 signans
3114 1845 3329 1888 annum
3363 1836 3612 1902 primum

1959 1899 2053 2024 ἓἊὶ
2080 1899 2454 2025 ⁸ιιεέιιὲἓοέιιιιε
2493 1899 2832 1956 consulibus
2881 1903 3109 1958 Valente
3133 1910 3190 1958 et
3219 1899 3434 1974 Vetere,
3463 1917 3613 1960 anno

2047 1984 2129 2025 l‘lS
2160 1984 2176 2024 ι
2283 2011 2295 2022 .

2005 1971 2176 2025 hristi
2206 1971 2295 2025 96.

2032 2040 2087 2097 3.
2138 2042 2204 2095 Ut
2243 2042 2453 2116 veritas
2500 2042 2739 2116 hujusce
2769 2042 3157 2116 chronologite
3185 2045 3611 2115 comprobetur,

1964 2126 2098 2186 quae,
2136 2118 2221 2169 tot
2263 2113 2693 2169 characteribus
2725 2113 3156 2186 imperatorum,
3206 2122 3262 2172 et
3308 2113 3613 2173 consulum

1963 2185 2261 2250 distincta,
2308 2191 2365 2239 et
2411 2187 2677 2240 ordinata
2726 2187 2983 2255 procedit
3027 2187 3098 2242 ab
3123 2185 3275 2243 anno
3304 2190 3611 2245 emortuali

1964 2256 2208 2331 Neronis
2231 2255 2300 2310 ad
2322 2269 2538 2331 annum
2565 2258 2936 2331 emortualem
2968 2258 3287 2314 Domitiani
3326 2260 3448 2331 (qui
3492 2269 3615 2317 ter-

1967 2328 2111 2382 mini
2141 2339 2253 2402 non
2285 2327 2478 2402 m_inus
2519 2329 2661 2402 certi
2715 2335 2870 2402 sunt,
2905 2343 3075 2402 quam
3114 2337 3268 2386 certa
3299 2327 3381 2385 sit
3398 2333 3615 2402 epocha

1966 2399 2270 2455 consulum
2316 2399 2579 2454 Trachali
2623 2404 2681 2453 et
2728 2400 2956 2472 ltalici),
2989 2408 3213 2470 oportet
3264 2402 3397 2456 hinc
3435 2399 3616 2460 colli—

1965 2483 2096 2540 gere
2117 2482 2395 2541 summam
2414 2483 2718 2541 annorum,
2761 2474 3065 2535 mensium,
3084 2485 3152 2527 ac
3169 2473 3396 2529 dierum
3424 2474 3614 2531 tribus

1968 2543 2125 2596 hisce
2156 2540 2530 2613 pontiﬁcibus
2558 2540 3006 2613 assignatorum.
3035 2544 3169 2599 inde
3199 2546 3388 2601 metiri
3427 2546 3613 2602 inter-

1964 2613 2177 2667 vallum
2221 2612 2506 2667 resultans
2525 2626 2594 2666 ex
2624 2611 2792 2668 fastis
2812 2615 3137 2683 consulum,
3161 2629 3226 2670 ac
3253 2617 3424 2672 victis
3440 2619 3616 2673 Caesa-

1967 2697 2114 2747 rum,
2147 2698 2176 2737 a
2212 2684 2521 2738 consulatu
2544 2685 2831 2754 Trachali,
2858 2693 2915 2740 et
2934 2686 3141 2754 Italici,
3162 2689 3405 2744 Neronis
3421 2702 3617 2746 emor-

1966 2756 2135 2829 tuali,
2180 2755 2249 2810 ad
2295 2755 2675 2829 consulatum
2720 2757 2972 2829 Valentis
3018 2764 3073 2813 et
3121 2759 3358 2829 Veteris,
3402 2773 3614 2818 annum

1967 2827 2192 2882 scilicet
2232 2826 2604 2905 emortualem
2654 2828 3108 2905 Domitiani._‘s_i
3164 2832 3317 2886 enim
3349 2826 3616 2905 utraque

1967 2912 2188 2976 summa
2238 2898 2398 2966 paria
2446 2895 2638 2976 faciat,
2662 2912 2799 2976 .aera
2847 2900 3142 2968 pontiﬁcia
3201 2909 3349 2976 recte
3390 2895 3614 2976 signata

1963 2970 2207 3025 dicenda
2231 2975 2318 3023 est
2350 2987 2362 3023 :
2397 2982 2527 3023 cum
2557 2970 2627 3023 de
2654 2969 2926 3037 Caesarea,
2972 2978 3028 3026 et
3056 2973 3351 3029 consulari
3384 2969 3475 3030 illi
3505 2977 3610 3031 ad-

1965 3041 2243 3113 amussim
2257 3041 2650 3113 respondente,
2674 3040 2831 3113 nulla
2852 3044 3106 3113 supersit
3126 3044 3437 3113 dubitatio,
3459 3060 3617 3102 num-

1969 3112 2100 3185 mis,
2134 3111 2450 3185 lapidibus,
2488 3110 2788 3185 historicis
2828 3110 3056 3170 abunde
3084 3110 3609 3185 comprobantibus.

1968 3183 2117 3255 Ejus
2143 3181 2645 3255 verointervalli,
2692 3196 2758 3237 ac
2806 3197 3043 3255 summm
3086 3181 3278 3255 partes
3324 3189 3476 3243 inter
3517 3203 3613 3245 eos

1968 3251 2265 3323 pcntiﬁces
2291 3251 2638 3328 distributas
2661 3254 2929 3309 consules
2956 3251 3301 3312 indicabunt
3323 3276 3335 3311 :
3367 3272 3613 3328 quorum

1966 3331 2113 3380 notae
2135 3324 2545 3391 numerales,si
2570 3324 3169 3382 l'orteamanuensium
3197 3328 3341 3383 vitio
3369 3324 3615 3387 unitatis

1965 3397 2376 3460 additamento,
2402 3395 2487 3449 vel
2504 3396 2857 3452 detractione
2873 3398 3090 3454 vitiatae
3121 3398 3297 3454 fuerit
3312 3400 3370 3454 in
3388 3401 3616 3457 descri-

1965 3468 2170 3545 bendis
2194 3466 2523 3545 codicibus,
2548 3464 2717 3545 facile
2744 3468 3111 3545 corrigentur
3136 3478 3255 3545 tum
3287 3484 3356 3527 ex
3383 3474 3616 3545 collega:

1966 3540 2197 3611 nomine
2242 3539 2299 3592 in
2327 3538 2816 3611 consulatuttum
2844 3538 2926 3594 ex'
2945 3541 3242 3597 laterculis
3286 3538 3615 3611 praeceden-

1966 3610 2146 3677 tibus,
2191 3615 2247 3664 et
2287 3610 2818 3679 consequentibus;
2866 3625 2995 3666 cum
3036 3610 3495 3682 prmsumendum
3535 3618 3616 3672 sit

1966 3681 2203 3737 facilius
2230 3693 2459 3752 peccare
2481 3682 2741 3752 potuisse
2756 3681 3167 3752 descriptOrem
3199 3684 3337 3740 libri
3363 3686 3421 3741 in
3444 3688 3616 3743 unica

1970 3760 2103 3827 nota
2141 3751 2447 3827 numerali,
2489 3751 2590 3827 _ve_l_
2629 3754 2807 3827 altera
2837 3754 3131 3826 varianda,
3166 3769 3334 3827 quam
3364 3757 3613 3814 halluci-

1968 3825 2096 3880 nari
2141 3830 2225 3879 tot
2257 3823 2315 3878 in
2349 3822 2686 3878 nominibus
2732 3822 3270 3894 imperatorumfet
3307 3831 3612 3885 consulum

1967 3894 2377 3966 exprimendis,
2408 3908 2653 3974 quorum
2686 3909 2872 3974 nexus
2889 3911 3018 3952 cum
3063 3912 3299 3954 summa:
3330 3900 3611 3974 partibus,

1967 3975 2177 4024 etcum
2209 3978 2431 4022 summa
2462 3968 2586 4035 ipsa
2617 3969 2960 4023 consentiat.

2037 4038 2599 4116 CataIOgus__igit_ur
2649 4041 2910 4116 assignat
2980 4039 3256 4116 Clementi
3321 4055 3502 4116 annos
3556 4041 3611 4116 9,

1970 4080 2310 4183 mensesvf4:
2339 4080 2470 4164 die;
2505 4080 2573 4164 σιέ
2599 4126 2619 4183 :_
2636 4080 2805 4183 picto,
2840 4080 3615 4183 EanE'EsTE‘éﬁse}"§f°di€§

1970 4180 2076 4251 40-,
2100 4181 2369 4237 Anacleto
2391 4193 2571 4259 annos
2599 4179 2684 4247 42,
2713 4194 2933 4259 menses
2955 4180 3182 4259 40,_dies
3211 4183 3246 4241 3
3272 4204 3288 4257 ;
3316 4179 3616 4259 colligitur

1968 4250 2189 4310 summa
2219 4266 2358 4326 ann.
2399 4251 2490 4326 28,
2517 4266 2691 4309 mens.
2720 4250 2806 4323 44,
2828 4254 2973 4309 dier.
3006 4252 3097 4326 25,
3126 4271 3226 4313 seu
3248 4250 3616 4316 a'nnoru'm29

1968 4328 2162 4381 minus
2186 4322 2468 4381 diebus5.

2037 4398 2137 4474 sin
2168 4402 2365 4474 autem
2387 4409 2607 4451 menses
2638 4396 2948 4474 Clementis
2971 4411 3125 4474 papae
3159 4414 3333 4474 supra
3353 4414 3534 4459 annos
3557 4401 3613 4474 9,

1967 4468 2187 4547 solidos
2202 4468 2450 4547 sintduo
2467 4474 2689 4547 tantum
2710 4485 2725 4537 ;
2742 4475 2805 4523 ut
2818 4468 3401 4547 picturaebasili‘czes.
3428 4468 3612 4547 Pauli,

202 4543 381 4597 habet
416 4544 471 4597 S.
503 4545 887 4614 Augustinus,
922 4544 1092 4613 epist.
1129 4541 1231 4599 465
1263 4562 1275 4597 :
1307 4539 1488 4598 Petro
1516 4546 1670 4599 enim
1691 4539 1856 4601 "suc-
1888 4543 1939 4603 D
1968 4548 2023 4614 ει
2061 4540 2318 4596 univePSi
2371 4541 2776 4614 propemptium
2823 4539 3090 4614 οέζῐίιιοὲί,
3128 4548 3184 4614 εἶῐ
3213 4544 3439 4614 codices
3468 4539 3613 4600 con—3

200 4614 385 4668 cessit
437 4614 639 4683 Linus,
674 4616 814 4671 Lino
861 4615 1141 4677 Clemens,
1195 4615 1471 4670 Clementi
1524 4615 1852 4672 Anacletus.

199 4684 392 4758 Aliter
415 4685 471 4739 S.
499 4687 748 4742 lrenzeus
774 4685 855 4740 lib
886 4701 972 4754 ιιι,
1000 4700 1121 4754 cap.
1146 4683 1199 4741 3.
1229 4688 1367 4740 Nam
1397 4687 1502 4741 hoc
1533 4688 1699 4743 modo
1723 4701 1858 4758 pon-

202 4754 431 4810 tiﬁcum
463 4758 721 4813 ordinem
752 4764 1006 4814 recenset
1033 4775 1047 4812 :
1076 4759 1292 4825 Petrus,
1327 4758 1523 4821 Linus,
1547 4754 1857 4814 Anacletus

199 4826 487 4896 Clemens,
533 4831 851 4897 Evaristus,
900 4835 1009 4885 etc.
1053 4828 1346 4884 Videndus
1392 4830 1565 4883 etiam
1619 4836 1857 4899 uterque

202 4899 441 4968 Pagius,
471 4906 535 4955 ut
561 4901 762 4955 sistam
797 4902 854 4955 in
882 4900 1323 4969 recentioribus,
1355 4899 1651 4968 complura
1680 4900 1857 4955 colli-

240 4971 480 5025 entibus
524 4973 877 5037 testimonia,
932 4980 1136 5041 praeter
1178 4986 1262 5038 ea,
1311 4984 1437 5041 quae
1467 4972 1857 5040 produxerant

287 5041 491 5097 ronius
512 5051 567 5097 et
588 5042 991 5111 Bellarminus,
1012 5045 1072 5097 in
1098 5044 1291 5098 eadem
1314 5043 1629 5114 quaestione
1645 5043 1856 5098 saeculo

201 5114 512 5181 superiore
540 5116 769 5169 versati.

274 5183 330 5239 2.
360 5184 604 5240 Felicior
630 5192 835 5241 tamem
879 5184 1072 5241 exitus
1118 5185 1188 5241 ab
1220 5185 1327 5241 hoc
1357 5184 1688 5255 labyrintho
1710 5198 1857 5255 quae-

198 5256 462 5311 stionum
487 5256 715 5312 videtur
738 5256 880 5312 mihi
904 5256 1117 5326 aperiri
1145 5258 1203 5311 in
1230 5270 1295 5313 ea
1318 5257 1582 5313 methodo
1602 5256 1856 5312 chrono-

198 5327 377 5398 IOgiaz
426 5327 756 5397 pontiﬁciis,
802 5341 973 5399 quam
1004 5330 1365 5399 arripuimus
1396 5348 1408 5383 :
1454 5342 1580 5399 quae
1608 5329 1852 5384 scilicet.

200 5399 415 5453 suadet
438 5405 502 5454 ut
525 5400 897 5456 consulamus
925 5402 1262 5469 vetustiora,
1292 5407 1349 5455 et
1379 5400 1628 5470 genuina
1648 5412 1858 5454 monu-

200 5476 395 5543 menta
418 5470 683 5527 Ecclesia:
703 5473 983 5527 Romanae.
1007 5473 1312 5543 Catalogus
1334 5471 1692 5543 Liberianus,
1727 5484 1859 5525 om-

203 5540 370 5612 nium
390 5543 863 5612 antiquissimus,
890 5544 1051 5598 Petro
1074 5540 1300 5598 Linu'm.
1328 5543 1466 5596 Lino
1489 5540 1852 5611 Clementem,

199 5611 483 5667 Clementi
530 5614 750 5669 Cletum
804 5628 915 5671 non
965 5614 1130 5669 modo
1175 5625 1533 5669 successores
1575 5613 1852 5683 assignat,

202 5683 303 5738 sed
338 5684 513 5758 etiam
552 5686 819 5741 enuntiat
850 5685 1064 5758 quibus
1103 5683 1549 5755 imperatoribus
1579 5684 1853 5756 sederint,

204 5762 265 5829 et
290 5755 507 5825 quibus
531 5755 884 5815 consulibus
904 5760 1172 5829 primum,
1196 5770 1262 5812 ac
1290 5765 1635 5827 postremum
1656 5758 1857 5825 ponti—

205 5825 417 5884 ﬁcatus
457 5842 673 5885 annum
706 5825 1082 5901 signaverint.
1125 5831 1268 5885 Sunt
1292 5825 1429 5885 vero
1476 5829 1743 5885 consules
1776 5830 1854 5884 ita

1966 4613 2216 4685 signant,
2268 4616 2471 4679 praeter
2524 4609 2697 4685 solas
2728 4608 3083 4685 membranas
3138 4612 3425 4684 Bucherii,
3486 4630 3613 4685 quae

1965 4679 2244 4755 undecim,
2284 4694 2502 4755 menses
2543 4679 2820 4755 exhibent
2850 4682 3287 4755 ,_erit_summa
3336 4679 3471 4740 ann.
3502 4679 3609 4755 '28,

1962 4763 2020 4811 et
2071 4753 2352 4809 mensium
2406 4752 2521 4807 fere
2568 4751 2745 4806 trium
2798 4751 2992 4807 tribus
3037 4752 3196 4809 hisce
3238 4751 3613 4824 pontiﬁcibus

1963 4826 2331 4895 assignanda.

2034 4893 2407 4951 Tantumdem
2455 4893 2744 4949 intervalli
2779 4894 3021 4950 resultat
3049 4909 3117 4951 ex
3144 4894 3311 4953 fastis
3338 4899 3613 4955 consula-

1967 4967 2152 5027 ribus,
2182 4980 2400 5022 necnon
2425 4978 2493 5021 ex
2519 4965 2816 5021 historicis
2836 4966 2907 5020 ab
2927 4980 3079 5022 anno
3093 4970 3407 5033 emortuali
3429 4971 3614 5027 Nero-

1968 5039 2080 5107 nis,
2118 5051 2179 5092 se
2202 5038 2563 5093 conﬁcientis
2601 5037 2802 5092 lVIdllS
2824 5038 2965 5092 Julii
3005 5039 3283 5095 Trachalo
3321 5047 3377 5096 et
3416 5044 3613 5099 Italico

1966 5108 2555 5178 consulibus(Christi
2575 5106 2663 5177 68)
2679 5109 2747 5162 ad
2779 5122 2991 5164 annum
3010 5113 3378 5167 emortualem
3413 5115 3615 5170 Domi—

1968 5181 2136 5250 tiani,
2179 5180 2602 5255 confossiixu‘u
2634 5179 2930 5255 Kalendas
2971 5181 3254 5255 Octobris,
3312 5185 3536 5241 Valente
3560 5196 3615 5241 et

1966 5255 2162 5309 Vetere
2207 5267 2353 5308 coss.
2413 5251 2649 5322 (Christi
2701 5250 2814 5322 96.)
2837 5252 3023 5321 Quare
3044 5267 3174 5309 cum
3206 5250 3428 5311 summa
3466 5266 3615 5313 tem-

1971 5326 2129 5405 poris
2174 5321 2467 5405 hosuinter
2518 5321 2817 5405 pontiﬁces
2855 5323 3499 5405 dividendamunia’tur
3530 5335 3613 5386 tot

1967 5395 2398 5453 Characteribus
2439 5409 2566 5449 terte
2593 5395 2877 5464 Caesareae,
2911 5401 2967 5450 et
2992 5398 3319 5454 consularis
3352 5395 3413 5454 in
3445 5406 3613 5457 utro-

1968 5482 2078 5539 que
2132 5476 2417 5539 extremo,
2451 5466 2690 5539 _videtur
2744 5466 2941 5521 eadem
3001 5468 3241 5523 ﬁrmiter
3292 5472 3607 5529 retinenda.

1964 5537 2103 5595 Tum
2122 5543 2171 5595 si
2192 5541 2330 5610 quid
2348 5537 2497 5610 labis
2516 5539 2578 5610 in
2596 5537 2850 5610 aliquam
2884 5543 3072 5594 notam
3089 5543 3433 5598 numeralem
3460 5545 3613 5600 irre—

1969 5617 2147 5682 pserit
2177 5608 2479 5666 nonnullis
2510 5609 2570 5664 in
2602 5608 2922 5679 codicibus,
2956 5624 3081 5679 qua:
3114 5611 3173 5665 in
3199 5613 3338 5669 aliis
3361 5622 3612 5671 correcte

1966 5681 2235 5753 expressa
2268 5681 2525 5753 parietur
2579 5687 2772 5736 exacte
2801 5694 2929 5735 cum
2957 5695 3180 5756 summa
3209 5691 3382 5756 atque
3407 5688 3611 5743 ordine

1965 5763 2286 5824 temporum
2318 5756 2723 5822 Ctesareorum,
2753 5757 2809 5807 et
2832 5754 3224 5810 consularium
3253 5754 3491 5824 {vitiati
3523 5772 3608 5813 co-

1962 5827 2160 5882 dicum
2193 5825 2416 5883 numeri
2447 5840 2517 5882 ex
2566 5824 2807 5895 integris
2847 5824 3093 5882 aliorum
3137 5827 3422 5901 codicum,
3463 5840 3590 5884 con-
