3994 6172
80 240 101 295 l
111 239 219 296 063

951 239 1273 296 HISTORIA
1316 243 1405 296 DE
1447 243 1618 296 VlTlS
1658 240 1825 296 ROM.
1870 243 2067 298 PONT.
2099 272 2170 281 ——-
2208 245 2261 298 S.
2303 246 2579 302 CLETUS.

3332 253 3469 315 4066

71 366 440 445 etiam__anno
483 367 698 445 Christi
737 366 860 445 _75,_
881 370 1229 445 vespasiano
1264 385 1334 445 _vi
1372 377 1428 426 et
1477 373 1605 445 Tito
1653 386 1705 426 ιν
1731 371 1789 429 Α
1818 372 2115 445 descriptos
2144 374 2203 424 in
2236 373 2555 427 bibliotheca
2580 377 2859 443 publicari
2872 379 3132 445 jussisse.
3189 383 3466 443 Perversm

72 439 421 512 consulibus,
443 445 550 494 tem
564 439 715 507 plum
737 441 897 496 Pacis
913 442 1237 497 dedicatum
1255 442 1436 497 fuisse
1455 444 1704 512 plurimo

71 523 201 582 cum
228 511 482 566 ludorum
507 517 825 579 apparatu:
858 526 972 582 quo
1026 520 1279 582 tempore
1330 511 1573 569 aﬁlrmat
1600 515 1706 569 Be—

75 580 315 652 renicem
352 595 479 636 cum
503 582 750 652 Agrippa
780 580 1008 639 Romam
1068 580 1379 651 ingressam
1406 604 1420 649 ;
1446 591 1564 640 tum
1597 585 1706 640 ad—

66 651 256 725 ditis
275 652 468 707 Eodem
488 651 742 721 tempere
761 654 983 709 molesti
1005 655 1239 725 quidam
1263 655 1536 724 sophistae
1558 656 1704 710 clam

70 722 630 796 inUrbemingressi
658 732 813 789 sunt,
863 739 931 780 ex
980 722 1195 795 quibus
1244 722 1521 796 Diogenes
1575 740 1704 782 cum

69 795 230 862 prior
256 795 311 848 in
330 793 625 867 theatrum
670 797 938 861 venisset,
974 793 1242 852 refertum
1275 793 1472 867 magna
1514 798 1709 853 homi--

68 878 207 919 num
236 864 620 935 multitudine,
646 880 713 923 ac
740 868 1012 936 populum
1039 874 1296 923 vexasset
1341 864 1543 924 multis
1561 882 1705 924 con-

67 936 339 999 tumeliis,
377 938 559 1009 virgis
586 952 769 993 caesus
792 945 899 993 est.
952 940 1083 993 Post
1134 940 1287 994 hunc
1338 941 1477 994 Eras
1530 940 1701 1004 venit,

65 1008 172 1075 qui
202 1019 350 1062 ratus
377 1008 524 1063 nihil
573 1009 686 1064 sibi
741 1010 974 1079 gravius
995 1018 1351 1075 eventurum,
1409 1010 1590 1066 multo
1615 1024 1707 1064 ex-

63 1079 329 1134 clamavit
350 1079 878 1150 insolentiusatque
893 1082 1306 1150 impudentius.
1325 1082 1703 1150 Quamobrem

63 1150 116 1203 ei
145 1149 738 1221 capatdetruncatum
787 1149 892 1206 est.
927 1171 951 1201 υ
982 1149 1103 1206 1)ίο
1152 1149 1445 1221 Xiphilini
1477 1167 1544 1207 ex
1574 1167 1706 1207 ver—-

62 1222 230 1275 sione
258 1220 544 1293 Sylburgii
572 1222 688 1276 haec
720 1232 943 1291 peracta
995 1220 1248 1278 recenset
1298 1226 1355 1277 in
1395 1224 1701 1279 consulatu

65 1294 391 1361 Vespasiani
424 1308 476 1347 Vl
504 1300 570 1348 et»
587 1294 702 1347 Titi
733 1308 805 1361 tv,
840 1307 954 1364 quo
1009 1295 1235 1349 scilicet
1281 1295 1698 1350 dedicationem

59 1364 262 1433 templi
292 1366 446 1420 Pacis
475 1371 595 1419 tum
636 1366 851 1419 nummi
897 1372 1016 1434 tum
1044 1365 1265 1434 lapides
1307 1366 1702 1421 demonstrant

57 1432 417 1491 aeneuhristi
468 1436 728 1506 vulgaris
755 1448 905 1491 anno
934 1432 1022 1491 75.
1054 1432 1130 1491 De
1149 1436 1433 1492 Clemente
1458 1436 1701 1492 aﬁirmat

60 1507 210 1560 liber
234 1507 611 1563 Pontiﬁcalis:
648 1508 748 1560 Hic
798 1508 927 1560 dum
964 1510 1160 1561 multos
1206 1509 1371 1561 libros
1427 1510 1536 1562 zelo
1574 1510 1702 1577 ﬁdei

59 1578 380 1633 Christianae
410 1580 687 1645 religionis
703 1579 1013 1644 ascriberet,
1072 1582 1339 1647 martyrio
1385 1586 1698 1634 coronatur.

58 1650 430 1720 Hieronymus
462 1651 519 1704 in
550 1649 806 1719 catalogo
832 1650 1177 1718 scriptorum
1224 1656 1437 1717 narrat,
1483 1665 1515 1706 a
1576 1651 1703 1721 ple-

1818 442 2011 512 itaque
2051 442 2661 521 interpretationes.:ac
2676 442 3033 521 detorsiones
3055 452 3295 521 legitimi
3328 442 3465 513 seu?

1815 527 1917 594 sus
1950 515 2353 596 prophetarum
2391 515 2831 596 percrebuerarit
2859 521 2917 596 in
2940 520 3084 576 Urbe
3110 515 3220 578 sub
3252 527 3468 596 Vespa-

1818 584 2012 666 siano,_
2042 594 2151 666 tam
2186 586 2244 640 in
2276 598 2390 666 ore,
2438 592 2495 641 et
2548 587 2720 666 libris
2747 590 3102 666 _Judaaorum
3155 584 3466 666 eorumque

1820 655 2178 730 sacerdotum
2212 656 2405 725 qualis
2429 666 2546 712 erat
2574 659 2879 728 Josephus,
2902 674 3073 730 quam
3099 655 3464 723 ethnicorum

1822 726 1879 806 in
1906 727 2289 806 sermonibus,
2314 735 2369 806 et
2388 726 2839 806 commentariis,
2865 726 2949 806 uti
2978 739 3460 806 supersuntapud

1814 797 2094 872 Tacitum,
2124 805 2181 852 et.
2207 797 2544 872 Saetonium
2580 800 2745 855 illius
2766 804 2955 857 aetatis
2983 797 3267 872 auctores,
3294 797 3474 863 haere-

1815 868 1994 942 ticum
2026 868 2228 942 dogma
2252 870 2699 942 lierodianorum
2731 882 3098 942 recoquentes
3121 876 3179 930 in
3197 868 3464 933 assenta-

1818 938 2027 992 tionem
2063 940 2413 1008 Vespasiani,
2467 947 2528 995 ut
2552 944 2696 997 scite
2750 938 3013 998 observat
3064 947 3346 1005 Baronius
3401 950 3460 1003 in

1816 1015 2094 1077 apparatu
2125 1011 2192 1064 ad
2220 1010 2468 1066 Annales
2495 1025 2652 1067 num.
2684 1012 2719 1069 5
2743 1020 2798 1069 et
2829 1012 2913 1069 l5.
2944 1016 3045 1070 His
3070 1024 3219 1073 certe
3275 1020 3461 1075 haere-

1814 1080 2001 1157 sibus,
2038 1093 2103 1157 ac
2135 1084 2416 1157 perversis
2450 1083 3024 1157 interpretationibus
3050 1087 3457 1157 Vespasianum

1818 1152 1991 1219 impie
2020 1152 2468 1207 obtrudentibus
2491 1168 2591 1222 pro
2619 1156 2848 1210 Christo
2873 1158 3112 1213 Domino
3136 1152 3245 1214 non
3267 1160 3416 1215 desti
3435 1189 3456 1200 -

1814 1222 2229 1301 teritC‘lemens
2259 1236 2580 1301 occurrere,
2604 1227 3234 1301 demsonstransludteis
3285 1239 3458 1301 atque

1811 1293 2161 1352 Gentilibus.
2202 1308 2266 1348 ea
2325 1296 2653 1363 prephetica
2709 1299 2864 1353 dicta
2917 1300 2985 1354 ad
3037 1302 3226 1355 .lesum
3257 1293 3453 1357 verum

1810 1364 2107 1443 Christum
2137 1366 2388 1420 Domini.
2409 1367 2736 1443 ‘Principem
2769 1371 2943 1443 pacis,
2967 1376 3023 1426 et
3046 1373 3243 1443 Regem
3270 1372 3453 1429 futuri

1812 1436 2025 1511 saeculi.
2061 1450 2169 1491 non
2201 1450 2329 1492 vero
2354 1438 2421 1492 ad
2454 1436 2779 1494 Romanum
2814 1441 3087 1496 Caesarem
3126 1436 3449 1511 'pertinere.

1811 1508 1911 1561 His
1938 1516 2089 1580 certe
2110 1521 2408 1580 occurrere
2441 1523 2551 1565 non
2576 1511 2867 1566 destiterit
2885 1508 3160 1580 Clemens,
3213 1515 3458 1570 demon-

1809 1584 1999 1632 strans
2039 1579 2251 1633 ludatis
2304 1593 2463 1649 aeque
2521 1595 2586 1634 ac
2636 1582 2986 1650 Gentilibus,
3042 1585 3110 1638 ad
3161 1585 3451 1641 Christum

1811 1650 2114 1703 Dominum
2142 1662 2205 1703 ea
2239 1651 2568 1718 prophetica
2589 1651 2745 1706 dicta
2768 1652 2984 1707 referri.
3049 1655 3103 1709 id
3148 1656 3300 1710 enim
3332 1664 3455 1711 erat

61 1718 285 1790 risque'
309 1723 638 1776 Latinorum
691 1718 885 1775 haberi
934 1722 1249 1776 secundum
1297 1730 1423 1790 post
1470 1718 1698 1777 Petrum
1734 1718 1783 1777 Β
1812 1718 2058 1775 oﬁicium
2092 1721 2330 1774 Romani
2364 1722 2641 1789 episcopi,
2665 1724 2976 1778 Ecclesium
3003 1726 3329 1780 universam
3356 1728 3454 1781 do-

57 1793 375 1860 apostolum
407 1793 765 1856 Clementem,
802 1792 926 1847 solo
957 1793 1338 1847 intercedente
1380 1794 1520 1849 Lino
1548 1795 1700 1848 inter

60 1864 363 1934 utriusque
396 1864 814 1931 pontiﬁcatum,
850 1870 907 1917 et
934 1863 1246 1932 Epistolam
1273 1865 1339 1918 ad
1364 1864 1699 1919 Corinthios

55 1948 86 1987 a
111 1935 392 1989 Clemente
417 1936 686 2003 scriptam
717 1936 1073 2004 recognoscit
1093 1948 1223 1989 cum
1272 1936 1513 1990 Eusebio
1574 1950 1697 2005 per-

54 2006 308 2059 similem
333 2007 477 2076 stylo
519 2019 584 2060 ac
632 2005 902 2060 sensibus
954 2006 1219 2074 Epistolas
1267 2007 1427 2062 Pauli
1482 2006 1550 2061 ad
1585 2008 1699 2061 lle-

54 2076 263 2131 brzeos.
289 2078 476 2147 Stylus
493 2092 559 2132 ac
588 2090 792 2132 sensus
820 2077 1148 2144 Clementis,
1192 2091 1427 2146 operum
1459 2078 1576 2146 jam
1597 2078 1699 2133 di-

53 2148 369 2217 gnoscitur.
389 2162 518 2203 cum
536 2149 693 2203 Pauli
715 2149 1025 2214 Epistolam
1043 2148 1110 2203 ad
1136 2148 1394 2204 Hebraeos
1414 2149 1694 2203 imitetur.

53 2222 109 2272 In
150 2221 256 2273 hac
284 2226 549 2274 aeternum
577 2220 793 2274 Christi
820 2220 1227 2287 sacerdotium,
1260 2234 1326 2274 ac
1359 2234 1614 2289 regnum,
1642 2225 1699 2274 et

53 2290 413 2359 principatus
430 2290 808 2353 pacisdebitis
828 2291 1101 2345 laudibus
1121 2289 1372 2359 etfertur,
1409 2292 1701 2346 Melchise-

53 2361 220 2433 dechi
244 2362 456 2432 regium
479 2362 1054 2433 pontitlcatumlonge
1088 2374 1385 2430 superans,
1412 2364 1471 2416 in
1517 2363 1700 2433 ﬁgura

53 2431 173 2486 sibi
209 2432 869 2501 praemissquuaanam
900 2446 1028 2487 vero
1049 2433 1229 2492 dicta,
1257 2448 1535 2502 quosnam
1568 2431 1702 2488 'sen-

53 2519 175 2570 sus,
209 2510 269 2559 et
291 2504 518 2559 oracula
542 2510 748 2559 nostra:
771 2503 1071 2569 religionis
1098 2504 1393 2560 lubentius
1417 2506 1662 2560 inclama
1679 2529 1701 2545 -

54 2582 133 2630 ret
167 2575 421 2630 Clemens
456 2577 740 2630 Romanus
763 2575 1016 2644 pontifex
1042 2588 1193 2629 anno
1207 2572 1297 2643 75,
1322 2579 1460 2631 dum
1486 2578 1697 2646 Vespa-

53 2647 259 2701 sianus
290 2648 596 2714 imperator
637 2648 796 2702 Pacis
826 2647 1098 2716 templum
1141 2646 1455 2712 dedicaret,
1508 2655 1571 2703 ut
1597 2661 1699 2702 ea-

54 2718 184 2771 lem
209 2718 636 2786 Scripturarum
667 2718 921 2785 oracula,
952 2731 1077 2787 qua!
1105 2718 1176 2772 de
1203 2719 1419 2773 Christi
1467 2719 1698 2774 Domini

53 2802 237 2858 regno
262 2803 325 2845 ac
361 2789 679 2845 sacerdotio
738 2788 965 2845 fuerant
1012 2790 1071 2843 in
1112 2791 1432 2858 Scripturis
1481 2790 1703 2845 divinis

53 2860 305 2929 prolata,
339 2860 451 2915 sibi
506 2868 841 2932 arroganter
886 2860 1130 2928 aptanda
1170 2862 1585 2930 praesumeret?
1627 2863 1702 2915 Eo

53 2938 220 2986 certo
284 2932 527 2987 consilio
588 2937 833 2986 testatur
902 2932 1157 2997 Tacitus,
1227 2938 1283 2987 et
1328 2946 1395 2987 ex
1466 2946 1531 2987 eo
1593 2934 1704 2987 Ba—

53 3002 272 3057 ronius
321 3004 385 3058 ad
436 3015 651 3057 annum
690 2998 781 3070 77,
831 3016 989 3057 num.
1041 3000 1076 3057 3
1114 3011 1170 3057 et
1212 3000 1262 3067 4,
1321 3004 1706 3058 assentatori—

1810 1793 2015 1858 centis,
2044 1799 2108 1845 ut
2136 1799 2461 1863 occurreret
2517 1799 2703 1861 sectae,
2750 1801 2923 1863 atque
2956 1797 3137 1850 errori
3192 1796 3249 1850 in
3305 1797 3453 1851 Urbe

1813 1863 2067 1935 nascenti
2114 1862 2414 1917 occasione
2453 1863 2801 1933 Judaaorum,
2830 1862 3034 1935 ’atque
3085 1867 3449 1923 ethnicorum

1810 1933 2157 2002 Vespasiano
2187 1935 2631 2008 assentantium,
2654 1941 2710 1990 et
2756 1933 3086 2005 prOphetica
3113 1939 3269 1993 dicta
3310 1952 3444 2008 per-

1809 2009 2173 2071 vertentium,
2203 2004 2271 2058 ad
2306 2006 2601 2060 haereticas
2645 2004 2948 2074 opiniones
2978 2004 3445 2073 consolidan'das,

1811 2075 1865 2129 id
1903 2075 2442 2148 munerisexigente
2467 2077 2629 2148 Petro
2681 2079 2739 2132 in
2787 2079 3056 2147 epistola.
3088 2080 3275 2148 Quare
3313 2087 3450 2135 tan—

1809 2159 1977 2215 quam
2006 2146 2287 2215 sophista,
2320 2154 2422 2202 aut
2467 2147 2849 2217 philosophus
2890 2146 3226 2217 maledicus,
3252 2157 3309 2207 et
3338 2151 3450 2205 ob—

1809 2223 2081 2290 trectator
2113 2218 2416 2286 principis,
2450 2220 2568 2290 _cui
2626 2222 2817 2275 casteri
2862 2223 3323 2290 assentabantur,
3377 2220 3450 2275 ab

1809 2287 1956 2343 Urbe
1986 2290 2266 2349 recedere.
2302 2303 2389 2360 Aac
2440 2287 2703 2345 fortassis
2756 2293 2870 2360 jam
2924 2298 3045 2347 tum
3082 2287 3347 2347 exsulare
3392 2292 3451 2345 in

1810 2361 2050 2414 Pontum
2069 2361 2271 2429 jussus
2292 2357 2469 2415 fuerit
2517 2360 2647 2432 (non
2681 2357 2846 2418 secus
2883 2376 2951 2419 ac
2998 2363 3293 2418 Helvidius
3323 2363 3453 2418 Pri-

1810 2444 1943 2485 scus
1968 2431 2136 2486 Urbis
2166 2431 2847 2503 prtetor,_autHostilius,
2886 2440 2941 2489 et
2999 2435 3322 2503 Demetrius
3345 2434 3449 2503 Cy-

1813 2504 1983 2577 nicus
2017 2504 2073 2556 in
2106 2501 2612 2577 insulasfuerant
2684 2506 3117 2577 relegatianno
3140 2502 3268 2574 73);
3321 2501 3448 2561 cum
3548 2566 3565 2571 _

1811 2575 2056 2628 ethnicaa
2100 2573 2548 2642 superstitionis
2593 2573 2829 2643 patroni
2872 2576 3353 2643 criminarentur,
3394 2580 3452 2630 et

1811 2643 2100 2699 deferrent
2124 2653 2397 2717 tanquam,
2417 2645 2863 2717 obtrectationes
2903 2648 2960 2702 in
2990 2648 3330 2717 principem,
3365 2659 3451 2714 ea,

1812 2730 1937 2786 qua:
1970 2729 2071 2785 pro
2099 2722 2304 2771 nostra:
2325 2716 2625 2786 religionis
2645 2715 2831 2773 oﬁicio
2860 2719 2929 2772 ad
2955 2715 3137 2773 veram
3188 2715 3460 2787 Scriptu—

1813 2801 2005 2842 rarum
2055 2788 2581 2855 interpretationem
2612 2801 2644 2842 a
2696 2788 2911 2843 Christi
2966 2789 3186 2845 vicario
3238 2803 3371 2844 voce
3404 2798 3461 2844 et

1814 2860 2033 2927 scripto
2064 2857 2516 2925 proferebantur.
2544 2859 2620 2913 De
2649 2858 2823 2928 hujus
2879 2860 3050 2915 etiam
3081 2860 3338 2915 muneris
3356 2860 3458 2915 di-

1816 2930 2054 3000 gnitate,
2080 2944 2206 2998 quae
2237 2930 2448 2999 regalis
2481 2929 2699 3000 Christi
2751 2931 3061 2985 sacerdotii
3119 2932 3457 3000 participem

1818 3000 2087 3055 reddebat
2110 3002 2472 3063 Clementem,
2496 3000 2546 3053 si
2576 2999 2720 3055 forte
2765 3002 3063 3070 quidpiam
3087 2999 3348 3057 suboluit
3371 3014 3462 3056 ac-

53 3078 170 3128 bus
204 3074 263 3127 in
284 3076 489 3134 Judaea,
518 3075 574 3128 in
604 3074 840 3145 Egypto
856 3075 989 3129 etin
1013 3074 1157 3128 Urbe
1173 3089 1343 3129 aures
1367 3075 1700 3145 praebuisse.
1733 3083 1779 3142 ρ,
1817 3070 2187 3145 cusatoribus
2216 3071 2719 3145 Christianorum“
2740 3085 2947 3126 novum
2997 3073 3311 3145 discrimen
3336 3077 3457 3145 tum

55 3145 375 3213 praesertim
398 3145 661 3215 Josepho,
694 3144 764 3200 ad
807 3146 1067 3201 eumdem
1106 3147 1379 3201 Caesarem
1435 3144 1701 3200 referenti

55 3232 107 3271 m
139 3230 275 3286 qua:
304 3217 590 3286 prophetae
617 3217 688 3272 de
710 3216 941 3272 Christo
983 3217 1224 3272 Domino
1247 3219 1401 3285 pacis
1444 3219 1700 3285 Principe

56 3289 343 3343 livinitus
370 3288 779 3356 praedixerant:
835 3288 914 3343 ita
946 3294 1010 3341 ut
1032 3289 1192 3343 Pacis
1214 3288 1410 3357 templi
1442 3288 1700 3343 omnium

55 3360 402 3428 implissimi
434 3361 495 3413 in
526 3359 672 3415 Urbe
696 3359 1010 3424 excitandi,
1039 3372 1105 3413 ac
1156 3359 1462 3414 dedicandi
1495 3372 1559 3413 ea
1593 3371 1702 3427 po-

56 3432 353 3486 ,issimum
377 3444 547 3487 causa
574 3429 826 3491 fuerit,«
878 3431 1028 3500 quod
1078 3431 1338 3486 audisset
1383 3432 1469 3500 (ut
1510 3429 1702 3485 verbis

56 3502 287 3557 Baronii
316 3500 464 3571 utar)
491 3503 551 3557 in
581 3503 837 3558 oraculis
864 3515 988 3557 esse
1051 3501 1217 3556 illum
1272 3503 1461 3571 ipsum
1514 3514 1699 3572 regem

56 3575 215 3628 iacis
273 3573 591 3642 Principem
624 3574 1054 3639 nominandum,
1087 3580 1143 3627 et
1174 3574 1232 3627 in
1267 3571 1605 3627 immensum
1629 3571 1701 3625 ab

55 3659 111 3701 ιο
139 3644 266 3715 fore
319 3646 743 3715 propagandum
772 3644 1098 3712 imperium,
1124 3644 1394 3714 pacisque
1422 3644 1555 3698 inde
1576 3642 1703 3698 nul-

56 3730 170 3770 .um
196 3714 463 3771 futurum
491 3714 615 3771 esse
637 3716 823 3785 ﬁnem,
855 3716 942 3770 sic
975 3715 1203 3771 dicente
1238 3718 1411 3770 lsaia:
1479 3715 1702 3770 Vocabi-

56 3794 142 3840 θην
163 3802 363 3840 nomen
385 3788 504 3855 ejus
562 3790 812 3857 Princeps
849 3790 1040 3857 pacis:
1094 3786 1555 3855 multiplicabitur
1582 3786 1701 3857 ejus

56 3860 367 3926 mperium,
418 3865 469 3912 et
500 3861 653 3927 pacis
699 3856 809 3912 non
853 3861 956 3913 erit
996 3860 1144 3927 ﬁnis.
1199 3859 1421 3925 Eadem,
1470 3856 1704 3926 perinde

57 3946 110 3984 lc
143 3930 218 3983 de
240 3942 302 3984 se
326 3930 482 3984 dicta
511 3935 719 3995 essent,
750 3946 782 3985 a
810 3930 1053 3999 Josepho
1078 3929 1267 3985 oblata
1295 3928 1407 3983 sibi
1472 3941 1704 3983 sumens

62 3999 485 4071 Vespasianus)
510 4001 943 4056 celeberrimum
967 4001 1225 4056 omnium
1258 4000 1535 4068 templum
1579 3999 1704 4071 eri-7

57 4072 375 4143 gens,Paci'
410 4069 626 4143 aeternae
650 4073 906 4128 dicavit:
956 4086 1021 4128 eo
1072 4073 1225 4127 enim
1283 4071 1456 4143 titulo
1503 4069 1700 4143 templi

58 4140 319 4198 iorticus
345 4140 549 4198 faciem
575 4143 757 4199 fuisse
785 4149 1035 4199 notatam
1070 4140 1418 4198 numismata
1462 4140 1704 4210 antiqua

57 4214 375 4279 leclarant,
404 4215 500 4269 sed
538 4222 595 4270 et
645 4222 807 4270 vetus
862 4215 1169 4283 inscriptio
1227 4228 1353 4283 qua:
1410 4213 1598 4269 Romae
1644 4212 1703 4265 in

57 4284 281 4340 edibus
321 4285 686 4341 Farnesianis
728 4286 905 4354 lapidi
940 4286 1226 4355 insculpta
1251 4284 1481 4355 legitur,
1505 4284 1564 4338 in
1591 4294 1703 4352 qua

58 4362 92 4410 rt
133 4355 457 4424 descripta:
485 4364 624 4411 sunt
647 4357 839 4412 tribus
863 4371 989 4426 qua:
1008 4358 1077 4411 ad
1106 4357 1302 4425 templi
1354 4362 1703 4410 structuram

57 4426 367 4482 vecuniam
397 4429 785 4485 contulerunt.
823 4427 938 4483 hazc
967 4428 1134 4482 habet
1157 4429 1340 4496 primo
1363 4426 1488 4482 loco
1512 4429 1701 4479 notata

1816 3141 2096 3210 pontiﬁci,
2123 3149 2241 3196 tum
2268 3144 2536 3196 universo
2569 3140 2826 3195 ﬁdelium
2853 3142 3028 3197 canui
3061 3141 3306 3197 fortasse
3333 3143 3451 3197 im-

1817 3211 2089 3277 minebat,
2112 3213 2162 3265 si
2193 3212 2452 3266 Clemens
2490 3211 2720 3265 diutius
2772 3213 2831 3265 in
2886 3212 3032 3266 Urbe
3083 3214 3449 3280 persisteret:

1811 3282 2216 3338 criminaturis
2240 3282 2491 3336 ethnicis
2524 3282 2758 3349 perinde
2777 3283 3094 3348 acJudmis,
3123 3296 3233 3337 non
3264 3296 3451 3351 secus,

1812 3366 1878 3409 ac
1910 3353 2322 3421 Hierosolymis
2348 3352 2640 3407 Christum
2665 3352 2970 3408 Dominum
3023 3359 3453 3421 accusaverant,

1810 3427 1882 3482 de
1910 3425 2070 3494 regni
2101 3423 2459 3479 aﬁectatione
2493 3424 2643 3490 apud
2680 3423 2945 3478 Pilatum.
2998 3421 3203 3491 Quare.
3241 3423 3456 3480 utCle-

1812 3509 1971 3550 mens
1995 3496 2316 3550 ostenderet
2354 3494 2681 3549 evidentius
2725 3508 2783 3548 se
2811 3494 2962 3549 nihil
2993 3495 3230 3550 mortale
3276 3508 3458 3565 appe—

1812 3576 1947 3636 tere,
1975 3572 2078 3621 aut
2104 3566 2400 3635 quidpiam
2432 3572 2630 3619 contra
2658 3566 2963 3632 imperium
2998 3566 3336 3621 moliricum
3376 3579 3459 3620 re-

1812 3639 1968 3705 gium
1993 3637 2210 3691 Christi
2234 3636 2617 3692 sacerdotium
2644 3637 2978 3703 praedicaret
3017 3638 3257 3706 ejusque
3304 3636 3458 3692 vices

1811 3710 2061 3764 Romana
2113 3709 2170 3762 in
2228 3708 2475 3763 Ecclesua
2519 3713 2757 3777 gereret,
2837 3714 3105 3775 praestare
3149 3708 3338 3774 duxit,
3401 3713 3460 3763 et

1813 3780 2155 3834 Christianae
2180 3778 2362 3848 plebis
2405 3778 2771 3833 indemnitati
2829 3777 3067 3833 uberius
3122 3778 3453 3834 consultum

1814 3852 1891 3906 iri
1926 3850 2191 3920 pervidit,
2222 3851 2272 3905 si
2312 3855 2470 3905 tanto
2516 3861 2750 3903 munere
2797 3862 2935 3920 sese
2967 3849 3293 3920 abdicaret,
3325 3850 3455 3904 etsi

1812 3917 2145 3992 apostolicae
2166 3922 2462 3991 potestatis
2486 3920 2785 3989 plenitudo
2809 3920 2867 3975 in
2889 3919 3134 3992 alterum
3159 3917 3454 3992 conferre-

1813 3991 1928 4055 tur,
1955 3997 2053 4063 qui
2079 3994 2272 4047 minus
2293 3994 2533 4047 t‘ortasse
2554 3997 2740 4063 notus,
2774 3997 2877 4063 aut
2898 3991 3194 4063 expositus
3220 3991 3454 4046 invidiae

1813 4061 2197 4131 ethnicorum,
2232 4076 2527 4119 successor
2556 4062 2669 4116 sibi
2702 4075 2735 4115 a
2755 4061 2909 4117 clero
2937 4062 3305 4132 deligeretur.
3333 4063 3458 4117 Haec

1814 4137 2008 4191 omnia
2056 4135 2135 4189 ita
2164 4135 2447 4189 cohaerere
2488 4133 2757 4187 videntur
2798 4146 2929 4187 cum
2984 4133 3154 4188 rebus
3198 4133 3375 4191 gestis
3423 4145 3457 4187 a

1815 4207 2161 4276 Vespasiano
2180 4219 2248 4260 ex
2274 4218 2423 4260 anno
2438 4201 2510 4259 73
2538 4200 2719 4276 ad_76,
2738 4209 2795 4258 et
2828 4217 2966 4276 cum
3011 4200 3371 4276 consulibus,
3401 4209 3459 4258 et

1814 4274 2105 4347 annisper
2129 4276 2417 4347 catalogos
2471 4274 3113 4347 attributisClementi,
3175 4282 3229 4347 et
3275 4274 3454 4347 Cleto,

1817 4345 2031 4403 necnon
2073 4361 2201 4405 cum
2222 4345 2402 4402 dictis
2431 4362 2461 4402 a
2480 4347 2574 4401 SS.
2631 4345 2896 4400 Patribus
2924 4345 2995 4400 de
3040 4346 3294 4414 ejusdem
3323 4345 3455 4400 Cle—

1818 4420 2025 4474 mentis
2044 4418 2318 4488 Operibus
2341 4418 2509 4488 stylo,
2543 4417 2811 4472 sensibus
2826 4422 2884 4471 et
2905 4415 3184 4488 historia;
3211 4420 3275 4470 ut
3298 4415 3455 4488 hisce

58 4497 222 4553 'erba
246 4499 387 4566 paci
407 4504 637 4553 eterna.
655 4500 864 4554 Caetera
887 4512 1013 4569 qua:
1028 4485 1350 4568 sequuntur
1374 4495 1707 4569 praetermit-
1737 4498 1791 4557 D
1816 4485 2168 4569 coniecturis
2193 4485 2422 4559 sperare
2455 4489 2668 4569 possim
2700 4485 3249 4569 commendationem
3283 4486 3450 4569 plane

58 4572 259 4636 imus,
296 4570 450 4637 quod
480 4572 559 4625 sit
585 4570 732 4626 alias
748 4566 941 4625 eadem
967 4566 1271 4638 inscriptio
1292 4582 1323 4622 a
1342 4566 1509 4621 nobis
1538 4578 1705 4638 supe-

62 4641 173 4695 ius
210 4636 481 4694 recitata.
512 4644 569 4696 In
603 4654 837 4696 nummo
891 4642 1065 4696 etiam
1114 4636 1381 4710 argenteo
1427 4640 1487 4710 in
1558 4636 1709 4710 hunc

58 4712 170 4765 10d
188 4722 291 4765 um
315 4727 330 4763 :
358 4715 485 4778 paci
511 4728 556 4767 ω
574 4713 733 4767 deest
762 4717 947 4775 ternae,
974 4731 1000 4761 υ
1018 4718 1133 4767 etc.
1159 4708 1387 4764 Nummi
1408 4722 1440 4764 a
1461 4708 1702 4762 Baronio

66 4781 353 4836 bservati
374 4782 537 4839 Pacis
554 4784 827 4853 templum
845 4796 877 4837 a
895 4782 1238 4852 Vespasiano
1254 4780 1513 4855 dicatum
1525 4782 1709 4855 osten-

64 4858 256 4906 entes
285 4860 567 4923 notantur
595 4849 850 4923 ejusdem
882 4849 1040 4909 sexto
1069 4851 1394 4923 consulatu,
1439 4849 1707 4917 aliusque

62 4936 195 4993 pud
264 4922 695 4994 Mediobarbam
744 4932 1050 4994 argenteus
1105 4922 1709 4994 inscribiturAcons‘uj-

60 4989 161 5049 itu
185 5006 275 5047 vn
299 4998 364 5046 et
378 4992 482 5050 hac
498 4989 1031 5071 Epigraphe'PAClS
1058 4994 1381 5050 EVENTUH
1417 4989 1559 5071 C0}
1596 4990 1705 5071 Vit:

59 5062 565 5135 tuare_contestes
584 5062 740 5129 sunt,
771 5079 868 5135 per
891 5069 1059 5122 hosce
1078 5079 1259 5120 annos
1316 5077 1440 5119 terte
1493 5062 1708 5135 Christi

59 5137 95 5191 ὅ
124 5142 192 5191 et
222 5131 327 5199 76,
366 5138 586 5207 quibus
625 5131 1009 5208 Vespasianus
1040 5137 1319 5208 processit
1342 5134 1539 5190 consul
1573 5145 1625 5186 v1
1657 5138 1713 5186 et

59 5223 99 5262 lt
151 5209 578 5277 percrebuisse
622 5212 681 5265 in
751 5211 897 5267 urbe
949 5222 1259 5275 sermones,
1309 5208 1715 5275 detorquentes

60 5279 341 5333 iticinia
377 5282 784 5351 prophetarum
800 5284 871 5338 de
897 5282 1269 5350 Redemptore
1295 5291 1360 5332 ac
1383 5280 1493 5332 Deo
1518 5280 1712 5330 nostro

60 5353 278 5426 rotata
296 5393 310 5414 ,
332 5351 395 5406 in
411 5352 637 5426 laudem
661 5352 888 5426 profani
907 5351 1212 5426 principis,
1231 5362 1474 5426 quorum
1492 5356 1715 5426 summa

59 5424 277 5500 egitur
298 5424 461 5492 apud
486 5420 791 5492 Josephum
820 5420 1075 5500 ejusdem
1104 5420 1370 5500 perversi
1392 5420 1712 5500 “dogmatis

59 5486 457 5568 equestrem,
473 5500 531 5568 et
555 5486 893 5568 sectatorem
920 5497 976 5550 in
1006 5486 1354 5568 ﬁne'capitis
1385 5487 1468 5551 12,
1504 5486 1604 5568 lib.
1629 5498 1709 5568 _vu

61 5578 88 5619 e
138 5564 319 5620 bello
355 5566 630 5621 Judaico:
661 5579 805 5635 quos
835 5566 1014 5638 libros
1068 5565 1201 5638 itaa
1257 5574 1319 5638 se
1369 5562 1714 5638 perscriptas

61 5641 329 5705 estatur,
387 5642 618 5711 atquea
676 5628 1034 5711 setraditos
1092 5631 1551 5711 Vespasiano_ac
1585 5628 1714 5711 Tito

61 5699 544 5775 operatoribus,
579 5712 642 5762 ut
686 5708 859 5763 etiam
914 5699 1313 5775 commemoret
1343 5701 1403 5755 in
1454 5699 1604 5754 libro
1648 5699 1718 5753 de

62 5774 159 5833 ita
194 5791 354 5847 sua,
383 5780 568 5832 Titum
588 5781 969 5848 imperatorem
998 5775 1208 5830 eosdem
1230 5774 1395 5828 libros
1416 5787 1520 5827 sua
1550 5785 1720 5825 manu

367 5876 602 5932 PATROL.
634 5876 903 5932 CXXVII.

1819 4555 2065 4617 similem
2089 4555 2541 4621 accessuram—ei,
2577 4570 2746 4627 quam
2779 4557 3055 4627 Baronius
3092 4555 3261 4627 paulo
3316 4561 3448 4627 ante

1816 4632 2013 4686 allatis
2040 4635 2440 4700 proventuram
2465 4642 2577 4683 non
2594 4625 2902 4700 difﬁdebat,
2924 4639 3053 4700 cum
3082 4625 3360 4700 scriberet
3371 4626 3446 4700 ad

1819 4702 1985 4759 linem
2018 4694 2277 4757 anni77:
2310 4721 2337 4752 α
2374 4701 2497 4753 Haec
2546 4711 2696 4765 vero,
2756 4696 2891 4751 licet
2929 4696 3047 4750 sint
3091 4709 3124 4749 a
3152 4695 3319 4749 nobis
3363 4694 3449 4766 (ut

1816 4773 2086 4841 superius
2110 4770 2388 4841 diximus)
2403 4769 2825 4841 exconjectura
2843 4767 3087 4841 deducta
3111 4784 3126 4835 ;
3156 4765 3450 4841 nihilomi-

1817 4837 1927 4898 nus
1952 4843 2099 4896 haud
2130 4842 2298 4897 facile
2320 4840 2391 4894 ab
2420 4840 2576 4903 aliis,
2601 4839 2795 4893 omnia
2828 4837 3001 4891 simul
3021 4843 3219 4891 exacte
3248 4837 3447 4892 consi-

1815 4913 2176 4980 derantibus,
2206 4910 2615 4967 contemnenda
2648 4907 2767 4980 fore
2794 4915 3080 4980 putamus.
3118 4926 3144 4956 υ

1886 4984 1941 5039 8.
1970 4978 2201 5052 Obiecta
2218 4984 2334 5038 duo
2362 4979 2894 5052 mihidissolvenda
2937 4978 3191 5052 fortasse
3233 4991 3446 5047 propo-

1820 5047 2069 5110 nenturf
2099 5055 2249 5124 quod
2286 5066 2370 5107 me
2395 5052 2782 5124 praestiturum
2806 5047 3279 5124 hauddiﬁlculter
3302 5061 3442 5103 con-

1822 5127 1952 5181 ﬁdo.
1992 5121 2242 5180 Primum
2268 5129 2373 5189 est,
2401 5136 2506 5177 cur
2533 5123 2591 5176 in
2632 5133 2848 5175 canone
2893 5121 3097 5188 missae,
3144 5125 3313 5174 tantae
3345 5133 3448 5175 ve—

1824 5198 2059 5253 tustatis
2082 5203 2255 5266 atque
2273 5193 2646 5266 auctoritatis
2662 5191 3044 5266 autographa,
3080 5197 3445 5259 praeponatur

1819 5268 2095 5324 Clementi
2123 5262 2337 5334 Cletus,
2372 5278 2539 5335 quem
2570 5262 2861 5319 abdicanti
2906 5263 3109 5335 datum
3153 5274 3447 5335 successo-

1824 5353 1940 5395 rem
1970 5336 2242 5394 asserui?
2265 5331 2465 5403 Velim,
2495 5342 2559 5390 ut
2578 5334 2911 5404 quicunque
2933 5332 3037 5387 hoc
3078 5331 3322 5387 dubium
3349 5346 3456 5387 ex-

1822 5413 2025 5476 citant,
2061 5409 2333 5465 memoria
2361 5411 2635 5476 repetant,
2663 5404 2885 5476 Cletum
2914 5415 2985 5476 ex
3005 5408 3199 5458 nostra
3220 5409 3456 5476 senten-

1823 5484 1929 5543 tia,
1979 5472 2034 5537 et
2074 5494 2144 5537 ex
2194 5472 2581 5546 catalogorum
2626 5472 3003 5546 ‘chronol0gia
3036 5472 3353 5546 consulari,
3403 5480 3459 5529 et

1822 5555 2097 5622 Caesarea,
2132 5551 2322 5606 serius
2339 5544 2569 5622 quidem
2590 5546 2905 5622 admissum
2923 5544 2991 5600 ad
3018 5544 3251 5622 maximi
3280 5546 3462 5613 ponti-

1827 5625 1955 5681 ﬁcis
1982 5615 2191 5678 munus
2215 5615 2524 5692 gerendum
2556 5618 2617 5692 in
2653 5617 2926 5692 Ecclesia,
2981 5627 3152 5692 quam
3192 5615 3461 5671 Clemen-

1829 5704 1964 5764 tem,
1992 5695 2089 5750 sed
2122 5692 2191 5747 ad
2218 5686 2481 5759 martyrii
2513 5689 2761 5764 gloriam
2792 5689 2849 5742 in
2899 5686 3465 5764 ccelisconsequen—

1831 5758 1963 5824 dam
1993 5763 2279 5821 maturius
2298 5758 2659 5835 pervenisse:
2690 5762 3057 5829 etpropterea
3081 5758 3139 5811 in
3161 5758 3467 5829 diptychas

3035 5853 3106 5912 34
