4036 6174
458 236 594 302 4067

1676 236 2037 292 ANASTASII
2079 235 2620 293 BIBLIOTHECARII

3728 232 3859 293 1068

461 374 792 438 martyrum,
810 366 1053 422 relatum
1089 365 1262 438 annis
1294 361 1562 432 pluribus
1586 367 1716 438 ante
1743 360 2107 438 Clementem.
2137 358 2191 415 A
2226 357 2421 438 itaque
2452 359 2510 412 in
2542 358 2800 438 numeris
2829 362 2987 414 tanto
3015 363 3103 414 est
3126 356 3447 438 proclivior
3476 359 3749 438 quamin
3777 374 3866 415 no-

460 442 560 510 qui
593 430 720 508 post
746 437 1164 510 abdicationem
1206 430 1487 510 diutiirno
1516 432 1729 510 exsilio
1778 430 2108 510 probatusa

458 502 702 567 Domino
747 520 931 577 usque
980 508 1293 581 adannum
1326 504 1552 581 Trajani
1602 502 1991 581 iertium_vit_ae
2023 505 2109 581 est

458 587 802 644 reservatus,
835 573 977 634 teste
1024 577 1364 645 Hieronymo
1403 577 1472 629 de
1500 576 1706 642 Script.
1746 573 2107 645 ecclesiasti—

458 653 564 707 cis.
622 643 894 705 Videmus
939 649 997 702 in
1029 643 1248 703 canone
1284 647 1470 700 missa-
1508 645 1765 699 ordinem
1809 643 2103 711 temporis,

462 736 578 793 quo
606 719 1024 793 quisqueabiit
1062 718 1232 793 evita
1262 719 1320 771 in
1354 721 1663 784 martyrum
1695 714 1981 793 classibus
2012 727 2106 793 re:-

460 783 657 858 tineri,
710 783 828 846 tum
865 792 922 845 in
971 789 1239 858 precibus
1282 794 1415 841 ante
1464 783 1970 858 censecrationem,
2006 783 2105 858 ubi

461 855 695 919 nomina
739 855 1108 917 recensentur
1145 859 1420 925 Cornelii,
1464 857 1756 927 Cypriani,
1790 855 2106 919 Laurentii,

463 936 839 1004 Chrysogoni.
878 932 1114 1004 Joannis
1156 937 1211 985 et
1251 929 1451 1004 Pauli;
1485 934 1864 1004 tum_peracta
1902 939 2109 982 conse—

462 996 719 1062 cratione
751 1003 848 1059 ubi
881 1003 1093 1058 sociari
1128 1002 1419 1070 poscimus
1443 1014 1573 1054 eum
1603 996 1816 1054 JOanne
1846 996 2109 1070 (praecur-

456 1091 612 1141 sore,
673 1088 773 1131 seu
824 1067 1140 1142 Baptista),
1172 1071 1477 1140 Stephano,
1522 1070 1781 1142 Matthia.
1832 1067 2106 1130 Barnaba.

461 1147 703 1216 Ignatio,
732 1141 1671 1216 Alexandro.Marcellino,_Pet_ro,
1704 1141 1838 1216 licet
1873 1147 2111 1216 aposto—

462 1212 615 1275 latus
642 1230 875 1272 munere
890 1215 1182 1279 Matthias,
1206 1220 1262 1268 et
1286 1213 1593 1267 sacerdotii
1618 1212 1795 1282 gradu
1821 1217 1940 1266 tum
1966 1212 2107 1279 ipse,

461 1295 584 1345 tum
615 1290 804 1343 caeteri
827 1288 925 1355 qui
949 1292 1403 1352 consequuntur.
1428 1282 1972 1355 Stephanodiacono
1992 1282 2114 1336 sint

466 1353 869 1431 praemittendi.
895 1357 1200 1431 Parigitur
1220 1355 1369 1409 ratio
1393 1354 1858 1431 estprzepoiiendi
1890 1353 2110 1431 Cletum

459 1422 774 1492 Clementi;
829 1442 959 1483 cum
999 1422 1194 1482 Cletus
1234 1439 1386 1480 anno
1432 1426 1646 1479 Christi
1683 1422 1772 1486 83,
1822 1424 2114 1478 Domitia-

462 1516 535 1558 no
578 1514 678 1556 vm
710 1507 768 1555 et
792 1498 939 1555 Rufo
979 1496 1340 1557 consulibus.
1376 1497 1710 1564 sanguinem
1751 1508 1851 1563 pro
1878 1495 2110 1549 Christo

462 1572 712 1629 fuderit:
758 1571 1033 1625 Clementi
1066 1581 1195 1622 vero
1239 1568 1429 1621 eadem
1462 1580 1670 1621 corona
1700 1567 1891 1620 serius
1916 1565 2113 1619 conti-

463 1645 613 1715 gerit
652 1642 817 1715 circa
872 1638 1349 1715 annumﬂhristi
1393 1635 1512 1703 400,
1573 1638 1673 1707 qui
1728 1636 2109 1706 pontiﬁcalem

464 1706 794 1785 praetulerat
818 1725 886 1767 ex
912 1709 984 1766 68
1006 1711 1074 1765 ad
1104 1706 1196 1765 77.

531 1786 718 1840 Aliam
758 1795 987 1852 quoque
1033 1794 1262 1836 causam
1287 1778 1939 1852 prteponendiﬁcietum
1980 1778 2114 1832 Cle—

468 1857 640 1912 menti
673 1849 985 1910 ostendunt
1016 1853 1244 1907 codices
1267 1850 1583 1910 Anastasii.
1624 1863 1656 1903 a
1684 1849 1948 1904 Fabrotto
1998 1852 2113 1902 im-

466 1927 648 1998 pressi
680 1939 748 1981 ex
790 1924 1161 1998 bibliothecis
1204 1923 1416 1998 Regi_a_,_
1446 1922 1730 1998 Mazarina
1759 1927 1814 1974 et
1851 1920 2107 1998 Thuana.

463 1991 708 2069 quorum
764 1996 931 2069 verba
982 1991 1486 2069 dedimusVides
1542 1993 1741 2046 Linum
1790 1999 1848 2069 et
1890 1991 2109 2069 Cletum

464 2062 646 2124 multo
676 2068 961 2122 maturius
984 2079 1013 2118 a
1048 2066 1106 2119 Β.
1140 2066 1303 2119 Petro
1332 2072 1693 2118 consecratos
1712 2064 2012 2131 episcopos
2040 2062 2109 2116 ad

465 2139 856 2195 ministerium
882 2137 1150 2192 ordinum
1201 2137 1258 2189 in
1298 2134 1446 2189 Urbe
1479 2148 1668 2188 secum
1700 2133 2108 2199 exhibendum,

463 2225 633 2280 quam
665 2208 843 2264 fuerit
880 2207 1193 2280 episcOpali
1235 2206 1600 2280 ordinatione
1635 2206 1951 2274 insignitus
1980 2203 2113 2257 Cle-

466 2276 644 2344 mens,
678 2293 844 2348 quem
869 2276 1077 2342 serius,
1114 2278 1217 2332 hoc
1247 2283 1332 2332 est
1358 2276 1526 2344 paulo
1551 2282 1681 2329 ante
1711 2289 1881 2329 suum
1910 2281 2111 2348 marty—

463 2353 617 2407 rium
649 2346 719 2405 ab
743 2349 1132 2417 apostolorum
1169 2348 1431 2416 Principe
1456 2353 1849 2401 consecratum
1880 2346 2111 2413 episco-

465 2436 599 2492 pum
620 2421 835 2492 diserte
867 2418 1057 2492 refert.
1094 2419 1373 2487 Epocham
1406 2418 1587 2489 igitur
1615 2418 2003 2492 ordinationis
2032 2430 2112 2471 re-

462 2488 611 2549 tinet
663 2491 844 2547 series
899 2491 955 2545 in
1011 2503 1228 2544 canone
1269 2503 1556 2558 expressa,
1612 2491 1828 2553 Linum,
1882 2488 2104 2547 Cletum,

461 2565 780 2619 Clementem
819 2574 1154 2616 memorans.
1190 2561 1573 2629 pra-termissa
1602 2560 1749 2613 serie
1784 2558 2112 2613 successio-

462 2637 577 2703 nis,
622 2635 787 2705 juxta
844 2646 1039 2705 (ιιιειιη⁸
1081 2631 1252 2705 aliter
1299 2638 1490 2686 essent
1545 2630 1938 2685 enumerandi.
2003 2630 2107 2683 Sed

462 2701 642 2775 prieri
675 2718 861 2759 causa:
888 2704 1008 2775 ﬁdo,
1027 2701 1340 2775 lubentius.

530 2776 583 2830 9.
612 2775 869 2830 Alterum
914 2774 1057 2827 mihi
1090 2771 1479 2840 objiciendum
1515 2776 1738 2838 petetur
1779 2784 1845 2825 ex
1877 2784 2110 2826 numero

457 2859 741 2903 annorum
773 2842 858 2904 42,
892 2858 1056 2911 quem
1093 2843 1351 2912 plerique
1376 2842 1603 2897 codices
1632 2841 1899 2896 tribuunt
1929 2842 2112 2910 ponti-

459 2919 553 2975 ﬁci
596 2917 773 2979 Cleto,
831 2916 965 2970 licet
1012 2914 1274 2984 Belgicus
1328 2912 1698 2984 Papebrochii
1746 2915 2106 2981 septennium

459 3004 589 3045 cum
636 2986 803 3042 nobis
846 2983 1129 3055 assignet.’
1171 2991 1228 3039 et
1269 2992 1513 3054 quartus
1555 2983 1920 3039 Colbertinus
1970 2998 2110 3053 pro-

456 3060 647 3115 trabat
691 3059 758 3114 ad
827 3058 1180 3121 octennium,
1232 3055 1573 3111 Liberianus
1631 3069 1760 3110 vero
1813 3055 2108 3125 catalogus

458 3131 795 3187 sexennium
829 3129 1226 3183 tantummodo
1258 3135 1535 3182 numeret.

529 3204 683 3256 Hanc
733 3198 1130 3256 diﬁicultatem
1180 3197 1340 3252 nullo
1370 3197 1599 3268 negotio
1634 3196 2027 3263 dissolverem,
2056 3198 2107 3251 si

457 3272 681 3329 numeri
722 3284 1025 3337 annorum,
1078 3270 1382 3335 mensium,
1433 3284 1497 3322 ac
1526 3270 1753 3324 dierum
1800 3269 1907 3325 sub
1955 3269 2110 3324 Cleto

455 3347 819 3413 superessent
848 3341 909 3413 in
938 3341 1086 3396 serie
1121 3339 1414 3409 pontiﬁcia
1445 3339 1699 3413 basilica:
1719 3341 1773 3413 ξ.
1819 3340 1979 3413 Pauli
2015 3347 2112 3394 to-

456 3411 564 3470 ties
594 3414 847 3469 laudata.
890 3411 1047 3467 Licet
1074 3425 1200 3466 vera
1236 3417 1353 3465 tota
1385 3411 1697 3479 epigraphe
1723 3412 1775 3465 S.
1805 3411 1949 3465 Cleti
1978 3426 2109 3466 cum

454 3488 582 3555 ejus
608 3484 859 3554 nomine,
908 3496 975 3537 ac
1006 3482 1262 3537 numeris
1293 3481 1401 3555 sub
1432 3482 1683 3551 imagine
1703 3482 1954 3555 ejusdem
1981 3496 2112 3555 om—

458 3553 597 3613 nino
638 3562 975 3622 consumpta
1016 3554 1131 3617 sit;
1159 3566 1226 3607 ex
1259 3554 1454 3608 codice
1485 3558 1669 3607 tamen
1698 3553 2111 3622 antiquissimo

460 3628 706 3697 catalogi
739 3625 1029 3697 Liberiani
1060 3639 1158 3693 per
1178 3623 1760 3697 saeculumintegrum
1787 3627 2115 3692 praeceden-

457 3700 534 3755 tis
567 3695 822 3768 picturas
863 3696 1119 3768 basilica:
1163 3697 1220 3768 _S.
1257 3695 1417 3768 Pauli
1464 3695 1997 3768 istzesupplentur,
2046 3709 2113 3768 ac

458 3765 714 3825 res—tota
762 3767 1086 3823 conﬁcitur.
1136 3766 1217 3820 lbi
1266 3765 1537 3828 leguntur
1579 3767 1854 3821 distincte
1888 3767 2111 3821 numeri

460 3853 607 3910 quos
629 3839 887 3910 recensui
918 3850 1198 3910 annorum
1221 3835 1274 3910 6,
1308 3836 1665 3910 mensium‘z,
1692 3852 1756 3892 ac
1775 3839 1998 3893 dierum
2024 3837 2108 3906 40,

459 3907 615 3964 Cleto
661 3907 953 3972 attributi,
1013 3909 1487 3974 quemadmodum
1538 3909 1815 3962 distincte
1850 3911 2113 3964 cernitur

460 3981 749 4035 successio
778 3977 920 4031 Cleti
958 3983 1084 4044 post
1103 3977 1469 4048 Clementem.
1502 3979 1593 4033 At.
1622 3980 1916 4048 inquiunt,
1948 3987 2111 4035 cata-

464 4048 882 4119 logusmFelicis
941 4048 1005 4102 ιν
1036 4056 1106 4119 et
1152 4047 1378 4119 codices
1430 4048 1607 4103 Italiae
1660 4052 1869 4105 vetusti
1915 4053 2106 4106 eadem

464 4117 590 4190 pag.
617 4117 689 4173 88
721 4118 984 4190 producti
1015 4118 1410 4190 duodennium
1436 4120 1592 4173 Cleto
1636 4123 2036 4177 contribuunt.

535 4188 617 4245 ita
647 4188 1061 4257 objicientibus
1091 4188 1206 4243 btec
1249 4204 1479 4255 repono.
1509 4191 1708 4245 Nonne
1756 4193 1899 4247 idem
1949 4201 2112 4248 cata-

466 4262 633 4330 logus
682 4259 888 4313 Felicis
932 4261 1131 4330 Quarti
1179 4261 1447 4315 consules
1494 4262 1790 4328 eXprimit,
1825 4270 1879 4317 et
1916 4278 1983 4319 ex
2034 4266 2111 4320 iis

464 4329 807 4388 consulibus
846 4329 1147 4396 colligitur
1190 4333 1440 4399 spatium
1474 4335 1732 4398 septenni
1759 4334 1916 4388 Cleto
1953 4338 2108 4390 assi-

469 4400 807 4475 gnandum?
862 4401 1009 4475 quod
1064 4400 1121 4453 in
1172 4402 1386 4475 Codice
1430 4400 1799 4475 Papebrochii
1841 4422 1874 4471 ς]
1918 4416 2112 4474 aperte

467 4472 827 4538 enuntiatur,
858 4480 916 4526 et
955 4472 1013 4526 in
1042 4477 1247 4540 quarto
1270 4472 1600 4527 Colbertino
1630 4474 1646 4525 ι
1675 4476 1741 4529 ad
1777 4472 2109 4531 octennium

467 4544 819 4610 extenditur,
856 4543 915 4596 in
940 4542 1144 4612 quinto
1174 4556 1304 4598 vero
1324 4559 1376 4596 m
1406 4544 1473 4598 ad
1506 4547 1869 4602 novennium.
1914 4548 2116 4603 Alter-

472 4623 665 4672 utrum
715 4614 897 4685 igitur
936 4614 1206 4685 mendose
1245 4614 1596 4683 descriptum
1648 4615 1763 4671 fuit
1801 4617 1858 4671 in
1891 4620 2105 4675 catalo-

469 4702 541 4759 go
570 4683 777 4741 Felicis
800 4683 1150 4759 lV_aliisque
1168 4685 1469 4759 codicibus
1505 4688 1809 4759 indicatis:
1845 4696 1899 4744 et
1934 4692 2119 4746 alter-

472 4755 667 4814 utrum
688 4755 998 4811 emendand
1013 4768 1102 4808 um
1120 4773 1134 4823 ς
1152 4755 1474 4811 velscilicct
1489 4758 1788 4817 consulum
1808 4762 2118 4817 nominaex

478 4841 712 4884 numero
735 4839 1015 4881 annorum
1037 4844 1050 4893 ;
1073 4825 1157 4880 vel
1181 4828 1402 4882 numeri
1420 4841 1698 4885 annorum
1720 4844 1786 4885 ex
1812 4832 2117 4888 consulum

475 4897 829 4973 nominibus.
860 4898 1008 4973 Peto,
1035 4898 1778 4973 uter_lapsus_librariorum
1806 4903 1885 4958 sit
1914 4918 2120 4973 praesu-

479 4971 716 5040 mendus
740 4968 1248 5040 etexistimandus
1272 4969 1540 5024 facilior?
1569 4977 1719 5026 certe
1744 4974 1800 5025 in
1822 4968 2117 5040 numeris;

478 5054 607 5096 cum
657 5037 724 5093 49
771 5039 989 5108 signari
1044 5052 1144 5107 pro
1190 5034 1223 5091 7
1271 5040 1445 5094 unius
1497 5040 1760 5097 elementi
1806 5034 2123 5101 mutatione

479 5111 795 5185 contingat.
828 5110 1063 5185 Nomina
1095 5122 1224 5164 vero
1242 5112 1649 5185 tot‘consnlum
1676 5128 1786 5168 una
1817 5129 1947 5169 cum
1971 5130 2121 5185 prte-

476 5180 836 5253 cedentibus,
868 5193 932 5233 ac
962 5179 1446 5253 subsequentibus
1482 5185 1869 5250 proximorum
1902 5179 2123 5253 pontiﬁ-

480 5266 611 5309 cum
637 5252 859 5307 variare
885 5263 952 5304 ne
977 5253 1230 5305 oscitans
1260 5252 1512 5320 quidem,
1547 5268 1610 5308 ac
1640 5252 1961 5310 dormitans
1986 5257 2125 5312 scri-

482 5330 611 5394 ptor
641 5321 906 5394 valuerit,
932 5321 981 5375 si
1014 5322 1342 5377 constiterit
1366 5323 1502 5393 sibi,
1551 5330 1614 5379 ut
1641 5325 1928 5394 prteferar,
1951 5337 2005 5383 et
2031 5329 2125 5382 viv-

481 5393 748 5462 gilaverit
799 5393 857 5446 in
912 5405 1188 5447 annorum
1239 5395 1495 5449 numeris
1523 5393 1736 5452 attente
1765 5411 1829 5452 ac
1879 5398 2126 5454 ﬁdeliter

483 5462 959 5517 transcribendis.
991 5463 1227 5531 Signare
1255 5472 1442 5519 autem
1472 5468 1700 5521 nomina
1732 5469 2031 5526 consulum
2059 5483 2126 5526 ea

482 5534 724 5608 ratione,
778 5540 840 5588 ut
877 5534 1193 5608 decessoris
1218 5542 1531 5601 postremos
1555 5539 1846 5607 excipiant
1875 5543 2119 5608 proximi

480 5607 542 5659 in
571 5616 915 5661 successore.
945 5602 999 5656 id
1033 5616 1163 5657 vero
1192 5608 1569 5660 constantiam
1595 5602 1813 5665 indicat
1842 5602 1990 5667 recte
2015 5614 2123 5668 de—

481 5670 1160 5750 scribentis_exemplar,
1223 5687 1336 5750 non
1389 5677 1775 5750 oscitantiam,
1830 5688 1931 5736 aut
1983 5698 2119 5739 eva—

485 5742 767 5808 gationem
806 5742 1176 5800 dormitantis
1221 5744 1277 5799 in
1321 5742 1773 5807 transcribendo.
1809 5752 1865 5808 Si
1923 5753 2120 5823 lapsus

2143 1738 2195 1797 B

2140 3109 2188 3171 Ο

2223 428 2513 493 minibus;
2544 430 2657 484 erit
2687 443 2917 499 quoque
2946 430 3287 497 emendatio,
3319 435 3377 484 et
3416 430 3733 500 castigatio
3764 445 3865 485 no-

2219 508 2404 554 tarum
2433 501 2815 555 numeralium
2839 513 2906 555 ex
2940 499 3276 556 nominibus
3300 499 3645 569 (praesertim
3671 515 3742 555 ex
3768 502 3869 557 ﬁde

2217 572 2475 626 codicum
2509 572 2909 640 vetustiorum,
2942 572 3039 627 ubi
3074 572 3324 625 rationes
3348 573 3655 626 nominum
3682 579 3741 626 et
3763 585 3869 627 nu-

2216 656 2501 712 merorum
2535 642 2874 712 pariantur).
2901 642 3068 698 alteri
3099 643 3468 711 prteferenda.

2289 710 2380 767 40.
2431 710 2809 768 Consentiam
2838 710 3060 781 itaque
3102 714 3335 768 critices
3379 722 3535 769 recte
3586 714 3871 769 instituta

2216 785 2534 839 sanctiores
2564 784 2791 853 regulis,
2819 792 2882 839 ut
2903 799 2971 840 ex
2996 784 3337 839 consulibus
3357 791 3510 840 recte
3532 787 3871 855 assignatis,

2217 863 2273 910 et
2291 861 2618 910 constanter
2645 870 2705 909 se
2727 855 3209 924 consequentibus
3227 856 3389 922 juxta
3417 869 3624 911 omnes
3650 858 3875 913 codices

2222 924 2590 996 praeferamus
2632 940 2826 982 eorum
2886 927 3149 981 codicum
3209 939 3477 982 numeros
3556 929 3873 996 prasertirn

2222 998 2639 1065 antiquiorum,
2665 998 2750 1053 uti
2773 1005 2859 1053 est
2874 998 3169 1067 catalogus
3186 930 3552 1067 Liberianusg
3572 1000 3681 1067 qui
3706 1001 3873 1054 pomi

2219 998 2639 1069 antiquiorum,
2665 998 2750 1053 uti
2773 1005 2859 1053 est
2874 998 3169 1067 catalogus
3186 996 3552 1067 Liberianus)
3572 1000 3681 1069 qui
3706 1001 3877 1054 pomi.

2222 1068 2395 1123 nibus
2420 1068 2719 1123 consulum
2747 1076 2943 1123 exacte
2973 1069 3335 1137 respondent.

2292 1140 2422 1194 Scio
2464 1138 2853 1194 clarissimum
2885 1141 3073 1194 virum
3106 1140 3528 1194 llenschenium
3559 1141 3622 1195 in
3657 1142 3879 1197 Anata-

2223 1210 2346 1282 nesi
2391 1210 2466 1282 de
2493 1209 2651 1266 Cleto
2688 1218 2743 1266 et
2768 1211 3060 1273 Anacleto,
3104 1217 3257 1282 torno
3284 1211 3325 1262 V
3355 1212 3519 1279 Maii,
3574 1224 3712 1282 pag.
3757 1210 3876 1281 217,

2223 1281 2499 1336 maluisse
2536 1282 2795 1337 recedere
2839 1296 2871 1336 a
2923 1281 3262 1337 consulibus
3290 1282 3448 1336 Cleto
3490 1289 3552 1337 et
3599 1281 3879 1339 Clementi

2221 1352 2554 1422 assignatis,
2583 1365 2751 1421 quam
2773 1366 2806 1407 a
2830 1354 3085 1407 numeris
3112 1353 3448 1421 assumptis,
3473 1354 3620 1408 dum
3660 1355 3882 1410 scribe-

2224 1430 2345 1477 ret:
2398 1443 2423 1473 «
2458 1425 2650 1496 Neque
2693 1424 2844 1478 enim
2899 1424 3002 1478 hoc
3053 1424 3191 1496 loco
3226 1431 3496 1496 meiputo
3524 1425 3789 1496 obligari
3818 1428 3879 1482 ad

2222 1508 2318 1549 eos
2343 1495 2611 1549 consules
2640 1496 2937 1555 tenendos.
2966 1508 3111 1564 quos
3135 1494 3291 1549 Cleto
3310 1494 3726 1565 Clementique
3748 1499 3883 1552 assi-

2223 1570 2473 1634 gnarunt
2497 1565 2828 1633 pontiﬁcum
2849 1565 3115 1631 catalogi,
3141 1579 3387 1635 quorum
3411 1568 3677 1634 primum
3700 1576 3882 1623 aucto-

2224 1650 2361 1709 rem,
2397 1636 2606 1709 saeculo
2640 1649 2702 1691 ιιι
2737 1637 2989 1701 ineunte,
3037 1636 3316 1691 credibile
3358 1644 3449 1691 est
3477 1641 3764 1694 consules
3792 1654 3881 1709 pro

2228 1708 2410 1776 primo
2438 1707 2647 1762 saeculo
2677 1721 2786 1762 non
2822 1709 3108 1762 invenisse
3137 1708 3446 1777 antiquius
3473 1710 3707 1779 cuique
3736 1707 3879 1765 aetati

2220 1779 2522 1847 ascriptos,
2553 1779 2648 1834 sed
2671 1792 2740 1833 ex
2770 1792 3050 1833 annorum
3077 1780 3289 1847 cuique
3308 1778 3745 1836 attributorum
3766 1783 3883 1836 cal—

2221 1851 2371 1904 culo.
2393 1857 2449 1904 et
2469 1863 2535 1905 eo
2556 1863 2720 1918 quem
2744 1858 3115 1918 proposuerat
3134 1849 3336 1905 ordine
3355 1851 3709 1919 pontiﬁcum
3735 1855 3883 1921 ipsos

2221 1928 2465 1988 aptasse.
2502 1939 2527 1967 »
2557 1921 2694 1974 Pace
2716 1929 2826 1976 tam
2865 1920 3119 1988 praeclari
3148 1921 3457 1987 scriptoris
3486 1920 3771 1985 dixerim,
3800 1925 3883 1978 di-

2223 1992 2567 2064 vinationem
2595 1992 2739 2045 hanc
2765 2005 2930 2064 suam
2948 1992 3018 2064 de
3043 1991 3349 2064 arbitraria
3377 1996 3699 2049 consulum
3722 2003 3883 2064 apta-

2223 2064 2380 2117 tione
2417 2063 2749 2132 antiquitus
2778 2062 3041 2118 adhibita
3068 2064 3213 2117 satis
3240 2062 3429 2118 refelli
3457 2072 3589 2118 tum
3633 2080 3704 2121 ex
3736 2062 3879 2120 Actis

2226 2142 2537 2203 martyrum
2611 2134 2904 2204 genuinis,
2958 2140 3077 2189 tum
3132 2147 3197 2188 ex
3256 2137 3740 2192 coemeteriorum
3792 2139 3876 2191 in-

2223 2205 2645 2273 scriptionibus
2671 2204 2974 2260 consulatu
3005 2206 3271 2276 signatis,
3304 2221 3432 2274 qua!
3464 2216 3794 2276 martyrum
3821 2222 3876 2261 ex

2222 2276 2441 2345 cryptis
2466 2289 2636 2344 prope
2657 2276 2859 2330 Urbem
2884 2274 3145 2345 quotidie
3158 2274 3481 2331 eﬁ‘odiuntu
3494 2293 3543 2331 r.
3572 2274 3875 2333 Reminiazi

2218 2354 2443 2416 poterat
2468 2348 2520 2401 S.
2549 2346 2914 2409 Clementem,
2944 2346 3015 2401 de
3044 2348 3212 2415 cujus
3237 2349 3456 2415 epocha
3486 2352 3797 2405 consulari
3826 2352 3876 2405 in

2222 2418 2500 2487 cataIOgis
2516 2419 2781 2491 apposita
2802 2418 3049 2491 dubitat,
3087 2419 3276 2486 ipsum
3300 2417 3511 2486 fuisse,
3543 2423 3655 2490 qui
3679 2430 3876 2491 septem

2224 2492 2480 2543 notarios
2512 2489 2773 2543 instituit
2799 2491 2867 2543 ad
2901 2488 3003 2543 illa
3038 2496 3349 2558 martyrum
3372 2492 3518 2545 Acta
3549 2488 3875 2559 scribenda,

2223 2575 2350 2629 quae
2371 2561 2670 2615 exordium
2695 2567 2952 2628 sumunt,
2977 2559 3061 2615 uti
3084 2566 3342 2615 actorum
3365 2561 3750 2631 publicorum
3777 2578 3883 2619 mos

2223 2638 2327 2691 est.
2379 2645 2445 2685 ex
2491 2638 2622 2686 nota
2676 2632 2950 2699 temporis
3006 2645 3100 2699 per
3151 2634 3493 2687 consulatus
3559 2643 3668 2691 aut
3717 2649 3886 2691 annos

2227 2703 2553 2771 principum
2585 2702 2961 2775 indicatazls’e
2990 2701 3259 2775 pluribus
3280 2709 3413 2758 utar
3433 2708 3775 2775 argumenti
3800 2710 3887 2762 sin

2225 2776 2330 2828 hac
2360 2775 2754 2842 assumptione
2786 2772 3115 2835 refellenda,
3158 2775 3359 2829 lectori
3405 2772 3620 2832 auc—tor
3663 2780 3799 2834 sim.
3832 2786 3891 2833 ut

2221 2858 2284 2917 ea
2310 2845 2583 2915 dignetur
2612 2851 2882 2913 repetere,
2914 2859 3039 2914 qua:
3071 2845 3130 2899 in
3162 2844 3502 2917 praafatione
3539 2850 3721 2917 primi
3754 2850 3888 2904 torni

2221 2916 2375 2989 edita
2407 2922 2542 2989 sunt
2568 2929 2804 2989 numero
2842 2915 3258 2989 praesertimilts
3280 2923 3336 2971 et
3378 2915 3773 2989 consequenti
3806 2918 3883 2974 49.

2294 2984 2380 3059 Η,
2406 2986 2707 3059 ltlethodus
2737 3001 2870 3057 ergo
2900 2987 3216 3042 veracioris
3241 2989 3471 3043 criterii
3507 2984 3798 3059 postulat,
3834 3002 3888 3045 ut

2223 3058 2316 3113 his
2366 3057 2424 3111 in
2475 3058 2777 3133 codicibus
2806 3059 3114 3133 exigantur
3147 3061 3361 3133 potius,
3410 3067 3469 3115 et
3511 3057 3889 3133 corrigantur

2224 3136 2368 3203 noue
2384 3129 2999 3203 numeralesannorum
3014 3131 3080 3203 ad
3102 3132 3331 3203 nomina
3348 3133 3678 3203 etcollegia
3691 3129 3889 3189 consu-

2224 3201 2363 3261 lum,
2380 3215 2550 3269 quam
2568 3200 2871 3255 consulum
2892 3200 3121 3255 nomina
3141 3202 3454 3272 etcollegia
3471 3200 3888 3261 transformen-

2224 3280 2340 3337 tur,
2360 3278 2416 3325 et
2444 3276 2838 3340 permutentur
2852 3272 3015 3340 juxta
3040 3279 3201 3327 notas
3223 3283 3556 3329 numerales
3580 3289 3888 3332 annorum.

2295 3344 2495 3413 Fateor
2520 3342 2755 3411 quidem
2785 3343 2969 3397 errari
3030 3355 3211 3413 posse,
3261 3352 3437 3413 atque
3478 3354 3754 3402 erratum
3784 3362 3885 3404 non

2225 3414 2398 3469 semel
2422 3412 2603 3468 fuisse
2623 3413 2694 3467 ab
2719 3412 3170 3469 amanuensibus
3197 3421 3253 3469 et
3279 3414 3553 3473 librariis
3589 3419 3653 3472 in
3688 3420 3890 3475 descri-

2224 3484 2431 3558 bendls
2460 3485 2817 3558 nominibus.
2840 3491 2896 3539 et
2918 3484 3182 3558 collegiis
3206 3486 3543 3558 consulum.
3571 3483 3884 3558 praesertim

2225 3571 2356 3611 vero
2378 3556 2475 3611 ubi
2494 3556 2832 3611 consulatus
2847 3555 2957 3610 sub
2979 3557 3256 3626 Augustis
3276 3557 3529 3614 iteratus
3550 3555 3881 3617 cumeodem

2225 3627 2443 3698 collega
2471 3628 2527 3681 in
2551 3628 2887 3695 magistratu
2904 3628 3059 3681 notis
3078 3629 3477 3683 numeralibus
3498 3634 3882 3687 secernendus

2227 3705 2315 3754 est
2341 3712 2373 3753 a
2397 3699 2676 3767 proximis
2702 3698 3030 3753 laterculis:
3061 3700 3550 3768 quemadmodum
3584 3703 3685 3757 hic
3702 3706 3884 3759 evenit

2230 3771 2286 3824 in
2322 3770 2669 3837 Vespasiano
2714 3784 2779 3823 ac
2807 3769 2952 3834 Tito,
2986 3782 3167 3823 annos
3199 3772 3533 3839 complures
3566 3775 3749 3831 simul
3779 3790 3880 3830 au—

2228 3840 2591 3917 spicantibus
2624 3854 2720 3908 per
2737 3853 3080 3917 communes
3102 3840 3283 3896 fasces
3318 3843 3375 3917 in
3409 3852 3651 3917 quarto,
3689 3847 3881 3917 quinto

2226 3913 2479 3981 aliisque
2520 3911 2865 3987 Vespasiano
2914 3914 3098 3987 patris
3135 3911 3567 3987 consulatibus,
3603 3911 3786 3987 usque
3812 3917 3877 3970 ad

2228 3997 2463 4049 nonum,
2520 3995 2741 4052 semper
2788 3982 3007 4056 jugatis
3047 3997 3177 4056 cum
3230 3998 3267 4037 ιι
3301 3992 3357 4038 ct
3387 3982 3882 4056 subsequentibus

2225 4055 2342 4110 Titi
2366 4056 2651 4130 usquead
2685 4053 3011 4130 septimum.
3050 4054 3386 4130 Concedam,
3422 4053 3665 4130 librarii
3702 4060 3879 4130 negli-

2228 4125 2432 4196 gentiae
2457 4126 2689 4193 perinde
2721 4122 2908 4196 fuisse
2924 4125 3227 4192 proclivem
3256 4126 3481 4194 lapsum
3512 4129 3574 4183 in
3600 4122 3881 4186 reddendo

2227 4194 2530 4271 consulatu
2581 4194 2914 4271 Vespasiani
2967 4210 3065 4251 Vill
3097 4210 3226 4271 cum
3258 4198 3397 4271 Tito
3418 4212 3517 4271 VI.
3540 4215 3645 4267 pro
3674 4201 3881 4271 Vespa-

2227 4268 2379 4322 siani
2406 4281 2457 4319 Vl
2490 4279 2621 4321 cum
2670 4266 2797 4320 Tito
2832 4280 2885 4319 xv
2915 4267 3169 4325 consule.
3202 4282 3268 4323 ac
3295 4267 3466 4324 facile
3493 4266 3607 4326 fuit
3638 4274 3680 4325 ὅ
3712 4266 3882 4328 annos

2226 4337 2514 4411 ascribere
2546 4337 2766 4411 solidos
2786 4338 2967 4411 Cleto,
3018 4341 3117 4408 qui
3162 4337 3388 4411 fuerant
3432 4341 3881 4411 6exprimendi.

2226 4409 2456 4464 Erroris
2500 4409 2650 4462 enim
2687 4408 2941 4464 facilitas
2982 4411 3039 4465 in
3073 4410 3452 4466 describendo
3489 4408 3887 4471 ac'transfor-

2148 4488 2198 4546 D
2229 4481 2439 4552 mando
2468 4479 2782 4548 utrobique
2804 4488 3066 4537 versatur
3088 4482 3145 4536 in
3175 4482 3454 4537 numeris.
3479 4484 3677 4552 Quare
3706 4488 3795 4541 uti
3816 4486 3891 4540 fa-

2226 4552 2338 4606 cile
2378 4551 2700 4619 descriptor
2740 4564 2931 4606 errare
2987 4558 3204 4619 poterat
3252 4552 3310 4607 in
3350 4551 3757 4622 exprimendo.
3792 4558 3891 4612 ita-

2231 4622 2551 4677 necessario
2581 4623 2824 4677 criticus
2859 4622 3122 4677 haesitare
3151 4622 3381 4678 deberet
3419 4628 3476 4679 in
3502 4629 3887 4689 emendando.

2232 4694 2347 4769 nisi
2378 4694 2754 4769 praecedentes
2778 4700 2833 4748 et
2852 4701 3263 4769 consequentes
3292 4695 3352 4749 in
3373 4698 3664 4764 proximis
3705 4700 3887 4769 ponti-

2234 4763 2441 4818 ficibus
2466 4764 2749 4827 consules,
2804 4765 2889 4818 uti
2922 4778 3109 4820 veram
3156 4763 3438 4821 annorum
3463 4763 3776 4835 summam,
3810 4772 3889 4825 ita

2235 4836 2640 4903 respondentes
2664 4835 3067 4890 consulatuum
3103 4840 3438 4892 iteratorum
3485 4853 3763 4897 numeros
3790 4843 3891 4897 in-

2234 4908 2512 4963 dicarent.
2540 4907 2665 4959 llaec
2698 4914 2886 4961 autem
2927 4906 3191 4976 prtesidia
3221 4909 3647 4965 emendationis
3677 4924 3734 4967 et
3762 4914 3884 4967 cri-

2236 4978 2369 5034 terii
2397 4983 2590 5046 parata
2619 4976 2890 5033 habemus
2912 4979 3002 5033 his
3030 4978 3086 5032 in
3119 4978 3491 5047 pontiﬁcibus
3514 4981 3813 5039 Clemente
3834 4993 3885 5037 et

2235 5049 2412 5113 Cleto,
2441 5048 2510 5102 de
2532 5048 2748 5116 quibus
2773 5051 3000 5119 agitur:
3033 5051 3116 5104 uti
3154 5062 3281 5104 mox
3310 5051 3570 5107 ostendo.

2313 5119 2611 5191 Trachulas
2652 5124 2701 5171 et
2736 5120 2959 5191 Italicus
2992 5120 3238 5189 primum
3288 5126 3377 5177 est
3427 5136 3529 5191 par
3576 5127 3885 5182 consulum

2239 5190 2520 5245 tributum
2543 5188 2818 5266 Clementi
2845 5210 2857 5246 :
2899 5183 3240 5245 Domitianus
3280 5206 3340 5266 rx
3371 5183 3627 5261 et'ltufus
3656 5206 3891 5266 postre-

2242 5275 2367 5314 mus
2417 5266 2505 5313 est
2541 5261 2875 5339 consulatus
2921 5265 3373 5339 ex__numera_tis_
3408 5266 3466 5318 in
3520 5261 3685 5322 Cleto
3730 5270 3887 5339 apud

2239 5344 2434 5387 omnes
2472 5330 2780 5406 catalogos,
2815 5339 2870 5387 et
2913 5333 3140 5406 codices
3172 5334 3413 5406 collegia
3444 5330 3895 5394 consulum'si-

2242 5408 2499 5470 gnantes.
2526 5405 2570 5455 Α
2614 5415 2759 5457 coss.
2813 5404 3076 5458 Trachalo
3107 5410 3157 5457 ct
3197 5404 3409 5473 Italico,
3465 5408 3689 5464 Christi
3733 5425 3893 5466 anno

2235 5472 2325 5540 68,
2385 5473 2452 5527 ad
2497 5485 2645 5527 coss.
2706 5478 3077 5529 Domitianum
3129 5489 3187 5531 Ix
3234 5481 3283 5530 et
3352 5479 3577 5543 Rufum,
3658 5482 3890 5537 Christi

2236 5543 2484 5618 anno83,
2501 5546 2783 5599 suntanni
2805 5542 3077 5609 lﬁsolidi,
3096 5547 3328 5618 incluso
3341 5542 3891 5618 utquueextremo.

2235 5616 2486 5673 Extremi
2519 5621 2709 5670 autem
2741 5618 2971 5672 termini
3001 5617 3253 5685 ejusdem
3284 5616 3526 5674 summae
3558 5625 3895 5680 r.dduntur

2236 5689 2449 5765 iterum
2487 5688 2629 5765 certi
2654 5687 3090 5765 exﬂnominibus
3105 5690 3406 5765 consulum
3439 5696 3699 5760 proxime
3730 5709 3896 5765 prae-

2232 5758 2554 5814 cedentium
2609 5759 2667 5812 in
2714 5759 2825 5814 ﬁne
2876 5760 3032 5815 sedis
3064 5760 3220 5827 Liui,
3271 5758 3473 5830 nempe
3521 5758 3793 5833 Capitone
3844 5775 3895 5818 et
