4036 6174
241 367 373 425 4084

1105 371 1424 429 HISTORIA
1464 371 1554 425 DE
1610 369 1786 424 VITIS
1823 369 1990 426 ROM.
2034 369 2232 426 PONT.
2277 402 2348 411 —
2386 373 2793 466 S‘CLEMENS.

3513 373 3535 430 4
3545 373 3652 432 082

235 503 481 563 sumptu
506 494 949 550 conducebatur.
998 495 1146 550 Idem
1194 495 1414 549 advers.
1461 489 1839 564 Vigilantium
1876 510 1887 545 :
1921 493 1980 553 A
2010 493 2586 564 cipiendis,aliisque
2603 495 3647 563 chartisecelesiasticisconﬁciendis,

238 588 264 617 α
302 569 478 620 Parce
504 566 703 620 saltem
735 567 988 620 nummis
1023 566 1162 631 tuis,
1198 564 1412 634 quibus
1440 565 1697 618 notarios
1724 563 1894 617 libra-

233 638 474 706 riosque
501 638 847 704 conducens,
881 638 1095 692 eisdem
1119 643 1172 692 et
1203 635 1589 704 scriptoribus
1617 638 1816 697 uteris,
1840 641 1897 688 et

236 708 595 764 fautoribus.
628 725 653 757 »
682 709 935 763 Ecclesia
963 709 1210 764 Romana
1236 721 1373 762 suos
1396 706 1890 775 habuitnotarios,

237 781 343 849 qui
375 787 532 849 gesta
568 784 881 849 martyrum
903 781 1253 848 exciperent.
1283 780 1492 833 Praeter
1521 777 1674 832 hunc
1707 777 1891 849 locum

235 848 583 905 Anastasius
611 851 670 903 in
701 848 952 906 Antero:
993 872 1016 900 ‹‹
1067 851 1169 904 Hic
1202 855 1358 920 gesta
1391 854 1704 918 martyrum
1745 848 1895 901 dili-

233 928 440 990 genter
470 935 501 976 a
554 923 802 977 notariis
840 922 1179 991 exquisivit,
1211 919 1266 976 et
1298 920 1357 974 in
1402 919 1656 974 Ecclesia
1689 931 1897 991 recon-

231 989 414 1047 didit.
446 1011 472 1041 ω
525 994 856 1048 Eorumdem
893 989 1104 1047 munus
1148 991 1260 1046 fuit
1296 991 1562 1046 notitiam
1609 989 1892 1050 Ecclesiae,

233 1065 294 1118 id
325 1070 412 1119 est
437 1064 629 1118 omnia
657 1070 812 1132 gesta
837 1064 1105 1118 Ecclesia:
1127 1077 1228 1119 con
1241 1062 1423 1129 licere,
1462 1068 1596 1130 puta
1619 1061 1896 1116 donatio—

233 1149 360 1196 nes,
395 1136 846 1204 permutationes
872 1149 1062 1190 rerum
1095 1135 1382 1200 Ecclesiae,
1415 1132 1895 1204 manumissiones

232 1220 534 1261 servorum
570 1205 856 1273 Ecclesiaz,
890 1213 945 1261 et
975 1213 1195 1263 caatera.
1228 1205 1420 1261 Anast.
1450 1204 1505 1258 in
1527 1203 1682 1258 Julio
1713 1221 1770 1256 ια
1795 1203 1894 1256 llic

229 1278 619 1332 cnnstitutum
649 1275 806 1338 fecit,
853 1284 917 1331 ut
944 1277 1170 1338 notitia,
1197 1290 1322 1346 quae
1343 1274 1614 1330 omnibus
1657 1287 1756 1342 pro
1787 1273 1895 1346 ﬁde

229 1347 624 1403 ecclesiastica
650 1354 756 1410 est,
785 1361 880 1416 per
912 1348 1166 1403 notarios
1191 1344 1578 1416 colligeretur,
1607 1351 1662 1399 et
1700 1344 1891 1416 omnia

234 1425 608 1474 monumenta
638 1419 695 1472 in
741 1415 1045 1473 Ecclesiam
1073 1433 1168 1488 per
1200 1415 1595 1486 prim’icerium
1628 1415 1890 1488 notario-

233 1505 367 1545 rum
396 1488 648 1545 confecta
671 1484 1120 1550 celebrarentur,
1155 1507 1180 1538 ››
1200 1484 1304 1543 etc.
1330 1489 1506 1542 Erant
1530 1493 1780 1556 quatuor
1802 1484 1895 1539 de-

231 1563 353 1616 cim
382 1562 644 1632 regiones
686 1561 877 1629 Urbis,
919 1574 1044 1629 qua:
1065 1575 1097 1614 a
1117 1560 1399 1632 Clemente
1422 1560 1480 1612 in
1507 1564 1718 1632 septem
1746 1568 1852 1611 con
1877 1581 1896 1594 ο

230 1629 467 1702 tractae,
506 1638 563 1685 et
600 1632 854 1702 singulis
889 1632 1148 1698 inpositi
1185 1630 1420 1696 notarii,
1449 1629 1550 1702 qui
1580 1632 1892 1702 martyrum

229 1708 396 1774 gesta
425 1697 771 1774 exciperent.
813 1702 945 1757 lnde
969 1702 1113 1756 dicti
1139 1707 1276 1756 sunt
1303 1697 1516 1774 notarii
1552 1697 1888 1774 regionarii.

229 1769 501 1829 Anastas.
559 1769 631 1828 'in
683 1773 940 1828 Adriano
995 1792 1008 1828 :
1069 1793 1093 1824 α
1164 1775 1417 1828 Domnus
1475 1769 1688 1824 Paulus
1750 1780 1891 1836 papa

2009 565 2259 637 celebres
2283 572 2603 620 evaserunt.
2635 568 2822 622 Romae
2852 568 3157 637 praecipue,
3190 568 3288 622 ubi
3326 570 3646 624 eorumdem

2011 636 2234 718 pondus
2255 638 2461 718 exinde
2479 639 2739 718 eruitur,_
2755 636 2908 718 quod
2935 652 3130 693 eorum
3158 639 3489 718 praesidens,
3529 641 3644 708 pri-

2009 709 2283 779 micerius
2307 709 2688 763 notariorium
2708 710 2923 766 dictus.
2941 710 3649 779 summaceratdignttatis,

2007 791 2072 832 ac
2101 778 2231 833 sede
2262 787 2494 833 vacante
2541 780 2650 848 ipsi
2685 782 3015 836 concredita
3059 795 3195 836 cura
3242 778 3509 835 Ecclesiae
3542 795 3654 836 una

2008 863 2137 921 cum
2181 850 2676 921 archipresbytero
2724 859 2778 906 et
2816 853 3246 907 archidiacono.
3281 853 3502 921 Septem
3547 853 3653 906 de—

2008 920 2147 994 legit
2181 920 2458 984 Clemens,
2510 928 2572 975 ut
2609 929 2732 976 acta
2763 929 2820 977 et
2845 931 2998 994 gesta
3034 920 3362 992 martyrum
3389 923 3655 978 conscri—

2007 990 2222 1073 berent,
2239 990 3092 1073 notantesnomenLtormenia,
3114 990 3396 1073 _dicta,_ac
3428 995 3649 1073 tandem

2007 1064 2343 1116 sententiam
2401 1064 2686 1131 judicum.
2742 1066 2886 1120 Huic
2935 1065 3325 1120 sollicitudini
3376 1065 3649 1119 motivum

2005 1133 2985 1214 dederesarerdotumualiorumque
3028 1135 3652 1214 pravortimitominum

2009 1204 2454 1284 inChrisiianos
2485 1205 2737 1284 conﬁcta:
2767 1204 3227 1284 criminationes,
3259 1205 3473 1284 quibus
3494 1207 3656 1284 Chri-

2007 1276 2252 1356 stianam
2271 1275 2718 1356 institutionem,
2744 1279 2828 1332 uti
2855 1275 3292 1356 superstitionem
3317 1278 3655 1331 exitiabilem

2005 1346 2483 1418 disseminahant,
2516 1347 2761 1416 alizeque
2786 1346 3110 1415 calumniae,
3144 1362 3286 1418 quas
3317 1354 3570 1403 recenset
3600 1354 3655 1402 et

2006 1416 2186 1497 diluit
2219 1417 2276 1470 in
2306 1417 2674 1497 Apologetico
2699 1420 3112 1497 Tertullianus:
3147 1416 3454 1497 Recensere
3488 1432 3654 1497 porro

2010 1493 2318 1556 martyrum
2372 1495 2547 1558 gesta,
2600 1497 2987 1559 opportunum
3046 1489 3168 1545 erat
3222 1491 3535 1546 remedium
3584 1489 3650 1544 ad

2009 1559 2418 1640 retundendam
2442 1560 2927 1640 calumniantium
2958 1563 3302 1640 proterviain
3336 1580 3350 1629 ;
3379 1575 3445 1615 ex
3477 1561 3656 1640 dictis

2005 1627 2452 1709 etenimdfactis,
2492 1637 2563 1709 ei
2589 1630 2844 1709 mirabili
2877 1634 2934 1687 in
2959 1627 3656 1709 ‘peni'erendistormentis

2009 1699 2306 1782 patientia,
2322 1714 2386 1781 ac
2408 1699 2753 1782 fortitudine
2774 1699 3018 1782 innocna
3033 1704 3492 1782 Christianorum
3514 1703 3652 1782 vita,

2007 1777 2063 1824 et
2091 1770 2391 1840 religionis
2431 1770 2701 1838 perfectio
2749 1773 3056 1829 relucedat.
3101 1775 3399 1830 Institutio
3442 1773 3656 1840 optime

231 1858 367 1900 eum
409 1844 671 1899 clericari
710 1845 908 1914 jussit,
958 1857 1125 1914 quem
1177 1843 1467 1897 notarium
1497 1840 1889 1914 regionarium
1924 1852 1976 1911 Β
2008 1841 2664 1914 οθδείιίιιειὶςὶοληὶνόυηι
2697 1851 2821 1898 acta
2849 1844 3064 1914 ubique
3097 1845 3310 1914 perlata
3333 1853 3388 1900 et
3419 1845 3654 1898 recitata

235 1917 299 1970 in
326 1915 582 1997 Ecclesia
605 1909 991 1983 constituens,
1023 1915 1383 1984 postmodum
1413 1925 1540 1967 eum
1569 1909 1882 1966 subdiaco-

233 2000 378 2041 num
411 1985 564 2041 fecit.
603 2005 628 2035 ι)

311 2058 485 2111 Linea
524 2056 607 2113 45.
644 2085 705 2094 -
742 2057 998 2125 Sepultus
1029 2061 1106 2110 est
1130 2057 1190 2107 in
1219 2054 1449 2109 Gracia.
1477 2053 1754 2125 Clemens
1776 2052 1896 2105 Ro-

233 2141 444 2183 manus
475 2126 730 2196 pontifex
764 2123 823 2182 in
863 2127 1081 2182 Grrecia
1129 2126 1412 2194 sepultus,
1443 2125 1548 2196 hac
1573 2123 1889 2188 occasione,

233 2199 390 2269 quod
471 2195 529 2254 in
604 2199 1001 2268 persecutione
1070 2197 1301 2269 Trajani
1363 2197 1424 2269 in
1477 2195 1892 2248 Chersonesum

232 2267 544 2340 relegatus,
594 2267 844 2324 anchora
887 2269 1035 2325 collo
1069 2268 1315 2340 illigata,
1358 2267 1416 2321 in
1468 2278 1620 2320 mare
1647 2277 1894 2340 praeceps

236 2335 478 2406 missus,
533 2335 688 2395 'inde
765 2353 976 2409 corpus
1040 2335 1191 2409 ejus'
1239 2339 1472 2392 Romam
1547 2335 1892 2409 translatum

231 2411 478 2466 Nicolao
532 2413 555 2466 Ι
636 2406 925 2480 pontiﬁce,
990 2406 1083 2465 de'
1131 2423 1242 2480 quo
1298 2406 1677 2480 ,Martyrolog.
1731 2407 1892 2460 Rom.

232 2479 547 2608 £1333;
595 2479 864 2553 Gregore.
915 2483 1076 2551 Tur.,
1130 2479 1202 2535 de
1243 2479 1402 2535 Glor.
1460 2485 1718 2546 martyr.,
1768 2487 1893 2542 cap.

315 2595 330 2620 ,
356 2595 446 2608 νυ,
916 2639 1218 2696 BENCINI.

311 2766 485 2821 Linea
533 2762 584 2819 4.
642 2794 714 2806 -
759 2767 900 2819 Dum
949 2765 1147 2817 multos
1200 2764 1385 2816 libros.
1453 2761 1898 2816 Consarcinator

233 2839 418 2906 hujus
449 2837 590 2891 Vita:
637 2835 801 2904 plura
836 2835 1084 2889 inseruit
1120 2836 1432 2906 desumpta
1469 2846 1547 2906 exi
1587 2832 1898 2906 psendepi-

234 2902 479 3034 graphis
495 2902 897 2988 S.Clementis,
922 2905 1009 2960 uti
1033 2910 1121 2960 est
1148 2906 1218 2960 de
1239 2902 1363 2986 eius
1385 2903 1666 2986 electione
1689 2902 1837 2957 facta
1865 2916 1897 2957 a

283 3020 296 3031 .
323 2980 482 3034 Petro
504 2992 572 3034 ex
592 2978 838 3034 epistola
881 2975 988 3031 sub
1009 2976 1321 3031 Clementis
1357 2987 1592 3034 npmine
1617 2973 1848 3034 vulgata
1881 2991 1896 3034 ς

283 3020 296 3031 .
323 2973 482 3034 Petro
504 2992 572 3034 ex
592 2978 838 3045 epistola
881 2975 988 3031 sub
1009 2976 1321 3031 Clementis
1357 2975 1592 3044 npmine
1617 2973 1848 3045 vulgata
1881 2991 1896 3041 ;

238 3052 345 3110 ita.
368 3056 424 3103 et
447 3050 517 3104 de
547 3044 738 3115 libris,
773 3061 918 3118 quos
941 3047 1228 3118 plurimos
1254 3046 1560 3118 scripsisse
1577 3044 1893 3118 adnotavit,

233 3123 378 3176 dum
433 3121 516 3175 uti
569 3116 876 3174 Clementis
925 3117 1166 3173 forsitan
1220 3116 1578 3187 recognoscit
1630 3116 1899 3187 recogni-

2007 1913 2364 1980 splendorem
2401 1912 2864 1968 Christianitatis
2888 1912 3194 1979 auxerunt,
3227 1916 3367 1971 adeo
3393 1923 3454 1969 ut
3479 1914 3656 1968 Chri-

2008 1983 2183 2037 stiani
2205 1983 2793 2056 derepensitistrium
2806 1987 2935 2054 phis
2956 1986 3129 2041 veluti
3158 1988 3228 2042 de
3253 2000 3436 2041 censu
3449 1985 3657 2056 gloria-

2008 2058 2227 2135 rentur.
2252 2053 2409 2135 {inde
2428 2053 2823 2135 Tertuilianus
2847 2058 3060 2135 de_C_or.
3092 2059 3209 2112 mil.
3245 2057 3314 2112 ad
3352 2053 3655 2135 hos'inspi-

2005 2124 2239 2206 ciendos
2267 2124 2794 2206 ﬁdelesohortatur:
2831 2149 2856 2178 «
2881 2127 3072 2206 _liabes
3106 2135 3236 2206 tuos
3266 2141 3496 2206 census,
3524 2131 3657 2181 tuos

2008 2194 2232 2276 fastus,_~
2262 2195 2410 2276 nihil
2453 2195 2561 2276 tibi
2595 2211 2721 2276 cum
2747 2199 2980 2276 gaudiis
3023 2200 3244 2276 saeculi,
3279 2194 3658 2276 i_mocon_t_ra—

2009 2265 2382 2347 riumhdebes.
2415 2283 2450 2347 ξ)-
2488 2265 2800 2347 Dehhoruni
2833 2268 3112 2347 fastorum
3146 2267 3658 2347 lucubrationibus

2011 2337 2531 2418 luquiiuri’ontius
2555 2339 2614 2418 S_._
2633 2341 2905 2418 Cypriani
2935 2343 3234 2418 diaconus,
3259 2343 3394 2418 dum
3423 2351 3652 2418 causam

2008 2410 2347 2489 scriptionis
2376 2410 2665 2489 expendit,
2699 2424 2812 2480 qua
2841 2413 3366 2489 acta-S._martyr_is
3389 2411 3660 2489 conscri—

2009 2477 2140 2532 bere
2168 2477 2370 2554 voiuit,
2404 2485 2461 2532 et
2501 2480 2674 2554 initio
2699 2477 2932 2549 operum
2964 2483 3019 2537 S.
3049 2477 3318 2554 Cypriani
3353 2483 3432 2554 ita
3459 2480 3658 2550 loqui—

2009 2555 2106 2604 ιιη
2134 2566 2149 2630 ἶ
2184 2568 2209 2598 α
2231 2548 2378 2630 ,Cum
2417 2548 2869 2630 maioresﬂdstri
2898 2548 3200 2630 plebeis‘et
3230 2548 3660 2630 catechumenis

2010 2623 2348 2702 martyrium
2381 2623 2711 2702 consecutis
2738 2629 2958 2702 tantum
2995 2625 3233 2702 honoris
3267 2638 3364 2693 pro
3394 2623 3654 2702 martyrii

2010 2692 2201 2759 ipsius
2253 2693 2615 2765 veneratione
2679 2694 2964 2754 dederint.
3022 2703 3085 2751 ut
3149 2698 3219 2752 de
3271 2692 3659 2765 'passionibus

2010 2761 2458 2844 corum.mulia,
2483 2770 2584 2844 aut
2629 2772 2698 2844 ut
2733 2779 2905 2844 prope
2951 2767 3220 2844 dixerim,
3268 2761 3408 2837 pene
3453 2769 3658 2844 cuncta

2011 2835 2485 2914 conscripserint,
2531 2841 2590 2890 ut
2631 2835 2700 2889 ad
2750 2842 3001 2914 nostram
3049 2835 3338 2914 notitiam.
3375 2837 3472 2908 qui
3509 2849 3659 2914 non—

2010 2904 2147 2985 duin
2207 2903 2340 2985 nati.
2382 2902 2621 2985 fuimus,
2677 2910 3057 2985 pervenerint.
3119 2927 3144 2959 »
3200 2902 3657 2985 υιιόθξοωῃὶμω

2014 2973 2529 3056 indiscriminatim
2583 2983 2891 3056 martyrum
2949 2987 3122 3056 gesta,
3187 2985 3296 3056 etsi
3335 2980 3438 3056 _de_
3475 2976 3655 3056 plebe,

2010 3049 2118 3119 eisi
2191 3050 2412 3098 tantum
2438 3053 2650 3119 essent
2673 3049 2892 3119 Acatech
2906 3064 2934 3103 u
2949 3051 3117 3119 meni,
3165 3049 3657 3106 describebantur.

2009 3117 2137 3191 ilaec
2169 3127 2338 3191 porro
2361 3115 2525 3191 avide
2555 3130 2586 3170 a
2615 3117 2882 3173 fidelibus
2924 3115 3278 3191 legebantur,
3311 3121 3407 3186 qui
3444 3120 3514 3173 de
3551 3131 3659 3171 no-

235 3194 463 3248 tionum
491 3191 674 3246 libros
707 3191 919 3256 decem,
949 3191 1006 3242 in
1030 3189 1246 3258 quibus
1276 3185 1613 3260 personatus
1642 3185 1898 3260 Clemens
1929 3197 1976 3257 ρ
2012 3185 2321 3260 bilioribus
2339 3187 2620 3260 agonibus
2644 3201 2743 3256 per
2765 3185 3284 3260 mutuas'epistolas
3317 3185 3522 3245 fiebant
3547 3201 3660 3260 cer-

234 3265 391 3319 alios
410 3262 588 3317 libros
602 3261 854 3316 edidisse
871 3256 1293 3316 commemorat.
1310 3259 1448 3313 dum
1467 3258 1526 3311 in
1548 3256 1698 3311 libro
1715 3256 1896 3323 priori

238 3334 454 3390 scribit
479 3347 539 3387 se
575 3333 787 3387 librum
819 3331 1073 3387 edidisse
1105 3331 1168 3383 de
1206 3345 1328 3383 vero
1367 3329 1632 3396 Propheta
1664 3327 1722 3380 in
1749 3326 1899 3382 libro

243 3421 334 3470 in,
359 3405 426 3457 de
456 3407 815 3472 Przﬁniti'one
834 3405 934 3455 Dei
962 3421 973 3456 :
1008 3403 1064 3455 in
1102 3402 1305 3470 quinto
1344 3399 1491 3454 alios
1532 3399 1708 3472 decem
1741 3413 1898 3450 reco-

235 3478 554 3544 gnitionum
574 3471 760 3528 libros.
798 3473 936 3529 Vide
968 3473 1286 3527 Cotelerium
1312 3472 1377 3524 de
1406 3471 1663 3524 Patm‘bus
1692 3474 1901 3537 aposto-

240 3549 389 3601 licis.

317 3618 488 3672 Linea
519 3616 732 3670 eadem.
755 3616 1113 3681 —Martyrio
1144 3618 1453 3668 coronatur.
1488 3614 1549 3666 In
1579 3610 1899 3666 Domitiani

243 3687 666 3759 persecutione.
693 3688 762 3759 de
784 3700 896 3756 qua
931 3687 1046 3759 haec
1071 3687 1280 3759 Brutus
1306 3683 1558 3759 scriptor
1578 3682 1899 3759 vetustissi-

241 3754 376 3815 inus
422 3758 689 3813 laudatus
731 3754 1114 3812 in‘chronico
1167 3754 1575 3810 Alexandrino.
1627 3773 1652 3804 «
1689 3754 1899 3809 Brutus

237 3836 444 3886 narrat
472 3842 728 3898 magnam
755 3828 1231 3898 Christianorum,
1262 3826 1485 3898 copiam
1506 3825 1574 3879 ad
1606 3821 1672 3878 44
1695 3825 1900 3879 Βοωὶ-·

237 3902 394 3958 tiani
426 3895 886 3955 anno'suhlatam
919 3905 975 3954 et
1003 3897 1279 3967 martyrio
1305 3895 1584 3950 atfectam.
1615 3914 1640 3944 ››
1665 3898 1723 3950 In
1753 3901 1902 3950 utra-

237 3987 358 4044 que
387 3974 582 4044 itaque
605 3971 786 4040 priori
809 3970 1224 4044 persecutione,
1241 3981 1410 4044 quam
1435 3973 1735 4022 moverunt
1755 3968 1900 4044 Nero

236 4037 296 4100 ét
340 4037 722 4109 Domitianus,
774 4037 973 4109 magna
1020 4037 1334 4103 multitudo,
1381 4043 1438 4093 et
1485 4051 1688 4107 magna
1734 4037 1898 4109 c0pia

239 4121 560 4184 martyrum
593 4108 924 4178 corOnatu’r,
954 4121 1017 4168 ut
1059 4113 1130 4184 de
1171 4110 1352 4184 priori
1385 4108 1894 4184 dixera_t__'l‘acitus,

239 4195 302 4242 et
325 4179 537 4240 Brutus
575 4184 644 4238 de
673 4184 1002 4253 posteriori.
1042 4183 1186 4236 Hinc
1212 4182 1383 4236 etiam
1409 4179 1755 4253 convellitur
1782 4192 1899 4253 niu-

240 4269 448 4328 perum
507 4257 576 4310 de
624 4249 910 4323 paucitate
969 4260 1280 4328 martyrum
1335 4251 1642 4328 primitivaa
1696 4249 1894 4328 Eccle-f

238 4323 348 4384 sim
399 4333 802 4389 commentum,
854 4328 989 4381 dum
1051 4325 1285 4392 utrique
1341 4323 1714 4390 imperatores
1769 4326 1898 4390 post

242 4405 460 4454 motam
509 4398 960 4466 persecutionem
1012 4409 1120 4451 non
1167 4395 1271 4448 diu
1319 4394 1592 4466 viventes,
1637 4405 1894 4466 magnam

239 4480 435 4526 tamen
484 4463 948 4522 Christianorum
1002 4467 1286 4521 lanienam
1336 4463 1557 4530 fecere;
1605 4464 1896 4531 majorem,

239 4533 1899 4632 aaut)993:9£9££te_a_9939;.as."29332?.Sirenum}?
1939 4574 1988 4632 D

237 4606 418 4682 gione
447 4616 774 4679 propagata,
805 4606 1058 4682 viVentes
1083 4609 1140 4682 i_n
1160 4606 1878 4682 Christianosexarseruni

237 4674 324 4738 De
357 4674 469 4750 qua
494 4674 666 4735 etiam
711 4674 1042 4735 Lactantius
1078 4679 1149 4733 de
1191 4675 1475 4732 mortibus
1506 4677 1814 4750 Persec.‘c.
1846 4674 1901 4750 3,

240 4746 520 4823 ρεςξὸοε
573 4773 598 4803 α
637 4753 774 4823 Post,
798 4751 950 4807 hunc
983 4751 1280 4823 (Neronem
1324 4749 1546 4815 nempe)
1581 4746 1903 4815 interjectis

239 4821 479 4893 aliquot
508 4823 680 4876 annis
727 4822 872 4877 alter
903 4835 1016 4877 non
1063 4821 1258 4893 minus
1290 4825 1567 4893 tyrannus
1606 4823 1899 4893 0rtus_e_st,

242 4887 369 4966 qui"
395 4907 527 4948 cum
569 4898 860 4966 exerceret
905 4893 1148 4966 invisam
1181 4887 1899 4966 _dominatione_m,__sul_)je-

239 4959 473 5021 ctorum
497 4970 680 5018 tamen
693 4963 1018 5018 cervicibus
1043 4960 1356 5029 incuhavit,
1383 4972 1551 5029 quam
1571 4959 1906 5014 diutissime

240 5044 528 5105 tutusque
579 5036 858 5105 regnavit,
909 5035 1089 5089 donec
1136 5032 1345 5100 impias
1388 5043 1598 5105 manus
1629 5029 1904 5105 adversus

238 5101 750 5162 Deum'tenderet.
809 5107 1110 5174 Postquam
1155 5116 1286 5157 vero
1334 5103 1401 5157 ad
1446 5101 1900 5174 persequendum

234 5182 468 5247 justum
502 5176 774 5245 populum
807 5173 1091 5231 instinctu
1131 5175 1452 5247 daamonum
1489 5173 1766 5247 incitatus
1795 5179 1903 5239 est,

242 5243 386 5304 tunc
406 5243 661 5303 traditus
681 5248 842 5302 estin
864 5260 1068 5302 manus
1091 5245 1487 5312 inimicorum,
1509 5243 1627 5316 luit
1640 5256 1832 5316 plenas
1881 5263 1906 5293 υ

238 5320 408 5375 Brevi
458 5319 762 5374 intervallo
790 5319 1035 5373 durasse
1063 5315 1384 5373 observavit
1415 5315 1809 5369 Tertullianus
1852 5315 1909 5370 in

238 5391 486 5461 Apolog.
514 5404 562 5444 c.
593 5387 661 5444 5:
697 5409 722 5441 α
765 5391 1100 5461 Tentaverat
1122 5395 1176 5443 et
1197 5386 1563 5461 Domitianus
1590 5386 1778 5461 portio
1798 5387 1913 5440 Ne-

241 5454 411 5518 ronis
435 5454 513 5515 de
542 5461 888 5516 crudelitate
917 5479 930 5524 ;
978 5460 1074 5515 sed
1109 5459 1246 5528 quia
1278 5463 1334 5511 et
1369 5457 1556 5528 homo,
1594 5454 1760 5509 facile
1790 5470 1912 5512 cte-

243 5541 407 5602 ptum
432 5533 728 5601 repressit,
767 5531 1059 5586 restitutis
1088 5527 1259 5602 etiam
1290 5541 1447 5602 quos
1465 5527 1834 5594 relegaverat.
1867 5547 1905 5602 _n

238 5597 510 5660 Clemens
535 5603 592 5658 in
639 5602 1064 5672 persecutionis
1108 5600 1324 5656 fervore
1373 5597 1677 5667 relegatus,
1709 5599 1910 5672 nequit

243 5685 436 5731 tamen
474 5677 560 5731 uti
598 5670 886 5744 principis
917 5672 1304 5743 indulgentia,
1342 5682 1467 5724 cum
1500 5673 1630 5723 ante
1663 5670 1910 5737 promul-

242 5748 538 5817 gationem
570 5751 783 5816 martyr
811 5744 1042 5799 obierit.
1077 5815 1086 5817 _
1285 5813 1296 5817 _
1372 5813 1382 5817 _
1490 5800 1505 5817 _,

317 5820 494 5872 Linea
525 5815 578 5872 5.
603 5846 676 5856 -
702 5811 969 5872 Notariis.
998 5815 1162 5869 Prior
1181 5811 1706 5868 ecclesiasticorum
1741 5818 1905 5868 nota-

245 5891 471 5945 riorum
501 5889 736 5954 mentio,
762 5887 862 5958 qui
886 5886 1094 5942 deinde
1116 5885 1176 5938 in
1203 5884 1584 5939 conciliorum
1611 5883 1758 5938 actis
1791 5897 1902 5938 ex-

2011 3257 2206 3338 tiores,
2245 3261 2299 3337 et
2318 3264 2452 3338 _acta
2482 3256 2705 3338 ab__una
2749 3260 2998 3338 Ecclesia
3037 3256 3289 3338 excepta,
3334 3260 3410 3338 ab
3465 3258 3657 3338 eadem

2010 3327 2275 3382 viciniori
2315 3327 2870 3398 transmittebantur,
2923 3337 2977 3385 et
3021 3331 3092 3387 ab
3136 3327 3244 3386 ista
3296 3331 3445 3386 aliis.
3495 3330 3659 3383 Circa

2013 3398 2158 3472 hanc
2202 3399 2675 3472 consuetudinem
2713 3399 2828 3472 haec
2871 3400 3144 3472 leguntur
3173 3404 3228 3456 in
3262 3401 3501 3472 epistola
3550 3413 3660 3472 en-

2010 3469 2221 3551 cyclica
2251 3468 2611 3551 Smnyrnensis
2656 3468 3030 3551 Ecclesiae'de
3070 3468 3339 3551 martyrio
3386 3473 3440 3527 S.
3490 3471 3661 3539 Poly—

2011 3540 2172 3614 carpi
2204 3558 2278 3614 :_«
2319 3539 2454 3607 Quae
2490 3554 2612 3614 _vos
2645 3549 2941 3614 postquam
2987 3539 3348 3613 acceperitis,
3394 3555 3660 3614 rogamus

2013 3616 2075 3691 ut
2107 3611 2175 3664 ad
2211 3609 2414 3691 fraties
2437 3611 2693 3691 plterius
2722 3609 3657 3691 positos‘epistolamtransmitta-

2014 3683 2109 3747 tis,
2132 3683 2279 3750 quod
2315 3680 2401 3734 illi
2437 3680 2737 3737 Dominum
2766 3680 3121 3741 benedicant.
3155 3688 3316 3742 »ιΗίδ
3334 3699 3464 3741 vero
3486 3683 3659 3750 gestis

2011 3765 2174 3807 suam
2201 3751 2646 3808 ecclesiasticam
2678 3755 2988 3812 Historiam
3014 3757 3324 3813 illustravit
3357 3751 3659 3824 Eusebius,

2017 3831 2077 3878 ut
2114 3824 2236 3891 ipse
2266 3835 2378 3878 non
2412 3824 2584 3878 semel
2611 3829 2874 3880 testatur.

2085 3895 2258 3948 Linea
2302 3894 2519 3949 eadem.
2551 3925 2618 3933 —
2658 3897 2959 3952 Fidelibus.
3013 3901 3074 3955 In
3106 3899 3388 3955 electione
3411 3897 3661 3953 notario-

2017 3979 2142 4048 rum
2181 3966 2538 4048 commendat
2585 3973 2640 4021 et
2690 3967 2870 4048 exigit
2916 3970 3173 4048 Clemens
3224 3970 3555 4048 ﬁdelitatem
3598 3981 3663 4022 ac

2014 4039 2422 4108 sinceritatem,
2457 4051 2582 4108 quae
2627 4046 2790 4093 erant
2824 4042 3177 4102 necessariae,
3209 4050 3264 4096 et
3302 4042 3370 4096 ad
3404 4039 3660 4096 ﬁdelium

2013 4107 2179 4189 ﬁdem
2201 4107 2606 4189 roborandam,
2630 4116 2684 4164 et
2704 4111 2772 4165 ad
2804 4114 3192 4189 netundendas
3218 4113 3279 4167 in
3299 4112 3662 4189 _Cilristianos

2011 4180 2299 4262 contiatas.
2313 4179 2771 4262 criminationes.
2803 4183 3120 4262 Fidelitatis
3152 4184 3493 4262 requisitum
3526 4194 3663 4262 spe—-

2012 4249 2344 4330 cialitermin
2389 4251 2637 4330 notariis
2663 4249 3348 4330 animadversumdécet
3389 4249 3660 4330 Cypriani

2009 4321 2178 4397 epist.
2226 4317 2317 4397 3_7,
2363 4322 2776 4397 epistola__data
2820 4325 2983 4382 Clero
3020 4317 3483 4397 Carthaginens'i,
3524 4328 3660 4378 dum

2013 4392 2210 4466 laudat
2239 4394 2560 4466 Tertullum
2591 4394 2896 4451 diaconum
2931 4392 3436 4466 notarirnquuem
3465 4397 3660 4462 ﬁdelis-

2013 4465 2210 4545 simum
2235 4462 2501 4545 appellat.
2536 4466 2796 4545 Loquens
2811 4470 2961 4521 enim
2985 4469 3054 4545 de
3084 4462 3301 4545 oﬁiciis'
3324 4467 3664 4545 prsestandis

2019 4534 2370 4603 martyribus
2408 4535 2524 4588 sive
2557 4535 2629 4606 in
2663 4549 2906 4600 carcere,
2951 4539 3071 4592 sive
3110 4534 3385 4606 gloriosis
3414 4537 3486 4590 ob
3519 4548 3662 4590 con-

2019 4612 2366 4686 summatum
2402 4605 2759 4686 martyrium,
2793 4607 2880 4661 sic
2923 4608 2992 4686 de
3019 4609 3272 4686 Tertullo
3301 4625 3314 4659 :
3350 4627 3374 4658 α
3403 4607 3664 4674 Denique

2021 4682 2082 4730 ut
2112 4676 2238 4730 dies
2275 4687 2496 4754 eorum,
2529 4675 2744 4754 quibus
2774 4679 3056 4733 excedunt
3085 4680 3374 4754 adnotare,
3406 4683 3470 4732 ut
3499 4689 3664 4731 com-

2018 4749 2457 4818 memorationes
2477 4759 2672 4800 eorum
2699 4749 2848 4802 inter
2880 4749 3182 4803 memorias
3207 4755 3516 4818 martyrum
3563 4760 3664 4801 ce-

2015 4817 2235 4872 lebrare
2269 4817 2556 4887 possimus
2585 4833 2596 4868 :
2623 4831 2947 4887 quanquam
2971 4819 3260 4874 Tertullus
3287 4817 3663 4874 fidelissimus

2015 4895 2070 4942 et
2090 4887 2500 4942 devotissimus
2535 4886 2710 4958 frater
2723 4886 2915 4943 noster
2928 4905 3028 4958 pro
3041 4897 3239 4945 caatera
3263 4889 3664 4946 sollicitudine

2015 4965 2070 5012 et
2105 4972 2242 5013 cura
2274 4970 2398 5019 sua,
2429 4971 2596 5030 quam
2638 4957 3000 5016 fratribusin
3028 4963 3182 5016 omni
3217 4961 3492 5030 obsequio
3521 4973 3665 5029 ope—

2019 5030 2263 5084 rationis
2290 5028 2670 5101 impertit(qui
2691 5044 2790 5084 nec
2812 5030 2932 5086 illic
2959 5034 3112 5087 circa
3139 5047 3333 5088 curam
3356 5028 3662 5101 corporum

2016 5101 2194 5174 deest)
2233 5100 2550 5174 scripserit,
2589 5107 2645 5174 _et
2670 5101 2905 5174 scribat.
2948 5110 3004 5158 et
3032 5104 3317 5174 signiﬁcet
3341 5100 3483 5158 mihi
3514 5104 3660 5174 dies,

2021 5171 2235 5241 quibus
2259 5172 2316 5225 in
2338 5184 2563 5225 carcere
2587 5170 2737 5226 beati
2761 5171 2969 5229 fratres
2999 5170 3182 5231 nostri
3206 5177 3272 5230 ad
3310 5173 3664 5229 immortali-

2020 5249 2190 5297 tatem
2224 5243 2490 5313 gloriosa:
2516 5243 2716 5296 mortis
2739 5244 2898 5299 exitu
2944 5253 3262 5301 transeunt.
3287 5252 3340 5301 et
3365 5245 3662 5301 celebren-

2022 5321 2117 5369 tur
2164 5314 2258 5368 hic
2291 5330 2320 5366 a
2357 5313 2522 5368 nobis
2551 5313 2871 5371 oblationes
2901 5324 2955 5372 et
2987 5317 3271 5372 sacriﬁcia
3302 5317 3374 5371 ob
3406 5329 3661 5372 comme-

2024 5386 2369 5439 morationes
2415 5397 2633 5442 eorum.
2691 5399 2817 5454 quae
2874 5388 2991 5442 cito
3047 5388 3361 5449 vobiscum,
3423 5389 3661 5443 Domino

2022 5462 2366 5538 protegente,
2382 5454 2818 5538 celebrabimus.
2845 5476 2870 5507 υ
2895 5459 3017 5538 Quo
3032 5460 3152 5515 loco
3174 5459 3420 5538 explicat
3441 5459 3662 5538 actuale

2021 5535 2072 5583 et
2117 5531 2253 5597 juge
2287 5531 2730 5606 exerciiiunrin
2780 5537 3088 5606 martyrum
3139 5532 3316 5606 gestis
3367 5531 3656 5606 notandis,

2020 5613 2084 5654 ex
2097 5597 2516 5675 pressumillis
2536 5597 2744 5675 verbis,
2782 5597 3075 5675 scripserit,
3109 5597 3331 5668 scribat,
3359 5608 3409 5657 et
3439 5604 3662 5670 signiﬁ—

2019 5677 2122 5724 cet.
2180 5671 2308 5722 Erat
2345 5669 2609 5743 diaconis
2651 5670 2790 5724 olim
2836 5669 3243 5743 hocceinunus
3270 5669 3662 5743 optime’co’m-

2024 5743 2280 5803 missum,
2311 5741 2985 5810 concreditumque,dum
3005 5741 3269 5813 frequens
3283 5741 3657 5800 diaconorum

2016 5813 2362 5885 adcarceres
2383 5819 2730 5885 commeatus
2758 5827 2855 5882 pro
2886 5823 3194 5885 martyrum
3221 5816 3660 5872 necessitatibus

2015 5882 2408 5953 sublevandis,
2441 5889 2561 5938 erat
2590 5884 2675 5939 eis
2698 5882 3299 5959 Opportuna'occasio,
3323 5901 3435 5956 qua
3454 5889 3657 5940 cuncta
