4024 6176
423 254 554 314 4094

417 380 560 435 Era:
581 379 821 436 Christi.

419 447 655 519 723iss.
792 449 1545 519 VespasianoIIIIetTitoII.
1655 450 2071 504 Mere-XXIX.

416 518 489 577 73
778 518 1109 576 Domitiano
1141 529 1195 575 et
1222 521 1527 575 Messalino
1678 520 1808 574 Ven.
1853 522 2035 575 XXX.

417 588 490 648 74
780 592 1130 660 Vespasiano
1159 593 1276 646 Vet
1300 593 1429 646 Tito
1458 593 1547 645 III.
1664 591 1760 645 Sat
1828 592 1927 646 XI.

417 660 490 719 75
779 663 1129 732 Vespasiano
1170 663 1593 717 VIetTitoIlII.
1664 662 1775 716 Sol.
1821 663 2002 717 XXII.

417 731 490 803 76
512 735 659 790 Biss.
772 731 1120 803 Vespasiano
1152 732 1585 788 VIIDomitiano
1604 734 1665 787 V.
1690 734 1831 787 Lun.
1876 735 1964 787 III.

417 802 488 860 77
774 802 1120 873 Vespasiano
1149 805 1263 858 VIII
1291 805 1493 859 etTito
1512 806 1575 859 V.
1689 805 1856 858 Merc.
1902 804 2070 858 XIIII.

420 874 492 931 78
769 876 1074 930 Commodo
1102 880 1157 929 et
1191 877 1383 930 Prisco
1668 876 1785 929 Jov.
1827 876 1999 929 XXV.

419 944 491 1002 79
765 947 1112 1014 Vespasiano
1141 946 1221 1000 IX
1240 953 1297 1000 et
1319 946 1447 1000 Tito
1468 946 1536 1000 VI
1664 947 1804 1000 Ven.
1854 947 1939 999 VI.

490 1017 650 1085 Quod
681 1017 990 1072 Panvinius
1017 1023 1318 1071 assecutus
1344 1024 1427 1070 est
1453 1029 1689 1085 operosa
1721 1016 2074 1085 inspectione

423 1088 672 1154 plurium
724 1087 978 1156 lapidum
1022 1098 1079 1142 et
1136 1101 1523 1147 nummorum.
1590 1088 1798 1141 unicus
1837 1094 2071 1156 apectus

421 1159 628 1227 lapidis
658 1158 940 1213 Casinatis
972 1158 1307 1227 plenissime
1358 1158 1713 1213 demonstrat
1772 1171 1953 1227 usque
1997 1157 2068 1211 ad

419 1226 780 1285 consulatum
809 1226 1031 1284 sextum
1076 1228 1401 1296 VeSpasiani
1431 1232 1576 1299 (aii-ie
1623 1228 1835 1283 Christi
1862 1226 1977 1299 75)
2010 1228 2065 1299 in

420 1314 535 1370 quo
566 1300 885 1368 completur
908 1301 1163 1368 ejusdem
1186 1300 1411 1367 imperii
1434 1297 1621 1354 annus
1652 1306 1848 1354 sextus
1886 1297 2067 1367 pridie

420 1371 544 1426 Kal.
576 1371 737 1439 Julii,
763 1377 818 1425 et
840 1371 1142 1426 inchoatur
1172 1370 1315 1439 ipsis
1338 1371 1607 1425 Kalendis
1633 1370 1769 1425 Julii
1787 1370 2066 1438 septimus

419 1442 721 1497 tribunicii:
773 1441 1064 1509 potestatis
1107 1447 1161 1495 et
1192 1441 1435 1509 imperii.
1482 1444 1620 1496 Cum
1671 1441 1865 1496 eodem
1915 1439 2067 1494 enim

419 1512 724 1569 consulatu
756 1520 913 1567 sexto
937 1513 994 1565 in
1025 1512 1274 1566 nummis
1306 1518 1548 1581 utraque
1576 1511 1885 1566 tribunitia
1922 1518 2070 1579 pote-

420 1591 539 1639 stas
588 1584 971 1652 componitur,
1020 1590 1178 1638 sexta
1226 1596 1408 1651 usque
1462 1583 1530 1637 ad
1582 1583 1735 1637 diem
1784 1581 1855 1638 30
1883 1583 2065 1639 Junii.

419 1656 662 1722 septima
694 1667 822 1708 vero
853 1668 919 1708 ex
949 1655 1044 1708 die
1089 1670 1105 1707 ι
1135 1654 1297 1707 Julii.
1342 1654 1627 1709 Proximis
1652 1653 1778 1707 Kal.
1808 1654 2069 1707 Januarii

423 1721 559 1779 anni
608 1721 696 1779 76.
757 1725 1087 1780 Tribunitia
1146 1730 1419 1788 potestate
1472 1738 1549 1778 vn
1600 1725 1790 1779 adhuc
1846 1724 2070 1779 labente

424 1797 827 1864 Vespasianus
870 1797 1181 1864 septimum
1243 1795 1442 1851 consul
1496 1797 1773 1864 procedit,
1823 1795 2071 1850 testibus

427 1869 676 1922 nummis
692 1873 748 1922 et
769 1866 1271 1935 inscriptionibus,
1296 1873 1349 1921 et
1368 1880 1649 1936 anonymo
1668 1866 1856 1935 quarti
1882 1879 2071 1921 saecu—

422 1937 485 2004 li,
521 1946 705 1993 notam
746 1951 975 2007 quoque
1000 1937 1319 1993 bissextilis
1371 1939 1505 1992 huic
1533 1951 1683 1992 anno
1717 1944 1863 1991 recte
1887 1951 2072 2006 appo-

424 2015 620 2064 neiite:
657 2008 864 2064 licetin
892 2009 1109 2079 collega
1146 2008 1464 2063 Domitiano
1486 2010 1609 2064 loco
1629 2009 1743 2062 Titi
1779 2008 2070 2079 assignato

422 2080 545 2134 Kal.
573 2080 830 2135 Januarii
880 2081 1013 2147 jure
1062 2079 1348 2149 culpetur.
1403 2086 1459 2134 et
1512 2079 1891 2149 corrigendus
1944 2092 2069 2134 esse

422 2152 757 2206 ostendatur
776 2150 1013 2206 suﬁ'ecto
1063 2152 1390 2205 Domitiano
1434 2150 1672 2205 consule
1710 2162 1779 2204 ex
1812 2150 1934 2204 Kal.
1962 2152 2071 2203 Ju-

423 2222 511 2277 lii.
548 2221 876 2290 testimonio
904 2222 1157 2290 lapidum
1190 2230 1245 2277 et
1268 2235 1651 2277 nummorum.
1686 2220 2070 2290 Consequitur

423 2306 611 2347 annus
635 2289 729 2363 77,,
756 2289 1355 2363 signatusconsulatu
1384 2292 1715 2361 Vespasiani
1766 2289 1982 2359 octavo,
2016 2297 2069 2345 et

424 2363 643 2433 collega
668 2362 800 2417 'l‘ito
830 2362 894 2416 γι
929 2362 1166 2418 suffecto
1205 2364 1416 2432 pariter
1440 2377 1508 2418 ex
1542 2364 1660 2419 Kal.
1693 2363 1835 2419 Julii
1868 2364 2068 2418 Domi-

424 2432 784 2489 tiano’fratre
812 2447 889 2502 VI,
919 2447 1030 2502 quo
1051 2447 1201 2488 anno
1222 2435 1476 2489 diximus
1505 2445 1627 2503 post
1653 2434 2069 2489 abdicationem

424 2505 726 2559 Clementis
746 2505 864 2573 jam
918 2512 1198 2573 peractam
1231 2506 1521 2560 Decembri
1568 2507 1704 2560 anni
1730 2503 1820 2572 76,
1867 2519 2070 2559 susce-

426 2583 583 2644 ptum
618 2575 795 2630 fuisse
834 2577 1215 2629 Romanorum
1248 2577 1640 2644 pontificatum
1668 2593 1699 2630 a
1740 2577 1896 2631 Cleto
1938 2584 2070 2630 ante

428 2646 720 2701 Paschalia
756 2646 931 2701 testa:
966 2652 1023 2700 et
1077 2646 1293 2701 idcirco
1322 2648 1449 2715 jure
1496 2647 1677 2701 tribui
1726 2647 1899 2701 initio
1927 2645 2067 2700 Cleti

422 2717 785 2772 consulatum
837 2716 1164 2784 Vespasiani
1216 2730 1314 2770 vui
1362 2717 1419 2770 in
1457 2718 1713 2785 cataIOgo
1748 2716 2065 2782 Liberiano,

426 2800 637 2842 morem
669 2792 863 2841 secuto
881 2786 1285 2841 chronicorum
1317 2787 1693 2857 Paschalium,
1722 2792 1775 2841 et
1796 2787 2067 2855 epocham

425 2871 708 2913 annorum
740 2858 1179 2927 pontiﬁcalium.
1234 2858 1396 2912 Errat
1437 2864 1646 2919 tamen,
1703 2864 1767 2913 ut
1798 2856 1977 2927 prius,
2011 2857 2069 2911 in

428 2942 639 2985 morem
669 2937 864 2984 secuto
890 2929 1297 2984 chronicorum
1321 2928 1701 2993 Paschalium,
1721 2936 1777 2984 et
1796 2930 2068 2997 epocham

422 3014 705 3056 annorum
753 2999 1183 3069 pontiﬁcalium.
1236 3002 1399 3054 Errat
1444 3008 1649 3064 tamen,
1688 3008 1749 3055 ut
1797 2999 1976 3069 prius,
2012 2999 2067 3053 in

424 3072 642 3140 collega
673 3071 993 3126 Domitiano
1018 3069 1383 3139 assignando,
1415 3070 1527 3124 nisi
1565 3069 1862 3127 suﬁ‘ectum
1895 3070 2072 3125 intel—

427 3143 561 3211 ligat
592 3155 660 3196 ex
693 3141 816 3196 Kal.
842 3142 1014 3197 Julii:
1043 3142 1520 3212 quemadmodum
1545 3148 1598 3195 et
1619 3156 1938 3212 anonymus
1966 3143 2072 3196 iste

422 3212 785 3281 Cuspiniani,
811 3213 909 3283 qui
934 3212 1313 3267 Domitianum
1343 3211 1644 3267 suffectum
1685 3211 1809 3268 loco
1829 3212 1940 3266 Titi
1969 3226 2072 3266 or-

424 3284 634 3339 dinarii
666 3283 924 3339 consulis
953 3283 1227 3338 obtrudit.
1263 3283 1662 3353 liidulgentius
1683 3292 1869 3339 tamen
1891 3297 2074 3339 excu-

426 3357 640 3411 sandus
666 3362 749 3409 est
780 3368 942 3410 error
962 3354 1203 3423 catalogi
1228 3355 1284 3409 in
1314 3354 1531 3424 collega
1553 3355 1875 3410 Domitiano
1895 3355 2073 3424 exhi—

426 3425 644 3492 bendo;
670 3440 799 3481 cum
826 3426 1096 3481 dimissio
1119 3422 1429 3480 Clementis
1446 3422 1598 3479 circa
1627 3426 1792 3480 ﬁnem
1818 3428 1955 3480 anni
1977 3422 2069 3486 76,

426 3511 539 3566 quo
590 3503 981 3565 processerant
1032 3496 1300 3551 consules
1356 3497 1641 3552 ordinarii
1692 3497 2072 3564 VeSpasianus

429 3575 583 3636 pater
605 3582 681 3622 vu
711 3574 766 3623 et
789 3568 956 3622 'l'itus
982 3567 1141 3622 ﬁlius
1172 3582 1221 3631 v,
1250 3581 1319 3622 ex
1350 3568 1473 3621 Kal.
1498 3568 1641 3622 Julii
1688 3566 1923 3622 suffecto
1954 3568 2073 3621 Do—

429 3640 668 3694 mitiano
689 3645 840 3694 hunc
858 3639 1130 3709 deinceps
1151 3652 1280 3693 cum
1300 3646 1453 3707 patre
1470 3639 1743 3709 collegam
1768 3639 2065 3693 inveniret.

502 3712 858 3766 Demonstrat
884 3710 1064 3780 igitur
1094 3708 1240 3778 lapis
1262 3710 1369 3765 iste
1396 3708 1751 3765 Cassine’nsis
1772 3724 1898 3765 eum
1925 3723 2073 3778 pon-

425 3780 655 3851 tiﬁcem,
701 3781 802 3851 qui
858 3783 1053 3836 sedere
1079 3781 1312 3849 coeperit
1345 3787 1468 3849 post
1512 3781 1664 3835 diem
1721 3782 2073 3851 28$eptem-

430 3852 546 3906 bris
574 3849 651 3907 S.’
687 3849 810 3906 Lini
864 3851 1133 3920 martyrio
1162 3851 1523 3920 celebratam,
1553 3852 1823 3919 Capitone
1849 3858 1905 3906 et
1927 3849 2072 3905 Rut‘o

427 3922 763 3977 consulibus
795 3934 943 3990 anno
967 3918 1180 3974 Christi
1209 3918 1277 3990 67
1302 3939 1316 3982 ;
1347 3928 1401 3975 et
1448 3918 1812 3990 compleverit
1839 3921 2073 3990 pontiﬁ-

427 3999 592 4047 catus
618 4005 801 4046 annos
828 3989 882 4061 9,
929 4003 1161 4062 menses
1201 3989 1255 4058 2,
1287 3991 1409 4046 dies
1441 3989 1523 4059 l0,
1570 3989 1873 4062 antequam
1902 3991 2062 4046 abdi-

428 4070 611 4130 caret;
646 4061 792 4133 Petri
845 4061 1033 4133 sedem
1087 4062 1339 4116 tenuisse
1371 4076 1553 4133 usque
1580 4064 1649 4118 ad
1697 4061 1840 4118 diem
1889 4062 1921 4117 4
1959 4064 2075 4117 De-

429 4134 673 4188 cembris
706 4132 1051 4200 VeSpasiano
1083 4146 1157 4186 vii
1183 4139 1237 4187 et
1266 4133 1389 4189 Tito
1415 4148 1446 4185 v
1468 4132 1809 4189 consulibus
1833 4134 2073 4190 ordina-

431 4205 561 4263 riis.
594 4211 647 4258 et
681 4203 814 4257 huic
843 4201 1079 4257 suﬁ‘ecto
1109 4217 1176 4256 ex
1210 4205 1329 4257 Kal.
1351 4205 1492 4259 Julii
1518 4205 1835 4259 Domitiano
1866 4219 1897 4258 ν
1920 4217 2072 4258 anno

428 4274 642 4329 Christi
670 4271 760 4328 76.
816 4272 1076 4327 Ostendit
1107 4274 1322 4341 pariter
1360 4288 1742 4329 successorem
1796 4283 1921 4344 post
1945 4274 2072 4342 ejus

430 4344 869 4411 abdicationem,
901 4344 992 4398 sui
1018 4344 1381 4413 pontiﬁcatus
1431 4346 1665 4399 exordia
1700 4346 1757 4398 in
1793 4344 2074 4413 proximis

430 4416 591 4471 festis
614 4415 987 4470 l’aschalibus
1010 4412 1238 4485 signare
1265 4414 1531 4469 debuisse
1552 4428 1700 4469 anno
1728 4412 1944 4469 Christi
1977 4412 2068 4478 77,

1650 253 2009 310 ANASTASII
2047 254 2593 313 BIBLIOTHECARII

3632 267 3735 325 4092

2101 380 2161 439 A
2186 385 2246 467 ni
2258 391 2341 467 _et_
2357 387 2480 467 _Titi
2533 388 2886 467 Domitiani,
2910 405 2943 467 a
2993 392 3294 449 consulatu
3337 395 3626 467 Vespasiani
3663 411 3738 451 VIII

2184 458 2372 529 etTiti
2405 473 2583 529 usque
2612 462 2679 515 ad
2725 463 3113 518 Domitianum
3172 478 3228 518 ix
3267 472 3322 519 et
3351 458 3535 520 Rufum
3572 482 3739 522 consu-

2186 528 2288 613 les,
2323 547 2347 577 η
2375 528 2524 613 licet
2551 533 3113 613 corrupte_iegatur:
3143 556 3170 587 α
3194 536 3321 613 F_uit
3354 544 3526 613 autem
3564 544 3743 613 tenipo-

2192 600 2355 676 rib_us
2375 602 2709 676 Vespasiani
2730 600 2796 658 'et
2816 600 2954 673 Titi,
2978 619 3009 660 a
3040 607 3341 661 consulatu
3370 600 3743 676 Vespasiani'vu

2182 677 2241 725 et
2268 670 2581 744 Domitiani
2616 688 2646 726 v
2680 689 2863 744 usque
2898 670 2965 730 ad
2999 679 3377 732 Domitianum
3408 670 3482 734 ix"
3505 685 3556 733 et
3581 677 3745 734 Rufum

2185 742 2471 818 con_s_ules.
2499 762 2524 792 »
2558 746 2681 813 Ipso
2709 742 2861 800 enim
2881 760 2950 801 ex
2980 754 3245 804 contextu
3274 754 3435 818 patet,
3456 748 3614 805 fuisse
3633 757 3750 804 tem-

2188 813 2445 883 poribus,
2471 828 2583 869 non
2616 821 2835 871 tantum
2875 819 3200 887 VeSpasiam’
3240 813 3288 873 ei
3328 813 3444 884 Titi,
3492 821 3575 875 sed
3613 821 3747 874 etiam

2184 887 2631 960 Domitianieum
2656 888 3002 960 pontiﬁcem,
3027 891 3125 960 qui
3152 892 3221 945 ad
3240 891 3575 946 consulatum
3588 891 3750 946 Domi-

2185 956 2329 1011 tiani
2360 970 2594 1024 nonum,
2626 964 2683 1012 et
2707 959 2832 1014 Ruﬁ
2883 956 3220 1027 pervenerit.

2257 1027 2381 1101 Haec
2410 1027 2606 1101 habui,
2631 1043 2757 1101 qua:
2785 1030 2843 1084 in
2883 1030 3190 1087 Clementis
3218 1032 3572 1101 Chronologia
3593 1046 3749 1100 super-

2182 1097 2448 1171 adderem
2473 1097 2769 1167 prioribus
2797 1103 2949 1157 notis
2978 1104 3035 1157 in
3066 1103 3207 1158 Cleti
3236 1116 3459 1158 numero
3495 1097 3753 1171 praemissis

2182 1168 2251 1223 ad
2287 1182 2359 1242 ea
2396 1170 2805 1236 conﬁrmanda,
2840 1188 2966 1242 qua:
2998 1174 3213 1229 ibidem
3253 1168 3549 1229 constituta
3572 1175 3753 1228 suntde

2183 1241 2491 1310 utriusque
2513 1242 2803 1311 pontiﬁcis
2830 1241 3042 1312 epocha
3072 1252 3125 1299 et
3157 1246 3522 1300 successione.

2605 1344 2845 1386 EIUSDEM
2878 1345 3029 1387 NOTE
3062 1347 3388 1389 HISTORICE.

2252 1419 2420 1492 Linea
2449 1415 2509 1473 7.
2540 1450 2609 1459 -
2632 1422 2734 1473 Hic
2759 1423 2889 1486 fecit
2931 1424 3072 1477 duas
3111 1425 3386 1492 epistolas,
3424 1440 3534 1492 qua:
3569 1423 3753 1492 catholi-

2177 1506 2250 1544 ca:
2282 1488 2378 1563 [aL
2402 1494 2674 1545 canonica:
2701 1498 3076 1547 nominantur.
3125 1488 3196 1549 Et
3230 1494 3377 1549 infra
3407 1488 3502 1550 lin.
3530 1492 3562 1549 9
3604 1500 3652 1548 et
3689 1491 3753 1547 40.

2184 1564 2381 1615 Tamen
2408 1564 2465 1615 in
2485 1564 2729 1631 epistola,
2776 1579 2897 1631 qua:
2915 1566 2991 1619 ad
3016 1567 3273 1620 Iacobum
3296 1568 3489 1634 scripta
3514 1571 3601 1628 est,
3645 1580 3754 1633 qua-

2183 1635 2305 1686 liter
2334 1635 2383 1686 ci
2412 1650 2446 1685 a
2499 1635 2559 1687 Β.
2593 1636 2749 1689 Petro
2802 1653 3083 1691 commissa
3128 1646 3210 1691 est
3248 1639 3495 1701 Ecclesia,
3553 1637 3751 1704 reperies.

2250 1705 2494 1759 Joannes
2518 1706 2769 1773 Baptista
2793 1708 3112 1766 Cotelerius
3136 1711 3334 1764 socius
3372 1708 3697 1771 Sorbonicus,
3715 1712 3751 1758 et

2108 1754 2152 1811 Β
2184 1776 2243 1830 in
2266 1776 2524 1859 I’arisina
2538 1754 2832 1859 academi;
2849 1780 3042 1859 regius
3062 1779 3351 1859 professor
3367 1779 3564 1859 linguai
3578 1754 3752 1859 Graifg,
3808 1784 3819 1791 '

2181 1848 2279 1917 qui
2342 1847 2552 1903 celebri
2613 1847 3024 1909 commentario
3063 1847 3409 1906 'illustravit
3458 1847 3629 1918 'Opera
3685 1847 3751 1901 SS.

2184 1919 2408 1993 Patrum
2463 1924 2816 1993 temporibus
2867 1922 3209 1992 apostolicis
3270 1922 3607 1993 ﬂorentium,
3648 1923 3753 1993 recti;

2179 1991 2485 2045 admodum
2515 1988 2856 2060 observavit,
2890 1988 3018 2050 sera
3053 1994 3149 2047 hic
3178 1994 3468 2049 enuntiari
3495 1993 3558 2046 de
3582 1988 3751 2058 duplici

2177 2060 2488 2135 Clementis
2524 2065 2790 2135 epistola,
2845 2073 2900 2121 et
2941 2065 3138 2120 ambas
3190 2064 3470 2120 nominari
3521 2061 3752 2135 catholicas

2178 2130 2334 2201 (aliis
2362 2130 2686 2203 legentibus
2707 2130 3050 2205 canonicos),-
3095 2136 3168 2190 ab
3201 2144 3439 2205 utraque
3469 2141 3631 2205 tamen
3662 2131 3754 2185 dis.

2181 2205 2371 2285 tingui
2403 2208 2727 2285 epistolam,
2775 2224 2900 2285 qua:
2940 2204 3359 2285 circumfertur
3381 2204 3653 2285 Clementis
3670 2214 3754 2285 lio-

2183 2274 2330 2332 mine
2360 2278 2427 2332 ad
2472 2279 2743 2335 Jacobum
2794 2274 3035 2336 "fratrem
3090 2278 3349 2333 Domini:
3384 2280 3451 2334 de
3496 2290 3595 2347 qua
3635 2274 3755 2328 Liber

2180 2348 2537 2405 Pontiﬁcaiis
2578 2351 2799 2406 nullum
2844 2351 3126 2421 judicium
3176 2349 3409 2417 profert,
3454 2348 3541 2421 sed
3586 2352 3753 2421 tantum

2183 2421 2403 2495 indicat
2456 2422 2513 2475 in
2556 2435 2619 2477 ea
2659 2417 2969 2488 contiiieri,
3037 2422 3283 2495 qualiter
3342 2423 3391 2495 ei
3434 2417 3755 2495 (Clementitu

2180 2494 2330 2545 beato
2364 2493 2517 2546 Petro
2556 2497 2839 2550 commissa
2889 2500 2968 2548 est
3019 2494 3287 2547 Ecclesia.
3332 2494 3529 2548 Contra
3566 2502 3672 2543 vero
3714 2493 3753 2538 lll

2178 2564 2293 2619 alio
2330 2562 2648 2636 biOgrapho
2702 2567 3034 2635 pontificum
3064 2566 3447 2620 Romanorum
3488 2562 3756 2636 (Lu_itpral_1_-

2177 2636 2311 2710 dum
2326 2627 2680 2710 Ticinetisem
2694 2627 3140 2710 diacoiiumesse
3155 2627 3660 2710 opinaturejiisdem

2177 2707 2684 2775 torAntuerpiensi
2707 2702 3755 2776 :anni1642),observatjureCotelerius.

2180 2783 2336 2852 gravi
2372 2779 2548 2834 nimis
2586 2794 2779 2852 errore
2834 2793 3126 2850 perperam
3168 2780 3359 2849 accipi
3390 2792 3485 2852 ea,
3512 2788 3625 2852 qua:
3649 2776 3756 2852 recte

2179 2844 2396 2920 scripta
2424 2851 2791 2920 reperiuntur
2817 2844 2919 2907 hoc
2938 2844 3021 2907 'in
3046 2851 3200 2905 libro
3245 2844 3547 2906 Pontiﬁcali
3566 2848 3626 2901 de
3644 2844 3757 2899 dua-

2184 2923 2580 2999 busepistolis
2615 2924 2923 2999 Ciementis
2952 2925 2973 2977 Ι
3018 2924 3109 2999 ad
3141 2922 3496 2987 Corinthios,
3543 2924 3755 2999 tanqu“!

2182 2989 2403 3063 prolata
2425 3000 2613 3049 essent
2639 2995 2707 3049 de
2731 2995 3165 3058 commentitiis,
3201 2989 3656 3065 seuapocryphis,
3674 2989 3761 3065 epi-

2180 3066 2347 3139 stolis
2364 3065 2617 3139 ejusdem
2636 3065 2950 3139 Clementis
2962 3078 3163 3121 nomen
3181 3063 3616 3139 prieferentibus.
3633 3063 3756 3139 quasi

2180 3137 2325 3191 data:
2364 3129 2479 3191 sint
2510 3137 2578 3191 ad
2627 3136 2894 3192 Jacobum
2927 3136 3157 3191 fratrem
3181 3129 3453 3190 "Domini.
3502 3138 3630 3187 Duas
3663 3129 3759 3182 illas

2180 3208 2489 3262 Clementis
2513 3208 2788 3276 epistolas
2815 3209 2882 3264 ad
2914 3207 3274 3265 Corinthios.
3306 3213 3490 3277 utpote
3510 3202 3758 3277 genuinas;

2180 3284 2338 3333 tanto
2361 3274 2563 3333 studio
2589 3279 2861 3348 suscepit,
2889 3285 2944 3333 et
2993 3274 3683 3351 veneratione'prosecutus
3699 3274 3759 3351 est

2181 3351 2341 3404 orbis
2368 3351 2737 3404 Christianus
2756 3344 2927 3404 etiam
2955 3351 3322 3418 temporibus
3364 3344 3681 3418 apostolicis,
3704 3344 3761 3418 ,υῑ

2183 3420 2466 3489 pleraeque
2494 3420 2759 3498 Ecclesiae
2771 3421 2980 3498 diebus
3005 3410 3333 3498 Dominicis
3352 3410 3469 3476 eam
3500 3410 3761 3498 publireie:

2182 3486 2312 3561 gere
2335 3486 2737 3547 consueverint
2770 3493 2825 3546 in
2859 3498 3010 3547 cmtu
3060 3492 3348 3562 ﬁdelium,
3389 3486 3509 3562 qua:
3533 3487 3668 3562 prior
3701 3486 3760 3562 est

2182 3555 2445 3618 Romana:
2480 3562 2744 3617 Ecclesia:
2790 3565 3021 3618 nomine
3067 3564 3199 3618 data
3241 3555 3679 3621 ad'Corinthios,
3718 3555 3763 3605 ut

2184 3634 2467 3689 Eusebius
2486 3635 2544 3688 in
2567 3636 2809 3689 historia
2834 3633 3075 3689 afﬁrmat
3098 3648 3211 3689 non
3245 3648 3360 3691 uno
3386 3637 3439 3689 in
3468 3633 3597 3697 loco,
3614 3633 3763 3697 nempe

2183 3704 2333 3760 libro
2362 3719 2444 3769 iii,
2500 3718 2625 3773 cap.
2658 3704 2743 3760 46.
2771 3726 2797 3757 ‹‹
2822 3707 3004 3773 Hujus
3030 3705 3349 3762 Clementis
3376 3702 3601 3773 epistola
3629 3696 3763 3773 habt?-

2184 3784 2280 3831 tur
2305 3777 2373 3831 ad
2404 3763 2742 3832 Corinthios
2773 3763 3009 3846 scripta.
3043 3778 3336 3844 praecipua
3382 3763 3537 3846 plane
3560 3778 3609 3846 et
3644 3763 3764 3846 \jalgie

2185 3846 2507 3901 mirabilis:
2543 3861 2715 3917 quam
2740 3840 2992 3903 velut-ex
3024 3840 3267 3917 persona
3291 3840 3764 3917 Itoiiiriiia:Eccletiiac

2181 3919 2443 3991 dictavit,
2464 3933 2534 3991 cu
2547 3913 2595 3991 iii
2617 3921 2648 3974 d
2661 3920 2904 3991 issensio
2921 3913 3072 3988 apud
3089 3919 3429 3991 Corinthios
3447 3922 3583 3991 esset
3596 3913 3762 3991 emite:

2181 3988 2357 4056 Quam
2386 3980 2686 4058 epistolam
2718 3991 2774 4044 in
2801 3980 3074 4060 plurimis
3088 3989 3359 4046 ecclesiis
3379 3989 3591 4059 publice
3608 3980 3768 4060 legi,ei

2181 4057 2435 4115 veterum
2486 4068 2545 4115 et
2599 4057 2816 4116 nostris
2854 4063 3050 4130 etiam
3105 4057 3465 4130 temporibus
3516 4057 3764 4130 constat.)

2181 4132 2397 4185 Deinde
2430 4131 2511 4186 lib
2558 4144 2629 4201 iv,
2649 4146 2770 4201 cap.
2806 4129 2895 4200 93,
2920 4127 3243 4202 producens
3266 4127 3767 4192 IitterrsaDiouysIo

2180 4202 2614 4258 Corinthiorum
2647 4208 2915 4272 episcopo
2939 4204 3102 4258 datas
3131 4205 3200 4257 ad
3233 4206 3483 4259 Soterem
3514 4208 3620 4255 tum
3656 4203 3769 4272 teng-

2187 4274 2341 4343 poris
2384 4273 2618 4345 inl’etri
2650 4261 2917 4329 cathedra
2948 4275 3261 4329 Clementis
3292 4261 3771 4345 successoremad:

2182 4336 2269 4416 dit
2303 4344 2601 4399 Eusebius.
2633 4364 2659 4396 α
2691 4348 2750 4399 In
2795 4345 2899 4400 hac
2932 4346 3056 4415 ipsa
3079 4347 3251 4400 etiam
3275 4344 3516 4416 epistola
3561 4336 3771 4416 meminit

2182 4415 2490 4469 Clementis
2520 4416 2778 4484 epistolae
2808 4417 2877 4471 ad
2907 4416 3242 4471 Corinthios
3287 4415 3531 4485 scriptae.
3560 4420 3703 4481 quam
3719 4415 3769 4485 ei

429 4490 734 4561 consulatu
776 4483 1113 4561 Vespasiani
1159 4491 1378 4561 octavo,
1430 4498 1594 4561 quem
1624 4485 2072 4561 antiquissimus
2102 4500 2155 4561 D
2186 4486 2372 4555 prisca
2420 4483 2855 4561 consuetudine,
2885 4488 2953 4561 in
2987 4487 3228 4561 ecclesia
3276 4488 3388 4559 legi
3412 4483 3644 4561 ‘solitam
3678 4483 3771 4561 esse

430 4559 724 4627 catalogus
772 4558 1112 4612 Liberianus
1158 4557 1315 4611 Cleto
1368 4559 1589 4611 ineunti
1632 4558 1911 4627 assignat.
1948 4558 2071 4611 Pari

432 4643 660 4699 quoque
712 4630 1062 4684 certitudine
1107 4627 1595 4699 conﬁrmatillius
1625 4628 1891 4683 novennii
1923 4634 2073 4683 tem-

432 4698 878 4769 pora’iiunierari
901 4700 1008 4755 sub
1038 4700 1402 4768 principibus
1422 4698 1600 4754 Galba
1625 4706 1678 4753 et
1704 4699 2066 4769 Vespasiano.

430 4779 485 4825 et
530 4772 883 4826 successoris
933 4770 1077 4826 Cleti
1130 4774 1382 4826 regimen
1440 4778 1588 4825 recte
1644 4772 1934 4826 enuntiari
1964 4771 2071 4826 sub

434 4842 777 4911 Vespasiano
801 4856 868 4897 ac
887 4843 1014 4896 Tito
1040 4841 1100 4895 in
1152 4840 1298 4897 libro
1343 4840 1679 4908 Pontiﬁcali,
1725 4843 2073 4911 extendique

429 4913 499 4968 ad
524 4913 834 4968 Domitiani
866 4913 1204 4983 imperantis
1233 4912 1565 4978 triennium,
1597 4926 1796 4981 nempe
1826 4916 1894 4967 ad
1918 4914 2071 4967 diem

430 4983 500 5039 26
537 4985 758 5052 Aprilis
788 4986 914 5052 ejus
944 4986 1218 5053 martyrio
1243 4985 1636 5054 consignatam
1658 4984 1984 5038 Domitiano
2017 4997 2072 5037 ix

431 5061 488 5109 et
517 5054 663 5110 Rufo
693 5054 1052 5124 consulibus,
1082 5069 1207 5109 mra:
1234 5054 1558 5120 ChristiSJ,
1594 5055 2070 5124 quemadmodum

433 5125 772 5195 collegimus
803 5141 975 5194 supra
1001 5141 1126 5196 pag.
1155 5124 1244 5180 35.
1272 5126 1458 5193 Quare
1486 5138 1595 5180 non
1626 5126 1832 5181 dubito
1863 5125 2073 5181 lectio—

433 5208 912 5277 nemgermanam
942 5198 1161 5251 codicis
1194 5196 1548 5278 i’outiﬁcalis
1571 5210 1640 5250 ex
1689 5197 1945 5321 catalogo
1972 5199 2075 5251 Li-

434 5266 580 5321 berii
611 5268 865 5321 aliisuue
890 5268 1254 5321 documentis
1277 5267 1474 5321 allatis
1503 5273 1582 5321 ita
1611 5274 1840 5321 restitui
1910 5266 2074 5321 ebere

434 5266 580 5338 berii
611 5268 865 5338 aliisque
890 5267 1254 5323 documentis
1277 5266 1474 5321 allatis
1503 5269 1582 5321 ita
1610 5268 1840 5338 restitui
1868 5266 2074 5323 debere

434 5337 494 5390 in
550 5337 916 5395 Clemente-ai
950 5339 1082 5393 Fuit
1119 5338 1477 5406 temporibus
1519 5337 1711 5393 Galbae
1752 5345 1809 5392 et
1858 5339 2073 5406 Vespa-

434 5409 608 5473 siani,
635 5424 666 5461 a
688 5409 995 5465 consulatu
1019 5408 1281 5463 Trachali
1307 5415 1365 5463 et
1387 5408 1568 5464 Italici
1604 5422 1785 5479 usque
1813 5410 1883 5463 ad
1933 5408 2074 5463 Ves—

436 5478 729 5549 pasianum
754 5495 829 5534 vn
852 5487 909 5536 et
945 5480 1136 5535 Titum
1158 5499 1182 5530 «
1217 5494 1345 5549 quae
1378 5480 1435 5535 in
1458 5478 1884 5548 exemplaribus
1913 5480 2073 5535 Ana-

418 5548 707 5620 stasianis
726 5554 995 5620 corru‘pte
1017 5548 1280 5620 legitur»
1307 5553 1419 5616 fuit
1449 5552 1774 5620 temporibus
1813 5552 1997 5604 Galam
2024 5557 2074 5605 et

438 5619 777 5685 Vespasiani,
814 5639 849 5673 a
901 5619 1188 5675 consulatu
1234 5622 1467 5688 Trajani
1493 5619 1564 5674 ct’
1591 5623 1776 5675 Italici
1799 5637 1970 5689 usque
1999 5623 2074 5676 ad

435 5689 833 5760 Vespasianum
864 5705 920 5745 ix
950 5697 997 5745 et
1032 5695 1245 5759 Titum;
1280 5711 1306 5741 ι)
1335 5697 1392 5746 et
1423 5692 1481 5745 in
1507 5690 1661 5745 Cleto
1693 5694 1909 5760 pariter
1934 5694 2072 5748 red-

431 5759 673 5815 dendam
721 5773 880 5815 esse:
909 5782 935 5812 α
966 5763 1098 5816 Fuit
1125 5769 1314 5818 autem
1362 5759 1716 5830 temporibus
1764 5764 2074 5832 Vespasia-

2189 4549 2430 4612 testatur
2456 4558 2548 4611 his
2579 4557 2788 4613 verbis.
2822 4558 3017 4621 Hodie,
3049 4559 3262 4629 inquit,
3284 4549 3505 4615 sa‘crum
3532 4556 3664 4610 diem
3685 4549 3771 4629 Do:

2190 4629 2467 4682 minicum
2514 4629 2919 4700 transegimus,
2980 4630 3037 4684 in
3072 4625 3187 4700 quo
3238 4625 3770 4700 epistolamvestratn

2189 4700 2464 4774 legimus:
2498 4714 2667 4774 quam
2692 4694 2923 4774 quidem
2958 4694 3230 4774 perpetuo
3261 4694 3526 4774 deinceps
3550 4694 3769 4774 legentes.

2189 4766 2424 4848 perinde
2452 4766 2784 4848 ac‘priorem
2814 4766 2972 4827 illam
2992 4766 3159 4848 nobis
3182 4786 3212 4827 a
3243 4766 3769 4848 Clementescripiﬁm

2184 4833 2508 4915 epistolam,
2539 4833 2779 4910 optimis
2813 4844 3131 4915 praeceptis,
3165 4833 3768 4915 acdocumentisabu‘u-

2183 4903 2469 4968 dabimus.
2499 4903 2526 4961 ἆ)
2563 4903 2635 4968 Ea
2670 4903 2869 4983 nempe
2895 4903 3012 4969 fuit
3037 4903 3354 4983 disciplina
3405 4903 3771 4983 nascentisch

2184 4984 2394 5050 clesiie,
2421 4985 2664 5055 utPetri
2697 4973 3093 5040 successorum
3121 4973 3397 5055 epistolas
3423 4981 3664 5055 proximo
3679 4973 3774 5055 loga

2183 5039 2705 5131 a_diViiiis_litteris
2737 5039 3018 5131 haberent
3041 5039 3238 5131 sancti
3258 5039 3356 5111 illi
3395 5039 3675 5131 antistites
3690 5039 3776 5131 ρξιξς

2182 5126 2344 5202 bium
2382 5126 2504 5202 Dei,
2546 5134 2603 5181 et
2635 5128 3212 5202 per_petuo_legeiida_s
3248 5138 3378 5202 esse
3397 5116 3776 5202 constituerat}

2181 5197 2491 5252 Clementis
2540 5192 2776 5266 perinde
2796 5212 2861 5253 ac
2902 5192 3121 5254 Sotéris
3148 5198 3352 5254 diebus
3393 5192 3772 5266 Dominicis!"

2226 5268 2418 5324 ublico
2441 5258 2697 5323 ﬁdelium
2723 5274 3033 5325 conventu.
3067 5270 3148 5324 Ad
3182 5270 3297 5324 haec
3324 5265 3625 5336 respiciens
3638 5258 3776 5338 βρῑρξ

2208 5341 2388 5408 crius,
2414 5338 2551 5393 dum
2580 5340 2764 5395 nostri
2790 5340 2926 5396 libri
2960 5340 3315 5397 Pontiﬁcalis
3336 5330 3606 5406 receptam
3639 5330 3777 5408 hist?

2185 5380 3561 5481 at“messenii,triuiaxaziragz35.01..
3577 5394 3779 5481 sapa;—

2184 5487 2356 5537 tatem
2393 5483 2706 5553 redarguit,
2745 5482 2916 5539 hasce
2964 5478 3128 5539 notas
3156 5487 3214 5538 in
3244 5483 3392 5538 hunc
3423 5480 3601 5533 locum
3628 5478 3778 5525 ωωιο

2184 5560 2348 5631 sunt,
2380 5566 2524 5631 quas
2561 5553 3245 5631 debosiusilemlerbis
3412 5620 3449 5631 ..

2256 5646 2281 5675 ‹‹
2325 5618 2558 5679 ΙηἸίὺιό
2588 5618 2929 5694 Pontiticali,
2967 5625 3063 5680 ubi
3090 5627 3160 5681 de
3182 5620 3484 5680 Clementis
3510 5618 3645 5694 Vita,
3665 5618 3779 5694 of:

2185 5709 2297 5751 non
2323 5696 2380 5749 in
2407 5694 2532 5762 ejus
2557 5697 2750 5762 operis
2773 5679 3249 5765 exscriptoribus,
3275 5679 3779 5765 memorantuer

2171 5752 2489 5823 Clementis
2512 5752 2793 5835 epistolae,
2829 5752 3023 5837 eazqi'ie
3070 5752 3357 5823 canonica-
3386 5769 3442 5817 et
3489 5752 3774 5814 catholicas.
