4036 6174
274 249 416 308 4093

1124 251 1444 308 HISTORIA
1481 253 1570 308 DE
1607 253 1781 309 VlTIS
1816 251 1986 308 ROM.
2026 252 2224 308 PONT.
2266 286 2334 295 -—
2371 256 2426 309 S.
2468 255 2802 311 CLEMENS.

3530 256 3669 315 4094

270 372 432 440 Quod
458 372 537 426 ita
561 377 855 448 acceptum
876 372 947 427 ab
975 377 1205 448 auctore
1232 374 1367 448 _tibri
1414 374 1485 448 de
1509 373 1703 448 Gestis
1724 373 1925 430 Roma-
1954 371 2010 429 A
2029 375 2277 448 reperies
2297 375 2446 441 apud
2462 377 2761 448 Justinum
2784 382 3088 448 martyrem
3112 383 3313 448 quast.
3331 376 3401 434 87
3418 380 3487 436 ad
3512 378 3676 435 Orib.

270 456 480 498 norum
510 442 862 515 pontiﬁcum.
894 444 1111 499 credito
1145 445 1513 514 Luitprando,
1543 444 1708 514 quasi
1734 456 1921 515 agere-

269 521 371 569 tur
394 514 467 569 de
493 513 722 569 duabus
743 515 946 582 primis
969 513 1680 572 Clementis'decretali’bus
1727 513 1795 569 ad
1822 516 1925 569 Ja—

271 584 506 640 cobum.
562 585 754 655 Gravi,
802 592 865 640 ut
894 586 1155 655 equidem
1204 589 1414 649 sentio,
1446 600 1655 642 errore.
1688 588 1829 640 Nam
1873 585 1920 639 si

266 656 587 727 decretales
618 655 677 709 in
706 656 896 711 animo
949 655 1242 713 habuisset
1286 659 1538 727 scriptor
1580 656 1924 713 Pontiﬁcalis

266 726 440 798 libri,
493 739 606 781 non
659 726 846 782 solum
894 727 1038 798 duas
1082 729 1348 790 dixisset.
1400 726 1594 784 verum
1645 728 1922 798 quinque,

265 796 762 870 Quemadmodum
808 796 1087 870 Βιόγραοος
1116 799 1233 867 ille,
1269 801 1368 870 qui
1405 800 1543 854 mira
1589 796 1918 868 supinitate.

269 876 579 939 postquam
607 869 677 923 de
709 869 936 923 duabus
970 869 1227 937 epistolis
1256 869 1557 926 catholicis
1579 885 1612 927 a
1640 871 1925 925 Clemente

267 940 340 1024 ad
375 939 646 1024 Jacobum
686 939 852 1024 datis
878 940 1091 1024 retulit,
1121 942 1736 1024 subjungitequaiiam
1780 954 1924 1024 cen—

267 1011 570 1066 tineantur
604 1013 660 1064 ‘in
685 1010 805 1065 illis
820 1010 1067 1082 duabus,
1090 1018 1144 1067 et
1172 1012 1231 1066 in
1266 1010 1511 1082 reliquis
1529 1013 1735 1068 tribus.
1767 1011 1925 1066 Adde

270 1082 429 1155 quod
460 1084 519 1136 in
544 1081 864 1155 Pontiﬁcali
895 1096 1062 1151 opere
1084 1084 1306 1155 sejungi
1332 1081 1556 1139 videtur
1578 1083 1822 1155 epistola
1852 1082 1921 1136 ad

264 1152 547 1208 Jacobum
573 1164 602 1206 a
635 1151 865 1207 duabus
882 1154 1178 1209 canonicis
1205 1151 1487 1223 epistolis.
1516 1151 1625 1209 Hie
1642 1156 1771 1222 fecit
1784 1154 1925 1207 duas

267 1226 559 1292 epistolas,
583 1239 707 1292 quae
732 1228 1006 1278 canonica:
1032 1228 1390 1279 nominantur
1429 1244 1447 1293 ;
1477 1232 1532 1281 et
1562 1226 1713 1280 infra
1742 1244 1755 1278 :
1810 1227 1921 1277 Ta-

266 1310 401 1348 men
428 1298 499 1367 in
518 1295 749 1367 epistola
779 1310 900 1363 qua
947 1294 1023 1348 ad
1063 1298 1321 1351 Jacobum
1356 1300 1563 1367 scripta
1601 1302 1700 1351 est.
1730 1314 1757 1346 ››
1789 1296 1928 1350 Hac-

269 1371 451 1421 tenus
477 1366 816 1421 Cotelerius.

346 1436 673 1492 Catholicas
711 1437 898 1492 dictas
936 1434 1116 1493 fuisse
1156 1438 1417 1508 primam,
1463 1444 1519 1494 et
1571 1438 1807 1493 alteram
1853 1437 1922 1490 ad

265 1507 617 1569 Corinthios
642 1508 953 1577 epistolam
975 1508 1302 1564 Clementis.
1327 1523 1359 1564 a
1385 1510 1732 1579 quibusdam
1754 1508 1922 1563 etiam

267 1579 589 1649 canonicas
622 1585 909 1649 reputatas
948 1593 1058 1635 non
1095 1588 1180 1635 est
1223 1581 1371 1647 quod
1418 1582 1710 1636 miremur.
1747 1581 1926 1633 Tanta

270 1648 391 1705 fuit
411 1651 738 1706 earumdem
761 1650 1135 1717 existimatio,
1161 1657 1222 1707 ut
1243 1651 1608 1707 inveniantur
1637 1650 1815 1705 amba
1834 1651 1926 1705 de-

268 1721 509 1790 scripta
532 1722 790 1798 proxime
816 1728 939 1789 post
962 1722 1147 1798 _libros
1167 1722 1926 1798 canonicos_in_vetustissif
1962 1740 2006 1798 Β

270 1806 375 1847 mo
394 1792 706 1861 exemplari
729 1793 1114 1848 Alexandrino
1132 1808 1426 1849 sacrorum
1446 1794 1754 1848 Bibliorum
1773 1792 1922 1862 quod

267 1863 505 1918 Thecla
534 1869 735 1918 vocant
759 1882 770 1917 :
802 1863 972 1932 cujus
997 1863 1285 1934 scriptura
1314 1865 1383 1919 ad
1415 1871 1678 1934 quartum
1709 1864 1924 1918 Christi

269 1934 560 1990 saeculum
595 1936 861 2003 pertinet,
888 1942 952 1989 ut
980 1936 1229 1991 ostendit
1260 1937 1318 1989 V.
1350 1935 1408 1989 C.
1433 1935 1773 1990 Laurentius
1801 1937 1927 1988 Zac-

268 2005 545 2076 cagnius,
577 2005 1074 2061 consentientibus
1100 2007 1367 2061 eruditis.
1397 2007 1582 2062 Codex
1626 2006 1693 2061 ad
1731 2005 1928 2061 Eccle-

269 2077 428 2131 siam
456 2076 898 2131 Alexandrinam
931 2092 1061 2133 cum
1096 2079 1426 2146 pertineret,
1478 2076 1590 2132 fuit
1633 2090 1666 2131 a
1710 2077 1928 2146 Cyrillo

271 2149 490 2202 Lucari
518 2148 589 2201 ab
619 2148 717 2201 illa
740 2149 871 2202 sede
900 2148 969 2203 ad
996 2148 1686 2218 Constantinopolitanam
1730 2156 1930 2203 trans-

270 2218 400 2273 lato
455 2228 721 2287 tanquam
785 2218 1007 2290 insigne
1054 2220 1360 2275 donarium
1404 2220 1807 2275 transmissum
1857 2219 1925 2283 ad

266 2290 505 2360 Anglia
550 2303 733 2360 regem
775 2291 1040 2345 Carolum
1088 2292 1359 2359 primum.
1406 2293 1573 2358 cujus
1618 2291 1676 2345 in
1715 2290 1930 2346 biblio—

270 2362 449 2416 theca
478 2360 715 2415 Londini
746 2362 1093 2416 custoditur.
1136 2362 1431 2430 Specimen
1463 2362 1810 2417 characteris
1840 2362 1931 2416 si—

272 2431 599 2486 millimum
670 2433 1063 2488 vetustissimo
1120 2434 1307 2488 codici
1357 2432 1652 2499 Vaticano,
1684 2446 1751 2487 ex
1815 2445 1930 2502 quo

267 2504 559 2573 SixtusV
586 2503 898 2557 editionem
930 2506 1181 2559 Graecam
1225 2506 1596 2573 Septuaginta
1638 2507 1931 2572 Interpre—

273 2572 676 2645 tumvulgavit
700 2575 1118 2643 typisZannetti
1141 2572 1497 2631 Romai587.
1522 2576 1930 2643 Curapponan—

276 2653 386 2700 tur
411 2644 581 2699 libris
603 2645 901 2700 canonicis
930 2647 1235 2712 utriusque
1252 2644 1594 2701 Testamenti
1625 2646 1931 2701 Clementis

274 2730 448 2785 papa
475 2716 733 2785 epistola
761 2717 829 2771 ad
877 2717 1212 2771 Corinthios
1250 2718 1420 2787 paulo
1455 2716 1603 2787 infra
1659 2717 1931 2786 indagare

268 2787 646 2843 conabimur.
681 2790 889 2842 Demus
915 2796 1045 2842 ante
1091 2803 1160 2842 ex
1199 2786 1624 2855 Prolegomenis
1661 2788 1930 2843 Cotelerii

271 2860 355 2914 ad
392 2861 635 2926 priorem
670 2858 970 2928 epistolam
1001 2860 1275 2914 nonnulla
1306 2859 1624 2915 selectiora.

364 2952 388 2980 ι(
418 2930 575 2994 Cum,
613 2929 823 3000 inquit.
882 2944 1240 3000 quacunque
1277 2931 1347 2986 de
1381 2929 1623 3000 epistola
1650 2944 1683 2985 a
1714 2931 1770 2983 B.
1800 2929 1935 2984 Cle—

280 3007 477 3055 mente
513 3003 772 3055 Romanae
811 3001 1078 3055 Ecclesia
1119 3002 1348 3056 nomine
1386 3002 1455 3057 ad
1498 3002 1931 3057 Corinthiorum

2030 444 2374 501 Clementem
2410 447 2563 502 Alex.
2600 447 2702 501 lib.
2741 462 2780 501 ι.
2815 444 3045 513 Stro'm.,
3085 444 3266 504 etlib.
3304 464 3358 503 iv
3382 455 3439 505 et
3469 451 3569 506 lib.
3600 465 3677 504 v1.

2030 516 2312 590 Basiliam
2346 517 2609 590 Magnum
2641 518 2791 573 libro
2829 519 2900 573 de
2937 519 3159 589 Spiritu
3206 526 3405 576 sancto
3434 536 3555 590 cap.
3584 520 3677 576 29.

2030 587 2402 661 Athanasium
2436 587 2746 661 indisput.
2779 587 3203 661 contra'Arium
3239 591 3296 644 in
3345 587 3559 661 synodo
3587 593 3683 646 Ni-

2031 671 2205 713 cana.
2245 659 2624 727 Epiphanium
2651 667 2847 715 contra
2875 662 3018 715 Har.
3045 658 3137 724 27,
3161 658 3473 717 Eusebium
3501 663 3600 716 lib.
3621 661 3676 718 3.

2033 730 2176 801 Hist.
2202 744 2307 798 cap
2347 729 2412 784 46
2431 738 2488 785 et
2510 727 2574 801 l7
2597 750 2611 797 ;
2634 732 3059 801 Hieronymum,
3085 732 3190 787 lib.
3218 751 3257 786 i.
3281 739 3481 788 contra
3495 733 3678 787 Jovin.

2032 806 2088 854 et
2115 800 2425 856 Comment.
2456 802 2513 855 in
2542 800 2563 855 4
2599 809 2655 857 et
2675 801 2708 856 4
2735 800 2859 871 cap.
2883 804 2951 857 ad
2981 804 3279 871 Ephesios.
3320 822 3347 852 ››

2102 872 2200 926 Est
2229 872 2382 944 alius
2412 874 2612 927 Irenai
2643 873 2804 929 locus
2842 873 2945 927 lib.
2997 888 3083 939 iii,
3113 888 3237 944 cap.
3282 872 3336 929 3.
3383 875 3533 931 unde
3582 874 3683 929 lux

2034 943 2214 1014 major
2240 942 2476 1014 aﬁ'ulget
2505 944 2773 1013 adjuncto
2795 949 3068 1013 potentia,
3101 942 3317 1000 litteris
3344 945 3685 1014 apostolicis

2029 1013 2339 1069 Clementis
2368 1013 2523 1083 papa
2557 1016 2875 1071 attributo:
2919 1016 3017 1071 ubi
3061 1016 3287 1071 scilicet
3328 1013 3686 1085 patentiorem

2026 1086 2497 1154 principalitatem
2538 1093 2811 1141 memorat
2848 1087 3113 1142 Romana
3157 1087 3461 1141 Ecclesia:
3515 1087 3684 1156 cujus

2032 1157 2219 1224 gratia
2245 1170 2473 1211 necesse
2492 1163 2579 1211 est
2611 1158 2865 1227 reliquas
2890 1158 2959 1212 ad
2989 1158 3133 1211 hanc
3161 1158 3488 1213 convenire.
3514 1178 3540 1208 α
3565 1160 3686 1212 Ma-

2033 1228 2210 1299 xima.
2236 1228 2450 1296 inquit,
2475 1228 2980 1299 etantiquissima.
3002 1227 3346 1283 etomnibus
3376 1229 3627 1299 cognita,
3651 1242 3685 1283 a

2032 1297 2477 1369 gloriosissimis
2504 1298 2732 1354 duobus
2763 1300 3041 1367 apostolis
3069 1301 3248 1363 Petro,
3278 1307 3333 1353 et
3361 1297 3531 1369 paulo
3582 1299 3688 1354 Ro-

2036 1367 2139 1423 ma
2171 1367 2408 1424 fundata
2455 1378 2560 1430 est,
2603 1377 2658 1424 et
2687 1371 3002 1426 constituta
3064 1367 3480 1426 EcclesiaJAd
3536 1370 3684 1425 hanc

2032 1439 2182 1494 enim
2217 1448 2446 1508 propter
2471 1444 2824 1508 potentiorem
2840 1443 3310 1510 principalitatem
3341 1454 3567 1496 necesse
3599 1448 3687 1495 est

2035 1524 2255 1565 omnem
2288 1512 2589 1584 convenire
2616 1511 2946 1584 Ecclesiam,
2979 1512 3085 1568 hoc
3110 1519 3196 1568 est
3224 1526 3322 1567 eos
3354 1513 3455 1581 qui
3504 1512 3688 1584 undi—

2037 1595 2147 1652 que
2168 1588 2305 1637 sunt
2337 1582 2548 1636 ﬁdeles.
2578 1601 2604 1630 υ
2634 1584 2771 1651 Quae
2795 1582 2965 1639 verba
2990 1585 3189 1638 Irenai
3216 1584 3352 1639 dum
3387 1583 3690 1652 perpendit

2037 1654 2483 1707 P.Christianus
2509 1654 2703 1719 Lupus
2732 1655 3003 1723 lprensis,
3031 1661 3089 1709 et
3116 1656 3174 1709 in
3208 1655 3544 1709 Lovaniensi
3569 1667 3691 1708 aca-

2034 1724 2223 1778 demia
2250 1724 2469 1789 doctor,
2490 1730 2545 1778 et
2578 1724 2884 1792 professor,
2913 1726 2973 1780 in
3004 1726 3156 1780 notis
3174 1726 3239 1779 ad
3265 1725 3688 1780 Tertullianum

2034 1795 2672 1865 dePrascriptionibus
2693 1803 2891 1850 contra
2917 1797 3214 1851 hareticos
3237 1797 3414 1864 capit.
3444 1794 3532 1861 36,
3561 1808 3685 1865 pag.

2034 1864 2158 1932 565,
2206 1867 2321 1920 hac
2351 1866 2575 1920 censuit
2602 1880 2728 1921 esse
2756 1868 3278 1922 animadvertenda.
3328 1886 3353 1917 «
3383 1864 3684 1935 Adjungit,

2036 1936 2241 2006 inquit.
2287 1937 2464 2007 ipsam
2495 1937 2823 2006 (Ecclesiam
2858 1937 3185 2007 Romanam)
3210 1951 3335 1992 esse
3370 1938 3424 1990 in
3452 1937 3510 1991 iii
3538 1937 3687 2006 dog-—

2038 2015 2185 2062 mate
2216 2006 2602 2075 infallibilem,
2626 2011 3038 2079 custodemque
3058 2006 3390 2077 acjudicem
3422 2009 3679 2062 omnium

2035 2079 2488 2148 dogmaticarum
2522 2078 3061 2135 controversiarum.
3096 2080 3250 2134 Adeo
3273 2078 3478 2143 ﬁrmis,
3511 2085 3685 2147 atque

2036 2151 2298 2220 antiquis
2330 2150 2792 2205 testimoniorum
2824 2152 3096 2206 anchoris
3129 2149 3370 2205 fulcitur
3418 2150 3683 2204 Romana

2038 2221 2305 2276 Ecclesia
2330 2222 2633 2288 primatus,
2660 2229 2833 2291 atque
2860 2220 3478 2277 infallibilitaslrenao
3508 2220 3694 2289 siqui-

2037 2292 2185 2361 dem,
2218 2299 2274 2346 et
2298 2293 2572 2362 Dionysio
2594 2290 2870 2348 comestis
2899 2293 3120 2349 accedit
3137 2290 3535 2346 Tertullianus
3556 2291 3692 2345 lau-

2037 2362 2170 2418 dato
2214 2363 2338 2418 loco
2379 2361 2459 2417 ita
2498 2364 2795 2419 scribens:
2854 2365 2913 2420 Si
2970 2370 3162 2419 autem
3210 2361 3391 2417 italia
3439 2362 3686 2430 adjaces.

2040 2434 2213 2489 habes
2265 2435 2571 2489 Romanam
2648 2434 3002 2504 (Ecclesiam)
3058 2435 3208 2489 unde
3258 2432 3426 2488 nobis
3463 2446 3691 2502 quoque

2037 2506 2355 2560 auctoritas
2383 2513 2587 2576 prasto
2606 2513 2695 2561 est
2719 2513 2955 2562 statuta.
2990 2506 3149 2561 Felix
3179 2504 3456 2565 Ecclesia,
3490 2504 3688 2576 cuita-

2041 2582 2151 2629 tam
2177 2572 2484 2630 doctrinam
2511 2577 2757 2645 apostoli
2785 2592 2917 2633 cum
2948 2577 3231 2647 sanguine
3279 2589 3386 2630 suo
3414 2572 3690 2647 profude-

2040 2652 2205 2701 runt:
2232 2647 2331 2701 ubi
2359 2649 2556 2703 Petrus
2591 2649 2844 2716 passioni
2870 2645 3176 2704 Domiiiica
3197 2647 3553 2716 adaquatus,
3590 2645 3687 2700 ubi

2042 2717 2253 2774 Paulus
2272 2719 2509 2773 Joannis
2537 2721 2697 2774 exitu
2727 2726 3056 2783 coronatus,
3079 2718 3178 2774 ubi
3202 2716 3499 2787 apostolus
3527 2717 3691 2773 Joan-

2042 2801 2142 2843 nes
2174 2798 2538 2859 posteaquam
2588 2793 2646 2845 in
2694 2791 2883 2846 oleum
2927 2792 3173 2859 ignitum
3206 2790 3503 2844 demersus
3541 2787 3688 2842 nihil

2045 2873 2248 2929 passus
2271 2868 2376 2924 est,
2412 2863 2469 2915 in
2504 2862 2749 2917 insulam
2784 2861 3108 2932 relegatur!
3147 2880 3170 2909 ››

2113 2932 2310 2986 Totam
2364 2932 2578 2987 Christi
2638 2930 2958 2989 doctrinam
3016 2932 3086 2986 ab
3149 2930 3433 2998 apostolis
3502 2931 3688 2991 Petro,

2045 3003 2237 3070 Paulo,
2269 3008 2326 3056 et
2354 3005 2568 3058 Joanne
2597 3017 2723 3059 cum
2766 3004 3049 3072 sanguine
3077 2999 3368 3071 profusam
3403 3003 3461 3056 in
3494 3003 3686 3056 sinum

272 3072 598 3150 Ecclesium
631 3074 860 3150 scripta
891 3070 1132 3150 proferri
1192 3072 1529 3150 potuissent,
1584 3072 1933 3150 fereomnia
1965 3088 2013 3150 α
2046 3074 2313 3129 Romana
2349 3073 2612 3129 Ecclesia
2640 3070 3205 3150 _Petri__siiccess0res
3273 3080 3542 3150 tanquam
3595 3085 3692 3150 se-

275 3145 497 3212 paitim
525 3142 596 3196 ab
637 3143 896 3213 antiquis
920 3142 1152 3211 tradita,
1187 3145 1392 3212 partim
1433 3158 1466 3198 a
1512 3143 1934 3199 recentioribus

274 3218 562 3281 occupata
602 3214 814 3269 fuerint
846 3214 1007 3282 -,vice
1040 3214 1417 3283 prafationis,
1455 3229 1635 3284 pauco
1654 3216 1933 3271 duntaxat

271 3283 691 3356 adnotabimus
721 3285 789 3340 ad
813 3298 877 3339 ea
898 3291 1148 3340 veterum
1177 3283 1547 3354 Testimonia,
1578 3300 1703 3356 qua
1733 3286 1933 3340 nonni-

274 3355 371 3410 hil
392 3355 653 3425 scrupuli
682 3356 1005 3427 legentibus
1033 3357 1174 3412 forte
1198 3357 1520 3426 injicerent,
1556 3358 1671 3411 nisi
1697 3369 1932 3424 expone-

277 3433 511 3495 rentur,
552 3448 576 3475 »
606 3433 714 3482 etc.
750 3426 1057 3495 i’osliuam
1106 3428 1384 3483 nonnulla
1419 3429 1702 3497 promovit
1728 3428 1928 3493 dubia,

277 3498 607 3567 prasertim
639 3512 705 3554 ex
732 3498 909 3554 dictis
942 3499 1191 3566 Eusebii,
1241 3505 1297 3555 et
1341 3498 1649 3554 Clementis
1680 3498 1934 3553 Alexan-

275 3569 473 3635 drini,
507 3583 632 3641 qua
665 3583 916 3641 pugnare
965 3570 1114 3625 inter
1142 3584 1203 3625 se
1234 3571 1532 3625 nonnullis
1583 3571 1764 3626 videri
1797 3583 1934 3641 pos-

278 3646 436 3712 sent,
469 3640 567 3695 illa
591 3641 671 3695 ita
701 3640 970 3711 dissipat.
1031 3661 1056 3691 α
1090 3643 1219 3696 Eam
1257 3643 1694 3712 repugnantiam
1741 3640 1929 3708 tolles,

282 3712 343 3767 si
371 3711 613 3780 dixeris,
641 3721 878 3767 cunctos
909 3712 1140 3781 quidem
1169 3727 1313 3781 opus
1336 3711 1656 3782 (epistolam
1685 3712 1934 3767 Clemen-

282 3784 372 3837 tis
399 3798 427 3855 ι
447 3784 515 3855 ad
549 3783 699 3852 Cor.)
737 3786 1039 3855 agnovisse
1072 3798 1171 3852 pro
1201 3784 1472 3855 genuino,
1520 3784 1616 3839 sed
1652 3797 1762 3839 non
1798 3796 1933 3855 _om—

281 3867 392 3908 nes
416 3853 687 3909 habuisse
710 3853 808 3923 pro
838 3855 1052 3923 scripto
1077 3853 1381 3910 canonico:
1406 3853 1477 3910 de
1497 3855 1681 3924 primo
1713 3853 1929 3909 nullam

286 3931 503 3979 motam
538 3926 867 3994 antiquitus
885 3926 1372 3988 controversiam;
1406 3927 1476 3981 de
1512 3927 1765 3981 secundo
1808 3938 1935 3980 mo-

286 4002 430 4068 tam.
455 3995 589 4068 aliis
615 4004 772 4068 extra
798 4010 1071 4052 canonem
1111 3997 1475 4066 ponentibus,
1500 4012 1626 4068 qua
1652 3996 1939 4051 sententia

283 4066 570 4134 obtinuit,
592 4067 728 4122 aliis
750 4068 921 4135 intra,
947 4074 1008 4122 ut
1028 4076 1227 4123 auctor
1243 4066 1533 4124 canonum
1550 4068 1937 4137 apostolorum

287 4150 512 4210 canone
536 4137 760 4205 ultimo,
789 4139 1139 4208 proindeque
1152 4138 1434 4207 forsan,et
1461 4140 1671 4210 quieos
1693 4152 1940 4194 canones

291 4209 354 4263 in
380 4222 621 4264 numero
648 4222 939 4264 sacrarum
971 4211 1401 4278 Scripturarum
1427 4209 1671 4267 collocat
1694 4212 1939 4265 Joannes

286 4281 701 4347 Damascenus,
736 4280 951 4349 quique
981 4282 1205 4336 eosdem
1218 4282 1800 4337 admittuntTrullani
1822 4282 1942 4350 epi-

289 4350 478 4417 sc0pi.
503 4352 685 4420 Atque
707 4351 883 4419 hujus
908 4354 1512 4420 postremaopinionis
1531 4354 1935 4410 documentum

294 4420 512 4490 prabet
527 4422 972 4491 antiquissimus
996 4425 1172 4478 codex
1196 4423 1511 4478 Bibliorum
1533 4438 1703 4479 manu
1719 4424 1938 4479 Thecla

2044 3151 2331 3214 questres,
2369 3150 2426 3198 et
2472 3144 2829 3213 promicondi
2861 3145 2998 3200 dum
3035 3143 3353 3213 proferunt.
3386 3144 3454 3198 ad
3509 3145 3694 3197 instar

2039 3216 2350 3270 Clementis
2393 3216 2569 3269 Primi
2620 3217 3014 3284 potentissimis
3064 3216 3259 3268 litteris
3311 3214 3683 3267 traditionum

2079 3294 2407 3341 aternarum
2439 3287 2818 3345 contestibus.
2844 3291 3109 3340 exercent
3126 3285 3487 3354 potentiorem
3530 3284 3688 3336 illam

2087 3358 2219 3426 ujus
2272 3357 2539 3412 Ecclesiae
2587 3356 3074 3425 principalitatem,
3145 3355 3218 3409 ab
3264 3356 3475 3408 Irenaeo
3520 3354 3691 3409 toties

2041 3442 2149 3499 agn
2180 3434 2316 3487 tam.
2340 3429 2416 3481 ad
2440 3444 2606 3497 quam
2644 3443 2856 3481 necesse
2884 3432 2963 3480 est
3000 3430 3280 3499 convenire
3303 3429 3475 3499 totum
3497 3426 3689 3499 Eccle-

2041 3495 2202 3560 siam,
2230 3500 2325 3552 hoc
2356 3505 2435 3553 est
2449 3495 2640 3553 omnes
2663 3502 2760 3568 qui
2777 3498 3022 3567 undique
3041 3502 3169 3550 sunt
3187 3496 3392 3568 ﬁdeles.
3419 3495 3691 3568 Pluribus

2043 3571 2098 3625 id
2126 3579 2419 3638 exponunt
2442 3570 2492 3624 la
2503 3566 2944 3625 udati‘doctores
2965 3582 3141 3623 sacra
3165 3567 3459 3622 facultatis
3478 3566 3693 3622 theolo-

2041 3642 2177 3713 gica
2210 3641 2551 3713 Parisiensis
2595 3640 3004 3713 Feuardentius
3035 3647 3099 3713 et
3118 3639 3188 3693 de
3218 3638 3274 3713 la_
3313 3640 3501 3713 Barre.
3562 3639 3687 3713 lflon

2040 3707 2419 3767 transcribam
2445 3712 2795 3782 hicintegras
2811 3711 3044 3782 paginas
3061 3708 3442 3782 Feuardentii,
3477 3707 3685 3778 quibus

2043 3784 2299 3838 illustrat
2350 3784 2613 3837 Romana
2664 3779 2927 3837 Ecclesia
2959 3780 3323 3851 privilegium
3373 3779 3443 3833 ab
3484 3782 3695 3851 lrenao

2040 3854 2389 3909 celebratum
2416 3856 2490 3909 iis
2517 3854 2708 3909 verbis
2733 3853 2827 3909 lib.
2864 3849 3103 3922 iii,’cap.
3134 3849 3203 3907 3':
3237 3871 3263 3902 α
3287 3851 3391 3906 Sed
3418 3849 3688 3920 quoniam

2044 3926 2208 3980 valde
2284 3925 2514 3996 longum
2569 3932 2657 3981 est
2693 3926 2750 3981 in
2794 3926 2900 3980 hoc
2944 3923 3046 3978 tali
3091 3923 3382 3996 volumine
3432 3922 3688 3996 omnium

2048 3993 2431 4051 Ecclesiarum
2481 4009 2816 4052 enumerare
2863 3993 3276 4060 successiones,
3319 3993 3600 4058 maxima,
3637 3999 3695 4047 et

2047 4068 2493 4137 antiquissima,
2522 4077 2578 4123 et
2637 4068 2908 4124 omnibus
2949 4066 3195 4137 cognita
3236 4078 3269 4119 a
3316 4063 3694 4137 gloeiossimis

2048 4134 2276 4195 duobus
2324 4134 2603 4207 apostolis
2648 4141 2810 4193 Petro
2853 4144 2910 4193 et
2957 4134 3134 4191 Paulo
3183 4138 3369 4207 Roma
3398 4134 3689 4207 fundata,

2047 4219 2104 4264 et
2133 4205 2462 4265 constituta
2495 4210 2776 4278 Ecclesia,
2809 4222 2930 4264 eam
2959 4221 3129 4277 quam
3165 4205 3335 4261 habet
3358 4206 3429 4278 ab
3455 4212 3695 4278 aposto—

2048 4281 2121 4336 lis
2156 4281 2521 4336 traditionem
2573 4289 2628 4337 et
2674 4276 3075 4336 annuntiatam
3127 4276 3463 4333 hominibus
3503 4276 3689 4345 ﬁdem,

2049 4366 2147 4421 per
2177 4353 2574 4408 successiones
2618 4355 3021 4422 episcoporum
3060 4351 3476 4419 pervenientem
3511 4362 3693 4422 usque

2045 4420 2114 4479 ad
2172 4437 2294 4489 nos,
2346 4420 2668 4479 indicantes
2710 4420 3130 4479 cont‘uiidemus
3178 4432 3372 4474 omnes
3420 4432 3537 4490 eos,
3591 4420 3688 4490 qui

292 4476 586 4564 exaratus,
621 4476 689 4547 ex
733 4507 845 4562 quo
894 4476 1184 4548 duaiista
1240 4476 1509 4563 epistola
1534 4476 1937 4563 Baliarici;
1976 4476 2883 4564 Dquoquomoiib‘iéi'peé'sui
2940 4476 3285 4562 iplacentiam
3343 4476 3570 4564 malam,
3605 4476 3688 4545 vel

293 4563 765 4632 quandoquidem
793 4577 889 4618 eas
917 4578 1045 4619 cum
1080 4565 1248 4620 libris
1275 4568 1416 4620 Novi
1438 4565 1779 4620 Testamenti
1812 4579 1941 4621 con-

286 4634 526 4702 junctas
545 4633 752 4689 exibet.
790 4652 816 4705 »_

368 4706 426 4757 S.
462 4705 1025 4778 [remansepiSCopus
1040 4707 1521 4778 Lugdunensis,et
1538 4712 1749 4777 martyr
1762 4707 1943 4763 multo

293 4783 435 4829 ante
462 4775 794 4842 Eusebium,
821 4783 1015 4843 utpote
1039 4775 1280 4847 aqualis
1313 4779 1583 4848 Dionysio
1605 4775 1945 4834 Corinthio—

299 4859 430 4901 rum
455 4860 746 4915 episcopo.
772 4861 883 4902 non
908 4848 1072 4904 modo
1090 4849 1284 4904 laudat
1306 4849 1613 4905 Clementis
1634 4850 1859 4904 litteras
1872 4849 1941 4903 ad

293 4916 654 4989 Corinthios.
683 4918 777 4973 sed
811 4919 1034 4973 easdem
1063 4925 1242 4989 vocat,
1270 4923 1675 4988 potentissimas
1707 4922 1937 4974 litteras.

291 4987 542 5043 Causam
561 4990 818 5058 adjuncti
842 4990 980 5045 adeo
1009 4987 1334 5058 prastantis
1361 4993 1560 5046 retulit
1582 4994 1641 5046 in
1663 5004 1945 5046 commen-

296 5060 474 5113 tariis
494 5059 562 5114 ad
596 5073 727 5114 eum
757 5060 942 5115 locum
975 5062 1029 5113 P.
1055 5062 1489 5130 Feuardentius,
1523 5077 1699 5118 sacra
1734 5062 1945 5117 Facul-

294 5130 443 5207 ta‘tis
483 5131 829 5207 Parisiensis
876 5132 1084 5207 deetpr
1116 5132 1424 5207 theologus
1470 5148 1595 5207 pag.
1626 5131 1753 5201 240,
1783 5147 1837 5187 ιι.
1875 5130 1941 5187 42

292 5201 578 5256 editionis
601 5202 870 5257 Parisina
894 5199 1048 5269 4639,
1072 5203 1228 5259 hisce
1246 5199 1506 5260 verbisz‘a
1536 5199 1940 5260 Potentissi’mas

294 5272 535 5326 litteras.
566 5274 707 5328 Hinc
736 5274 971 5328 observa
997 5275 1298 5330 Romanam
1336 5276 1637 5332 Ecclesiam
1668 5278 1840 5332 etiam
1871 5275 1942 5330 ab

296 5343 480 5416 initio
504 5344 902 5399 auctoritatem
925 5358 1085 5400 suam
1120 5346 1535 5416 interposuisse
1562 5349 1620 5403 in
1654 5349 1944 5403 moderan-

292 5415 397 5488 dis
422 5428 653 5488 quoque
677 5416 1005 5488 Gracorum
1032 5415 1306 5472 Ecclesiis
1330 5433 1344 5472 ι
1373 5420 1521 5488 quod
1555 5420 1695 5473 adeo
1717 5425 1941 5488 gratum

294 5481 416 5539 fuit
440 5481 674 5540 illarum
696 5487 1006 5555 episcopis,
1024 5493 1085 5541 ut
1106 5488 1198 5541 hic
1224 5481 1944 5555 commenioratamvepisto-

296 5556 415 5609 lam
472 5569 584 5611 non
632 5563 744 5611 tam
778 5557 1109 5625 Clementis,
1158 5573 1324 5627 quam
1383 5560 1645 5614 Romana
1678 5559 1945 5614 Ecclesia

298 5628 690 5698 nomine,sua
714 5628 901 5696 ipsius
928 5630 1216 5696 memoria,
1255 5630 1520 5698 plurimis
1552 5631 1609 5683 in
1673 5631 1945 5685 Ecclesiis

304 5697 763 5771 publice_lectain
788 5700 1001 5755 scribat
1028 5697 1316 5756 Eusebius
1338 5701 1440 5756 lib.
1469 5716 1534 5766 ii,
1566 5714 1688 5771 cap.
1717 5698 1785 5755 η
1806 5700 1943 5756 hist.

302 5769 483 5823 Porro
525 5768 844 5839 fragmenta
879 5784 992 5827 non
1031 5774 1441 5829 contemnenda
1474 5768 1651 5842 hujus
1688 5773 1946 5843 epistola

2050 4559 2251 4619 vanam
2284 4566 2545 4636 gloriam.
2583 4559 2667 4618 vel
2718 4578 2815 4633 per
2851 4559 3188 4636 caecitatem,
3244 4566 3301 4614 et
3334 4559 3691 4636 mala_m_sen-

2053 4630 2312 4711 tentiai_n'
2344 4630 2729 4711 praterquam
2774 4639 3022 4711 oportet_
3058 4631 3354 4711 colligunt.
3378 4630 3689 4711 _Adhhanc

2051 4707 2203 4761 enim
2232 4700 2540 4760 Ecclesiam
2564 4700 2790 4773 propter
2809 4700 3188 4773 potentiorem,
3208 4700 3687 4773 principalitatem

2053 4790 2282 4831 necesse
2310 4785 2396 4831 est
2442 4771 2683 4832 omnem
2712 4771 3018 4830 convenire
3069 4771 3397 4837 Ecclesiam,
3456 4771 3559 4827 hoc
3605 4780 3693 4828 est

2053 4861 2149 4903 eos
2176 4848 2274 4915 qui
2308 4853 2446 4901 sunt
2477 4848 2734 4916 undique
2765 4845 2979 4906 ﬁdeles,
3011 4846 3068 4898 in
3094 4856 3206 4913 qua
3231 4854 3454 4909 semper
3495 4843 3566 4897 ab
3598 4844 3690 4916 his

2055 4918 2152 4988 qui
2183 4925 2319 4972 sunt
2364 4918 2619 4986 undique
2669 4929 3019 4988 conservaa
3046 4922 3133 4969 est
3180 4926 3264 4977 ea,
3312 4926 3437 4988 qua
3488 4920 3574 4988 est
3618 4915 3691 4988 ab

2049 4982 2329 5057 apostolis
2360 4982 2618 5043 traditio.
2649 5005 2676 5036 »
2704 4988 2785 5041 Ad
2818 4988 2953 5047 hac.
3008 4985 3263 5054 inquam,
3296 4982 3460 5057 gerba
3488 4985 3689 5057 lrenai

2054 5054 2164 5115 non
2221 5060 2598 5114 transcribam
2656 5059 2894 5129 paginas
2964 5057 3248 5129 intregras
3292 5054 3688 5120 Feuardentii,

2051 5131 2267 5202 quibus
2300 5130 2623 5202 luculenter
2652 5128 2905 5202 ostendit
2930 5128 3187 5202 undique
3222 5132 3504 5179 terrarum
3544 5140 3691 5202 cen—

2049 5198 2307 5273 quisitus
2329 5201 2605 5270 exemplis
2628 5199 3030 5273 Ecclesiarum.
3064 5200 3397 5273 Patr_um,_et
3424 5198 3696 5273 concilio-

2051 5267 2183 5348 rum
2215 5286 2333 5348 per_
2362 5267 2672 5348 Orientem,
2703 5270 3096 5348 _Occiden_tem,
3128 5269 3198 5324 ad
3230 5267 3576 5348 primatum,
3605 5276 3693 5348 _et

2051 5346 2120 5401 ad
2152 5337 2473 5399 doctrinam
2502 5337 2818 5399 sedentium
2846 5343 2902 5397 in
2944 5337 3197 5397 Romana
3230 5337 3375 5392 Petri
3420 5337 3693 5395 cathedra

2054 5428 2249 5472 omnes
2280 5414 2475 5469 ﬁdeles
2498 5414 2708 5469 Christi
2742 5412 3061 5468 necessario
3095 5408 3413 5465 convenire.
3444 5409 3503 5463 In
3530 5421 3694 5465 com-

2058 5485 2583 5557 pendiumredigit,
2626 5497 2697 5557 ea
2725 5497 2850 5557 qua
2904 5480 3245 5557 fusius_ille
3300 5481 3691 5557 prosequitur.

2054 5550 2198 5619 {riter
2228 5550 2563 5610 Parisieiisis
2596 5550 2894 5624 theologus
2917 5554 2989 5609 de
3029 5555 3075 5608 la
3108 5553 3298 5610 Barre.
3330 5550 3409 5605 ita
3434 5552 3695 5624 scribens

2054 5631 2120 5691 ad
2154 5628 2470 5682 indicatum
2504 5628 2685 5682 locum
2740 5622 3163 5680 Pertullianide
3212 5622 3530 5691 Prascript.
3558 5626 3688 5681 adv.

2056 5705 2249 5761 haret.
2281 5712 2435 5754 num.
2461 5696 2551 5769 36,
2576 5697 2848 5753 editionis
2870 5696 3140 5769 Parisina
3171 5694 3375 5769 pagina
3401 5694 3508 5769 82:
3542 5698 3693 5769 Unde

2051 5776 2206 5831 nobis
2231 5765 2761 5838 auctoritas'prasto
2790 5772 2884 5822 est.
2932 5786 2958 5818 ‹‹
2988 5768 3048 5821 In
3078 5765 3289 5837 causis,
3315 5765 3524 5837 inquit,
3555 5767 3688 5824 ﬁdei
