  <div class='ocr_page' id='page_1' title='image "/cluster/home/n/w/nwhite01/storage/ocr_20150623/127/hvd.32044054759881/553.png"; bbox 0 0 4024 6176; ppageno 0'>
   <div class='ocr_carea' id='block_1_1' title="bbox 467 252 604 309">
    <p class='ocr_par' dir='ltr' id='par_1_1' title="bbox 467 252 604 309">
     <span class='ocr_line' id='line_1_1' title="bbox 467 252 604 309; baseline 0 -1"><span class='ocrx_word' id='word_1_1' title='bbox 467 252 604 309; x_wconf 77' lang='grc'><strong>4095</strong></span> 
     </span>
    </p>
   </div>
   <div class='ocr_carea' id='block_1_2' title="bbox 464 434 2110 505">
    <p class='ocr_par' dir='ltr' id='par_1_2' title="bbox 464 434 2110 505">
     <span class='ocr_line' id='line_1_2' title="bbox 464 434 2110 505; baseline -0.004 -11"><span class='ocrx_word' id='word_1_2' title='bbox 464 440 682 495; x_wconf 91' lang='lat' dir='ltr'><strong>dicium</strong></span> <span class='ocrx_word' id='word_1_3' title='bbox 710 437 991 494; x_wconf 76' lang='lat' dir='ltr'><strong>detulisse</strong></span> <span class='ocrx_word' id='word_1_4' title='bbox 1016 449 1239 505; x_wconf 86' lang='lat' dir='ltr'><strong>semper</strong></span> <span class='ocrx_word' id='word_1_5' title='bbox 1284 441 1458 490; x_wconf 78' lang='lat' dir='ltr'><strong>testes</strong></span> <span class='ocrx_word' id='word_1_6' title='bbox 1497 434 1673 489; x_wconf 86' lang='lat' dir='ltr'><strong>habeo</strong></span> <span class='ocrx_word' id='word_1_7' title='bbox 1716 440 2001 504; x_wconf 77' lang='lat' dir='ltr'><strong>quotquot</strong></span> <span class='ocrx_word' id='word_1_8' title='bbox 2045 446 2110 488; x_wconf 89' lang='lat' dir='ltr'><strong>ea</strong></span> 
     </span>
    </p>
   </div>
   <div class='ocr_carea' id='block_1_3' title="bbox 469 506 2111 576">
    <p class='ocr_par' dir='ltr' id='par_1_3' title="bbox 469 506 2111 576">
     <span class='ocr_line' id='line_1_3' title="bbox 469 506 2111 576; baseline -0.004 -13"><span class='ocrx_word' id='word_1_9' title='bbox 469 510 641 565; x_wconf 89' lang='lat' dir='ltr'><strong>verba</strong></span> <span class='ocrx_word' id='word_1_10' title='bbox 672 508 1032 576; x_wconf 81' lang='lat' dir='ltr'><strong>interpretati</strong></span> <span class='ocrx_word' id='word_1_11' title='bbox 1065 514 1201 563; x_wconf 88' lang='lat' dir='ltr'><strong>sunt</strong></span> <span class='ocrx_word' id='word_1_12' title='bbox 1232 524 1244 558; x_wconf 90' lang='lat'>:</span> <span class='ocrx_word' id='word_1_13' title='bbox 1285 507 1405 561; x_wconf 75' lang='lat' dir='ltr'><strong>Tibi</strong></span> <span class='ocrx_word' id='word_1_14' title='bbox 1434 506 1573 559; x_wconf 84' lang='lat' dir='ltr'><strong>dabo</strong></span> <span class='ocrx_word' id='word_1_15' title='bbox 1612 506 1788 559; x_wconf 82' lang='lat' dir='ltr'><strong>claues</strong></span> <span class='ocrx_word' id='word_1_16' title='bbox 1820 507 1976 573; x_wconf 86' lang='lat' dir='ltr'><strong>regni</strong></span> <span class='ocrx_word' id='word_1_17' title='bbox 2002 520 2111 559; x_wconf 52' lang='lat' dir='ltr'><strong>c.2-</strong></span> 
     </span>
    </p>
   </div>
   <div class='ocr_carea' id='block_1_4' title="bbox 465 578 2109 647">
    <p class='ocr_par' dir='ltr' id='par_1_4' title="bbox 465 578 2109 647">
     <span class='ocr_line' id='line_1_4' title="bbox 465 578 2109 647; baseline -0.004 -12"><span class='ocrx_word' id='word_1_18' title='bbox 465 581 662 647; x_wconf 78' lang='lat' dir='ltr'><strong>lorum,</strong></span> <span class='ocrx_word' id='word_1_19' title='bbox 696 586 752 635; x_wconf 88' lang='lat' dir='ltr'><strong>et</strong></span> <span class='ocrx_word' id='word_1_20' title='bbox 795 578 1162 647; x_wconf 82' lang='lat' dir='ltr'><strong>Quodcunque</strong></span> <span class='ocrx_word' id='word_1_21' title='bbox 1187 578 1462 645; x_wconf 75' lang='lat' dir='ltr'><strong>ligaveris,</strong></span> <span class='ocrx_word' id='word_1_22' title='bbox 1526 584 1634 637; x_wconf 88' lang='lat' dir='ltr'><strong>etc,</strong></span> <span class='ocrx_word' id='word_1_23' title='bbox 1666 578 1874 643; x_wconf 76' lang='lat' dir='ltr'><strong>Rogavi</strong></span> <span class='ocrx_word' id='word_1_24' title='bbox 1903 591 2007 647; x_wconf 84' lang='lat' dir='ltr'><strong>pro</strong></span> <span class='ocrx_word' id='word_1_25' title='bbox 2040 582 2109 637; x_wconf 84' lang='lat' dir='ltr'><strong>te,</strong></span> 
     </span>
    </p>
   </div>
   <div class='ocr_carea' id='block_1_5' title="bbox 466 646 2113 719">
    <p class='ocr_par' dir='ltr' id='par_1_5' title="bbox 466 646 2113 719">
     <span class='ocr_line' id='line_1_5' title="bbox 466 646 2113 719; baseline -0.005 -13"><span class='ocrx_word' id='word_1_26' title='bbox 466 658 529 706; x_wconf 84' lang='lat' dir='ltr'><strong>ut</strong></span> <span class='ocrx_word' id='word_1_27' title='bbox 553 646 663 705; x_wconf 74' lang='lat' dir='ltr'><strong>non</strong></span> <span class='ocrx_word' id='word_1_28' title='bbox 695 651 911 719; x_wconf 77' lang='lat' dir='ltr'><strong>deficiat</strong></span> <span class='ocrx_word' id='word_1_29' title='bbox 960 646 1091 718; x_wconf 81' lang='lat' dir='ltr'><strong>ﬁdes</strong></span> <span class='ocrx_word' id='word_1_30' title='bbox 1119 655 1234 703; x_wconf 82' lang='lat' dir='ltr'><strong>tua.</strong></span> <span class='ocrx_word' id='word_1_31' title='bbox 1273 649 1352 701; x_wconf 87' lang='lat' dir='ltr'><em>Tu</em></span> <span class='ocrx_word' id='word_1_32' title='bbox 1382 662 1435 701; x_wconf 86' lang='lat' dir='ltr'><strong>es</strong></span> <span class='ocrx_word' id='word_1_33' title='bbox 1464 648 1680 707; x_wconf 84' lang='lat' dir='ltr'><strong>Petrus,</strong></span> <span class='ocrx_word' id='word_1_34' title='bbox 1709 651 1759 700; x_wconf 84' lang='lat' dir='ltr'><strong>et</strong></span> <span class='ocrx_word' id='word_1_35' title='bbox 1786 662 1951 715; x_wconf 83' lang='lat' dir='ltr'><strong>super</strong></span> <span class='ocrx_word' id='word_1_36' title='bbox 1971 646 2113 719; x_wconf 71' lang='lat' dir='ltr'><strong>lianc</strong></span> 
     </span>
    </p>
   </div>
   <div class='ocr_carea' id='block_1_6' title="bbox 460 717 2113 792">
    <p class='ocr_par' dir='ltr' id='par_1_6' title="bbox 460 717 2113 792">
     <span class='ocr_line' id='line_1_6' title="bbox 460 717 2113 792; baseline -0.004 -16"><span class='ocrx_word' id='word_1_37' title='bbox 460 729 674 792; x_wconf 82' lang='lat' dir='ltr'><strong>petram</strong></span> <span class='ocrx_word' id='word_1_38' title='bbox 735 717 1012 789; x_wconf 76' lang='lat' dir='ltr'><strong>adiﬁcabo</strong></span> <span class='ocrx_word' id='word_1_39' title='bbox 1077 720 1374 792; x_wconf 82' lang='lat' dir='ltr'><strong>Ecclesiam</strong></span> <span class='ocrx_word' id='word_1_40' title='bbox 1436 733 1628 792; x_wconf 74' lang='lat' dir='ltr'><strong>meam.</strong></span> <span class='ocrx_word' id='word_1_41' title='bbox 1677 717 2113 792; x_wconf 61' lang='lat' dir='ltr'><strong>g__Augustinus</strong></span> 
     </span>
    </p>
   </div>
   <div class='ocr_carea' id='block_1_7' title="bbox 474 787 2114 859">
    <p class='ocr_par' dir='ltr' id='par_1_7' title="bbox 474 787 2114 859">
     <span class='ocr_line' id='line_1_7' title="bbox 474 787 2114 859; baseline -0.004 -11"><span class='ocrx_word' id='word_1_42' title='bbox 474 795 529 847; x_wconf 90' lang='lat' dir='ltr'><strong>in</strong></span> <span class='ocrx_word' id='word_1_43' title='bbox 560 792 786 847; x_wconf 90' lang='lat' dir='ltr'><strong>Psalmo</strong></span> <span class='ocrx_word' id='word_1_44' title='bbox 816 787 1012 846; x_wconf 83' lang='lat' dir='ltr'><strong>contra</strong></span> <span class='ocrx_word' id='word_1_45' title='bbox 1036 795 1247 859; x_wconf 91' lang='lat' dir='ltr'><strong>partem</strong></span> <span class='ocrx_word' id='word_1_46' title='bbox 1266 789 1469 843; x_wconf 88' lang='lat' dir='ltr'><strong>Donati</strong></span> <span class='ocrx_word' id='word_1_47' title='bbox 1501 795 1652 843; x_wconf 89' lang='lat' dir='ltr'><strong>tomo</strong></span> <span class='ocrx_word' id='word_1_48' title='bbox 1677 787 1747 841; x_wconf 85' lang='lat' dir='ltr'><strong>Vl</strong></span> <span class='ocrx_word' id='word_1_49' title='bbox 1770 787 1890 858; x_wconf 92' lang='lat' dir='ltr'><strong>(seu</strong></span> <span class='ocrx_word' id='word_1_50' title='bbox 1925 788 2114 856; x_wconf 84' lang='lat' dir='ltr'><strong>potius</strong></span> 
     </span>
    </p>
   </div>
   <div class='ocr_carea' id='block_1_8' title="bbox 473 860 2115 931">
    <p class='ocr_par' dir='ltr' id='par_1_8' title="bbox 473 860 2115 931">
     <span class='ocr_line' id='line_1_8' title="bbox 473 860 2115 931; baseline -0.004 -13"><span class='ocrx_word' id='word_1_51' title='bbox 473 864 648 919; x_wconf 89' lang='lat' dir='ltr'><strong>initio</strong></span> <span class='ocrx_word' id='word_1_52' title='bbox 679 863 817 918; x_wconf 90' lang='lat' dir='ltr'><strong>tomi</strong></span> <span class='ocrx_word' id='word_1_53' title='bbox 864 863 976 931; x_wconf 86' lang='lat' dir='ltr'><strong>VII)</strong></span> <span class='ocrx_word' id='word_1_54' title='bbox 1020 880 1032 915; x_wconf 85' lang='lat'><strong>:</strong></span> <span class='ocrx_word' id='word_1_55' title='bbox 1088 862 1298 931; x_wconf 71' lang='lat' dir='ltr'><strong>«item</strong></span> <span class='ocrx_word' id='word_1_56' title='bbox 1346 867 1576 914; x_wconf 83' lang='lat' dir='ltr'><strong>enarrat</strong></span> <span class='ocrx_word' id='word_1_57' title='bbox 1625 860 1945 931; x_wconf 72' lang='lat' dir='ltr'><strong>inpsalm.</strong></span> <span class='ocrx_word' id='word_1_58' title='bbox 1982 871 2115 931; x_wconf 66' lang='grc' dir='ltr'><strong>ωςιχ</strong></span> 
     </span>
    </p>
   </div>
   <div class='ocr_carea' id='block_1_9' title="bbox 462 929 2117 1005">
    <p class='ocr_par' dir='ltr' id='par_1_9' title="bbox 462 929 2117 1005">
     <span class='ocr_line' id='line_1_9' title="bbox 462 929 2117 1005; baseline -0.005 -15"><span class='ocrx_word' id='word_1_59' title='bbox 462 936 850 1005; x_wconf 89' lang='lat' dir='ltr'><strong>Chrysostom.</strong></span> <span class='ocrx_word' id='word_1_60' title='bbox 886 929 1081 987; x_wconf 89' lang='lat' dir='ltr'><strong>homil.</strong></span> <span class='ocrx_word' id='word_1_61' title='bbox 1114 930 1224 1005; x_wconf 75' lang='lat'><strong>26,_</strong></span> <span class='ocrx_word' id='word_1_62' title='bbox 1238 945 1303 1005; x_wconf 79' lang='lat' dir='ltr'><strong>ex</strong></span> <span class='ocrx_word' id='word_1_63' title='bbox 1326 931 1503 1005; x_wconf 74' lang='lat' dir='ltr'><strong>variis</strong></span> <span class='ocrx_word' id='word_1_64' title='bbox 1535 930 1679 1005; x_wconf 73' lang='lat' dir='ltr'><strong>locis</strong></span> <span class='ocrx_word' id='word_1_65' title='bbox 1704 929 1761 983; x_wconf 86' lang='lat' dir='ltr'><strong>in</strong></span> <span class='ocrx_word' id='word_1_66' title='bbox 1792 929 2117 1005; x_wconf 47' lang='lat' dir='ltr'><strong>hlattthy-</strong></span> 
     </span>
    </p>
   </div>
   <div class='ocr_carea' id='block_1_10' title="bbox 468 999 2117 1075">
    <p class='ocr_par' dir='ltr' id='par_1_10' title="bbox 468 999 2117 1075">
     <span class='ocr_line' id='line_1_10' title="bbox 468 999 2117 1075; baseline -0.004 -15"><span class='ocrx_word' id='word_1_67' title='bbox 468 999 709 1075; x_wconf 80' lang='lat' dir='ltr'><strong>prianus</strong></span> <span class='ocrx_word' id='word_1_68' title='bbox 737 1004 837 1075; x_wconf 81' lang='lat' dir='ltr'><strong>lib.</strong></span> <span class='ocrx_word' id='word_1_69' title='bbox 891 1016 970 1075; x_wconf 69' lang='lat' dir='ltr'><strong>vi,</strong></span> <span class='ocrx_word' id='word_1_70' title='bbox 1002 1016 1135 1075; x_wconf 70' lang='lat' dir='ltr'><strong>cap.</strong></span> <span class='ocrx_word' id='word_1_71' title='bbox 1161 999 1229 1056; x_wconf 77' lang='grc'><strong>42</strong></span> <span class='ocrx_word' id='word_1_72' title='bbox 1262 1003 1319 1075; x_wconf 85' lang='lat' dir='ltr'><strong>in</strong></span> <span class='ocrx_word' id='word_1_73' title='bbox 1348 1002 1549 1075; x_wconf 15' lang='lat' dir='ltr'><strong>Joanﬁn.</strong></span> <span class='ocrx_word' id='word_1_74' title='bbox 1586 1002 1790 1075; x_wconf 88' lang='lat' dir='ltr'><strong>P_rater</strong></span> <span class='ocrx_word' id='word_1_75' title='bbox 1817 1004 1919 1075; x_wconf 80' lang='lat' dir='ltr'><strong>hos</strong></span> <span class='ocrx_word' id='word_1_76' title='bbox 1944 1000 2117 1075; x_wconf 56' lang='lat' dir='ltr'><strong>Theo;</strong></span> 
     </span>
    </p>
   </div>
   <div class='ocr_carea' id='block_1_11' title="bbox 463 1067 2115 1143">
    <p class='ocr_par' dir='ltr' id='par_1_11' title="bbox 463 1067 2115 1143">
     <span class='ocr_line' id='line_1_11' title="bbox 463 1067 2115 1143; baseline -0.004 -12"><span class='ocrx_word' id='word_1_77' title='bbox 463 1067 702 1131; x_wconf 82' lang='lat' dir='ltr'><strong>doretus</strong></span> <span class='ocrx_word' id='word_1_78' title='bbox 754 1072 941 1143; x_wconf 78' lang='lat' dir='ltr'><strong>epist.’</strong></span> <span class='ocrx_word' id='word_1_79' title='bbox 960 1067 1043 1128; x_wconf 51' lang='lat' dir='ltr'><strong>&quot;ad</strong></span> <span class='ocrx_word' id='word_1_80' title='bbox 1076 1067 1413 1135; x_wconf 45' lang='lat' dir='ltr'><strong>’Monachos,</strong></span> <span class='ocrx_word' id='word_1_81' title='bbox 1462 1073 1784 1142; x_wconf 83' lang='lat' dir='ltr'><strong>Cyprianus</strong></span> <span class='ocrx_word' id='word_1_82' title='bbox 1823 1072 1992 1141; x_wconf 89' lang='lat' dir='ltr'><strong>epist.</strong></span> <span class='ocrx_word' id='word_1_83' title='bbox 2045 1067 2115 1124; x_wconf 77' lang='lat'><strong>42</strong></span> 
     </span>
    </p>
   </div>
   <div class='ocr_carea' id='block_1_12' title="bbox 465 1143 2115 1212">
    <p class='ocr_par' dir='ltr' id='par_1_12' title="bbox 465 1143 2115 1212">
     <span class='ocr_line' id='line_1_12' title="bbox 465 1143 2115 1212; baseline -0.003 -11"><span class='ocrx_word' id='word_1_84' title='bbox 465 1146 827 1201; x_wconf 88' lang='lat' dir='ltr'><strong>creberrime.</strong></span> <span class='ocrx_word' id='word_1_85' title='bbox 856 1147 918 1199; x_wconf 95' lang='lat' dir='ltr'><strong>D.</strong></span> <span class='ocrx_word' id='word_1_86' title='bbox 957 1144 1278 1212; x_wconf 87' lang='lat' dir='ltr'><strong>Hieronym.</strong></span> <span class='ocrx_word' id='word_1_87' title='bbox 1309 1143 1474 1210; x_wconf 87' lang='lat' dir='ltr'><strong>epist.</strong></span> <span class='ocrx_word' id='word_1_88' title='bbox 1502 1144 1570 1197; x_wconf 93' lang='lat' dir='ltr'><strong>ad</strong></span> <span class='ocrx_word' id='word_1_89' title='bbox 1604 1144 1976 1197; x_wconf 89' lang='lat' dir='ltr'><strong>Eustochium</strong></span> <span class='ocrx_word' id='word_1_90' title='bbox 2010 1155 2115 1197; x_wconf 84' lang='lat' dir='ltr'><strong>oc-</strong></span> 
     </span>
    </p>
   </div>
   <div class='ocr_carea' id='block_1_13' title="bbox 463 1213 2108 1281">
    <p class='ocr_par' dir='ltr' id='par_1_13' title="bbox 463 1213 2108 1281">
     <span class='ocr_line' id='line_1_13' title="bbox 463 1213 2108 1281; baseline -0.004 -9"><span class='ocrx_word' id='word_1_91' title='bbox 463 1217 843 1272; x_wconf 90' lang='lat' dir='ltr'><strong>cidentalium</strong></span> <span class='ocrx_word' id='word_1_92' title='bbox 898 1215 1288 1270; x_wconf 87' lang='lat' dir='ltr'><strong>Ecclesiarum</strong></span> <span class='ocrx_word' id='word_1_93' title='bbox 1345 1213 1755 1281; x_wconf 86' lang='lat' dir='ltr'><strong>dissensiones,</strong></span> <span class='ocrx_word' id='word_1_94' title='bbox 1806 1213 1891 1268; x_wconf 89' lang='lat' dir='ltr'><strong>vel</strong></span> <span class='ocrx_word' id='word_1_95' title='bbox 1935 1213 2108 1267; x_wconf 89' lang='lat' dir='ltr'><strong>etiam</strong></span> 
     </span>
    </p>
   </div>
   <div class='ocr_carea' id='block_1_14' title="bbox 466 1286 2110 1356">
    <p class='ocr_par' dir='ltr' id='par_1_14' title="bbox 466 1286 2110 1356">
     <span class='ocr_line' id='line_1_14' title="bbox 466 1286 2110 1356; baseline -0.004 -13"><span class='ocrx_word' id='word_1_96' title='bbox 466 1287 751 1343; x_wconf 89' lang='lat' dir='ltr'><strong>Ecclesias</strong></span> <span class='ocrx_word' id='word_1_97' title='bbox 805 1288 962 1356; x_wconf 89' lang='lat' dir='ltr'><strong>ipsas</strong></span> <span class='ocrx_word' id='word_1_98' title='bbox 1030 1286 1260 1340; x_wconf 79' lang='lat' dir='ltr'><strong>Romam</strong></span> <span class='ocrx_word' id='word_1_99' title='bbox 1293 1292 1701 1356; x_wconf 35' lang='lat' dir='ltr'><strong>“contractas,</strong></span> <span class='ocrx_word' id='word_1_100' title='bbox 1733 1288 1790 1337; x_wconf 92' lang='lat' dir='ltr'><strong>et</strong></span> <span class='ocrx_word' id='word_1_101' title='bbox 1851 1290 2110 1356; x_wconf 84' lang='lat' dir='ltr'><strong>evocatas</strong></span> 
     </span>
    </p>
   </div>
   <div class='ocr_carea' id='block_1_15' title="bbox 464 1352 2113 1427">
    <p class='ocr_par' dir='ltr' id='par_1_15' title="bbox 464 1352 2113 1427">
     <span class='ocr_line' id='line_1_15' title="bbox 464 1352 2113 1427; baseline -0.004 -13"><span class='ocrx_word' id='word_1_102' title='bbox 464 1359 690 1427; x_wconf 86' lang='lat' dir='ltr'><strong>scribit,</strong></span> <span class='ocrx_word' id='word_1_103' title='bbox 727 1364 791 1413; x_wconf 92' lang='lat' dir='ltr'><strong>ut</strong></span> <span class='ocrx_word' id='word_1_104' title='bbox 815 1352 1060 1411; x_wconf 71' lang='lat' dir='ltr'><strong>Basilius</strong></span> <span class='ocrx_word' id='word_1_105' title='bbox 1084 1357 1253 1424; x_wconf 90' lang='lat' dir='ltr'><strong>epist.</strong></span> <span class='ocrx_word' id='word_1_106' title='bbox 1289 1352 1379 1410; x_wconf 57' lang='grc' dir='ltr'><strong>ὄρ.</strong></span> <span class='ocrx_word' id='word_1_107' title='bbox 1412 1355 1586 1427; x_wconf 86' lang='lat' dir='ltr'><strong>Divus</strong></span> <span class='ocrx_word' id='word_1_108' title='bbox 1613 1354 1963 1427; x_wconf 61' lang='lat' dir='ltr'><strong>Athanasius</strong></span> <span class='ocrx_word' id='word_1_109' title='bbox 1994 1354 2113 1408; x_wconf 85' lang='lat' dir='ltr'><strong>Hie-</strong></span> 
     </span>
    </p>
   </div>
   <div class='ocr_carea' id='block_1_16' title="bbox 465 1425 2109 1499">
    <p class='ocr_par' dir='ltr' id='par_1_16' title="bbox 465 1425 2109 1499">
     <span class='ocr_line' id='line_1_16' title="bbox 465 1425 2109 1499; baseline -0.004 -14"><span class='ocrx_word' id='word_1_110' title='bbox 465 1425 701 1499; x_wconf 89' lang='lat' dir='ltr'><strong>ronymo</strong></span> <span class='ocrx_word' id='word_1_111' title='bbox 731 1428 1051 1496; x_wconf 84' lang='lat' dir='ltr'><strong>antiquior,</strong></span> <span class='ocrx_word' id='word_1_112' title='bbox 1085 1432 1299 1499; x_wconf 71' lang='lat' dir='ltr'><strong>etcum</strong></span> <span class='ocrx_word' id='word_1_113' title='bbox 1331 1439 1396 1480; x_wconf 90' lang='lat' dir='ltr'><strong>eo</strong></span> <span class='ocrx_word' id='word_1_114' title='bbox 1423 1426 1604 1499; x_wconf 68' lang='lat' dir='ltr'><strong>totius</strong></span> <span class='ocrx_word' id='word_1_115' title='bbox 1627 1425 1850 1496; x_wconf 67' lang='lat' dir='ltr'><strong>Egypti</strong></span> <span class='ocrx_word' id='word_1_116' title='bbox 1877 1426 2109 1499; x_wconf 84' lang='lat' dir='ltr'><strong>episco—</strong></span> 
     </span>
    </p>
   </div>
   <div class='ocr_carea' id='block_1_17' title="bbox 464 1496 2112 1568">
    <p class='ocr_par' dir='ltr' id='par_1_17' title="bbox 464 1496 2112 1568">
     <span class='ocr_line' id='line_1_17' title="bbox 464 1496 2112 1568; baseline -0.002 -14"><span class='ocrx_word' id='word_1_117' title='bbox 464 1501 544 1568; x_wconf 90' lang='lat' dir='ltr'><strong>pi,</strong></span> <span class='ocrx_word' id='word_1_118' title='bbox 574 1496 828 1554; x_wconf 79' lang='lat' dir='ltr'><strong>Marcum</strong></span> <span class='ocrx_word' id='word_1_119' title='bbox 853 1503 1061 1553; x_wconf 85' lang='lat' dir='ltr'><strong>sancta</strong></span> <span class='ocrx_word' id='word_1_120' title='bbox 1077 1497 1231 1551; x_wconf 90' lang='lat' dir='ltr'><strong>sedis</strong></span> <span class='ocrx_word' id='word_1_121' title='bbox 1262 1496 1586 1568; x_wconf 86' lang='lat' dir='ltr'><strong>apostolica</strong></span> <span class='ocrx_word' id='word_1_122' title='bbox 1607 1497 2112 1568; x_wconf 13' lang='lat' dir='ltr'><strong>atqueiuniversa-</strong></span> 
     </span>
    </p>
   </div>
   <div class='ocr_carea' id='block_1_18' title="bbox 462 1567 2107 1637">
    <p class='ocr_par' dir='ltr' id='par_1_18' title="bbox 462 1567 2107 1637">
     <span class='ocr_line' id='line_1_18' title="bbox 462 1567 2107 1637; baseline -0.004 -10"><span class='ocrx_word' id='word_1_123' title='bbox 462 1567 539 1627; x_wconf 90' lang='lat' dir='ltr'><strong>lis</strong></span> <span class='ocrx_word' id='word_1_124' title='bbox 595 1569 855 1626; x_wconf 82' lang='lat' dir='ltr'><strong>Ecclesia</strong></span> <span class='ocrx_word' id='word_1_125' title='bbox 913 1582 1112 1637; x_wconf 90' lang='lat' dir='ltr'><strong>papam</strong></span> <span class='ocrx_word' id='word_1_126' title='bbox 1168 1567 1464 1621; x_wconf 88' lang='lat' dir='ltr'><strong>nominant</strong></span> <span class='ocrx_word' id='word_1_127' title='bbox 1521 1568 1691 1636; x_wconf 89' lang='lat' dir='ltr'><strong>epist.</strong></span> <span class='ocrx_word' id='word_1_128' title='bbox 1737 1567 1806 1621; x_wconf 90' lang='lat' dir='ltr'><strong>ad</strong></span> <span class='ocrx_word' id='word_1_129' title='bbox 1858 1570 2107 1622; x_wconf 85' lang='lat' dir='ltr'><strong>Marcum</strong></span> 
     </span>
    </p>
   </div>
   <div class='ocr_carea' id='block_1_19' title="bbox 461 1639 2111 1711">
    <p class='ocr_par' dir='ltr' id='par_1_19' title="bbox 461 1639 2111 1711">
     <span class='ocr_line' id='line_1_19' title="bbox 461 1639 2111 1711; baseline -0.003 -15"><span class='ocrx_word' id='word_1_130' title='bbox 461 1655 687 1711; x_wconf 86' lang='lat' dir='ltr'><strong>papam,</strong></span> <span class='ocrx_word' id='word_1_131' title='bbox 721 1647 1091 1711; x_wconf 85' lang='lat' dir='ltr'><strong>sanctamque</strong></span> <span class='ocrx_word' id='word_1_132' title='bbox 1137 1640 1263 1707; x_wconf 85' lang='lat' dir='ltr'><strong>ejus</strong></span> <span class='ocrx_word' id='word_1_133' title='bbox 1308 1639 1495 1693; x_wconf 88' lang='lat' dir='ltr'><strong>sedem</strong></span> <span class='ocrx_word' id='word_1_134' title='bbox 1543 1645 1798 1711; x_wconf 89' lang='lat' dir='ltr'><strong>matrem,</strong></span> <span class='ocrx_word' id='word_1_135' title='bbox 1827 1644 1883 1693; x_wconf 92' lang='lat' dir='ltr'><strong>et</strong></span> <span class='ocrx_word' id='word_1_136' title='bbox 1938 1644 2111 1711; x_wconf 80' lang='lat' dir='ltr'><strong>caput</strong></span> 
     </span>
    </p>
   </div>
   <div class='ocr_carea' id='block_1_20' title="bbox 1680 242 2639 301">
    <p class='ocr_par' dir='ltr' id='par_1_20' title="bbox 1680 242 2639 301">
     <span class='ocr_line' id='line_1_20' title="bbox 1680 242 2639 301; baseline -0.002 -1"><span class='ocrx_word' id='word_1_137' title='bbox 1680 244 2039 301; x_wconf 80' lang='lat' dir='ltr'><strong>ANASTASII</strong></span> <span class='ocrx_word' id='word_1_138' title='bbox 2084 242 2639 299; x_wconf 81' lang='lat' dir='ltr'><strong>BIBLIOTHECARII</strong></span> 
     </span>
    </p>
   </div>
   <div class='ocr_carea' id='block_1_21' title="bbox 467 363 2991 433">
    <p class='ocr_par' dir='ltr' id='par_1_21' title="bbox 467 363 2991 433">
     <span class='ocr_line' id='line_1_21' title="bbox 467 363 2991 433; baseline -0.002 -10"><span class='ocrx_word' id='word_1_139' title='bbox 467 372 659 424; x_wconf 87' lang='lat' dir='ltr'><strong>Patres</strong></span> <span class='ocrx_word' id='word_1_140' title='bbox 687 366 954 422; x_wconf 88' lang='lat' dir='ltr'><strong>Ecclesia</strong></span> <span class='ocrx_word' id='word_1_141' title='bbox 993 366 1257 420; x_wconf 81' lang='lat' dir='ltr'><strong>Romana</strong></span> <span class='ocrx_word' id='word_1_142' title='bbox 1298 363 1579 433; x_wconf 91' lang='lat' dir='ltr'><strong>pontiﬁcii</strong></span> <span class='ocrx_word' id='word_1_143' title='bbox 1623 375 1954 432; x_wconf 88' lang='lat' dir='ltr'><strong>supremum</strong></span> <span class='ocrx_word' id='word_1_144' title='bbox 2003 363 2107 431; x_wconf 86' lang='lat' dir='ltr'><strong>ju-</strong></span> <span class='ocrx_word' id='word_1_145' title='bbox 2137 363 2195 421; x_wconf 88' lang='lat' dir='ltr'><strong>A</strong></span> <span class='ocrx_word' id='word_1_146' title='bbox 2296 364 2365 419; x_wconf 92' lang='lat' dir='ltr'><strong>Ut</strong></span> <span class='ocrx_word' id='word_1_147' title='bbox 2409 364 2658 419; x_wconf 86' lang='lat' dir='ltr'><strong>breviter</strong></span> <span class='ocrx_word' id='word_1_148' title='bbox 2696 363 2991 419; x_wconf 87' lang='lat' dir='ltr'><strong>enuntiem</strong></span> 
     </span>
    </p>
   </div>
   <div class='ocr_carea' id='block_1_22' title="bbox 3668 244 3771 306">
    <p class='ocr_par' dir='ltr' id='par_1_22' title="bbox 3668 244 3771 306">
     <span class='ocr_line' id='line_1_22' title="bbox 3668 244 3771 306; baseline 0.068 -7"><span class='ocrx_word' id='word_1_149' title='bbox 3668 244 3771 306; x_wconf 81' lang='grc'><strong>4096</strong></span> 
     </span>
    </p>
   </div>
   <div class='ocr_carea' id='block_1_23' title="bbox 3034 362 3775 432">
    <p class='ocr_par' dir='ltr' id='par_1_23' title="bbox 3034 362 3775 432">
     <span class='ocr_line' id='line_1_23' title="bbox 3034 362 3775 432; baseline 0 -13"><span class='ocrx_word' id='word_1_150' title='bbox 3034 363 3182 432; x_wconf 90' lang='lat' dir='ltr'><strong>quod</strong></span> <span class='ocrx_word' id='word_1_151' title='bbox 3221 362 3419 431; x_wconf 84' lang='lat' dir='ltr'><strong>sentio,</strong></span> <span class='ocrx_word' id='word_1_152' title='bbox 3460 376 3575 417; x_wconf 88' lang='lat' dir='ltr'><strong>cum</strong></span> <span class='ocrx_word' id='word_1_153' title='bbox 3603 362 3775 419; x_wconf 84' lang='lat' dir='ltr'><strong>videam</strong></span> 
     </span>
    </p>
   </div>
   <div class='ocr_carea' id='block_1_24' title="bbox 2222 432 3777 504">
    <p class='ocr_par' dir='ltr' id='par_1_24' title="bbox 2222 432 3777 504">
     <span class='ocr_line' id='line_1_24' title="bbox 2222 432 3777 504; baseline -0.001 -15"><span class='ocrx_word' id='word_1_154' title='bbox 2222 434 2522 504; x_wconf 86' lang='lat' dir='ltr'><strong>epistolam</strong></span> <span class='ocrx_word' id='word_1_155' title='bbox 2566 436 2805 504; x_wconf 91' lang='lat' dir='ltr'><strong>primam</strong></span> <span class='ocrx_word' id='word_1_156' title='bbox 2833 434 3137 490; x_wconf 88' lang='lat' dir='ltr'><strong>Clementis</strong></span> <span class='ocrx_word' id='word_1_157' title='bbox 3161 433 3230 488; x_wconf 89' lang='lat' dir='ltr'><strong>ad</strong></span> <span class='ocrx_word' id='word_1_158' title='bbox 3259 432 3569 504; x_wconf 70' lang='lat' dir='ltr'><strong>Corinthios</strong></span> <span class='ocrx_word' id='word_1_159' title='bbox 3595 433 3661 487; x_wconf 80' lang='lat' dir='ltr'><strong>ita</strong></span> <span class='ocrx_word' id='word_1_160' title='bbox 3681 448 3777 487; x_wconf 74' lang='lat' dir='ltr'><strong>ser-</strong></span> 
     </span>
    </p>
   </div>
   <div class='ocr_carea' id='block_1_25' title="bbox 2222 502 3776 574">
    <p class='ocr_par' dir='ltr' id='par_1_25' title="bbox 2222 502 3776 574">
     <span class='ocr_line' id='line_1_25' title="bbox 2222 502 3776 574; baseline -0.002 -14"><span class='ocrx_word' id='word_1_161' title='bbox 2222 502 2428 571; x_wconf 82' lang='lat' dir='ltr'><strong>vatam,</strong></span> <span class='ocrx_word' id='word_1_162' title='bbox 2469 510 2527 560; x_wconf 91' lang='lat' dir='ltr'><strong>et</strong></span> <span class='ocrx_word' id='word_1_163' title='bbox 2566 502 2767 561; x_wconf 88' lang='lat' dir='ltr'><strong>lectam</strong></span> <span class='ocrx_word' id='word_1_164' title='bbox 2811 504 2963 574; x_wconf 89' lang='lat' dir='ltr'><strong>apud</strong></span> <span class='ocrx_word' id='word_1_165' title='bbox 3012 504 3329 574; x_wconf 89' lang='lat' dir='ltr'><strong>complures</strong></span> <span class='ocrx_word' id='word_1_166' title='bbox 3370 502 3639 569; x_wconf 86' lang='lat' dir='ltr'><strong>Ecclesias,</strong></span> <span class='ocrx_word' id='word_1_167' title='bbox 3669 505 3776 558; x_wconf 92' lang='lat' dir='ltr'><strong>etin</strong></span> 
     </span>
    </p>
   </div>
   <div class='ocr_carea' id='block_1_26' title="bbox 2222 575 3781 646">
    <p class='ocr_par' dir='ltr' id='par_1_26' title="bbox 2222 575 3781 646">
     <span class='ocr_line' id='line_1_26' title="bbox 2222 575 3781 646; baseline -0.002 -16"><span class='ocrx_word' id='word_1_168' title='bbox 2222 577 2635 646; x_wconf 88' lang='lat' dir='ltr'><strong>antiquissimo</strong></span> <span class='ocrx_word' id='word_1_169' title='bbox 2664 576 2766 632; x_wconf 91' lang='lat' dir='ltr'><strong>illo</strong></span> <span class='ocrx_word' id='word_1_170' title='bbox 2812 576 3012 631; x_wconf 86' lang='lat' dir='ltr'><strong>codice</strong></span> <span class='ocrx_word' id='word_1_171' title='bbox 3042 575 3353 630; x_wconf 91' lang='lat' dir='ltr'><strong>bibliorum</strong></span> <span class='ocrx_word' id='word_1_172' title='bbox 3377 576 3659 643; x_wconf 88' lang='lat' dir='ltr'><strong>appositam</strong></span> <span class='ocrx_word' id='word_1_173' title='bbox 3684 580 3781 642; x_wconf 85' lang='lat' dir='ltr'><strong>post</strong></span> 
     </span>
    </p>
   </div>
   <div class='ocr_carea' id='block_1_27' title="bbox 2224 645 3780 713">
    <p class='ocr_par' dir='ltr' id='par_1_27' title="bbox 2224 645 3780 713">
     <span class='ocr_line' id='line_1_27' title="bbox 2224 645 3780 713; baseline -0.001 -12"><span class='ocrx_word' id='word_1_174' title='bbox 2224 645 2408 703; x_wconf 89' lang='lat' dir='ltr'><strong>libros</strong></span> <span class='ocrx_word' id='word_1_175' title='bbox 2436 648 2744 703; x_wconf 89' lang='lat' dir='ltr'><strong>canonicos</strong></span> <span class='ocrx_word' id='word_1_176' title='bbox 2786 660 2898 702; x_wconf 90' lang='lat' dir='ltr'><strong>una</strong></span> <span class='ocrx_word' id='word_1_177' title='bbox 2941 660 3069 701; x_wconf 91' lang='lat' dir='ltr'><strong>cum</strong></span> <span class='ocrx_word' id='word_1_178' title='bbox 3099 646 3382 710; x_wconf 84' lang='lat' dir='ltr'><strong>secunda;</strong></span> <span class='ocrx_word' id='word_1_179' title='bbox 3424 645 3657 713; x_wconf 87' lang='lat' dir='ltr'><strong>suspicor</strong></span> <span class='ocrx_word' id='word_1_180' title='bbox 3688 657 3780 699; x_wconf 86' lang='lat' dir='ltr'><strong>esse</strong></span> 
     </span>
    </p>
   </div>
   <div class='ocr_carea' id='block_1_28' title="bbox 2222 715 3782 788">
    <p class='ocr_par' dir='ltr' id='par_1_28' title="bbox 2222 715 3782 788">
     <span class='ocr_line' id='line_1_28' title="bbox 2222 715 3782 788; baseline -0.003 -16"><span class='ocrx_word' id='word_1_181' title='bbox 2222 718 2606 787; x_wconf 77' lang='lat' dir='ltr'><strong>signaculum,</strong></span> <span class='ocrx_word' id='word_1_182' title='bbox 2641 732 2753 788; x_wconf 92' lang='lat' dir='ltr'><strong>quo</strong></span> <span class='ocrx_word' id='word_1_183' title='bbox 2799 717 3040 772; x_wconf 89' lang='lat' dir='ltr'><strong>traditio</strong></span> <span class='ocrx_word' id='word_1_184' title='bbox 3091 716 3400 785; x_wconf 90' lang='lat' dir='ltr'><strong>apostolica</strong></span> <span class='ocrx_word' id='word_1_185' title='bbox 3437 715 3782 788; x_wconf 84' lang='lat' dir='ltr'><strong>ﬁrmareturde</strong></span> 
     </span>
    </p>
   </div>
   <div class='ocr_carea' id='block_1_29' title="bbox 2224 786 3782 857">
    <p class='ocr_par' dir='ltr' id='par_1_29' title="bbox 2224 786 3782 857">
     <span class='ocr_line' id='line_1_29' title="bbox 2224 786 3782 857; baseline -0.003 -14"><span class='ocrx_word' id='word_1_186' title='bbox 2224 786 2460 843; x_wconf 78' lang='lat' dir='ltr'><strong>ndmero</strong></span> <span class='ocrx_word' id='word_1_187' title='bbox 2475 786 2755 844; x_wconf 77' lang='lat' dir='ltr'><strong>librorum</strong></span> <span class='ocrx_word' id='word_1_188' title='bbox 2771 789 2984 844; x_wconf 84' lang='lat' dir='ltr'><strong>divina</strong></span> <span class='ocrx_word' id='word_1_189' title='bbox 2998 788 3308 857; x_wconf 86' lang='lat' dir='ltr'><strong>Scriptura</strong></span> <span class='ocrx_word' id='word_1_190' title='bbox 3323 798 3608 857; x_wconf 89' lang='lat' dir='ltr'><strong>eorumque</strong></span> <span class='ocrx_word' id='word_1_191' title='bbox 3620 786 3782 839; x_wconf 87' lang='lat' dir='ltr'><strong>lectio-</strong></span> 
     </span>
    </p>
   </div>
   <div class='ocr_carea' id='block_1_30' title="bbox 2223 856 3782 928">
    <p class='ocr_par' dir='ltr' id='par_1_30' title="bbox 2223 856 3782 928">
     <span class='ocr_line' id='line_1_30' title="bbox 2223 856 3782 928; baseline -0.004 -14"><span class='ocrx_word' id='word_1_192' title='bbox 2223 872 2293 914; x_wconf 88' lang='lat' dir='ltr'><strong>ne</strong></span> <span class='ocrx_word' id='word_1_193' title='bbox 2314 859 2625 928; x_wconf 87' lang='lat' dir='ltr'><strong>approbata</strong></span> <span class='ocrx_word' id='word_1_194' title='bbox 2653 878 2667 914; x_wconf 90' lang='lat'><strong>:</strong></span> <span class='ocrx_word' id='word_1_195' title='bbox 2694 873 2806 915; x_wconf 90' lang='lat' dir='ltr'><strong>non</strong></span> <span class='ocrx_word' id='word_1_196' title='bbox 2829 872 2996 914; x_wconf 90' lang='lat' dir='ltr'><strong>secus</strong></span> <span class='ocrx_word' id='word_1_197' title='bbox 3019 872 3083 914; x_wconf 90' lang='lat' dir='ltr'><strong>ac</strong></span> <span class='ocrx_word' id='word_1_198' title='bbox 3099 856 3308 913; x_wconf 86' lang='lat' dir='ltr'><strong>sacqu</strong></span> <span class='ocrx_word' id='word_1_199' title='bbox 3334 863 3524 927; x_wconf 88' lang='lat' dir='ltr'><strong>quarto</strong></span> <span class='ocrx_word' id='word_1_200' title='bbox 3544 856 3782 910; x_wconf 83' lang='lat' dir='ltr'><strong>desinente</strong></span> 
     </span>
    </p>
   </div>
   <div class='ocr_carea' id='block_1_31' title="bbox 2223 928 3783 1000">
    <p class='ocr_par' dir='ltr' id='par_1_31' title="bbox 2223 928 3783 1000">
     <span class='ocr_line' id='line_1_31' title="bbox 2223 928 3783 1000; baseline -0.003 -16"><span class='ocrx_word' id='word_1_201' title='bbox 2223 931 2449 984; x_wconf 88' lang='lat' dir='ltr'><strong>Damasi</strong></span> <span class='ocrx_word' id='word_1_202' title='bbox 2480 944 2542 999; x_wconf 75' lang='lat' dir='ltr'><strong>pa</strong></span> <span class='ocrx_word' id='word_1_203' title='bbox 2555 946 2633 1000; x_wconf 83' lang='lat' dir='ltr'><strong>pa</strong></span> <span class='ocrx_word' id='word_1_204' title='bbox 2661 931 2868 986; x_wconf 83' lang='lat' dir='ltr'><strong>littera</strong></span> <span class='ocrx_word' id='word_1_205' title='bbox 2887 930 3071 985; x_wconf 90' lang='lat' dir='ltr'><strong>sacris</strong></span> <span class='ocrx_word' id='word_1_206' title='bbox 3098 928 3299 984; x_wconf 90' lang='lat' dir='ltr'><strong>bibliis</strong></span> <span class='ocrx_word' id='word_1_207' title='bbox 3317 928 3519 1000; x_wconf 86' lang='lat' dir='ltr'><strong>apponi</strong></span> <span class='ocrx_word' id='word_1_208' title='bbox 3547 934 3783 1000; x_wconf 66' lang='lat' dir='ltr'><strong>creperum</strong></span> 
     </span>
    </p>
   </div>
   <div class='ocr_carea' id='block_1_32' title="bbox 2224 998 3782 1071">
    <p class='ocr_par' dir='ltr' id='par_1_32' title="bbox 2224 998 3782 1071">
     <span class='ocr_line' id='line_1_32' title="bbox 2224 998 3782 1071; baseline -0.004 -15"><span class='ocrx_word' id='word_1_209' title='bbox 2224 1014 2351 1056; x_wconf 88' lang='lat' dir='ltr'><strong>cum</strong></span> <span class='ocrx_word' id='word_1_210' title='bbox 2387 998 2621 1071; x_wconf 81' lang='lat' dir='ltr'><strong>pr0|ogo</strong></span> <span class='ocrx_word' id='word_1_211' title='bbox 2646 1003 2705 1055; x_wconf 91' lang='lat' dir='ltr'><strong>B.</strong></span> <span class='ocrx_word' id='word_1_212' title='bbox 2735 1001 3086 1069; x_wconf 86' lang='lat' dir='ltr'><strong>Hieronymi,</strong></span> <span class='ocrx_word' id='word_1_213' title='bbox 3111 999 3440 1069; x_wconf 89' lang='lat' dir='ltr'><strong>apostolicis</strong></span> <span class='ocrx_word' id='word_1_214' title='bbox 3466 998 3782 1071; x_wconf 74' lang='lat' dir='ltr'><strong>Damasijns—</strong></span> 
     </span>
    </p>
   </div>
   <div class='ocr_carea' id='block_1_33' title="bbox 2224 1018 3782 1151">
    <p class='ocr_par' dir='ltr' id='par_1_33' title="bbox 2224 1018 3782 1151">
     <span class='ocr_line' id='line_1_33' title="bbox 2224 1018 3782 1071; baseline -0.004 -15"><span class='ocrx_word' id='word_1_215' title='bbox 2224 1018 2351 1056; x_wconf 90' lang='lat' dir='ltr'><strong>cum</strong></span> <span class='ocrx_word' id='word_1_216' title='bbox 2387 1018 2548 1071; x_wconf 84' lang='lat' dir='ltr'><strong>proio</strong></span> <span class='ocrx_word' id='word_1_217' title='bbox 2588 1018 2621 1056; x_wconf 92' lang='grc' dir='ltr'>ο</span> <span class='ocrx_word' id='word_1_218' title='bbox 2646 1018 2705 1055; x_wconf 73' lang='grc' dir='ltr'><strong>υ.</strong></span> <span class='ocrx_word' id='word_1_219' title='bbox 2735 1018 3086 1069; x_wconf 68' lang='grc' dir='ltr'>ιιιθνοῐιγωι,</span> <span class='ocrx_word' id='word_1_220' title='bbox 3111 1018 3440 1069; x_wconf 81' lang='lat' dir='ltr'><strong>aposwucis</strong></span> <span class='ocrx_word' id='word_1_221' title='bbox 3470 1018 3663 1052; x_wconf 77' lang='lat' dir='ltr'><strong>uamaSI</strong></span> <span class='ocrx_word' id='word_1_222' title='bbox 3682 1018 3782 1064; x_wconf 68' lang='lat' dir='ltr'><strong>jus-</strong></span> 
     </span>
     <span class='ocr_line' id='line_1_34' title="bbox 2224 1018 3782 1151; baseline -0.003 -26"><span class='ocrx_word' id='word_1_223' title='bbox 2224 1072 2491 1151; x_wconf 75' lang='lat' dir='ltr'><strong>sionibus</strong></span> <span class='ocrx_word' id='word_1_224' title='bbox 2516 1018 2774 1128; x_wconf 60' lang='lat' dir='ltr'><strong>ogsecuti</strong></span> <span class='ocrx_word' id='word_1_225' title='bbox 2809 1077 2864 1127; x_wconf 86' lang='lat' dir='ltr'><strong>in</strong></span> <span class='ocrx_word' id='word_1_226' title='bbox 2895 1072 3260 1151; x_wconf 81' lang='lat' dir='ltr'><strong>restitutione</strong></span> <span class='ocrx_word' id='word_1_227' title='bbox 3276 1067 3782 1151; x_wconf 65' lang='lat' dir='ltr'><strong>germanalectionis</strong></span> 
     </span>
    </p>
   </div>
   <div class='ocr_carea' id='block_1_34' title="bbox 2222 1139 3780 1213">
    <p class='ocr_par' dir='ltr' id='par_1_34' title="bbox 2222 1139 3780 1213">
     <span class='ocr_line' id='line_1_35' title="bbox 2222 1139 3780 1213; baseline -0.004 -17"><span class='ocrx_word' id='word_1_228' title='bbox 2222 1142 2409 1213; x_wconf 86' lang='lat' dir='ltr'><strong>divini</strong></span> <span class='ocrx_word' id='word_1_229' title='bbox 2443 1151 2668 1198; x_wconf 69' lang='lat' dir='ltr'><strong>textus:</strong></span> <span class='ocrx_word' id='word_1_230' title='bbox 2702 1157 2886 1213; x_wconf 90' lang='lat' dir='ltr'><strong>neque</strong></span> <span class='ocrx_word' id='word_1_231' title='bbox 2904 1143 3078 1197; x_wconf 89' lang='lat' dir='ltr'><strong>aliter</strong></span> <span class='ocrx_word' id='word_1_232' title='bbox 3096 1156 3163 1197; x_wconf 88' lang='lat' dir='ltr'><strong>ac</strong></span> <span class='ocrx_word' id='word_1_233' title='bbox 3185 1139 3350 1196; x_wconf 79' lang='lat' dir='ltr'><strong>hodie</strong></span> <span class='ocrx_word' id='word_1_234' title='bbox 3381 1139 3440 1195; x_wconf 87' lang='lat' dir='ltr'><strong>ﬁt</strong></span> <span class='ocrx_word' id='word_1_235' title='bbox 3460 1145 3573 1208; x_wconf 90' lang='lat' dir='ltr'><strong>post</strong></span> <span class='ocrx_word' id='word_1_236' title='bbox 3588 1140 3636 1192; x_wconf 84' lang='lat' dir='ltr'><strong>S.</strong></span> <span class='ocrx_word' id='word_1_237' title='bbox 3661 1140 3780 1191; x_wconf 87' lang='lat' dir='ltr'><strong>Pium</strong></span> 
     </span>
    </p>
   </div>
   <div class='ocr_carea' id='block_1_35' title="bbox 2221 1212 3782 1283">
    <p class='ocr_par' dir='ltr' id='par_1_35' title="bbox 2221 1212 3782 1283">
     <span class='ocr_line' id='line_1_36' title="bbox 2221 1212 3782 1283; baseline -0.004 -16"><span class='ocrx_word' id='word_1_238' title='bbox 2221 1212 2268 1267; x_wconf 84' lang='lat' dir='ltr'><strong>V</strong></span> <span class='ocrx_word' id='word_1_239' title='bbox 2293 1219 2351 1268; x_wconf 91' lang='lat' dir='ltr'><strong>et</strong></span> <span class='ocrx_word' id='word_1_240' title='bbox 2379 1213 2721 1269; x_wconf 90' lang='lat' dir='ltr'><strong>Clementem</strong></span> <span class='ocrx_word' id='word_1_241' title='bbox 2751 1212 2863 1269; x_wconf 84' lang='lat' dir='ltr'><strong>VIII</strong></span> <span class='ocrx_word' id='word_1_242' title='bbox 2903 1213 3203 1283; x_wconf 89' lang='lat' dir='ltr'><strong>pontiﬁces</strong></span> <span class='ocrx_word' id='word_1_243' title='bbox 3234 1214 3518 1283; x_wconf 83' lang='lat' dir='ltr'><strong>maximos,</strong></span> <span class='ocrx_word' id='word_1_244' title='bbox 3557 1223 3668 1263; x_wconf 88' lang='lat' dir='ltr'><strong>cum</strong></span> <span class='ocrx_word' id='word_1_245' title='bbox 3705 1221 3782 1283; x_wconf 75' lang='lat' dir='ltr'><strong>ap—</strong></span> 
     </span>
    </p>
   </div>
   <div class='ocr_carea' id='block_1_36' title="bbox 2225 1278 3783 1353">
    <p class='ocr_par' dir='ltr' id='par_1_36' title="bbox 2225 1278 3783 1353">
     <span class='ocr_line' id='line_1_37' title="bbox 2225 1278 3783 1353; baseline -0.004 -15"><span class='ocrx_word' id='word_1_246' title='bbox 2225 1284 2472 1353; x_wconf 87' lang='lat' dir='ltr'><strong>probata</strong></span> <span class='ocrx_word' id='word_1_247' title='bbox 2502 1284 2767 1341; x_wconf 88' lang='lat' dir='ltr'><strong>lectionis</strong></span> <span class='ocrx_word' id='word_1_248' title='bbox 2787 1278 3031 1340; x_wconf 75' lang='lat' dir='ltr'><strong>editioni</strong></span> <span class='ocrx_word' id='word_1_249' title='bbox 3063 1285 3386 1339; x_wconf 90' lang='lat' dir='ltr'><strong>eorumdem</strong></span> <span class='ocrx_word' id='word_1_250' title='bbox 3413 1282 3599 1336; x_wconf 81' lang='lat' dir='ltr'><strong>littera</strong></span> <span class='ocrx_word' id='word_1_251' title='bbox 3638 1278 3783 1347; x_wconf 70' lang='lat' dir='ltr'><strong>practi-</strong></span> 
     </span>
    </p>
   </div>
   <div class='ocr_carea' id='block_1_37' title="bbox 2222 1353 3778 1425">
    <p class='ocr_par' dir='ltr' id='par_1_37' title="bbox 2222 1353 3778 1425">
     <span class='ocr_line' id='line_1_38' title="bbox 2222 1353 3778 1425; baseline -0.005 -15"><span class='ocrx_word' id='word_1_252' title='bbox 2222 1364 2455 1425; x_wconf 83' lang='lat' dir='ltr'><strong>guntur.</strong></span> <span class='ocrx_word' id='word_1_253' title='bbox 2503 1357 2864 1411; x_wconf 90' lang='lat' dir='ltr'><strong>ostendentes</strong></span> <span class='ocrx_word' id='word_1_254' title='bbox 2914 1355 3216 1411; x_wconf 88' lang='lat' dir='ltr'><strong>catholica</strong></span> <span class='ocrx_word' id='word_1_255' title='bbox 3257 1353 3778 1425; x_wconf 23' lang='lat' dir='ltr'><strong>Ecclesiajsummum</strong></span> 
     </span>
    </p>
   </div>
   <div class='ocr_carea' id='block_1_38' title="bbox 2220 1422 3779 1482">
    <p class='ocr_par' dir='ltr' id='par_1_38' title="bbox 2220 1422 3779 1482">
     <span class='ocr_line' id='line_1_39' title="bbox 2220 1422 3779 1482; baseline -0.004 -3"><span class='ocrx_word' id='word_1_256' title='bbox 2220 1422 2566 1482; x_wconf 76' lang='lat' dir='ltr'><strong>sacerdotem</strong></span> <span class='ocrx_word' id='word_1_257' title='bbox 2581 1427 2804 1482; x_wconf 90' lang='lat' dir='ltr'><strong>tradere</strong></span> <span class='ocrx_word' id='word_1_258' title='bbox 2816 1426 3084 1482; x_wconf 91' lang='lat' dir='ltr'><strong>ﬁdelibus</strong></span> <span class='ocrx_word' id='word_1_259' title='bbox 3098 1425 3383 1481; x_wconf 86' lang='lat' dir='ltr'><strong>universis</strong></span> <span class='ocrx_word' id='word_1_260' title='bbox 3394 1437 3482 1478; x_wconf 87' lang='lat' dir='ltr'><strong>eos</strong></span> <span class='ocrx_word' id='word_1_261' title='bbox 3494 1422 3779 1477; x_wconf 85' lang='lat' dir='ltr'><strong>libroseam-</strong></span> 
     </span>
    </p>
   </div>
   <div class='ocr_carea' id='block_1_39' title="bbox 2221 1490 3779 1568">
    <p class='ocr_par' dir='ltr' id='par_1_39' title="bbox 2221 1490 3779 1568">
     <span class='ocr_line' id='line_1_40' title="bbox 2221 1490 3779 1568; baseline -0.005 -16"><span class='ocrx_word' id='word_1_262' title='bbox 2221 1497 2462 1568; x_wconf 89' lang='lat' dir='ltr'><strong>demque</strong></span> <span class='ocrx_word' id='word_1_263' title='bbox 2491 1498 2815 1564; x_wconf 88' lang='lat' dir='ltr'><strong>lectionem,</strong></span> <span class='ocrx_word' id='word_1_264' title='bbox 2843 1511 3012 1568; x_wconf 91' lang='lat' dir='ltr'><strong>quam</strong></span> <span class='ocrx_word' id='word_1_265' title='bbox 3049 1498 3172 1566; x_wconf 91' lang='lat' dir='ltr'><strong>ipse</strong></span> <span class='ocrx_word' id='word_1_266' title='bbox 3207 1511 3240 1550; x_wconf 88' lang='lat' dir='ltr'><strong>a</strong></span> <span class='ocrx_word' id='word_1_267' title='bbox 3287 1497 3407 1552; x_wconf 90' lang='lat' dir='ltr'><strong>suis</strong></span> <span class='ocrx_word' id='word_1_268' title='bbox 3432 1490 3779 1556; x_wconf 77' lang='lat' dir='ltr'><strong>decessorihus,</strong></span> 
     </span>
    </p>
   </div>
   <div class='ocr_carea' id='block_1_40' title="bbox 2223 1566 3257 1638">
    <p class='ocr_par' dir='ltr' id='par_1_40' title="bbox 2223 1566 3257 1638">
     <span class='ocr_line' id='line_1_41' title="bbox 2223 1566 3257 1638; baseline 0 -16"><span class='ocrx_word' id='word_1_269' title='bbox 2223 1566 2441 1638; x_wconf 89' lang='lat' dir='ltr'><strong>istique</strong></span> <span class='ocrx_word' id='word_1_270' title='bbox 2479 1568 2549 1623; x_wconf 92' lang='lat' dir='ltr'><strong>ab</strong></span> <span class='ocrx_word' id='word_1_271' title='bbox 2573 1566 2876 1638; x_wconf 68' lang='lat' dir='ltr'><strong>apostolis</strong></span> <span class='ocrx_word' id='word_1_272' title='bbox 2894 1576 3257 1637; x_wconf 87' lang='lat' dir='ltr'><strong>acceperunt.</strong></span> 
     </span>
    </p>
   </div>
   <div class='ocr_carea' id='block_1_41' title="bbox 2289 1629 3780 1709">
    <p class='ocr_par' dir='ltr' id='par_1_41' title="bbox 2289 1629 3780 1709">
     <span class='ocr_line' id='line_1_42' title="bbox 2289 1629 3780 1709; baseline -0.007 -15"><span class='ocrx_word' id='word_1_273' title='bbox 2289 1629 2591 1694; x_wconf 82' lang='lat' dir='ltr'><strong>Observari</strong></span> <span class='ocrx_word' id='word_1_274' title='bbox 2612 1629 2810 1709; x_wconf 66' lang='lat' dir='ltr'><strong>&#39;potest</strong></span> <span class='ocrx_word' id='word_1_275' title='bbox 2841 1640 2899 1695; x_wconf 91' lang='lat' dir='ltr'><strong>in</strong></span> <span class='ocrx_word' id='word_1_276' title='bbox 2934 1629 3124 1708; x_wconf 80' lang='lat' dir='ltr'><strong>priore</strong></span> <span class='ocrx_word' id='word_1_277' title='bbox 3160 1638 3258 1693; x_wconf 88' lang='lat' dir='ltr'><strong>illa</strong></span> <span class='ocrx_word' id='word_1_278' title='bbox 3283 1629 3780 1709; x_wconf 14' lang='lat' dir='ltr'><strong>Clementis‘epistola</strong></span> 
     </span>
    </p>
   </div>
   <div class='ocr_carea' id='block_1_42' title="bbox 462 1703 3781 1780">
    <p class='ocr_par' dir='ltr' id='par_1_42' title="bbox 462 1703 3781 1780">
     <span class='ocr_line' id='line_1_43' title="bbox 462 1703 3781 1780; baseline -0.004 -13"><span class='ocrx_word' id='word_1_279' title='bbox 462 1703 720 1768; x_wconf 82' lang='lat' dir='ltr'><strong>omnium</strong></span> <span class='ocrx_word' id='word_1_280' title='bbox 757 1703 1133 1766; x_wconf 47' lang='lat' dir='ltr'><strong>Ecclesia-rum</strong></span> <span class='ocrx_word' id='word_1_281' title='bbox 1159 1703 1499 1780; x_wconf 83' lang='lat' dir='ltr'><strong>agnoscunt,</strong></span> <span class='ocrx_word' id='word_1_282' title='bbox 1535 1709 1628 1764; x_wconf 91' lang='lat' dir='ltr'><strong>cui</strong></span> <span class='ocrx_word' id='word_1_283' title='bbox 1681 1703 1808 1763; x_wconf 89' lang='lat' dir='ltr'><strong>cum</strong></span> <span class='ocrx_word' id='word_1_284' title='bbox 1841 1703 2110 1765; x_wconf 88' lang='lat' dir='ltr'><strong>omnibus</strong></span> <span class='ocrx_word' id='word_1_285' title='bbox 2137 1717 2189 1778; x_wconf 81' lang='grc' dir='ltr'>Β</span> <span class='ocrx_word' id='word_1_286' title='bbox 2222 1711 2460 1779; x_wconf 87' lang='lat' dir='ltr'><strong>produci</strong></span> <span class='ocrx_word' id='word_1_287' title='bbox 2492 1703 2824 1766; x_wconf 81' lang='lat' dir='ltr'><strong>testimonia</strong></span> <span class='ocrx_word' id='word_1_288' title='bbox 2854 1717 2912 1766; x_wconf 90' lang='lat' dir='ltr'><strong>et</strong></span> <span class='ocrx_word' id='word_1_289' title='bbox 2935 1703 3283 1767; x_wconf 84' lang='lat' dir='ltr'><strong>documenta</strong></span> <span class='ocrx_word' id='word_1_290' title='bbox 3308 1723 3372 1763; x_wconf 77' lang='lat' dir='ltr'><strong>ex</strong></span> <span class='ocrx_word' id='word_1_291' title='bbox 3396 1706 3625 1780; x_wconf 86' lang='lat' dir='ltr'><strong>singulis</strong></span> <span class='ocrx_word' id='word_1_292' title='bbox 3636 1703 3781 1780; x_wconf 54' lang='lat' dir='ltr'><strong>ferme</strong></span> 
     </span>
    </p>
   </div>
   <div class='ocr_carea' id='block_1_43' title="bbox 462 1779 2108 1849">
    <p class='ocr_par' dir='ltr' id='par_1_43' title="bbox 462 1779 2108 1849">
     <span class='ocr_line' id='line_1_44' title="bbox 462 1779 2108 1849; baseline -0.004 -10"><span class='ocrx_word' id='word_1_293' title='bbox 462 1783 575 1839; x_wconf 90' lang='lat' dir='ltr'><strong>sibi</strong></span> <span class='ocrx_word' id='word_1_294' title='bbox 598 1782 924 1838; x_wconf 91' lang='lat' dir='ltr'><strong>commissis</strong></span> <span class='ocrx_word' id='word_1_295' title='bbox 947 1779 1214 1849; x_wconf 82' lang='lat' dir='ltr'><strong>perpetuo</strong></span> <span class='ocrx_word' id='word_1_296' title='bbox 1236 1779 1465 1835; x_wconf 85' lang='lat' dir='ltr'><strong>futuros</strong></span> <span class='ocrx_word' id='word_1_297' title='bbox 1494 1780 1822 1835; x_wconf 90' lang='lat' dir='ltr'><strong>obedientes</strong></span> <span class='ocrx_word' id='word_1_298' title='bbox 1847 1780 2108 1848; x_wconf 84' lang='lat' dir='ltr'><strong>pollicen-</strong></span> 
     </span>
    </p>
   </div>
   <div class='ocr_carea' id='block_1_44' title="bbox 464 1850 2107 1925">
    <p class='ocr_par' dir='ltr' id='par_1_44' title="bbox 464 1850 2107 1925">
     <span class='ocr_line' id='line_1_45' title="bbox 464 1850 2107 1925; baseline -0.002 -16"><span class='ocrx_word' id='word_1_299' title='bbox 464 1859 579 1909; x_wconf 91' lang='lat' dir='ltr'><strong>tur.</strong></span> <span class='ocrx_word' id='word_1_300' title='bbox 630 1857 694 1908; x_wconf 94' lang='lat' dir='ltr'><strong>D.</strong></span> <span class='ocrx_word' id='word_1_301' title='bbox 748 1852 1354 1925; x_wconf 78' lang='lat' dir='ltr'><strong>Augustinus,_contra</strong></span> <span class='ocrx_word' id='word_1_302' title='bbox 1398 1851 1692 1925; x_wconf 80' lang='lat' dir='ltr'><strong>Julianum</strong></span> <span class='ocrx_word' id='word_1_303' title='bbox 1744 1850 2107 1925; x_wconf 83' lang='lat' dir='ltr'><strong>Pelagianum</strong></span> 
     </span>
    </p>
   </div>
   <div class='ocr_carea' id='block_1_45' title="bbox 461 1921 2109 1995">
    <p class='ocr_par' dir='ltr' id='par_1_45' title="bbox 461 1921 2109 1995">
     <span class='ocr_line' id='line_1_46' title="bbox 461 1921 2109 1995; baseline -0.004 -14"><span class='ocrx_word' id='word_1_304' title='bbox 461 1926 786 1995; x_wconf 88' lang='lat' dir='ltr'><strong>disputans,</strong></span> <span class='ocrx_word' id='word_1_305' title='bbox 814 1921 1079 1979; x_wconf 73' lang='lat' dir='ltr'><strong>sufﬁcere</strong></span> <span class='ocrx_word' id='word_1_306' title='bbox 1098 1922 1149 1977; x_wconf 90' lang='lat' dir='ltr'><strong>ei</strong></span> <span class='ocrx_word' id='word_1_307' title='bbox 1173 1922 1379 1977; x_wconf 91' lang='lat' dir='ltr'><strong>debere</strong></span> <span class='ocrx_word' id='word_1_308' title='bbox 1406 1922 1569 1995; x_wconf 77' lang='lat' dir='ltr'><strong>docet</strong></span> <span class='ocrx_word' id='word_1_309' title='bbox 1609 1921 1790 1995; x_wconf 80' lang='lat' dir='ltr'><strong>solam</strong></span> <span class='ocrx_word' id='word_1_310' title='bbox 1847 1923 2109 1995; x_wconf 79' lang='lat' dir='ltr'><strong>ltomana</strong></span> 
     </span>
    </p>
   </div>
   <div class='ocr_carea' id='block_1_46' title="bbox 463 1990 2106 2061">
    <p class='ocr_par' dir='ltr' id='par_1_46' title="bbox 463 1990 2106 2061">
     <span class='ocr_line' id='line_1_47' title="bbox 463 1990 2106 2061; baseline -0.003 -10"><span class='ocrx_word' id='word_1_311' title='bbox 463 1990 727 2053; x_wconf 80' lang='lat' dir='ltr'><strong>Ecclesia</strong></span> <span class='ocrx_word' id='word_1_312' title='bbox 753 1995 1110 2058; x_wconf 86' lang='lat' dir='ltr'><strong>sententiam,</strong></span> <span class='ocrx_word' id='word_1_313' title='bbox 1144 1999 1199 2048; x_wconf 90' lang='lat' dir='ltr'><strong>et</strong></span> <span class='ocrx_word' id='word_1_314' title='bbox 1247 2002 1417 2048; x_wconf 81' lang='lat' dir='ltr'><strong>ser‘m.</strong></span> <span class='ocrx_word' id='word_1_315' title='bbox 1447 1990 1483 2047; x_wconf 72' lang='lat'>2</span> <span class='ocrx_word' id='word_1_316' title='bbox 1520 1994 1591 2047; x_wconf 92' lang='lat' dir='ltr'><strong>de</strong></span> <span class='ocrx_word' id='word_1_317' title='bbox 1633 1992 1819 2048; x_wconf 88' lang='lat' dir='ltr'><strong>verbis</strong></span> <span class='ocrx_word' id='word_1_318' title='bbox 1851 1992 2106 2061; x_wconf 72' lang='lat' dir='ltr'><strong>Apostoli</strong></span> 
     </span>
    </p>
   </div>
   <div class='ocr_carea' id='block_1_47' title="bbox 462 2060 2110 2135">
    <p class='ocr_par' dir='ltr' id='par_1_47' title="bbox 462 2060 2110 2135">
     <span class='ocr_line' id='line_1_48' title="bbox 462 2060 2110 2135; baseline -0.002 -13"><span class='ocrx_word' id='word_1_319' title='bbox 462 2075 661 2124; x_wconf 90' lang='lat' dir='ltr'><strong>contra</strong></span> <span class='ocrx_word' id='word_1_320' title='bbox 690 2066 1037 2122; x_wconf 87' lang='lat' dir='ltr'><strong>Cresconiun</strong></span> <span class='ocrx_word' id='word_1_321' title='bbox 1091 2064 1194 2119; x_wconf 92' lang='lat' dir='ltr'><strong>lib.</strong></span> <span class='ocrx_word' id='word_1_322' title='bbox 1239 2077 1324 2132; x_wconf 83' lang='grc' dir='ltr'>ιιι,</span> <span class='ocrx_word' id='word_1_323' title='bbox 1351 2078 1473 2132; x_wconf 88' lang='lat' dir='ltr'><strong>cap.</strong></span> <span class='ocrx_word' id='word_1_324' title='bbox 1516 2060 1608 2133; x_wconf 93' lang='lat'><strong>34,</strong></span> <span class='ocrx_word' id='word_1_325' title='bbox 1647 2065 1715 2119; x_wconf 90' lang='lat' dir='ltr'><strong>ad</strong></span> <span class='ocrx_word' id='word_1_326' title='bbox 1747 2060 2110 2135; x_wconf 87' lang='lat' dir='ltr'><strong>Carthaginis</strong></span> 
     </span>
    </p>
   </div>
   <div class='ocr_carea' id='block_1_48' title="bbox 463 2134 2110 2208">
    <p class='ocr_par' dir='ltr' id='par_1_48' title="bbox 463 2134 2110 2208">
     <span class='ocr_line' id='line_1_49' title="bbox 463 2134 2110 2208; baseline -0.004 -14"><span class='ocrx_word' id='word_1_327' title='bbox 463 2139 796 2208; x_wconf 91' lang='lat' dir='ltr'><strong>episcopum</strong></span> <span class='ocrx_word' id='word_1_328' title='bbox 843 2138 1094 2208; x_wconf 80' lang='lat' dir='ltr'><strong>Romano</strong></span> <span class='ocrx_word' id='word_1_329' title='bbox 1129 2134 1531 2208; x_wconf 69' lang='lat' dir='ltr'><strong>pratermisso,</strong></span> <span class='ocrx_word' id='word_1_330' title='bbox 1582 2140 2110 2208; x_wconf 20' lang='lat' dir='ltr'><strong>nunquamiorien-</strong></span> 
     </span>
    </p>
   </div>
   <div class='ocr_carea' id='block_1_49' title="bbox 463 2204 2109 2275">
    <p class='ocr_par' dir='ltr' id='par_1_49' title="bbox 463 2204 2109 2275">
     <span class='ocr_line' id='line_1_50' title="bbox 463 2204 2109 2275; baseline -0.004 -10"><span class='ocrx_word' id='word_1_331' title='bbox 463 2204 599 2265; x_wconf 79' lang='lat' dir='ltr'><strong>talis</strong></span> <span class='ocrx_word' id='word_1_332' title='bbox 642 2204 925 2262; x_wconf 81' lang='lat' dir='ltr'><strong>catholica</strong></span> <span class='ocrx_word' id='word_1_333' title='bbox 957 2204 1256 2262; x_wconf 85' lang='lat' dir='ltr'><strong>scriberet.</strong></span> <span class='ocrx_word' id='word_1_334' title='bbox 1305 2204 1550 2275; x_wconf 91' lang='lat' dir='ltr'><strong>Optatus</strong></span> <span class='ocrx_word' id='word_1_335' title='bbox 1583 2205 1684 2259; x_wconf 94' lang='lat' dir='ltr'><strong>lib.</strong></span> <span class='ocrx_word' id='word_1_336' title='bbox 1714 2219 1728 2259; x_wconf 90' lang='lat' dir='ltr'><strong>t</strong></span> <span class='ocrx_word' id='word_1_337' title='bbox 1762 2207 1819 2259; x_wconf 94' lang='lat' dir='ltr'><strong>in</strong></span> <span class='ocrx_word' id='word_1_338' title='bbox 1875 2207 2109 2260; x_wconf 88' lang='lat' dir='ltr'><strong>Parme-</strong></span> 
     </span>
    </p>
   </div>
   <div class='ocr_carea' id='block_1_50' title="bbox 464 2276 2106 2345">
    <p class='ocr_par' dir='ltr' id='par_1_50' title="bbox 464 2276 2106 2345">
     <span class='ocr_line' id='line_1_51' title="bbox 464 2276 2106 2345; baseline -0.002 -11"><span class='ocrx_word' id='word_1_339' title='bbox 464 2280 702 2335; x_wconf 89' lang='lat' dir='ltr'><strong>nianum</strong></span> <span class='ocrx_word' id='word_1_340' title='bbox 758 2279 817 2333; x_wconf 90' lang='lat' dir='ltr'><strong>in</strong></span> <span class='ocrx_word' id='word_1_341' title='bbox 848 2291 1021 2333; x_wconf 88' lang='lat' dir='ltr'><strong>causa</strong></span> <span class='ocrx_word' id='word_1_342' title='bbox 1075 2277 1527 2332; x_wconf 85' lang='lat' dir='ltr'><strong>Donatistarum.</strong></span> <span class='ocrx_word' id='word_1_343' title='bbox 1558 2276 1846 2332; x_wconf 85' lang='lat' dir='ltr'><strong>Judicium</strong></span> <span class='ocrx_word' id='word_1_344' title='bbox 1894 2276 2106 2345; x_wconf 91' lang='lat' dir='ltr'><strong>inquit,</strong></span> 
     </span>
    </p>
   </div>
   <div class='ocr_carea' id='block_1_51' title="bbox 465 2348 2111 2418">
    <p class='ocr_par' dir='ltr' id='par_1_51' title="bbox 465 2348 2111 2418">
     <span class='ocr_line' id='line_1_52' title="bbox 465 2348 2111 2418; baseline -0.002 -13"><span class='ocrx_word' id='word_1_345' title='bbox 465 2349 749 2405; x_wconf 85' lang='lat' dir='ltr'><strong>Miltiadis</strong></span> <span class='ocrx_word' id='word_1_346' title='bbox 779 2362 934 2418; x_wconf 86' lang='lat' dir='ltr'><strong>papa</strong></span> <span class='ocrx_word' id='word_1_347' title='bbox 964 2348 1247 2403; x_wconf 88' lang='lat' dir='ltr'><strong>sententia</strong></span> <span class='ocrx_word' id='word_1_348' title='bbox 1295 2348 1556 2403; x_wconf 90' lang='lat' dir='ltr'><strong>clausum</strong></span> <span class='ocrx_word' id='word_1_349' title='bbox 1588 2354 1692 2402; x_wconf 91' lang='lat' dir='ltr'><strong>est.</strong></span> <span class='ocrx_word' id='word_1_350' title='bbox 1734 2349 2111 2417; x_wconf 88' lang='lat' dir='ltr'><strong>Imperatores</strong></span> 
     </span>
    </p>
   </div>
   <div class='ocr_carea' id='block_1_52' title="bbox 467 2419 2101 2492">
    <p class='ocr_par' dir='ltr' id='par_1_52' title="bbox 467 2419 2101 2492">
     <span class='ocr_line' id='line_1_53' title="bbox 467 2419 2101 2492; baseline -0.003 -15"><span class='ocrx_word' id='word_1_351' title='bbox 467 2433 692 2492; x_wconf 92' lang='lat' dir='ltr'><strong>quoque</strong></span> <span class='ocrx_word' id='word_1_352' title='bbox 721 2420 1007 2492; x_wconf 76' lang='lat' dir='ltr'><strong>cathedra</strong></span> <span class='ocrx_word' id='word_1_353' title='bbox 1032 2419 1294 2492; x_wconf 81' lang='lat' dir='ltr'><strong>Romana</strong></span> <span class='ocrx_word' id='word_1_354' title='bbox 1328 2419 1711 2492; x_wconf 82' lang='lat' dir='ltr'><strong>principatum</strong></span> <span class='ocrx_word' id='word_1_355' title='bbox 1739 2426 2101 2492; x_wconf 85' lang='lat' dir='ltr'><strong>venerantur.</strong></span> 
     </span>
    </p>
   </div>
   <div class='ocr_carea' id='block_1_53' title="bbox 466 2487 2104 2559">
    <p class='ocr_par' dir='ltr' id='par_1_53' title="bbox 466 2487 2104 2559">
     <span class='ocr_line' id='line_1_54' title="bbox 466 2487 2104 2559; baseline 0 -12"><span class='ocrx_word' id='word_1_356' title='bbox 466 2487 906 2547; x_wconf 75' lang='lat' dir='ltr'><strong>Valentinianus</strong></span> <span class='ocrx_word' id='word_1_357' title='bbox 934 2487 969 2545; x_wconf 91' lang='lat'>3</span> <span class='ocrx_word' id='word_1_358' title='bbox 997 2488 1239 2559; x_wconf 90' lang='lat' dir='ltr'><strong>epistola</strong></span> <span class='ocrx_word' id='word_1_359' title='bbox 1281 2491 1350 2544; x_wconf 90' lang='lat' dir='ltr'><strong>ad</strong></span> <span class='ocrx_word' id='word_1_360' title='bbox 1382 2487 1720 2545; x_wconf 38' lang='lat' dir='ltr'><strong>Teod’osium</strong></span> <span class='ocrx_word' id='word_1_361' title='bbox 1773 2490 2104 2559; x_wconf 84' lang='lat' dir='ltr'><strong>juniorem:</strong></span> 
     </span>
    </p>
   </div>
   <div class='ocr_carea' id='block_1_54' title="bbox 467 2560 2104 2630">
    <p class='ocr_par' dir='ltr' id='par_1_54' title="bbox 467 2560 2104 2630">
     <span class='ocr_line' id='line_1_55' title="bbox 467 2560 2104 2630; baseline -0.004 -12"><span class='ocrx_word' id='word_1_362' title='bbox 467 2565 786 2619; x_wconf 90' lang='lat' dir='ltr'><strong>Martianus</strong></span> <span class='ocrx_word' id='word_1_363' title='bbox 819 2561 1053 2630; x_wconf 84' lang='lat' dir='ltr'><strong>imp.ad</strong></span> <span class='ocrx_word' id='word_1_364' title='bbox 1075 2562 1312 2615; x_wconf 91' lang='lat' dir='ltr'><strong>Leonem</strong></span> <span class='ocrx_word' id='word_1_365' title='bbox 1348 2574 1544 2630; x_wconf 90' lang='lat' dir='ltr'><strong>papam</strong></span> <span class='ocrx_word' id='word_1_366' title='bbox 1570 2579 1584 2627; x_wconf 88' lang='lat'><strong>;</strong></span> <span class='ocrx_word' id='word_1_367' title='bbox 1606 2560 2104 2628; x_wconf 83' lang='lat' dir='ltr'><strong>Justinanusimp.</strong></span> 
     </span>
    </p>
   </div>
   <div class='ocr_carea' id='block_1_55' title="bbox 465 2629 2104 2699">
    <p class='ocr_par' dir='ltr' id='par_1_55' title="bbox 465 2629 2104 2699">
     <span class='ocr_line' id='line_1_56' title="bbox 465 2629 2104 2699; baseline -0.003 -10"><span class='ocrx_word' id='word_1_368' title='bbox 465 2642 646 2690; x_wconf 89' lang='lat' dir='ltr'><strong>const.</strong></span> <span class='ocrx_word' id='word_1_369' title='bbox 677 2632 881 2688; x_wconf 83' lang='lat' dir='ltr'><strong>novell.</strong></span> <span class='ocrx_word' id='word_1_370' title='bbox 905 2629 1046 2697; x_wconf 76' lang='grc'><strong>434,</strong></span> <span class='ocrx_word' id='word_1_371' title='bbox 1085 2632 1293 2686; x_wconf 90' lang='lat' dir='ltr'><strong>summi</strong></span> <span class='ocrx_word' id='word_1_372' title='bbox 1324 2629 1694 2698; x_wconf 87' lang='lat' dir='ltr'><strong>pontiﬁcatus</strong></span> <span class='ocrx_word' id='word_1_373' title='bbox 1719 2630 1934 2699; x_wconf 90' lang='lat' dir='ltr'><strong>apicem</strong></span> <span class='ocrx_word' id='word_1_374' title='bbox 1956 2631 2104 2699; x_wconf 86' lang='lat' dir='ltr'><strong>apud</strong></span> 
     </span>
    </p>
   </div>
   <div class='ocr_carea' id='block_1_56' title="bbox 456 2701 2106 2772">
    <p class='ocr_par' dir='ltr' id='par_1_56' title="bbox 456 2701 2106 2772">
     <span class='ocr_line' id='line_1_57' title="bbox 456 2701 2106 2772; baseline -0.002 -13"><span class='ocrx_word' id='word_1_375' title='bbox 456 2704 778 2761; x_wconf 80' lang='lat' dir='ltr'><strong>Romanum</strong></span> <span class='ocrx_word' id='word_1_376' title='bbox 809 2702 1131 2772; x_wconf 88' lang='lat' dir='ltr'><strong>pontiﬁcem</strong></span> <span class='ocrx_word' id='word_1_377' title='bbox 1172 2714 1295 2772; x_wconf 87' lang='lat' dir='ltr'><strong>esse</strong></span> <span class='ocrx_word' id='word_1_378' title='bbox 1324 2714 1488 2756; x_wconf 92' lang='lat' dir='ltr'><strong>nemo</strong></span> <span class='ocrx_word' id='word_1_379' title='bbox 1520 2707 1607 2756; x_wconf 92' lang='lat' dir='ltr'><strong>est</strong></span> <span class='ocrx_word' id='word_1_380' title='bbox 1635 2701 1735 2770; x_wconf 86' lang='lat' dir='ltr'><strong>qui</strong></span> <span class='ocrx_word' id='word_1_381' title='bbox 1775 2701 2018 2756; x_wconf 87' lang='lat' dir='ltr'><strong>dubitet.</strong></span> <span class='ocrx_word' id='word_1_382' title='bbox 2048 2705 2106 2755; x_wconf 87' lang='lat' dir='ltr'><strong>In</strong></span> 
     </span>
    </p>
   </div>
   <div class='ocr_carea' id='block_1_57' title="bbox 463 2771 2105 2840">
    <p class='ocr_par' dir='ltr' id='par_1_57' title="bbox 463 2771 2105 2840">
     <span class='ocr_line' id='line_1_58' title="bbox 463 2771 2105 2840; baseline -0.002 -9"><span class='ocrx_word' id='word_1_383' title='bbox 463 2774 709 2831; x_wconf 90' lang='lat' dir='ltr'><strong>concilio</strong></span> <span class='ocrx_word' id='word_1_384' title='bbox 747 2771 1195 2828; x_wconf 87' lang='lat' dir='ltr'><strong>Chalcedonensi</strong></span> <span class='ocrx_word' id='word_1_385' title='bbox 1245 2773 1501 2826; x_wconf 89' lang='lat' dir='ltr'><strong>omnium</strong></span> <span class='ocrx_word' id='word_1_386' title='bbox 1554 2772 1951 2840; x_wconf 90' lang='lat' dir='ltr'><strong>episcoporum</strong></span> <span class='ocrx_word' id='word_1_387' title='bbox 1998 2785 2105 2827; x_wconf 83' lang='lat' dir='ltr'><strong>vox</strong></span> 
     </span>
    </p>
   </div>
   <div class='ocr_carea' id='block_1_58' title="bbox 462 2842 2108 2914">
    <p class='ocr_par' dir='ltr' id='par_1_58' title="bbox 462 2842 2108 2914">
     <span class='ocr_line' id='line_1_59' title="bbox 462 2842 2108 2914; baseline -0.003 -12"><span class='ocrx_word' id='word_1_388' title='bbox 462 2853 570 2914; x_wconf 91' lang='lat' dir='ltr'><strong>est,</strong></span> <span class='ocrx_word' id='word_1_389' title='bbox 600 2857 822 2902; x_wconf 90' lang='lat' dir='ltr'><strong>omnem</strong></span> <span class='ocrx_word' id='word_1_390' title='bbox 853 2843 1180 2914; x_wconf 87' lang='lat' dir='ltr'><strong>primatum.</strong></span> <span class='ocrx_word' id='word_1_391' title='bbox 1210 2848 1268 2897; x_wconf 92' lang='lat' dir='ltr'><strong>et</strong></span> <span class='ocrx_word' id='word_1_392' title='bbox 1304 2842 1569 2914; x_wconf 90' lang='lat' dir='ltr'><strong>honorem</strong></span> <span class='ocrx_word' id='word_1_393' title='bbox 1607 2843 1954 2914; x_wconf 80' lang='lat' dir='ltr'><strong>pracipuum</strong></span> <span class='ocrx_word' id='word_1_394' title='bbox 1989 2844 2108 2897; x_wconf 80' lang='lat' dir='ltr'><strong>Ro—</strong></span> 
     </span>
    </p>
   </div>
   <div class='ocr_carea' id='block_1_59' title="bbox 464 2912 2108 2985">
    <p class='ocr_par' dir='ltr' id='par_1_59' title="bbox 464 2912 2108 2985">
     <span class='ocr_line' id='line_1_60' title="bbox 464 2912 2108 2985; baseline -0.003 -12"><span class='ocrx_word' id='word_1_395' title='bbox 464 2912 630 2973; x_wconf 86' lang='lat' dir='ltr'><strong>mano</strong></span> <span class='ocrx_word' id='word_1_396' title='bbox 660 2912 926 2985; x_wconf 86' lang='lat' dir='ltr'><strong>episcopo</strong></span> <span class='ocrx_word' id='word_1_397' title='bbox 947 2913 1165 2969; x_wconf 89' lang='lat' dir='ltr'><strong>deberi.</strong></span> <span class='ocrx_word' id='word_1_398' title='bbox 1199 2916 1446 2985; x_wconf 83' lang='lat' dir='ltr'><strong>Irenaus</strong></span> <span class='ocrx_word' id='word_1_399' title='bbox 1473 2913 1572 2968; x_wconf 90' lang='lat' dir='ltr'><strong>lib.</strong></span> <span class='ocrx_word' id='word_1_400' title='bbox 1608 2927 1693 2981; x_wconf 84' lang='lat' dir='ltr'><strong>iu,</strong></span> <span class='ocrx_word' id='word_1_401' title='bbox 1722 2926 1846 2982; x_wconf 87' lang='lat' dir='ltr'><strong>cap.</strong></span> <span class='ocrx_word' id='word_1_402' title='bbox 1873 2912 1927 2981; x_wconf 91' lang='lat'><strong>3,</strong></span> <span class='ocrx_word' id='word_1_403' title='bbox 1960 2927 2108 2983; x_wconf 90' lang='lat' dir='ltr'><strong>apo-</strong></span> 
     </span>
    </p>
   </div>
   <div class='ocr_carea' id='block_1_60' title="bbox 462 2984 2098 3054">
    <p class='ocr_par' dir='ltr' id='par_1_60' title="bbox 462 2984 2098 3054">
     <span class='ocr_line' id='line_1_61' title="bbox 462 2984 2098 3054; baseline -0.004 -10"><span class='ocrx_word' id='word_1_404' title='bbox 462 2989 630 3044; x_wconf 93' lang='lat' dir='ltr'><strong>stolis</strong></span> <span class='ocrx_word' id='word_1_405' title='bbox 656 2984 999 3042; x_wconf 86' lang='lat' dir='ltr'><strong>docentibus</strong></span> <span class='ocrx_word' id='word_1_406' title='bbox 1022 2984 1164 3039; x_wconf 91' lang='lat' dir='ltr'><strong>illud</strong></span> <span class='ocrx_word' id='word_1_407' title='bbox 1191 2984 1317 3039; x_wconf 87' lang='lat' dir='ltr'><strong>viva</strong></span> <span class='ocrx_word' id='word_1_408' title='bbox 1344 2997 1475 3039; x_wconf 93' lang='lat' dir='ltr'><strong>voce</strong></span> <span class='ocrx_word' id='word_1_409' title='bbox 1498 2992 1791 3054; x_wconf 68' lang='lat' dir='ltr'><strong>acceptum</strong></span> <span class='ocrx_word' id='word_1_410' title='bbox 1817 2985 2098 3053; x_wconf 83' lang='lat' dir='ltr'><strong>prodidit:</strong></span> 
     </span>
    </p>
   </div>
   <div class='ocr_carea' id='block_1_61' title="bbox 462 3055 2180 3140">
    <p class='ocr_par' dir='ltr' id='par_1_61' title="bbox 462 3055 2180 3140">
     <span class='ocr_line' id='line_1_62' title="bbox 462 3055 2180 3140; baseline -0.003 -25"><span class='ocrx_word' id='word_1_411' title='bbox 462 3073 679 3140; x_wconf 84' lang='lat' dir='ltr'><strong>omnes,</strong></span> <span class='ocrx_word' id='word_1_412' title='bbox 715 3057 943 3140; x_wconf 44' lang='lat' dir='ltr'><strong>inquit;</strong></span> <span class='ocrx_word' id='word_1_413' title='bbox 973 3055 1356 3140; x_wconf 50' lang='lat' dir='ltr'><strong>Ecclesiaruni</strong></span> <span class='ocrx_word' id='word_1_414' title='bbox 1383 3068 1742 3140; x_wconf 66' lang='lat' dir='ltr'><strong>successores</strong></span> <span class='ocrx_word' id='word_1_415' title='bbox 1770 3069 2104 3140; x_wconf 75' lang='lat' dir='ltr'><strong>enumerare</strong></span> <span class='ocrx_word' id='word_1_416' title='bbox 2131 3077 2180 3140; x_wconf 68' lang='grc' dir='ltr'>α</span> 
     </span>
    </p>
   </div>
   <div class='ocr_carea' id='block_1_62' title="bbox 461 3126 2104 3187">
    <p class='ocr_par' dir='ltr' id='par_1_62' title="bbox 461 3126 2104 3187">
     <span class='ocr_line' id='line_1_63' title="bbox 461 3126 2104 3187; baseline -0.002 -1"><span class='ocrx_word' id='word_1_417' title='bbox 461 3126 693 3187; x_wconf 71' lang='lat' dir='ltr'><strong>longum</strong></span> <span class='ocrx_word' id='word_1_418' title='bbox 742 3134 848 3184; x_wconf 88' lang='lat' dir='ltr'><strong>est.</strong></span> <span class='ocrx_word' id='word_1_419' title='bbox 906 3128 1170 3182; x_wconf 88' lang='lat' dir='ltr'><strong>Romana</strong></span> <span class='ocrx_word' id='word_1_420' title='bbox 1235 3126 1498 3181; x_wconf 85' lang='lat' dir='ltr'><strong>Ecclesia</strong></span> <span class='ocrx_word' id='word_1_421' title='bbox 1555 3127 1720 3182; x_wconf 90' lang='lat' dir='ltr'><strong>ﬁdem</strong></span> <span class='ocrx_word' id='word_1_422' title='bbox 1784 3126 2104 3183; x_wconf 80' lang='lat' dir='ltr'><strong>indicantes</strong></span> 
     </span>
    </p>
   </div>
   <div class='ocr_carea' id='block_1_63' title="bbox 463 3198 2108 3268">
    <p class='ocr_par' dir='ltr' id='par_1_63' title="bbox 463 3198 2108 3268">
     <span class='ocr_line' id='line_1_64' title="bbox 463 3198 2108 3268; baseline -0.002 -11"><span class='ocrx_word' id='word_1_423' title='bbox 463 3198 876 3257; x_wconf 68' lang='lat' dir='ltr'><strong>coniundimus</strong></span> <span class='ocrx_word' id='word_1_424' title='bbox 903 3211 1000 3253; x_wconf 90' lang='lat' dir='ltr'><strong>eos</strong></span> <span class='ocrx_word' id='word_1_425' title='bbox 1030 3198 1129 3268; x_wconf 92' lang='lat' dir='ltr'><strong>qui</strong></span> <span class='ocrx_word' id='word_1_426' title='bbox 1157 3210 1414 3254; x_wconf 90' lang='lat' dir='ltr'><strong>seorsum</strong></span> <span class='ocrx_word' id='word_1_427' title='bbox 1442 3198 1765 3268; x_wconf 83' lang='lat' dir='ltr'><strong>colligunt:</strong></span> <span class='ocrx_word' id='word_1_428' title='bbox 1800 3204 1971 3268; x_wconf 88' lang='lat' dir='ltr'><strong>atque</strong></span> <span class='ocrx_word' id='word_1_429' title='bbox 1997 3205 2108 3254; x_wconf 91' lang='lat' dir='ltr'><strong>sta-</strong></span> 
     </span>
    </p>
   </div>
   <div class='ocr_carea' id='block_1_64' title="bbox 463 3269 2102 3338">
    <p class='ocr_par' dir='ltr' id='par_1_64' title="bbox 463 3269 2102 3338">
     <span class='ocr_line' id='line_1_65' title="bbox 463 3269 2102 3338; baseline -0.002 -10"><span class='ocrx_word' id='word_1_430' title='bbox 463 3274 583 3336; x_wconf 91' lang='lat' dir='ltr'><strong>tim,</strong></span> <span class='ocrx_word' id='word_1_431' title='bbox 615 3273 685 3327; x_wconf 89' lang='lat' dir='ltr'><strong>ad</strong></span> <span class='ocrx_word' id='word_1_432' title='bbox 722 3271 865 3326; x_wconf 91' lang='lat' dir='ltr'><strong>hanc</strong></span> <span class='ocrx_word' id='word_1_433' title='bbox 892 3270 1047 3324; x_wconf 91' lang='lat' dir='ltr'><strong>enim</strong></span> <span class='ocrx_word' id='word_1_434' title='bbox 1089 3269 1407 3324; x_wconf 86' lang='lat' dir='ltr'><strong>Ecclesiam.</strong></span> <span class='ocrx_word' id='word_1_435' title='bbox 1450 3275 1680 3338; x_wconf 90' lang='lat' dir='ltr'><strong>propter</strong></span> <span class='ocrx_word' id='word_1_436' title='bbox 1729 3270 2102 3338; x_wconf 89' lang='lat' dir='ltr'><strong>potentiorem</strong></span> 
     </span>
    </p>
   </div>
   <div class='ocr_carea' id='block_1_65' title="bbox 465 3340 2107 3414">
    <p class='ocr_par' dir='ltr' id='par_1_65' title="bbox 465 3340 2107 3414">
     <span class='ocr_line' id='line_1_66' title="bbox 465 3340 2107 3414; baseline -0.002 -16"><span class='ocrx_word' id='word_1_437' title='bbox 465 3342 948 3414; x_wconf 87' lang='lat' dir='ltr'><strong>principalitatem</strong></span> <span class='ocrx_word' id='word_1_438' title='bbox 999 3353 1231 3414; x_wconf 86' lang='lat' dir='ltr'><strong>necesse</strong></span> <span class='ocrx_word' id='word_1_439' title='bbox 1259 3346 1346 3395; x_wconf 91' lang='lat' dir='ltr'><strong>est</strong></span> <span class='ocrx_word' id='word_1_440' title='bbox 1393 3353 1613 3414; x_wconf 85' lang='lat' dir='ltr'><strong>omnem</strong></span> <span class='ocrx_word' id='word_1_441' title='bbox 1671 3340 1977 3414; x_wconf 83' lang='lat' dir='ltr'><strong>convenire</strong></span> <span class='ocrx_word' id='word_1_442' title='bbox 2003 3355 2107 3414; x_wconf 82' lang='lat' dir='ltr'><strong>ec—</strong></span> 
     </span>
    </p>
   </div>
   <div class='ocr_carea' id='block_1_66' title="bbox 461 3411 2106 3480">
    <p class='ocr_par' dir='ltr' id='par_1_66' title="bbox 461 3411 2106 3480">
     <span class='ocr_line' id='line_1_67' title="bbox 461 3411 2106 3480; baseline -0.002 -10"><span class='ocrx_word' id='word_1_443' title='bbox 461 3411 716 3479; x_wconf 82' lang='lat' dir='ltr'><strong>clesiam,</strong></span> <span class='ocrx_word' id='word_1_444' title='bbox 757 3413 813 3467; x_wconf 88' lang='lat' dir='ltr'><strong>id</strong></span> <span class='ocrx_word' id='word_1_445' title='bbox 842 3417 930 3467; x_wconf 90' lang='lat' dir='ltr'><strong>est</strong></span> <span class='ocrx_word' id='word_1_446' title='bbox 970 3425 1067 3466; x_wconf 94' lang='lat' dir='ltr'><strong>eos</strong></span> <span class='ocrx_word' id='word_1_447' title='bbox 1097 3411 1195 3480; x_wconf 87' lang='lat' dir='ltr'><strong>qui</strong></span> <span class='ocrx_word' id='word_1_448' title='bbox 1238 3416 1375 3466; x_wconf 89' lang='lat' dir='ltr'><strong>sunt</strong></span> <span class='ocrx_word' id='word_1_449' title='bbox 1406 3411 1664 3480; x_wconf 89' lang='lat' dir='ltr'><strong>undique</strong></span> <span class='ocrx_word' id='word_1_450' title='bbox 1694 3411 1905 3466; x_wconf 90' lang='lat' dir='ltr'><strong>ﬁdeles.</strong></span> <span class='ocrx_word' id='word_1_451' title='bbox 1936 3412 2015 3467; x_wconf 89' lang='lat' dir='ltr'><strong>Ad</strong></span> <span class='ocrx_word' id='word_1_452' title='bbox 2040 3425 2106 3467; x_wconf 90' lang='lat' dir='ltr'><strong>ea</strong></span> 
     </span>
    </p>
   </div>
   <div class='ocr_carea' id='block_1_67' title="bbox 461 3481 2108 3541">
    <p class='ocr_par' dir='ltr' id='par_1_67' title="bbox 461 3481 2108 3541">
     <span class='ocr_line' id='line_1_68' title="bbox 461 3481 2108 3541; baseline -0.002 0"><span class='ocrx_word' id='word_1_453' title='bbox 461 3486 631 3541; x_wconf 91' lang='lat' dir='ltr'><strong>verba</strong></span> <span class='ocrx_word' id='word_1_454' title='bbox 655 3484 860 3539; x_wconf 91' lang='lat' dir='ltr'><strong>doctus</strong></span> <span class='ocrx_word' id='word_1_455' title='bbox 886 3482 1298 3538; x_wconf 88' lang='lat' dir='ltr'><strong>Feuardentius</strong></span> <span class='ocrx_word' id='word_1_456' title='bbox 1326 3482 1515 3536; x_wconf 81' lang='lat' dir='ltr'><strong>texuit</strong></span> <span class='ocrx_word' id='word_1_457' title='bbox 1544 3481 1745 3537; x_wconf 54' lang='lat' dir='ltr'><strong>catalo&#39;</strong></span> <span class='ocrx_word' id='word_1_458' title='bbox 1773 3496 1865 3536; x_wconf 92' lang='lat' dir='ltr'><strong>um</strong></span> <span class='ocrx_word' id='word_1_459' title='bbox 1905 3483 2108 3538; x_wconf 89' lang='lat' dir='ltr'><strong>Eccle-</strong></span> 
     </span>
    </p>
   </div>
   <div class='ocr_carea' id='block_1_68' title="bbox 463 3552 2104 3623">
    <p class='ocr_par' dir='ltr' id='par_1_68' title="bbox 463 3552 2104 3623">
     <span class='ocr_line' id='line_1_69' title="bbox 463 3552 2104 3623; baseline -0.003 -10"><span class='ocrx_word' id='word_1_460' title='bbox 463 3559 679 3613; x_wconf 91' lang='lat' dir='ltr'><strong>siarum</strong></span> <span class='ocrx_word' id='word_1_461' title='bbox 693 3554 947 3621; x_wconf 79' lang='lat' dir='ltr'><strong>Gallica,</strong></span> <span class='ocrx_word' id='word_1_462' title='bbox 967 3554 1195 3617; x_wconf 86' lang='lat' dir='ltr'><strong>Italica,</strong></span> <span class='ocrx_word' id='word_1_463' title='bbox 1210 3552 1549 3622; x_wconf 84' lang='lat' dir='ltr'><strong>Hispanica,</strong></span> <span class='ocrx_word' id='word_1_464' title='bbox 1561 3553 1834 3623; x_wconf 81' lang='lat' dir='ltr'><strong>Anglica,</strong></span> <span class='ocrx_word' id='word_1_465' title='bbox 1847 3554 2104 3614; x_wconf 87' lang='lat' dir='ltr'><strong>Scotica.</strong></span> 
     </span>
    </p>
   </div>
   <div class='ocr_carea' id='block_1_69' title="bbox 460 3623 2107 3695">
    <p class='ocr_par' dir='ltr' id='par_1_69' title="bbox 460 3623 2107 3695">
     <span class='ocr_line' id='line_1_70' title="bbox 460 3623 2107 3695; baseline -0.002 -12"><span class='ocrx_word' id='word_1_466' title='bbox 460 3628 802 3695; x_wconf 85' lang='lat' dir='ltr'><strong>Hibernica,</strong></span> <span class='ocrx_word' id='word_1_467' title='bbox 848 3624 1221 3693; x_wconf 88' lang='lat' dir='ltr'><strong>Germanica,</strong></span> <span class='ocrx_word' id='word_1_468' title='bbox 1282 3623 1561 3691; x_wconf 85' lang='lat' dir='ltr'><strong>Gothica,</strong></span> <span class='ocrx_word' id='word_1_469' title='bbox 1615 3624 1961 3684; x_wconf 88' lang='lat' dir='ltr'><strong>Sarmatica.</strong></span> <span class='ocrx_word' id='word_1_470' title='bbox 2004 3638 2107 3681; x_wconf 87' lang='lat' dir='ltr'><strong>ea-</strong></span> 
     </span>
    </p>
   </div>
   <div class='ocr_carea' id='block_1_70' title="bbox 466 3695 2109 3769">
    <p class='ocr_par' dir='ltr' id='par_1_70' title="bbox 466 3695 2109 3769">
     <span class='ocr_line' id='line_1_71' title="bbox 466 3695 2109 3769; baseline -0.001 -16"><span class='ocrx_word' id='word_1_471' title='bbox 466 3712 708 3769; x_wconf 90' lang='lat' dir='ltr'><strong>rumque</strong></span> <span class='ocrx_word' id='word_1_472' title='bbox 739 3696 1128 3769; x_wconf 83' lang='lat' dir='ltr'><strong>orientalium,</strong></span> <span class='ocrx_word' id='word_1_473' title='bbox 1155 3695 1654 3769; x_wconf 16' lang='lat' dir='ltr'><strong>tum‘Australium</strong></span> <span class='ocrx_word' id='word_1_474' title='bbox 1684 3696 2109 3769; x_wconf 83' lang='lat' dir='ltr'><strong>Carthaginen-</strong></span> 
     </span>
    </p>
   </div>
   <div class='ocr_carea' id='block_1_71' title="bbox 463 3766 2102 3838">
    <p class='ocr_par' dir='ltr' id='par_1_71' title="bbox 463 3766 2102 3838">
     <span class='ocr_line' id='line_1_72' title="bbox 463 3766 2102 3838; baseline -0.002 -12"><span class='ocrx_word' id='word_1_475' title='bbox 463 3771 562 3838; x_wconf 91' lang='lat' dir='ltr'><strong>sis,</strong></span> <span class='ocrx_word' id='word_1_476' title='bbox 611 3766 949 3829; x_wconf 81' lang='lat' dir='ltr'><strong>Numidica,</strong></span> <span class='ocrx_word' id='word_1_477' title='bbox 991 3766 1807 3838; x_wconf 40' lang='lat' dir='ltr'><strong>MauritanicaLHipponica,</strong></span> <span class='ocrx_word' id='word_1_478' title='bbox 1856 3766 2102 3835; x_wconf 78' lang='lat' dir='ltr'><strong>ASiana,</strong></span> 
     </span>
    </p>
   </div>
   <div class='ocr_carea' id='block_1_72' title="bbox 459 3835 2103 3907">
    <p class='ocr_par' dir='ltr' id='par_1_72' title="bbox 459 3835 2103 3907">
     <span class='ocr_line' id='line_1_73' title="bbox 459 3835 2103 3907; baseline -0.001 -12"><span class='ocrx_word' id='word_1_479' title='bbox 459 3835 737 3905; x_wconf 84' lang='lat' dir='ltr'><strong>Arabica,</strong></span> <span class='ocrx_word' id='word_1_480' title='bbox 768 3835 1147 3893; x_wconf 90' lang='lat' dir='ltr'><strong>Orientalium</strong></span> <span class='ocrx_word' id='word_1_481' title='bbox 1171 3838 1398 3907; x_wconf 85' lang='lat' dir='ltr'><strong>demum</strong></span> <span class='ocrx_word' id='word_1_482' title='bbox 1419 3836 1686 3902; x_wconf 86' lang='lat' dir='ltr'><strong>Cesarea,</strong></span> <span class='ocrx_word' id='word_1_483' title='bbox 1718 3838 2103 3907; x_wconf 66' lang='lat' dir='ltr'><strong>Cappadocae,</strong></span> 
     </span>
    </p>
   </div>
   <div class='ocr_carea' id='block_1_73' title="bbox 465 3906 2106 3979">
    <p class='ocr_par' dir='ltr' id='par_1_73' title="bbox 465 3906 2106 3979">
     <span class='ocr_line' id='line_1_74' title="bbox 465 3906 2106 3979; baseline -0.01 -14"><span class='ocrx_word' id='word_1_484' title='bbox 465 3910 787 3975; x_wconf 79' lang='lat' dir='ltr'><strong>Phanicia,</strong></span> <span class='ocrx_word' id='word_1_485' title='bbox 833 3907 1029 3979; x_wconf 74' lang='lat' dir='ltr'><strong>Syria,</strong></span> <span class='ocrx_word' id='word_1_486' title='bbox 1066 3906 1381 3979; x_wconf 52' lang='lat' dir='ltr'><strong>Armenia,</strong></span> <span class='ocrx_word' id='word_1_487' title='bbox 1429 3907 1612 3979; x_wconf 81' lang='lat' dir='ltr'><strong>Ponti,</strong></span> <span class='ocrx_word' id='word_1_488' title='bbox 1661 3906 1923 3974; x_wconf 86' lang='lat' dir='ltr'><strong>Galatia,</strong></span> <span class='ocrx_word' id='word_1_489' title='bbox 1992 3906 2106 3979; x_wconf 52' lang='lat' dir='ltr'><strong>Ly;</strong></span> 
     </span>
    </p>
   </div>
   <div class='ocr_carea' id='block_1_74' title="bbox 461 3976 2123 4051">
    <p class='ocr_par' dir='ltr' id='par_1_74' title="bbox 461 3976 2123 4051">
     <span class='ocr_line' id='line_1_75' title="bbox 461 3976 2123 4051; baseline -0.004 -14"><span class='ocrx_word' id='word_1_490' title='bbox 461 3982 590 4051; x_wconf 87' lang='lat' dir='ltr'><strong>dia,</strong></span> <span class='ocrx_word' id='word_1_491' title='bbox 629 3980 911 4051; x_wconf 74' lang='lat' dir='ltr'><strong>Phrygia,</strong></span> <span class='ocrx_word' id='word_1_492' title='bbox 965 3976 1213 4051; x_wconf 78' lang='lat' dir='ltr'><strong>Pisidia.</strong></span> <span class='ocrx_word' id='word_1_493' title='bbox 1272 3976 1644 4051; x_wconf 79' lang='lat' dir='ltr'><strong>Pamphylia,</strong></span> <span class='ocrx_word' id='word_1_494' title='bbox 1683 3979 1932 4051; x_wconf 80' lang='lat' dir='ltr'><strong>Isauria,</strong></span> <span class='ocrx_word' id='word_1_495' title='bbox 1981 3976 2123 4049; x_wconf 79' lang='lat' dir='ltr'><strong>qua</strong></span> 
     </span>
    </p>
   </div>
   <div class='ocr_carea' id='block_1_75' title="bbox 465 4047 2107 4113">
    <p class='ocr_par' dir='ltr' id='par_1_75' title="bbox 465 4047 2107 4113">
     <span class='ocr_line' id='line_1_76' title="bbox 465 4047 2107 4113; baseline -0.003 -4"><span class='ocrx_word' id='word_1_496' title='bbox 465 4047 683 4109; x_wconf 85' lang='lat' dir='ltr'><strong>omnes.</strong></span> <span class='ocrx_word' id='word_1_497' title='bbox 718 4047 970 4106; x_wconf 66' lang='lat' dir='ltr'><strong>ut&#39;verbo</strong></span> <span class='ocrx_word' id='word_1_498' title='bbox 1025 4047 1239 4113; x_wconf 89' lang='lat' dir='ltr'><strong>ﬁniam,</strong></span> <span class='ocrx_word' id='word_1_499' title='bbox 1275 4049 1694 4105; x_wconf 89' lang='lat' dir='ltr'><strong>controversias</strong></span> <span class='ocrx_word' id='word_1_500' title='bbox 1747 4049 1879 4105; x_wconf 89' lang='lat' dir='ltr'><strong>ﬁdei</strong></span> <span class='ocrx_word' id='word_1_501' title='bbox 1925 4047 2107 4105; x_wconf 84' lang='lat' dir='ltr'><strong>remi-</strong></span> 
     </span>
    </p>
   </div>
   <div class='ocr_carea' id='block_1_76' title="bbox 360 4118 2110 4187">
    <p class='ocr_par' dir='ltr' id='par_1_76' title="bbox 360 4118 2110 4187">
     <span class='ocr_line' id='line_1_77' title="bbox 360 4118 2110 4187; baseline -0.001 -9"><span class='ocrx_word' id='word_1_502' title='bbox 360 4118 367 4125; x_wconf 76' lang='grc'><em>’</em></span> <span class='ocrx_word' id='word_1_503' title='bbox 464 4124 608 4178; x_wconf 89' lang='lat' dir='ltr'><strong>sisse</strong></span> <span class='ocrx_word' id='word_1_504' title='bbox 637 4122 705 4177; x_wconf 89' lang='lat' dir='ltr'><strong>ad</strong></span> <span class='ocrx_word' id='word_1_505' title='bbox 748 4119 896 4175; x_wconf 91' lang='lat' dir='ltr'><strong>Petri</strong></span> <span class='ocrx_word' id='word_1_506' title='bbox 944 4132 1304 4174; x_wconf 90' lang='lat' dir='ltr'><strong>successores</strong></span> <span class='ocrx_word' id='word_1_507' title='bbox 1352 4120 1624 4187; x_wconf 90' lang='lat' dir='ltr'><strong>ostendit,</strong></span> <span class='ocrx_word' id='word_1_508' title='bbox 1666 4120 1763 4176; x_wconf 88' lang='lat' dir='ltr'><strong>cui</strong></span> <span class='ocrx_word' id='word_1_509' title='bbox 1821 4134 1950 4176; x_wconf 90' lang='lat' dir='ltr'><strong>cum</strong></span> <span class='ocrx_word' id='word_1_510' title='bbox 1999 4121 2110 4176; x_wconf 90' lang='lat' dir='ltr'><strong>Sa—</strong></span> 
     </span>
    </p>
   </div>
   <div class='ocr_carea' id='block_1_77' title="bbox 464 4188 2109 4258">
    <p class='ocr_par' dir='ltr' id='par_1_77' title="bbox 464 4188 2109 4258">
     <span class='ocr_line' id='line_1_78' title="bbox 464 4188 2109 4258; baseline -0.002 -9"><span class='ocrx_word' id='word_1_511' title='bbox 464 4198 755 4249; x_wconf 89' lang='lat' dir='ltr'><strong>cramento</strong></span> <span class='ocrx_word' id='word_1_512' title='bbox 799 4188 1091 4245; x_wconf 87' lang='lat' dir='ltr'><strong>ﬁdelitatis</strong></span> <span class='ocrx_word' id='word_1_513' title='bbox 1135 4189 1451 4258; x_wconf 73' lang='lat' dir='ltr'><strong>praestitere</strong></span> <span class='ocrx_word' id='word_1_514' title='bbox 1487 4190 1894 4246; x_wconf 89' lang='lat' dir='ltr'><strong>obedientiam.</strong></span> <span class='ocrx_word' id='word_1_515' title='bbox 1949 4191 2109 4247; x_wconf 82' lang='lat' dir='ltr'><strong>Reli—</strong></span> 
     </span>
    </p>
   </div>
   <div class='ocr_carea' id='block_1_78' title="bbox 464 4258 2104 4335">
    <p class='ocr_par' dir='ltr' id='par_1_78' title="bbox 464 4258 2104 4335">
     <span class='ocr_line' id='line_1_79' title="bbox 464 4258 2104 4335; baseline -0.002 -15"><span class='ocrx_word' id='word_1_516' title='bbox 464 4277 577 4335; x_wconf 91' lang='lat' dir='ltr'><strong>qua</strong></span> <span class='ocrx_word' id='word_1_517' title='bbox 611 4266 760 4335; x_wconf 83' lang='lat' dir='ltr'><strong>petet</strong></span> <span class='ocrx_word' id='word_1_518' title='bbox 782 4259 1027 4335; x_wconf 75' lang='lat' dir='ltr'><strong>diligens</strong></span> <span class='ocrx_word' id='word_1_519' title='bbox 1056 4258 1234 4314; x_wconf 88' lang='lat' dir='ltr'><strong>lector</strong></span> <span class='ocrx_word' id='word_1_520' title='bbox 1268 4273 1351 4335; x_wconf 67' lang='lat' dir='ltr'><strong>ex</strong></span> <span class='ocrx_word' id='word_1_521' title='bbox 1384 4260 1671 4335; x_wconf 78' lang='lat' dir='ltr'><strong>hierarch.</strong></span> <span class='ocrx_word' id='word_1_522' title='bbox 1704 4262 1971 4335; x_wconf 78' lang='lat' dir='ltr'><strong>Ecclesia</strong></span> <span class='ocrx_word' id='word_1_523' title='bbox 2007 4262 2104 4335; x_wconf 81' lang='lat' dir='ltr'><strong>Al-</strong></span> 
     </span>
    </p>
   </div>
   <div class='ocr_carea' id='block_1_79' title="bbox 463 4328 2105 4404">
    <p class='ocr_par' dir='ltr' id='par_1_79' title="bbox 463 4328 2105 4404">
     <span class='ocr_line' id='line_1_80' title="bbox 463 4328 2105 4404; baseline -0.001 -15"><span class='ocrx_word' id='word_1_524' title='bbox 463 4328 821 4404; x_wconf 45' lang='lat' dir='ltr'><strong>berti’Pighii</strong></span> <span class='ocrx_word' id='word_1_525' title='bbox 851 4328 952 4404; x_wconf 84' lang='lat' dir='ltr'><strong>lib.</strong></span> <span class='ocrx_word' id='word_1_526' title='bbox 1000 4344 1082 4404; x_wconf 65' lang='lat' dir='ltr'><strong>iv,</strong></span> <span class='ocrx_word' id='word_1_527' title='bbox 1109 4344 1231 4404; x_wconf 87' lang='lat' dir='ltr'><strong>cap.</strong></span> <span class='ocrx_word' id='word_1_528' title='bbox 1265 4328 1319 4398; x_wconf 92' lang='lat'><strong>8,</strong></span> <span class='ocrx_word' id='word_1_529' title='bbox 1354 4338 1426 4404; x_wconf 87' lang='lat' dir='ltr'><strong>_et</strong></span> <span class='ocrx_word' id='word_1_530' title='bbox 1472 4330 1750 4399; x_wconf 86' lang='lat' dir='ltr'><strong>Alphons.</strong></span> <span class='ocrx_word' id='word_1_531' title='bbox 1781 4332 1987 4401; x_wconf 88' lang='lat' dir='ltr'><strong>Script.</strong></span> <span class='ocrx_word' id='word_1_532' title='bbox 2025 4334 2105 4404; x_wconf 81' lang='lat' dir='ltr'><strong>_i_n</strong></span> 
     </span>
    </p>
   </div>
   <div class='ocr_carea' id='block_1_80' title="bbox 463 4400 2101 4474">
    <p class='ocr_par' dir='ltr' id='par_1_80' title="bbox 463 4400 2101 4474">
     <span class='ocr_line' id='line_1_81' title="bbox 463 4400 2101 4474; baseline -0.001 -14"><span class='ocrx_word' id='word_1_533' title='bbox 463 4406 603 4461; x_wconf 90' lang='lat' dir='ltr'><strong>dict.</strong></span> <span class='ocrx_word' id='word_1_534' title='bbox 651 4400 792 4473; x_wconf 65' lang='lat' dir='ltr'><strong>pa&#39;pa</strong></span> <span class='ocrx_word' id='word_1_535' title='bbox 840 4400 1394 4474; x_wconf 13' lang='lat' dir='ltr'><strong>H,AetStapletonii</strong></span> <span class='ocrx_word' id='word_1_536' title='bbox 1451 4406 1799 4474; x_wconf 89' lang='lat' dir='ltr'><strong>controvers,</strong></span> <span class='ocrx_word' id='word_1_537' title='bbox 1846 4400 1970 4474; x_wconf 89' lang='lat' dir='ltr'><strong>cap.</strong></span> <span class='ocrx_word' id='word_1_538' title='bbox 2014 4400 2101 4474; x_wconf 77' lang='grc'><strong>47,</strong></span> 
     </span>
    </p>
   </div>
   <div class='ocr_carea' id='block_1_81' title="bbox 464 4462 2184 4544">
    <p class='ocr_par' dir='ltr' id='par_1_81' title="bbox 464 4462 2184 4544">
     <span class='ocr_line' id='line_1_82' title="bbox 464 4462 2184 4544; baseline -0.004 -14"><span class='ocrx_word' id='word_1_539' title='bbox 464 4475 563 4530; x_wconf 89' lang='lat' dir='ltr'><strong>lib.</strong></span> <span class='ocrx_word' id='word_1_540' title='bbox 594 4462 672 4529; x_wconf 80' lang='grc' dir='ltr'><strong>νιῖ</strong></span> <span class='ocrx_word' id='word_1_541' title='bbox 701 4462 851 4529; x_wconf 83' lang='lat' dir='ltr'><strong>Idem</strong></span> <span class='ocrx_word' id='word_1_542' title='bbox 884 4462 1121 4544; x_wconf 82' lang='lat' dir='ltr'><strong>Pighius</strong></span> <span class='ocrx_word' id='word_1_543' title='bbox 1156 4462 1684 4544; x_wconf 75' lang='lat' dir='ltr'><strong>controversiarum</strong></span> <span class='ocrx_word' id='word_1_544' title='bbox 1717 4462 2103 4530; x_wconf 49' lang='lat' dir='ltr'><strong>Ra&#39;tishonenL</strong></span> <span class='ocrx_word' id='word_1_545' title='bbox 2131 4462 2184 4523; x_wconf 93' lang='lat' dir='ltr'><strong>D</strong></span> 
     </span>
    </p>
   </div>
   <div class='ocr_carea' id='block_1_82' title="bbox 464 4542 2103 4612">
    <p class='ocr_par' dir='ltr' id='par_1_82' title="bbox 464 4542 2103 4612">
     <span class='ocr_line' id='line_1_83' title="bbox 464 4542 2103 4612; baseline -0.001 -9"><span class='ocrx_word' id='word_1_546' title='bbox 464 4548 618 4603; x_wconf 91' lang='lat' dir='ltr'><strong>sium</strong></span> <span class='ocrx_word' id='word_1_547' title='bbox 658 4550 912 4600; x_wconf 86' lang='lat' dir='ltr'><strong>controv.</strong></span> <span class='ocrx_word' id='word_1_548' title='bbox 955 4542 1045 4612; x_wconf 68' lang='grc'><strong>46.</strong></span> <span class='ocrx_word' id='word_1_549' title='bbox 1072 4542 1351 4598; x_wconf 88' lang='lat' dir='ltr'><strong>Melchior</strong></span> <span class='ocrx_word' id='word_1_550' title='bbox 1393 4544 1584 4598; x_wconf 91' lang='lat' dir='ltr'><strong>Canus</strong></span> <span class='ocrx_word' id='word_1_551' title='bbox 1612 4543 1713 4600; x_wconf 92' lang='lat' dir='ltr'><strong>lib.</strong></span> <span class='ocrx_word' id='word_1_552' title='bbox 1748 4558 1805 4599; x_wconf 78' lang='lat' dir='ltr'><strong>v1</strong></span> <span class='ocrx_word' id='word_1_553' title='bbox 1846 4545 2103 4602; x_wconf 90' lang='lat' dir='ltr'><strong>locorum</strong></span> 
     </span>
    </p>
   </div>
   <div class='ocr_carea' id='block_1_83' title="bbox 463 4616 1203 4675">
    <p class='ocr_par' dir='ltr' id='par_1_83' title="bbox 463 4616 1203 4675">
     <span class='ocr_line' id='line_1_84' title="bbox 463 4616 1203 4675; baseline -0.012 0"><span class='ocrx_word' id='word_1_554' title='bbox 463 4616 878 4675; x_wconf 89' lang='lat' dir='ltr'><strong>communium.</strong></span> <span class='ocrx_word' id='word_1_555' title='bbox 913 4633 940 4665; x_wconf 68' lang='grc' dir='ltr'><strong><em>υ</em></strong></span> <span class='ocrx_word' id='word_1_556' title='bbox 977 4618 1087 4670; x_wconf 91' lang='lat' dir='ltr'><strong>etc.</strong></span> <span class='ocrx_word' id='word_1_557' title='bbox 1194 4618 1203 4625; x_wconf 84' lang='lat'><strong>‘</strong></span> 
     </span>
    </p>
   </div>
   <div class='ocr_carea' id='block_1_84' title="bbox 536 4685 2107 4744">
    <p class='ocr_par' dir='ltr' id='par_1_84' title="bbox 536 4685 2107 4744">
     <span class='ocr_line' id='line_1_85' title="bbox 536 4685 2107 4744; baseline -0.001 0"><span class='ocrx_word' id='word_1_558' title='bbox 536 4691 662 4744; x_wconf 82' lang='lat' dir='ltr'><strong>Hac</strong></span> <span class='ocrx_word' id='word_1_559' title='bbox 685 4700 809 4743; x_wconf 90' lang='lat' dir='ltr'><strong>esse</strong></span> <span class='ocrx_word' id='word_1_560' title='bbox 843 4685 1206 4741; x_wconf 90' lang='lat' dir='ltr'><strong>memoranda</strong></span> <span class='ocrx_word' id='word_1_561' title='bbox 1244 4685 1445 4741; x_wconf 89' lang='lat' dir='ltr'><strong>censui</strong></span> <span class='ocrx_word' id='word_1_562' title='bbox 1478 4699 1546 4740; x_wconf 85' lang='lat' dir='ltr'><strong>ex</strong></span> <span class='ocrx_word' id='word_1_563' title='bbox 1595 4685 1664 4741; x_wconf 90' lang='lat' dir='ltr'><strong>de</strong></span> <span class='ocrx_word' id='word_1_564' title='bbox 1690 4687 1744 4742; x_wconf 91' lang='lat' dir='ltr'><strong>la</strong></span> <span class='ocrx_word' id='word_1_565' title='bbox 1773 4687 1943 4743; x_wconf 90' lang='lat' dir='ltr'><strong>Barre</strong></span> <span class='ocrx_word' id='word_1_566' title='bbox 1968 4687 2107 4743; x_wconf 85' lang='lat' dir='ltr'><strong>bre-</strong></span> 
     </span>
    </p>
   </div>
   <div class='ocr_carea' id='block_1_85' title="bbox 466 4756 2106 4826">
    <p class='ocr_par' dir='ltr' id='par_1_85' title="bbox 466 4756 2106 4826">
     <span class='ocr_line' id='line_1_86' title="bbox 466 4756 2106 4826; baseline -0.001 -10"><span class='ocrx_word' id='word_1_567' title='bbox 466 4761 683 4817; x_wconf 89' lang='lat' dir='ltr'><strong>viatore</strong></span> <span class='ocrx_word' id='word_1_568' title='bbox 713 4757 955 4814; x_wconf 87' lang='lat' dir='ltr'><strong>fusioris</strong></span> <span class='ocrx_word' id='word_1_569' title='bbox 984 4756 1190 4826; x_wconf 90' lang='lat' dir='ltr'><strong>scripti</strong></span> <span class='ocrx_word' id='word_1_570' title='bbox 1219 4756 1581 4813; x_wconf 89' lang='lat' dir='ltr'><strong>Feuardentii</strong></span> <span class='ocrx_word' id='word_1_571' title='bbox 1613 4758 1671 4812; x_wconf 91' lang='lat' dir='ltr'><strong>in</strong></span> <span class='ocrx_word' id='word_1_572' title='bbox 1699 4758 1994 4814; x_wconf 89' lang='lat' dir='ltr'><strong>laudatum</strong></span> <span class='ocrx_word' id='word_1_573' title='bbox 2023 4759 2106 4814; x_wconf 89' lang='lat' dir='ltr'><strong>lo-</strong></span> 
     </span>
    </p>
   </div>
   <div class='ocr_carea' id='block_1_86' title="bbox 463 4827 2104 4900">
    <p class='ocr_par' dir='ltr' id='par_1_86' title="bbox 463 4827 2104 4900">
     <span class='ocr_line' id='line_1_87' title="bbox 463 4827 2104 4900; baseline -0.002 -12"><span class='ocrx_word' id='word_1_574' title='bbox 463 4846 591 4888; x_wconf 92' lang='lat' dir='ltr'><strong>cum</strong></span> <span class='ocrx_word' id='word_1_575' title='bbox 620 4831 674 4886; x_wconf 92' lang='lat' dir='ltr'><strong>S.</strong></span> <span class='ocrx_word' id='word_1_576' title='bbox 701 4829 915 4888; x_wconf 82' lang='lat' dir='ltr'><strong>irenai,</strong></span> <span class='ocrx_word' id='word_1_577' title='bbox 941 4837 1006 4883; x_wconf 92' lang='lat' dir='ltr'><strong>ut</strong></span> <span class='ocrx_word' id='word_1_578' title='bbox 1027 4829 1139 4883; x_wconf 90' lang='lat' dir='ltr'><strong>vim</strong></span> <span class='ocrx_word' id='word_1_579' title='bbox 1166 4827 1323 4900; x_wconf 83' lang='lat' dir='ltr'><strong>verbi</strong></span> <span class='ocrx_word' id='word_1_580' title='bbox 1336 4829 1654 4896; x_wconf 81' lang='lat' dir='ltr'><strong>potentioris</strong></span> <span class='ocrx_word' id='word_1_581' title='bbox 1668 4831 2104 4900; x_wconf 75' lang='lat' dir='ltr'><strong>principalitatis</strong></span> 
     </span>
    </p>
   </div>
   <div class='ocr_carea' id='block_1_87' title="bbox 463 4899 2098 4973">
    <p class='ocr_par' dir='ltr' id='par_1_87' title="bbox 463 4899 2098 4973">
     <span class='ocr_line' id='line_1_88' title="bbox 463 4899 2098 4973; baseline -0.002 -14"><span class='ocrx_word' id='word_1_582' title='bbox 463 4913 799 4973; x_wconf 81' lang='lat' dir='ltr'><strong>exponerem</strong></span> <span class='ocrx_word' id='word_1_583' title='bbox 824 4902 1088 4973; x_wconf 71' lang='lat' dir='ltr'><strong>ltomana</strong></span> <span class='ocrx_word' id='word_1_584' title='bbox 1112 4899 1405 4973; x_wconf 75' lang='lat' dir='ltr'><strong>Ecclesia,</strong></span> <span class='ocrx_word' id='word_1_585' title='bbox 1416 4905 1472 4973; x_wconf 80' lang='lat' dir='ltr'><strong>e_t</strong></span> <span class='ocrx_word' id='word_1_586' title='bbox 1490 4899 1992 4973; x_wconf 75' lang='lat' dir='ltr'><strong>potentissimarum</strong></span> <span class='ocrx_word' id='word_1_587' title='bbox 2021 4902 2098 4955; x_wconf 77' lang='lat' dir='ltr'><strong>lit-</strong></span> 
     </span>
    </p>
   </div>
   <div class='ocr_carea' id='block_1_88' title="bbox 463 4970 2104 5039">
    <p class='ocr_par' dir='ltr' id='par_1_88' title="bbox 463 4970 2104 5039">
     <span class='ocr_line' id='line_1_89' title="bbox 463 4970 2104 5039; baseline -0.003 -10"><span class='ocrx_word' id='word_1_588' title='bbox 463 4970 702 5029; x_wconf 80' lang='lat' dir='ltr'><strong>terarum</strong></span> <span class='ocrx_word' id='word_1_589' title='bbox 726 4971 781 5027; x_wconf 89' lang='lat' dir='ltr'><strong>S.</strong></span> <span class='ocrx_word' id='word_1_590' title='bbox 811 4970 1121 5026; x_wconf 83' lang='lat' dir='ltr'><strong>Clementis</strong></span> <span class='ocrx_word' id='word_1_591' title='bbox 1146 4971 1317 5039; x_wconf 89' lang='lat' dir='ltr'><strong>primi</strong></span> <span class='ocrx_word' id='word_1_592' title='bbox 1341 4971 1407 5024; x_wconf 87' lang='lat' dir='ltr'><strong>ad</strong></span> <span class='ocrx_word' id='word_1_593' title='bbox 1426 4970 1779 5039; x_wconf 89' lang='lat' dir='ltr'><strong>Corinthios,</strong></span> <span class='ocrx_word' id='word_1_594' title='bbox 1807 4970 1902 5026; x_wconf 90' lang='lat' dir='ltr'><strong>hic</strong></span> <span class='ocrx_word' id='word_1_595' title='bbox 1922 4984 2104 5025; x_wconf 77' lang='lat' dir='ltr'><strong>neces-</strong></span> 
     </span>
    </p>
   </div>
   <div class='ocr_carea' id='block_1_89' title="bbox 462 5039 2103 5111">
    <p class='ocr_par' dir='ltr' id='par_1_89' title="bbox 462 5039 2103 5111">
     <span class='ocr_line' id='line_1_90' title="bbox 462 5039 2103 5111; baseline -0.002 -10"><span class='ocrx_word' id='word_1_596' title='bbox 462 5046 618 5101; x_wconf 91' lang='lat' dir='ltr'><strong>sario</strong></span> <span class='ocrx_word' id='word_1_597' title='bbox 670 5041 1093 5109; x_wconf 91' lang='lat' dir='ltr'><strong>attendendam,</strong></span> <span class='ocrx_word' id='word_1_598' title='bbox 1128 5047 1192 5095; x_wconf 92' lang='lat' dir='ltr'><strong>ut</strong></span> <span class='ocrx_word' id='word_1_599' title='bbox 1242 5039 1474 5095; x_wconf 81' lang='lat' dir='ltr'><strong>facilius</strong></span> <span class='ocrx_word' id='word_1_600' title='bbox 1502 5054 1955 5111; x_wconf 90' lang='lat' dir='ltr'><strong>assequeremur,</strong></span> <span class='ocrx_word' id='word_1_601' title='bbox 1997 5056 2103 5097; x_wconf 89' lang='lat' dir='ltr'><strong>cur</strong></span> 
     </span>
    </p>
   </div>
   <div class='ocr_carea' id='block_1_90' title="bbox 461 5111 2102 5173">
    <p class='ocr_par' dir='ltr' id='par_1_90' title="bbox 461 5111 2102 5173">
     <span class='ocr_line' id='line_1_91' title="bbox 461 5111 2102 5173; baseline -0.003 0"><span class='ocrx_word' id='word_1_602' title='bbox 461 5118 589 5173; x_wconf 87' lang='lat' dir='ltr'><strong>dua</strong></span> <span class='ocrx_word' id='word_1_603' title='bbox 620 5114 742 5171; x_wconf 88' lang='lat' dir='ltr'><strong>illa</strong></span> <span class='ocrx_word' id='word_1_604' title='bbox 766 5113 835 5168; x_wconf 90' lang='lat' dir='ltr'><strong>ad</strong></span> <span class='ocrx_word' id='word_1_605' title='bbox 883 5112 1219 5168; x_wconf 89' lang='lat' dir='ltr'><strong>Corinthios</strong></span> <span class='ocrx_word' id='word_1_606' title='bbox 1248 5124 1281 5165; x_wconf 90' lang='lat' dir='ltr'><strong>a</strong></span> <span class='ocrx_word' id='word_1_607' title='bbox 1334 5111 1618 5166; x_wconf 91' lang='lat' dir='ltr'><strong>Clemente</strong></span> <span class='ocrx_word' id='word_1_608' title='bbox 1672 5112 1818 5167; x_wconf 88' lang='lat' dir='ltr'><strong>data</strong></span> <span class='ocrx_word' id='word_1_609' title='bbox 1869 5113 2102 5168; x_wconf 90' lang='lat' dir='ltr'><strong>nomine</strong></span> 
     </span>
    </p>
   </div>
   <div class='ocr_carea' id='block_1_91' title="bbox 464 5182 2107 5250">
    <p class='ocr_par' dir='ltr' id='par_1_91' title="bbox 464 5182 2107 5250">
     <span class='ocr_line' id='line_1_92' title="bbox 464 5182 2107 5250; baseline -0.002 -9"><span class='ocrx_word' id='word_1_610' title='bbox 464 5188 732 5243; x_wconf 86' lang='lat' dir='ltr'><strong>Ecclesia</strong></span> <span class='ocrx_word' id='word_1_611' title='bbox 788 5185 1053 5238; x_wconf 78' lang='lat' dir='ltr'><strong>Romana</strong></span> <span class='ocrx_word' id='word_1_612' title='bbox 1098 5182 1366 5237; x_wconf 89' lang='lat' dir='ltr'><strong>dicantur</strong></span> <span class='ocrx_word' id='word_1_613' title='bbox 1417 5182 1734 5250; x_wconf 89' lang='lat' dir='ltr'><strong>catholica,</strong></span> <span class='ocrx_word' id='word_1_614' title='bbox 1788 5184 1942 5238; x_wconf 92' lang='lat' dir='ltr'><strong>etab</strong></span> <span class='ocrx_word' id='word_1_615' title='bbox 1980 5183 2059 5238; x_wconf 91' lang='lat' dir='ltr'><strong>ali</strong></span> <span class='ocrx_word' id='word_1_616' title='bbox 2087 5211 2107 5224; x_wconf 94' lang='lat'><strong>-</strong></span> 
     </span>
    </p>
   </div>
   <div class='ocr_carea' id='block_1_92' title="bbox 467 5252 2102 5327">
    <p class='ocr_par' dir='ltr' id='par_1_92' title="bbox 467 5252 2102 5327">
     <span class='ocr_line' id='line_1_93' title="bbox 467 5252 2102 5327; baseline -0.002 -14"><span class='ocrx_word' id='word_1_617' title='bbox 467 5258 680 5327; x_wconf 92' lang='lat' dir='ltr'><strong>quibus</strong></span> <span class='ocrx_word' id='word_1_618' title='bbox 700 5260 911 5327; x_wconf 86' lang='lat' dir='ltr'><strong>putata</strong></span> <span class='ocrx_word' id='word_1_619' title='bbox 935 5254 1055 5308; x_wconf 91' lang='lat' dir='ltr'><strong>sint</strong></span> <span class='ocrx_word' id='word_1_620' title='bbox 1077 5253 1226 5327; x_wconf 82' lang='lat' dir='ltr'><strong>inter</strong></span> <span class='ocrx_word' id='word_1_621' title='bbox 1240 5252 1895 5327; x_wconf 78' lang='lat' dir='ltr'><strong>canonicasscripturas,</strong></span> <span class='ocrx_word' id='word_1_622' title='bbox 1922 5260 1978 5309; x_wconf 94' lang='lat' dir='ltr'><strong>et</strong></span> <span class='ocrx_word' id='word_1_623' title='bbox 1996 5268 2102 5327; x_wconf 81' lang='lat' dir='ltr'><strong>cur</strong></span> 
     </span>
    </p>
   </div>
   <div class='ocr_carea' id='block_1_93' title="bbox 467 5323 2103 5397">
    <p class='ocr_par' dir='ltr' id='par_1_93' title="bbox 467 5323 2103 5397">
     <span class='ocr_line' id='line_1_94' title="bbox 467 5323 2103 5397; baseline -0.001 -15"><span class='ocrx_word' id='word_1_624' title='bbox 467 5323 525 5382; x_wconf 62' lang='lat' dir='ltr'><strong>i&#39;n</strong></span> <span class='ocrx_word' id='word_1_625' title='bbox 552 5323 962 5397; x_wconf 78' lang='lat' dir='ltr'><strong>antiquissimo</strong></span> <span class='ocrx_word' id='word_1_626' title='bbox 987 5324 1298 5397; x_wconf 84' lang='lat' dir='ltr'><strong>exemplari</strong></span> <span class='ocrx_word' id='word_1_627' title='bbox 1339 5334 1630 5397; x_wconf 80' lang='lat' dir='ltr'><strong>sacrorum</strong></span> <span class='ocrx_word' id='word_1_628' title='bbox 1672 5323 1985 5397; x_wconf 83' lang='lat' dir='ltr'><strong>bibliorum</strong></span> <span class='ocrx_word' id='word_1_629' title='bbox 2020 5324 2103 5381; x_wconf 93' lang='lat' dir='ltr'><strong>li-</strong></span> 
     </span>
    </p>
   </div>
   <div class='ocr_carea' id='block_1_94' title="bbox 466 5394 2094 5454">
    <p class='ocr_par' dir='ltr' id='par_1_94' title="bbox 466 5394 2094 5454">
     <span class='ocr_line' id='line_1_95' title="bbox 466 5394 2094 5454; baseline -0.001 -2"><span class='ocrx_word' id='word_1_630' title='bbox 466 5399 589 5454; x_wconf 91' lang='lat' dir='ltr'><strong>bris</strong></span> <span class='ocrx_word' id='word_1_631' title='bbox 626 5394 926 5454; x_wconf 77' lang='lat' dir='ltr'><strong>canonicis</strong></span> <span class='ocrx_word' id='word_1_632' title='bbox 966 5396 1106 5450; x_wconf 84' lang='lat' dir='ltr'><strong>Novi</strong></span> <span class='ocrx_word' id='word_1_633' title='bbox 1145 5395 1489 5450; x_wconf 87' lang='lat' dir='ltr'><strong>Testamenti</strong></span> <span class='ocrx_word' id='word_1_634' title='bbox 1529 5394 1663 5450; x_wconf 85' lang='lat' dir='ltr'><strong>sola</strong></span> <span class='ocrx_word' id='word_1_635' title='bbox 1720 5395 2042 5451; x_wconf 87' lang='lat' dir='ltr'><strong>subdantur</strong></span> <span class='ocrx_word' id='word_1_636' title='bbox 2081 5416 2094 5451; x_wconf 87' lang='lat'><strong>:</strong></span> 
     </span>
    </p>
   </div>
   <div class='ocr_carea' id='block_1_95' title="bbox 465 5465 2099 5535">
    <p class='ocr_par' dir='ltr' id='par_1_95' title="bbox 465 5465 2099 5535">
     <span class='ocr_line' id='line_1_96' title="bbox 465 5465 2099 5535; baseline 0.001 -13"><span class='ocrx_word' id='word_1_637' title='bbox 465 5470 606 5523; x_wconf 92' lang='lat' dir='ltr'><strong>adeo</strong></span> <span class='ocrx_word' id='word_1_638' title='bbox 632 5476 695 5524; x_wconf 92' lang='lat' dir='ltr'><strong>ut</strong></span> <span class='ocrx_word' id='word_1_639' title='bbox 723 5468 870 5524; x_wconf 88' lang='lat' dir='ltr'><strong>liber</strong></span> <span class='ocrx_word' id='word_1_640' title='bbox 890 5469 998 5521; x_wconf 90' lang='lat' dir='ltr'><strong>iste</strong></span> <span class='ocrx_word' id='word_1_641' title='bbox 1022 5465 1394 5531; x_wconf 86' lang='lat' dir='ltr'><strong>Pontiﬁcalis,</strong></span> <span class='ocrx_word' id='word_1_642' title='bbox 1420 5465 1521 5535; x_wconf 91' lang='lat' dir='ltr'><strong>qui</strong></span> <span class='ocrx_word' id='word_1_643' title='bbox 1553 5465 1612 5519; x_wconf 90' lang='lat' dir='ltr'><strong>in</strong></span> <span class='ocrx_word' id='word_1_644' title='bbox 1638 5466 1795 5521; x_wconf 89' lang='lat' dir='ltr'><strong>Petro</strong></span> <span class='ocrx_word' id='word_1_645' title='bbox 1813 5468 2099 5523; x_wconf 89' lang='lat' dir='ltr'><strong>recensuit</strong></span> 
     </span>
    </p>
   </div>
   <div class='ocr_carea' id='block_1_96' title="bbox 466 5535 2099 5603">
    <p class='ocr_par' dir='ltr' id='par_1_96' title="bbox 466 5535 2099 5603">
     <span class='ocr_line' id='line_1_97' title="bbox 466 5535 2099 5603; baseline 0.002 -12"><span class='ocrx_word' id='word_1_646' title='bbox 466 5537 646 5593; x_wconf 88' lang='lat' dir='ltr'><strong>libros</strong></span> <span class='ocrx_word' id='word_1_647' title='bbox 666 5539 973 5594; x_wconf 88' lang='lat' dir='ltr'><strong>canonicos</strong></span> <span class='ocrx_word' id='word_1_648' title='bbox 1002 5535 1143 5590; x_wconf 89' lang='lat' dir='ltr'><strong>Novi</strong></span> <span class='ocrx_word' id='word_1_649' title='bbox 1173 5536 1513 5590; x_wconf 88' lang='lat' dir='ltr'><strong>Testamenti</strong></span> <span class='ocrx_word' id='word_1_650' title='bbox 1549 5536 1732 5603; x_wconf 90' lang='lat' dir='ltr'><strong>ipsius</strong></span> <span class='ocrx_word' id='word_1_651' title='bbox 1757 5539 2099 5595; x_wconf 88' lang='lat' dir='ltr'><strong>auctoritate</strong></span> 
     </span>
    </p>
   </div>
   <div class='ocr_carea' id='block_1_97' title="bbox 464 5605 2098 5688">
    <p class='ocr_par' dir='ltr' id='par_1_97' title="bbox 464 5605 2098 5688">
     <span class='ocr_line' id='line_1_98' title="bbox 464 5605 2098 5688; baseline 0.001 -25"><span class='ocrx_word' id='word_1_652' title='bbox 464 5613 783 5688; x_wconf 71' lang='lat' dir='ltr'><strong>contextos,</strong></span> <span class='ocrx_word' id='word_1_653' title='bbox 810 5614 864 5688; x_wconf 68' lang='lat' dir='ltr'><strong>et</strong></span> <span class='ocrx_word' id='word_1_654' title='bbox 897 5606 1181 5688; x_wconf 81' lang='lat' dir='ltr'><strong>probatos,</strong></span> <span class='ocrx_word' id='word_1_655' title='bbox 1213 5605 1271 5658; x_wconf 91' lang='lat' dir='ltr'><strong>in</strong></span> <span class='ocrx_word' id='word_1_656' title='bbox 1296 5606 2098 5688; x_wconf 9' lang='lat' dir='ltr'><strong>VClemente‘seligat_nomina-</strong></span> 
     </span>
    </p>
   </div>
   <div class='ocr_carea' id='block_1_98' title="bbox 461 5674 2095 5751">
    <p class='ocr_par' dir='ltr' id='par_1_98' title="bbox 461 5674 2095 5751">
     <span class='ocr_line' id='line_1_99' title="bbox 461 5674 2095 5751; baseline 0.001 -17"><span class='ocrx_word' id='word_1_657' title='bbox 461 5679 568 5751; x_wconf 87' lang='lat' dir='ltr'><strong>tim</strong></span> <span class='ocrx_word' id='word_1_658' title='bbox 594 5690 662 5732; x_wconf 80' lang='lat' dir='ltr'><strong>ex</strong></span> <span class='ocrx_word' id='word_1_659' title='bbox 694 5674 961 5751; x_wconf 73' lang='lat' dir='ltr'><strong>pluribus</strong></span> <span class='ocrx_word' id='word_1_660' title='bbox 996 5677 1184 5744; x_wconf 87' lang='lat' dir='ltr'><strong>ipsius</strong></span> <span class='ocrx_word' id='word_1_661' title='bbox 1208 5674 1478 5751; x_wconf 86' lang='lat' dir='ltr'><strong>operibus</strong></span> <span class='ocrx_word' id='word_1_662' title='bbox 1508 5674 1779 5751; x_wconf 80' lang='lat' dir='ltr'><strong>indicatis</strong></span> <span class='ocrx_word' id='word_1_663' title='bbox 1806 5678 1953 5751; x_wconf 85' lang='lat' dir='ltr'><strong>duas</strong></span> <span class='ocrx_word' id='word_1_664' title='bbox 1981 5682 2095 5751; x_wconf 85' lang='lat' dir='ltr'><strong>epi-</strong></span> 
     </span>
    </p>
   </div>
   <div class='ocr_carea' id='block_1_99' title="bbox 462 5744 1921 5821">
    <p class='ocr_par' dir='ltr' id='par_1_99' title="bbox 462 5744 1921 5821">
     <span class='ocr_line' id='line_1_100' title="bbox 462 5744 1921 5821; baseline -0.003 -14"><span class='ocrx_word' id='word_1_665' title='bbox 462 5749 660 5821; x_wconf 83' lang='lat' dir='ltr'><strong>stolas,</strong></span> <span class='ocrx_word' id='word_1_666' title='bbox 694 5744 765 5804; x_wconf 82' lang='lat' dir='ltr'><strong>de</strong></span> <span class='ocrx_word' id='word_1_667' title='bbox 795 5744 1010 5815; x_wconf 89' lang='lat' dir='ltr'><strong>quibus</strong></span> <span class='ocrx_word' id='word_1_668' title='bbox 1033 5752 1121 5800; x_wconf 90' lang='lat' dir='ltr'><strong>est</strong></span> <span class='ocrx_word' id='word_1_669' title='bbox 1141 5746 1308 5802; x_wconf 89' lang='lat' dir='ltr'><strong>nobis</strong></span> <span class='ocrx_word' id='word_1_670' title='bbox 1338 5759 1523 5801; x_wconf 91' lang='lat' dir='ltr'><strong>sermo</strong></span> <span class='ocrx_word' id='word_1_671' title='bbox 1546 5746 1824 5805; x_wconf 88' lang='lat' dir='ltr'><strong>claudend</strong></span> <span class='ocrx_word' id='word_1_672' title='bbox 1837 5764 1921 5805; x_wconf 93' lang='lat' dir='ltr'><strong>us.</strong></span> 
     </span>
    </p>
   </div>
   <div class='ocr_carea' id='block_1_100' title="bbox 2219 1775 3781 1847">
    <p class='ocr_par' dir='ltr' id='par_1_100' title="bbox 2219 1775 3781 1847">
     <span class='ocr_line' id='line_1_101' title="bbox 2219 1775 3781 1847; baseline -0.006 -12"><span class='ocrx_word' id='word_1_673' title='bbox 2219 1775 2393 1835; x_wconf 84' lang='lat' dir='ltr'><strong>libris</strong></span> <span class='ocrx_word' id='word_1_674' title='bbox 2425 1782 2642 1837; x_wconf 90' lang='lat' dir='ltr'><strong>Veteris</strong></span> <span class='ocrx_word' id='word_1_675' title='bbox 2689 1783 3057 1847; x_wconf 87' lang='lat' dir='ltr'><strong>Testamenti,</strong></span> <span class='ocrx_word' id='word_1_676' title='bbox 3099 1794 3318 1836; x_wconf 90' lang='lat' dir='ltr'><strong>necnon</strong></span> <span class='ocrx_word' id='word_1_677' title='bbox 3370 1793 3437 1834; x_wconf 81' lang='lat' dir='ltr'><strong>ex</strong></span> <span class='ocrx_word' id='word_1_678' title='bbox 3478 1775 3595 1832; x_wconf 80' lang='lat' dir='ltr'><strong>novi</strong></span> <span class='ocrx_word' id='word_1_679' title='bbox 3634 1775 3781 1828; x_wconf 84' lang='lat' dir='ltr'><strong>Testa-</strong></span> 
     </span>
    </p>
   </div>
   <div class='ocr_carea' id='block_1_101' title="bbox 2222 1849 3774 1923">
    <p class='ocr_par' dir='ltr' id='par_1_101' title="bbox 2222 1849 3774 1923">
     <span class='ocr_line' id='line_1_102' title="bbox 2222 1849 3774 1923; baseline -0.006 -17"><span class='ocrx_word' id='word_1_680' title='bbox 2222 1853 2393 1906; x_wconf 91' lang='lat' dir='ltr'><strong>menti</strong></span> <span class='ocrx_word' id='word_1_681' title='bbox 2443 1853 2724 1921; x_wconf 89' lang='lat' dir='ltr'><strong>partibus:</strong></span> <span class='ocrx_word' id='word_1_682' title='bbox 2794 1867 2921 1923; x_wconf 87' lang='lat' dir='ltr'><strong>qua</strong></span> <span class='ocrx_word' id='word_1_683' title='bbox 2966 1853 3067 1907; x_wconf 90' lang='lat' dir='ltr'><strong>illa</strong></span> <span class='ocrx_word' id='word_1_684' title='bbox 3106 1859 3275 1907; x_wconf 86' lang='lat' dir='ltr'><strong>atate</strong></span> <span class='ocrx_word' id='word_1_685' title='bbox 3335 1849 3652 1919; x_wconf 87' lang='lat' dir='ltr'><strong>prodierant.</strong></span> <span class='ocrx_word' id='word_1_686' title='bbox 3686 1855 3774 1923; x_wconf 72' lang='lat' dir='ltr'><strong>cum</strong></span> 
     </span>
    </p>
   </div>
   <div class='ocr_carea' id='block_1_102' title="bbox 2220 1915 3770 1996">
    <p class='ocr_par' dir='ltr' id='par_1_102' title="bbox 2220 1915 3770 1996">
     <span class='ocr_line' id='line_1_103' title="bbox 2220 1915 3770 1996; baseline -0.005 -20"><span class='ocrx_word' id='word_1_687' title='bbox 2220 1915 2471 1978; x_wconf 84' lang='lat' dir='ltr'><strong>nondum</strong></span> <span class='ocrx_word' id='word_1_688' title='bbox 2505 1915 2838 1996; x_wconf 76' lang='lat' dir='ltr'><strong>scripsisset</strong></span> <span class='ocrx_word' id='word_1_689' title='bbox 2872 1923 3243 1996; x_wconf 83' lang='lat' dir='ltr'><strong>Evangelium</strong></span> <span class='ocrx_word' id='word_1_690' title='bbox 3274 1915 3509 1996; x_wconf 74' lang='lat' dir='ltr'><strong>Joannes</strong></span> <span class='ocrx_word' id='word_1_691' title='bbox 3535 1915 3770 1996; x_wconf 70' lang='lat' dir='ltr'><strong>apostolus.</strong></span> 
     </span>
    </p>
   </div>
   <div class='ocr_carea' id='block_1_103' title="bbox 2220 1984 3774 2066">
    <p class='ocr_par' dir='ltr' id='par_1_103' title="bbox 2220 1984 3774 2066">
     <span class='ocr_line' id='line_1_104' title="bbox 2220 1984 3774 2066; baseline -0.008 -18"><span class='ocrx_word' id='word_1_692' title='bbox 2220 2006 2404 2066; x_wconf 77' lang='lat' dir='ltr'><strong>neque</strong></span> <span class='ocrx_word' id='word_1_693' title='bbox 2428 1984 2850 2066; x_wconf 82' lang='lat' dir='ltr'><strong>Apocalypsim.</strong></span> <span class='ocrx_word' id='word_1_694' title='bbox 2898 1984 3201 2066; x_wconf 65' lang='lat' dir='ltr'><strong>Colngunt</strong></span> <span class='ocrx_word' id='word_1_695' title='bbox 3230 1995 3381 2048; x_wconf 91' lang='lat' dir='ltr'><strong>enim</strong></span> <span class='ocrx_word' id='word_1_696' title='bbox 3412 1984 3774 2066; x_wconf 58' lang='lat' dir='ltr'><strong>illius&#39;epistole</strong></span> 
     </span>
    </p>
   </div>
   <div class='ocr_carea' id='block_1_104' title="bbox 2218 2060 3779 2135">
    <p class='ocr_par' dir='ltr' id='par_1_104' title="bbox 2218 2060 3779 2135">
     <span class='ocr_line' id='line_1_105' title="bbox 2218 2060 3779 2135; baseline -0.006 -15"><span class='ocrx_word' id='word_1_697' title='bbox 2218 2060 2908 2135; x_wconf 37' lang='lat' dir='ltr'><strong>edi—tores&#39;datam&#39;fuisse,</strong></span> <span class='ocrx_word' id='word_1_698' title='bbox 2934 2066 3018 2120; x_wconf 91' lang='lat' dir='ltr'><strong>vel</strong></span> <span class='ocrx_word' id='word_1_699' title='bbox 3053 2060 3226 2135; x_wconf 76' lang='lat' dir='ltr'><strong>paulo</strong></span> <span class='ocrx_word' id='word_1_700' title='bbox 3253 2071 3542 2135; x_wconf 85' lang='lat' dir='ltr'><strong>antequam</strong></span> <span class='ocrx_word' id='word_1_701' title='bbox 3579 2060 3779 2135; x_wconf 74' lang='lat' dir='ltr'><strong>Hieroso—</strong></span> 
     </span>
    </p>
   </div>
   <div class='ocr_carea' id='block_1_105' title="bbox 2219 2125 3776 2208">
    <p class='ocr_par' dir='ltr' id='par_1_105' title="bbox 2219 2125 3776 2208">
     <span class='ocr_line' id='line_1_106' title="bbox 2219 2125 3776 2208; baseline 0.001 -20"><span class='ocrx_word' id='word_1_702' title='bbox 2219 2134 2381 2208; x_wconf 84' lang='lat' dir='ltr'><strong>lyma</strong></span> <span class='ocrx_word' id='word_1_703' title='bbox 2404 2149 2437 2190; x_wconf 89' lang='lat' dir='ltr'><strong>a</strong></span> <span class='ocrx_word' id='word_1_704' title='bbox 2467 2137 2596 2192; x_wconf 87' lang='lat' dir='ltr'><strong>Tito</strong></span> <span class='ocrx_word' id='word_1_705' title='bbox 2627 2125 3115 2208; x_wconf 74' lang='lat' dir='ltr'><strong>expugnarentur,</strong></span> <span class='ocrx_word' id='word_1_706' title='bbox 3164 2142 3354 2191; x_wconf 89' lang='lat' dir='ltr'><strong>stante</strong></span> <span class='ocrx_word' id='word_1_707' title='bbox 3392 2125 3567 2188; x_wconf 78' lang='lat' dir='ltr'><strong>adhuc</strong></span> <span class='ocrx_word' id='word_1_708' title='bbox 3596 2125 3776 2208; x_wconf 66' lang='lat' dir='ltr'><strong>templo.</strong></span> 
     </span>
    </p>
   </div>
   <div class='ocr_carea' id='block_1_106' title="bbox 2217 2200 3780 2278">
    <p class='ocr_par' dir='ltr' id='par_1_106' title="bbox 2217 2200 3780 2278">
     <span class='ocr_line' id='line_1_107' title="bbox 2217 2200 3780 2278; baseline -0.004 -18"><span class='ocrx_word' id='word_1_709' title='bbox 2217 2200 2303 2278; x_wconf 59' lang='lat' dir='ltr'><strong>v&#39;el</strong></span> <span class='ocrx_word' id='word_1_710' title='bbox 2328 2220 2438 2262; x_wconf 90' lang='lat' dir='ltr'><strong>non</strong></span> <span class='ocrx_word' id='word_1_711' title='bbox 2472 2208 2550 2262; x_wconf 89' lang='lat' dir='ltr'><strong>ita</strong></span> <span class='ocrx_word' id='word_1_712' title='bbox 2583 2200 2764 2263; x_wconf 75' lang='lat' dir='ltr'><strong>multo</strong></span> <span class='ocrx_word' id='word_1_713' title='bbox 2782 2200 2967 2277; x_wconf 70' lang='lat' dir='ltr'><strong>post;</strong></span> <span class='ocrx_word' id='word_1_714' title='bbox 3001 2200 3375 2278; x_wconf 83' lang='lat' dir='ltr'><strong>Evangeiium</strong></span> <span class='ocrx_word' id='word_1_715' title='bbox 3412 2216 3534 2259; x_wconf 87' lang='lat' dir='ltr'><strong>vero</strong></span> <span class='ocrx_word' id='word_1_716' title='bbox 3562 2206 3610 2255; x_wconf 89' lang='lat' dir='ltr'><strong>et</strong></span> <span class='ocrx_word' id='word_1_717' title='bbox 3628 2200 3780 2278; x_wconf 64' lang='lat' dir='ltr'><strong>Apoca-</strong></span> 
     </span>
    </p>
   </div>
   <div class='ocr_carea' id='block_1_107' title="bbox 2220 2267 3780 2346">
    <p class='ocr_par' dir='ltr' id='par_1_107' title="bbox 2220 2267 3780 2346">
     <span class='ocr_line' id='line_1_108' title="bbox 2220 2267 3780 2346; baseline -0.007 -15"><span class='ocrx_word' id='word_1_718' title='bbox 2220 2277 2425 2346; x_wconf 88' lang='lat' dir='ltr'><strong>lypsim</strong></span> <span class='ocrx_word' id='word_1_719' title='bbox 2474 2279 2662 2334; x_wconf 90' lang='lat' dir='ltr'><strong>serius</strong></span> <span class='ocrx_word' id='word_1_720' title='bbox 2688 2267 2941 2335; x_wconf 83' lang='lat' dir='ltr'><strong>edidisse</strong></span> <span class='ocrx_word' id='word_1_721' title='bbox 2958 2267 3244 2334; x_wconf 46' lang='lat' dir='ltr'><strong>&#39;Joanné&#39;m</strong></span> <span class='ocrx_word' id='word_1_722' title='bbox 3278 2282 3551 2332; x_wconf 85' lang='lat' dir='ltr'><strong>testantur</strong></span> <span class='ocrx_word' id='word_1_723' title='bbox 3572 2283 3677 2326; x_wconf 89' lang='lat' dir='ltr'><strong>cum</strong></span> <span class='ocrx_word' id='word_1_724' title='bbox 3695 2267 3780 2320; x_wconf 83' lang='lat' dir='ltr'><strong>Hie-</strong></span> 
     </span>
    </p>
   </div>
   <div class='ocr_carea' id='block_1_108' title="bbox 2220 2346 3780 2419">
    <p class='ocr_par' dir='ltr' id='par_1_108' title="bbox 2220 2346 3780 2419">
     <span class='ocr_line' id='line_1_109' title="bbox 2220 2346 3780 2419; baseline -0.008 -17"><span class='ocrx_word' id='word_1_725' title='bbox 2220 2361 2454 2417; x_wconf 85' lang='lat' dir='ltr'><strong>ronymo</strong></span> <span class='ocrx_word' id='word_1_726' title='bbox 2482 2350 2823 2419; x_wconf 90' lang='lat' dir='ltr'><strong>interpretes</strong></span> <span class='ocrx_word' id='word_1_727' title='bbox 2854 2351 3109 2406; x_wconf 86' lang='lat' dir='ltr'><strong>universi</strong></span> <span class='ocrx_word' id='word_1_728' title='bbox 3146 2368 3160 2404; x_wconf 92' lang='lat'>:</span> <span class='ocrx_word' id='word_1_729' title='bbox 3196 2348 3342 2403; x_wconf 91' lang='lat' dir='ltr'><strong>illud</strong></span> <span class='ocrx_word' id='word_1_730' title='bbox 3367 2346 3574 2402; x_wconf 88' lang='lat' dir='ltr'><strong>scilicet</strong></span> <span class='ocrx_word' id='word_1_731' title='bbox 3598 2346 3697 2410; x_wconf 86' lang='lat' dir='ltr'><strong>post</strong></span> <span class='ocrx_word' id='word_1_732' title='bbox 3718 2349 3780 2390; x_wconf 81' lang='lat' dir='ltr'><strong>na-</strong></span> 
     </span>
    </p>
   </div>
   <div class='ocr_carea' id='block_1_109' title="bbox 2219 2420 3780 2489">
    <p class='ocr_par' dir='ltr' id='par_1_109' title="bbox 2219 2420 3780 2489">
     <span class='ocr_line' id='line_1_110' title="bbox 2219 2420 3780 2489; baseline -0.003 -16"><span class='ocrx_word' id='word_1_733' title='bbox 2219 2425 2329 2473; x_wconf 90' lang='lat' dir='ltr'><strong>tam</strong></span> <span class='ocrx_word' id='word_1_734' title='bbox 2354 2420 2613 2474; x_wconf 85' lang='lat' dir='ltr'><strong>Cerinthi</strong></span> <span class='ocrx_word' id='word_1_735' title='bbox 2652 2422 2933 2489; x_wconf 84' lang='lat' dir='ltr'><strong>haresim,</strong></span> <span class='ocrx_word' id='word_1_736' title='bbox 2969 2421 3114 2475; x_wconf 88' lang='lat' dir='ltr'><strong>hanc</strong></span> <span class='ocrx_word' id='word_1_737' title='bbox 3146 2434 3282 2475; x_wconf 84' lang='lat' dir='ltr'><strong>vero</strong></span> <span class='ocrx_word' id='word_1_738' title='bbox 3310 2426 3431 2488; x_wconf 88' lang='lat' dir='ltr'><strong>post</strong></span> <span class='ocrx_word' id='word_1_739' title='bbox 3451 2426 3636 2470; x_wconf 88' lang='lat' dir='ltr'><strong>annum</strong></span> <span class='ocrx_word' id='word_1_740' title='bbox 3664 2420 3780 2488; x_wconf 61' lang='lat' dir='ltr'><strong>quar-</strong></span> 
     </span>
    </p>
   </div>
   <div class='ocr_carea' id='block_1_110' title="bbox 2221 2490 3778 2563">
    <p class='ocr_par' dir='ltr' id='par_1_110' title="bbox 2221 2490 3778 2563">
     <span class='ocr_line' id='line_1_111' title="bbox 2221 2490 3778 2563; baseline -0.009 -17"><span class='ocrx_word' id='word_1_741' title='bbox 2221 2491 2654 2563; x_wconf 9' lang='lat' dir='ltr'><strong>tumgdecimum</strong></span> <span class='ocrx_word' id='word_1_742' title='bbox 2683 2492 3023 2548; x_wconf 86' lang='lat' dir='ltr'><strong>Domitiani.</strong></span> <span class='ocrx_word' id='word_1_743' title='bbox 3056 2492 3250 2560; x_wconf 89' lang='lat' dir='ltr'><strong>Quare</strong></span> <span class='ocrx_word' id='word_1_744' title='bbox 3280 2504 3347 2545; x_wconf 82' lang='lat' dir='ltr'><strong>ex</strong></span> <span class='ocrx_word' id='word_1_745' title='bbox 3369 2490 3522 2563; x_wconf 78' lang='lat' dir='ltr'><strong>hisce</strong></span> <span class='ocrx_word' id='word_1_746' title='bbox 3547 2490 3778 2563; x_wconf 73' lang='lat' dir='ltr'><strong>postremis</strong></span> 
     </span>
    </p>
   </div>
   <div class='ocr_carea' id='block_1_111' title="bbox 2220 2560 3778 2629">
    <p class='ocr_par' dir='ltr' id='par_1_111' title="bbox 2220 2560 3778 2629">
     <span class='ocr_line' id='line_1_112' title="bbox 2220 2560 3778 2629; baseline -0.006 -15"><span class='ocrx_word' id='word_1_747' title='bbox 2220 2561 2483 2629; x_wconf 90' lang='lat' dir='ltr'><strong>partibus</strong></span> <span class='ocrx_word' id='word_1_748' title='bbox 2526 2563 2665 2617; x_wconf 89' lang='lat' dir='ltr'><strong>Novi</strong></span> <span class='ocrx_word' id='word_1_749' title='bbox 2710 2563 2962 2618; x_wconf 77' lang='lat' dir='ltr'><strong>Faderis</strong></span> <span class='ocrx_word' id='word_1_750' title='bbox 3011 2563 3268 2618; x_wconf 88' lang='lat' dir='ltr'><strong>nondum</strong></span> <span class='ocrx_word' id='word_1_751' title='bbox 3316 2560 3485 2616; x_wconf 88' lang='lat' dir='ltr'><strong>editis</strong></span> <span class='ocrx_word' id='word_1_752' title='bbox 3527 2560 3778 2629; x_wconf 74' lang='lat' dir='ltr'><strong>testimonii</strong></span> 
     </span>
    </p>
   </div>
   <div class='ocr_carea' id='block_1_112' title="bbox 2222 2631 3780 2707">
    <p class='ocr_par' dir='ltr' id='par_1_112' title="bbox 2222 2631 3780 2707">
     <span class='ocr_line' id='line_1_113' title="bbox 2222 2631 3780 2707; baseline -0.007 -20"><span class='ocrx_word' id='word_1_753' title='bbox 2222 2631 2473 2707; x_wconf 54' lang='lat' dir='ltr'><strong>proferre</strong></span> <span class='ocrx_word' id='word_1_754' title='bbox 2499 2646 2608 2687; x_wconf 93' lang='lat' dir='ltr'><strong>non</strong></span> <span class='ocrx_word' id='word_1_755' title='bbox 2642 2640 2862 2703; x_wconf 85' lang='lat' dir='ltr'><strong>poterat</strong></span> <span class='ocrx_word' id='word_1_756' title='bbox 2887 2634 2989 2707; x_wconf 77' lang='lat' dir='ltr'><strong>ilia</strong></span> <span class='ocrx_word' id='word_1_757' title='bbox 3008 2633 3262 2707; x_wconf 85' lang='lat' dir='ltr'><strong>epistola</strong></span> <span class='ocrx_word' id='word_1_758' title='bbox 3280 2631 3563 2707; x_wconf 75' lang='lat' dir='ltr'><strong>maturius</strong></span> <span class='ocrx_word' id='word_1_759' title='bbox 3591 2635 3780 2707; x_wconf 55' lang='lat' dir='ltr'><strong>perscti:</strong></span> 
     </span>
    </p>
   </div>
   <div class='ocr_carea' id='block_1_113' title="bbox 2223 2700 3780 2769">
    <p class='ocr_par' dir='ltr' id='par_1_113' title="bbox 2223 2700 3780 2769">
     <span class='ocr_line' id='line_1_114' title="bbox 2223 2700 3780 2769; baseline -0.001 -12"><span class='ocrx_word' id='word_1_760' title='bbox 2223 2710 2333 2768; x_wconf 87' lang='lat' dir='ltr'><strong>pta.</strong></span> <span class='ocrx_word' id='word_1_761' title='bbox 2360 2704 2440 2758; x_wconf 85' lang='lat' dir='ltr'><strong>Ex</strong></span> <span class='ocrx_word' id='word_1_762' title='bbox 2470 2700 2693 2760; x_wconf 74' lang='lat' dir='ltr'><strong>caeteris</strong></span> <span class='ocrx_word' id='word_1_763' title='bbox 2724 2719 2853 2760; x_wconf 88' lang='lat' dir='ltr'><strong>vero</strong></span> <span class='ocrx_word' id='word_1_764' title='bbox 2886 2700 3060 2759; x_wconf 83' lang='lat' dir='ltr'><strong>libris</strong></span> <span class='ocrx_word' id='word_1_765' title='bbox 3080 2704 3385 2760; x_wconf 88' lang='lat' dir='ltr'><strong>canonicis</strong></span> <span class='ocrx_word' id='word_1_766' title='bbox 3422 2700 3529 2756; x_wconf 81' lang='lat' dir='ltr'><strong>fere</strong></span> <span class='ocrx_word' id='word_1_767' title='bbox 3561 2700 3780 2769; x_wconf 59' lang='grc' dir='ltr'><strong>ιιιιίνςΐεξξ</strong></span> 
     </span>
    </p>
   </div>
   <div class='ocr_carea' id='block_1_114' title="bbox 2216 2759 3778 2845">
    <p class='ocr_par' dir='ltr' id='par_1_114' title="bbox 2216 2759 3778 2845">
     <span class='ocr_line' id='line_1_115' title="bbox 2216 2759 3778 2845; baseline -0.009 -17"><span class='ocrx_word' id='word_1_768' title='bbox 2216 2759 2340 2829; x_wconf 86' lang='lat' dir='ltr'><strong>loca</strong></span> <span class='ocrx_word' id='word_1_769' title='bbox 2373 2775 2619 2830; x_wconf 88' lang='lat' dir='ltr'><strong>indicari</strong></span> <span class='ocrx_word' id='word_1_770' title='bbox 2665 2759 2957 2845; x_wconf 86' lang='lat' dir='ltr'><strong>comperio</strong></span> <span class='ocrx_word' id='word_1_771' title='bbox 2999 2777 3057 2830; x_wconf 89' lang='lat' dir='ltr'><strong>in</strong></span> <span class='ocrx_word' id='word_1_772' title='bbox 3087 2759 3351 2830; x_wconf 88' lang='lat' dir='ltr'><strong>numeris</strong></span> <span class='ocrx_word' id='word_1_773' title='bbox 3392 2774 3543 2842; x_wconf 74' lang='lat' dir='ltr'><strong>juxta</strong></span> <span class='ocrx_word' id='word_1_774' title='bbox 3580 2759 3778 2822; x_wconf 78' lang='lat' dir='ltr'><strong>Coteleril</strong></span> 
     </span>
    </p>
   </div>
   <div class='ocr_carea' id='block_1_115' title="bbox 2215 2845 2970 2902">
    <p class='ocr_par' dir='ltr' id='par_1_115' title="bbox 2215 2845 2970 2902">
     <span class='ocr_line' id='line_1_116' title="bbox 2215 2845 2970 2902; baseline 0.001 -3"><span class='ocrx_word' id='word_1_775' title='bbox 2215 2845 2527 2901; x_wconf 90' lang='lat' dir='ltr'><strong>editionem</strong></span> <span class='ocrx_word' id='word_1_776' title='bbox 2548 2848 2625 2901; x_wconf 90' lang='lat' dir='ltr'><strong>ita</strong></span> <span class='ocrx_word' id='word_1_777' title='bbox 2652 2847 2970 2902; x_wconf 90' lang='lat' dir='ltr'><strong>distinctis.</strong></span> 
     </span>
    </p>
   </div>
   <div class='ocr_carea' id='block_1_116' title="bbox 2569 2952 3500 3010">
    <p class='ocr_par' dir='ltr' id='par_1_116' title="bbox 2569 2952 3500 3010">
     <span class='ocr_line' id='line_1_117' title="bbox 2569 2952 3500 3010; baseline -0.006 -2"><span class='ocrx_word' id='word_1_778' title='bbox 2569 2956 2656 3008; x_wconf 81' lang='lat' dir='ltr'><strong>Ea:</strong></span> <span class='ocrx_word' id='word_1_779' title='bbox 2685 2954 2845 3009; x_wconf 79' lang='lat' dir='ltr'><strong>libris</strong></span> <span class='ocrx_word' id='word_1_780' title='bbox 2879 2955 3086 3010; x_wconf 84' lang='lat' dir='ltr'><strong>Veteris</strong></span> <span class='ocrx_word' id='word_1_781' title='bbox 3131 2952 3500 3008; x_wconf 81' lang='lat' dir='ltr'><strong>Testamenti:</strong></span> 
     </span>
    </p>
   </div>
   <div class='ocr_carea' id='block_1_117' title="bbox 2354 3043 3779 3186">
    <p class='ocr_par' dir='ltr' id='par_1_117' title="bbox 2354 3043 3779 3186">
     <span class='ocr_line' id='line_1_118' title="bbox 2354 3043 3779 3186; baseline -0.002 -72"><span class='ocrx_word' id='word_1_782' title='bbox 2354 3058 2636 3186; x_wconf 63' lang='grc' dir='ltr'><strong>(ἓθὲιὲδέῗὲ</strong></span> <span class='ocrx_word' id='word_1_783' title='bbox 2653 3059 2800 3116; x_wconf 92' lang='lat' dir='ltr'><strong>liber</strong></span> <span class='ocrx_word' id='word_1_784' title='bbox 2819 3060 3078 3117; x_wconf 90' lang='lat' dir='ltr'><strong>occurrit</strong></span> <span class='ocrx_word' id='word_1_785' title='bbox 3099 3073 3262 3116; x_wconf 89' lang='lat' dir='ltr'><strong>num.</strong></span> <span class='ocrx_word' id='word_1_786' title='bbox 3289 3056 3339 3129; x_wconf 85' lang='lat'><strong>4,</strong></span> <span class='ocrx_word' id='word_1_787' title='bbox 3376 3057 3427 3125; x_wconf 92' lang='lat'><strong>6,</strong></span> <span class='ocrx_word' id='word_1_788' title='bbox 3449 3054 3498 3123; x_wconf 89' lang='lat'><strong>9,</strong></span> <span class='ocrx_word' id='word_1_789' title='bbox 3528 3050 3603 3123; x_wconf 83' lang='grc'><strong>40,</strong></span> <span class='ocrx_word' id='word_1_790' title='bbox 3624 3046 3693 3117; x_wconf 80' lang='grc' dir='ltr'><strong>Π,</strong></span> <span class='ocrx_word' id='word_1_791' title='bbox 3714 3043 3779 3111; x_wconf 66' lang='lat'><strong>20.</strong></span> 
     </span>
    </p>
   </div>
   <div class='ocr_carea' id='block_1_118' title="bbox 2545 3138 2650 3187">
    <p class='ocr_par' dir='ltr' id='par_1_118' title="bbox 2545 3138 2650 3187">
     <span class='ocr_line' id='line_1_119' title="bbox 2545 3138 2650 3187; baseline -0.029 0"><span class='ocrx_word' id='word_1_792' title='bbox 2545 3138 2650 3187; x_wconf 91' lang='lat' dir='ltr'><strong>etc.</strong></span> 
     </span>
    </p>
   </div>
   <div class='ocr_carea' id='block_1_119' title="bbox 2356 3173 3107 3271">
    <p class='ocr_par' dir='ltr' id='par_1_119' title="bbox 2356 3173 3107 3271">
     <span class='ocr_line' id='line_1_120' title="bbox 2356 3173 3107 3271; baseline -0.004 -14"><span class='ocrx_word' id='word_1_793' title='bbox 2356 3173 2773 3258; x_wconf 62' lang='grc' dir='ltr'><strong>Εχᾌῆὐῖἷυιη.</strong></span> <span class='ocrx_word' id='word_1_794' title='bbox 2802 3200 2857 3271; x_wconf 88' lang='lat'><strong>4,</strong></span> <span class='ocrx_word' id='word_1_795' title='bbox 2891 3199 2977 3271; x_wconf 79' lang='lat' dir='ltr'><strong>i7,</strong></span> <span class='ocrx_word' id='word_1_796' title='bbox 3017 3199 3107 3258; x_wconf 77' lang='lat'><strong>51.</strong></span> 
     </span>
    </p>
   </div>
   <div class='ocr_carea' id='block_1_120' title="bbox 2356 3270 3283 3329">
    <p class='ocr_par' dir='ltr' id='par_1_120' title="bbox 2356 3270 3283 3329">
     <span class='ocr_line' id='line_1_121' title="bbox 2356 3270 3283 3329; baseline -0.002 -1"><span class='ocrx_word' id='word_1_797' title='bbox 2356 3274 2644 3329; x_wconf 86' lang='lat' dir='ltr'><strong>Leviticus</strong></span> <span class='ocrx_word' id='word_1_798' title='bbox 2678 3270 2973 3329; x_wconf 86' lang='lat' dir='ltr'><strong>indicatur</strong></span> <span class='ocrx_word' id='word_1_799' title='bbox 3000 3286 3157 3328; x_wconf 92' lang='lat' dir='ltr'><strong>num.</strong></span> <span class='ocrx_word' id='word_1_800' title='bbox 3189 3270 3283 3328; x_wconf 76' lang='lat'><strong>32.</strong></span> 
     </span>
    </p>
   </div>
   <div class='ocr_carea' id='block_1_121' title="bbox 2355 3342 3151 3414">
    <p class='ocr_par' dir='ltr' id='par_1_121' title="bbox 2355 3342 3151 3414">
     <span class='ocr_line' id='line_1_122' title="bbox 2355 3342 3151 3414; baseline -0.001 -16"><span class='ocrx_word' id='word_1_801' title='bbox 2355 3346 2589 3399; x_wconf 90' lang='lat' dir='ltr'><strong>Numeri</strong></span> <span class='ocrx_word' id='word_1_802' title='bbox 2622 3342 2673 3414; x_wconf 91' lang='lat'><strong>4,</strong></span> <span class='ocrx_word' id='word_1_803' title='bbox 2705 3342 2791 3409; x_wconf 80' lang='lat' dir='ltr'><strong>l7,</strong></span> <span class='ocrx_word' id='word_1_804' title='bbox 2818 3344 2909 3411; x_wconf 74' lang='lat'><strong>29,</strong></span> <span class='ocrx_word' id='word_1_805' title='bbox 2942 3342 3031 3414; x_wconf 77' lang='lat'><strong>43,</strong></span> <span class='ocrx_word' id='word_1_806' title='bbox 3062 3342 3151 3414; x_wconf 71' lang='grc'><strong>54.</strong></span> 
     </span>
    </p>
   </div>
   <div class='ocr_carea' id='block_1_122' title="bbox 2355 3413 3291 3486">
    <p class='ocr_par' dir='ltr' id='par_1_122' title="bbox 2355 3413 3291 3486">
     <span class='ocr_line' id='line_1_123' title="bbox 2355 3413 3291 3486; baseline 0 -18"><span class='ocrx_word' id='word_1_807' title='bbox 2355 3417 2843 3486; x_wconf 26' lang='lat' dir='ltr'><strong>Deutero‘nonium</strong></span> <span class='ocrx_word' id='word_1_808' title='bbox 2874 3414 2930 3486; x_wconf 91' lang='lat'><strong>3,</strong></span> <span class='ocrx_word' id='word_1_809' title='bbox 2955 3413 3045 3485; x_wconf 76' lang='lat'><strong>29,</strong></span> <span class='ocrx_word' id='word_1_810' title='bbox 3068 3413 3159 3482; x_wconf 89' lang='grc'><strong>34,</strong></span> <span class='ocrx_word' id='word_1_811' title='bbox 3196 3413 3291 3471; x_wconf 81' lang='grc'><strong>53.</strong></span> 
     </span>
    </p>
   </div>
   <div class='ocr_carea' id='block_1_123' title="bbox 2353 3484 2637 3541">
    <p class='ocr_par' dir='ltr' id='par_1_123' title="bbox 2353 3484 2637 3541">
     <span class='ocr_line' id='line_1_124' title="bbox 2353 3484 2637 3541; baseline 0.004 -2"><span class='ocrx_word' id='word_1_812' title='bbox 2353 3487 2524 3541; x_wconf 86' lang='lat' dir='ltr'><strong>Josue</strong></span> <span class='ocrx_word' id='word_1_813' title='bbox 2553 3484 2637 3541; x_wconf 71' lang='grc'><strong>42.</strong></span> 
     </span>
    </p>
   </div>
   <div class='ocr_carea' id='block_1_124' title="bbox 2355 3557 2906 3613">
    <p class='ocr_par' dir='ltr' id='par_1_124' title="bbox 2355 3557 2906 3613">
     <span class='ocr_line' id='line_1_125' title="bbox 2355 3557 2906 3613; baseline 0.002 -3"><span class='ocrx_word' id='word_1_814' title='bbox 2355 3557 2621 3613; x_wconf 87' lang='lat' dir='ltr'><strong>Judicum</strong></span> <span class='ocrx_word' id='word_1_815' title='bbox 2648 3562 2705 3613; x_wconf 89' lang='lat' dir='ltr'><strong>et</strong></span> <span class='ocrx_word' id='word_1_816' title='bbox 2733 3559 2906 3613; x_wconf 88' lang='lat' dir='ltr'><strong>Ruth.</strong></span> 
     </span>
    </p>
   </div>
   <div class='ocr_carea' id='block_1_125' title="bbox 2357 3627 3069 3699">
    <p class='ocr_par' dir='ltr' id='par_1_125' title="bbox 2357 3627 3069 3699">
     <span class='ocr_line' id='line_1_126' title="bbox 2357 3627 3069 3699; baseline 0.004 -18"><span class='ocrx_word' id='word_1_817' title='bbox 2357 3627 2570 3699; x_wconf 81' lang='lat' dir='ltr'><strong>Regum</strong></span> <span class='ocrx_word' id='word_1_818' title='bbox 2596 3631 2690 3685; x_wconf 85' lang='lat' dir='ltr'><strong>let</strong></span> <span class='ocrx_word' id='word_1_819' title='bbox 2714 3631 2781 3696; x_wconf 91' lang='lat' dir='ltr'><strong>Il,</strong></span> <span class='ocrx_word' id='word_1_820' title='bbox 2806 3643 2964 3685; x_wconf 90' lang='lat' dir='ltr'><strong>num.</strong></span> <span class='ocrx_word' id='word_1_821' title='bbox 2994 3627 3069 3698; x_wconf 82' lang='lat'><strong>4;</strong></span> 
     </span>
    </p>
   </div>
   <div class='ocr_carea' id='block_1_126' title="bbox 2570 3697 3153 3766">
    <p class='ocr_par' dir='ltr' id='par_1_126' title="bbox 2570 3697 3153 3766">
     <span class='ocr_line' id='line_1_127' title="bbox 2570 3697 3153 3766; baseline -0.002 -11"><span class='ocrx_word' id='word_1_822' title='bbox 2570 3701 2641 3756; x_wconf 86' lang='lat' dir='ltr'><strong>Ill</strong></span> <span class='ocrx_word' id='word_1_823' title='bbox 2669 3706 2724 3756; x_wconf 89' lang='lat' dir='ltr'><strong>et</strong></span> <span class='ocrx_word' id='word_1_824' title='bbox 2754 3702 2840 3766; x_wconf 87' lang='lat' dir='ltr'><strong>1V,</strong></span> <span class='ocrx_word' id='word_1_825' title='bbox 2873 3714 3031 3756; x_wconf 89' lang='lat' dir='ltr'><strong>num.</strong></span> <span class='ocrx_word' id='word_1_826' title='bbox 3059 3697 3153 3757; x_wconf 88' lang='grc'><strong>34.</strong></span> 
     </span>
    </p>
   </div>
   <div class='ocr_carea' id='block_1_127' title="bbox 2358 3769 2858 3841">
    <p class='ocr_par' dir='ltr' id='par_1_127' title="bbox 2358 3769 2858 3841">
     <span class='ocr_line' id='line_1_128' title="bbox 2358 3769 2858 3841; baseline 0 -17"><span class='ocrx_word' id='word_1_827' title='bbox 2358 3769 2858 3841; x_wconf 88' lang='lat' dir='ltr'><strong>Paralipomenon.</strong></span> 
     </span>
    </p>
   </div>
   <div class='ocr_carea' id='block_1_128' title="bbox 2357 3841 2765 3899">
    <p class='ocr_par' dir='ltr' id='par_1_128' title="bbox 2357 3841 2765 3899">
     <span class='ocr_line' id='line_1_129' title="bbox 2357 3841 2765 3899; baseline 0 -3"><span class='ocrx_word' id='word_1_828' title='bbox 2357 3841 2550 3896; x_wconf 85' lang='lat' dir='ltr'><strong>Esdra</strong></span> <span class='ocrx_word' id='word_1_829' title='bbox 2573 3845 2596 3897; x_wconf 93' lang='grc' dir='ltr'><strong>ι</strong></span> <span class='ocrx_word' id='word_1_830' title='bbox 2617 3848 2673 3899; x_wconf 93' lang='lat' dir='ltr'><strong>et</strong></span> <span class='ocrx_word' id='word_1_831' title='bbox 2697 3844 2765 3898; x_wconf 86' lang='lat' dir='ltr'><strong>II.</strong></span> 
     </span>
    </p>
   </div>
   <div class='ocr_carea' id='block_1_129' title="bbox 2355 3912 2566 3967">
    <p class='ocr_par' dir='ltr' id='par_1_129' title="bbox 2355 3912 2566 3967">
     <span class='ocr_line' id='line_1_130' title="bbox 2355 3912 2566 3967; baseline -0.005 -1"><span class='ocrx_word' id='word_1_832' title='bbox 2355 3912 2566 3967; x_wconf 89' lang='lat' dir='ltr'><strong>Tobia.</strong></span> 
     </span>
    </p>
   </div>
   <div class='ocr_carea' id='block_1_130' title="bbox 2357 3982 2673 4060">
    <p class='ocr_par' dir='ltr' id='par_1_130' title="bbox 2357 3982 2673 4060">
     <span class='ocr_line' id='line_1_131' title="bbox 2357 3982 2673 4060; baseline -0.003 -22"><span class='ocrx_word' id='word_1_833' title='bbox 2357 3983 2559 4060; x_wconf 69' lang='lat' dir='ltr'><strong>J_qd_ith</strong></span> 
     </span>
    </p>
   </div>
   <div class='ocr_carea' id='block_1_131' title="bbox 2355 4054 2676 4111">
    <p class='ocr_par' dir='ltr' id='par_1_131' title="bbox 2355 4054 2676 4111">
     <span class='ocr_line' id='line_1_132' title="bbox 2355 4054 2676 4111; baseline 0 -3"><span class='ocrx_word' id='word_1_834' title='bbox 2355 4054 2560 4110; x_wconf 79' lang='lat' dir='ltr'><strong>Es&#39;ther</strong></span> <span class='ocrx_word' id='word_1_835' title='bbox 2586 4054 2676 4111; x_wconf 80' lang='grc'><strong>55.</strong></span> 
     </span>
    </p>
   </div>
   <div class='ocr_carea' id='block_1_132' title="bbox 2353 4123 3665 4199">
    <p class='ocr_par' dir='ltr' id='par_1_132' title="bbox 2353 4123 3665 4199">
     <span class='ocr_line' id='line_1_133' title="bbox 2353 4123 3665 4199; baseline -0.002 0"><span class='ocrx_word' id='word_1_836' title='bbox 2353 4123 3256 4199; x_wconf 40' lang='lat' dir='ltr'><strong>£0543;29,36..39,i9,§6-_</strong></span> <span class='ocrx_word' id='word_1_837' title='bbox 3325 4195 3379 4199; x_wconf 87' lang='lat'><strong>__</strong></span> <span class='ocrx_word' id='word_1_838' title='bbox 3438 4191 3489 4199; x_wconf 59' lang='grc' dir='ltr'><strong>,η</strong></span> <span class='ocrx_word' id='word_1_839' title='bbox 3631 4184 3665 4199; x_wconf 46' lang='grc' dir='ltr'><strong>..μ</strong></span> 
     </span>
    </p>
   </div>
   <div class='ocr_carea' id='block_1_133' title="bbox 2354 4174 3780 4269">
    <p class='ocr_par' dir='ltr' id='par_1_133' title="bbox 2354 4174 3780 4269">
     <span class='ocr_line' id='line_1_134' title="bbox 2354 4174 3780 4269; baseline -0.008 -18"><span class='ocrx_word' id='word_1_840' title='bbox 2354 4174 3281 4269; x_wconf 46' lang='lat' dir='ltr'><strong>iis.ait(4335523733736,</strong></span> <span class='ocrx_word' id='word_1_841' title='bbox 3315 4195 3401 4266; x_wconf 82' lang='lat'><strong>46,</strong></span> <span class='ocrx_word' id='word_1_842' title='bbox 3429 4191 3511 4263; x_wconf 69' lang='lat' dir='ltr'><strong>is,</strong></span> <span class='ocrx_word' id='word_1_843' title='bbox 3532 4188 3610 4255; x_wconf 80' lang='lat'><strong>50,</strong></span> <span class='ocrx_word' id='word_1_844' title='bbox 3629 4174 3780 4250; x_wconf 53' lang='grc' dir='ltr'><strong>διεδ·</strong></span> 
     </span>
    </p>
   </div>
   <div class='ocr_carea' id='block_1_134' title="bbox 2359 4265 3011 4337">
    <p class='ocr_par' dir='ltr' id='par_1_134' title="bbox 2359 4265 3011 4337">
     <span class='ocr_line' id='line_1_135' title="bbox 2359 4265 3011 4337; baseline 0.003 -18"><span class='ocrx_word' id='word_1_845' title='bbox 2359 4265 2774 4336; x_wconf 65' lang='lat' dir='ltr'><strong>Proverbia”,</strong></span> <span class='ocrx_word' id='word_1_846' title='bbox 2804 4266 2892 4337; x_wconf 77' lang='lat'><strong>21,</strong></span> <span class='ocrx_word' id='word_1_847' title='bbox 2920 4265 3011 4324; x_wconf 82' lang='lat'><strong>57.</strong></span> 
     </span>
    </p>
   </div>
   <div class='ocr_carea' id='block_1_135' title="bbox 2356 4337 2849 4395">
    <p class='ocr_par' dir='ltr' id='par_1_135' title="bbox 2356 4337 2849 4395">
     <span class='ocr_line' id='line_1_136' title="bbox 2356 4337 2849 4395; baseline 0.01 -5"><span class='ocrx_word' id='word_1_848' title='bbox 2356 4338 2731 4395; x_wconf 89' lang='lat' dir='ltr'><strong>Ecclesiastes</strong></span> <span class='ocrx_word' id='word_1_849' title='bbox 2759 4337 2849 4395; x_wconf 84' lang='grc'><strong>30.</strong></span> 
     </span>
    </p>
   </div>
   <div class='ocr_carea' id='block_1_136' title="bbox 2357 4408 2589 4464">
    <p class='ocr_par' dir='ltr' id='par_1_136' title="bbox 2357 4408 2589 4464">
     <span class='ocr_line' id='line_1_137' title="bbox 2357 4408 2589 4464; baseline 0.009 -2"><span class='ocrx_word' id='word_1_850' title='bbox 2357 4408 2589 4464; x_wconf 89' lang='lat' dir='ltr'><strong>Cantica</strong></span> 
     </span>
    </p>
   </div>
   <div class='ocr_carea' id='block_1_137' title="bbox 2355 4478 2867 4549">
    <p class='ocr_par' dir='ltr' id='par_1_137' title="bbox 2355 4478 2867 4549">
     <span class='ocr_line' id='line_1_138' title="bbox 2355 4478 2867 4549; baseline 0 -15"><span class='ocrx_word' id='word_1_851' title='bbox 2355 4478 2662 4549; x_wconf 88' lang='lat' dir='ltr'><strong>Sapientia</strong></span> <span class='ocrx_word' id='word_1_852' title='bbox 2689 4479 2744 4547; x_wconf 91' lang='lat'><strong>3,</strong></span> <span class='ocrx_word' id='word_1_853' title='bbox 2776 4478 2867 4534; x_wconf 73' lang='lat'><strong>27.</strong></span> 
     </span>
    </p>
   </div>
   <div class='ocr_carea' id='block_1_138' title="bbox 2356 4550 2831 4607">
    <p class='ocr_par' dir='ltr' id='par_1_138' title="bbox 2356 4550 2831 4607">
     <span class='ocr_line' id='line_1_139' title="bbox 2356 4550 2831 4607; baseline -0.004 -2"><span class='ocrx_word' id='word_1_854' title='bbox 2356 4550 2748 4607; x_wconf 89' lang='lat' dir='ltr'><strong>Ecclesiastici</strong></span> <span class='ocrx_word' id='word_1_855' title='bbox 2778 4550 2831 4605; x_wconf 90' lang='lat'><strong>9.</strong></span> 
     </span>
    </p>
   </div>
   <div class='ocr_carea' id='block_1_139' title="bbox 2354 4619 3266 4692">
    <p class='ocr_par' dir='ltr' id='par_1_139' title="bbox 2354 4619 3266 4692">
     <span class='ocr_line' id='line_1_140' title="bbox 2354 4619 3266 4692; baseline 0.001 -17"><span class='ocrx_word' id='word_1_856' title='bbox 2354 4622 2515 4676; x_wconf 88' lang='lat' dir='ltr'><strong>Isaia</strong></span> <span class='ocrx_word' id='word_1_857' title='bbox 2537 4620 2591 4690; x_wconf 91' lang='lat'><strong>3,</strong></span> <span class='ocrx_word' id='word_1_858' title='bbox 2617 4621 2672 4692; x_wconf 78' lang='lat'><strong>8,</strong></span> <span class='ocrx_word' id='word_1_859' title='bbox 2706 4619 2792 4692; x_wconf 78' lang='lat' dir='ltr'><strong>ta,</strong></span> <span class='ocrx_word' id='word_1_860' title='bbox 2824 4619 2909 4692; x_wconf 74' lang='grc' dir='ltr'>ιι,</span> <span class='ocrx_word' id='word_1_861' title='bbox 2942 4621 3027 4692; x_wconf 85' lang='grc'><strong>46,</strong></span> <span class='ocrx_word' id='word_1_862' title='bbox 3060 4620 3149 4688; x_wconf 82' lang='lat'><strong>34,</strong></span> <span class='ocrx_word' id='word_1_863' title='bbox 3178 4620 3266 4677; x_wconf 74' lang='lat'><strong>50.</strong></span> 
     </span>
    </p>
   </div>
   <div class='ocr_carea' id='block_1_140' title="bbox 2352 4690 2807 4758">
    <p class='ocr_par' dir='ltr' id='par_1_140' title="bbox 2352 4690 2807 4758">
     <span class='ocr_line' id='line_1_141' title="bbox 2352 4690 2807 4758; baseline 0 -13"><span class='ocrx_word' id='word_1_864' title='bbox 2352 4693 2608 4748; x_wconf 86' lang='lat' dir='ltr'><strong>Jeremia</strong></span> <span class='ocrx_word' id='word_1_865' title='bbox 2630 4690 2684 4758; x_wconf 92' lang='lat'><strong>8,</strong></span> <span class='ocrx_word' id='word_1_866' title='bbox 2721 4690 2807 4749; x_wconf 89' lang='grc'><strong>43.</strong></span> 
     </span>
    </p>
   </div>
   <div class='ocr_carea' id='block_1_141' title="bbox 2351 4762 2595 4819">
    <p class='ocr_par' dir='ltr' id='par_1_141' title="bbox 2351 4762 2595 4819">
     <span class='ocr_line' id='line_1_142' title="bbox 2351 4762 2595 4819; baseline 0 -3"><span class='ocrx_word' id='word_1_867' title='bbox 2351 4762 2595 4819; x_wconf 86' lang='lat' dir='ltr'><strong>Baruch.</strong></span> 
     </span>
    </p>
   </div>
   <div class='ocr_carea' id='block_1_142' title="bbox 2355 4832 2868 4903">
    <p class='ocr_par' dir='ltr' id='par_1_142' title="bbox 2355 4832 2868 4903">
     <span class='ocr_line' id='line_1_143' title="bbox 2355 4832 2868 4903; baseline 0 -16"><span class='ocrx_word' id='word_1_868' title='bbox 2355 4833 2673 4890; x_wconf 88' lang='lat' dir='ltr'><strong>Ezechielis</strong></span> <span class='ocrx_word' id='word_1_869' title='bbox 2691 4832 2747 4903; x_wconf 93' lang='lat'><strong>8,</strong></span> <span class='ocrx_word' id='word_1_870' title='bbox 2777 4832 2868 4890; x_wconf 74' lang='grc'><strong>29.</strong></span> 
     </span>
    </p>
   </div>
   <div class='ocr_carea' id='block_1_143' title="bbox 2354 4903 2746 4961">
    <p class='ocr_par' dir='ltr' id='par_1_143' title="bbox 2354 4903 2746 4961">
     <span class='ocr_line' id='line_1_144' title="bbox 2354 4903 2746 4961; baseline 0.005 -4"><span class='ocrx_word' id='word_1_871' title='bbox 2354 4905 2638 4961; x_wconf 88' lang='lat' dir='ltr'><strong>Dianielis</strong></span> <span class='ocrx_word' id='word_1_872' title='bbox 2661 4903 2746 4960; x_wconf 73' lang='lat'><strong>435.</strong></span> 
     </span>
    </p>
   </div>
   <div class='ocr_carea' id='block_1_144' title="bbox 2355 4972 3078 5047">
    <p class='ocr_par' dir='ltr' id='par_1_144' title="bbox 2355 4972 3078 5047">
     <span class='ocr_line' id='line_1_145' title="bbox 2355 4972 3078 5047; baseline 0.001 -19"><span class='ocrx_word' id='word_1_873' title='bbox 2355 4976 2457 5029; x_wconf 80' lang='lat' dir='ltr'><strong>XII</strong></span> <span class='ocrx_word' id='word_1_874' title='bbox 2488 4977 2688 5046; x_wconf 89' lang='lat' dir='ltr'><strong>Proph.</strong></span> <span class='ocrx_word' id='word_1_875' title='bbox 2726 4977 2869 5031; x_wconf 92' lang='lat' dir='ltr'><strong>min.</strong></span> <span class='ocrx_word' id='word_1_876' title='bbox 2898 4972 2956 5047; x_wconf 92' lang='lat'><strong>‘7,</strong></span> <span class='ocrx_word' id='word_1_877' title='bbox 2987 4973 3078 5031; x_wconf 72' lang='lat'><strong>23.</strong></span> 
     </span>
    </p>
   </div>
   <div class='ocr_carea' id='block_1_145' title="bbox 2355 5047 2883 5103">
    <p class='ocr_par' dir='ltr' id='par_1_145' title="bbox 2355 5047 2883 5103">
     <span class='ocr_line' id='line_1_146' title="bbox 2355 5047 2883 5103; baseline 0 -3"><span class='ocrx_word' id='word_1_878' title='bbox 2355 5047 2805 5103; x_wconf 86' lang='lat' dir='ltr'><strong>Machabaorum</strong></span> <span class='ocrx_word' id='word_1_879' title='bbox 2828 5047 2883 5101; x_wconf 72' lang='lat'><strong>2.</strong></span> 
     </span>
    </p>
   </div>
   <div class='ocr_carea' id='block_1_146' title="bbox 2593 5152 3442 5208">
    <p class='ocr_par' dir='ltr' id='par_1_146' title="bbox 2593 5152 3442 5208">
     <span class='ocr_line' id='line_1_147' title="bbox 2593 5152 3442 5208; baseline -0.008 -1"><span class='ocrx_word' id='word_1_880' title='bbox 2593 5154 2682 5206; x_wconf 77' lang='lat' dir='ltr'><strong>Ea</strong></span> <span class='ocrx_word' id='word_1_881' title='bbox 2717 5154 2875 5207; x_wconf 77' lang='lat' dir='ltr'><strong>libris</strong></span> <span class='ocrx_word' id='word_1_882' title='bbox 2913 5154 3051 5208; x_wconf 83' lang='lat' dir='ltr'><strong>Novi</strong></span> <span class='ocrx_word' id='word_1_883' title='bbox 3101 5152 3442 5208; x_wconf 82' lang='lat' dir='ltr'><strong>Testamenti.</strong></span> 
     </span>
    </p>
   </div>
   <div class='ocr_carea' id='block_1_147' title="bbox 2354 5255 2831 5329">
    <p class='ocr_par' dir='ltr' id='par_1_147' title="bbox 2354 5255 2831 5329">
     <span class='ocr_line' id='line_1_148' title="bbox 2354 5255 2831 5329; baseline -0.004 -14"><span class='ocrx_word' id='word_1_884' title='bbox 2354 5258 2607 5329; x_wconf 80' lang='lat' dir='ltr'><strong>Matthai</strong></span> <span class='ocrx_word' id='word_1_885' title='bbox 2628 5255 2718 5329; x_wconf 73' lang='lat'><strong>27,</strong></span> <span class='ocrx_word' id='word_1_886' title='bbox 2744 5257 2831 5316; x_wconf 89' lang='lat'><strong>46.</strong></span> 
     </span>
    </p>
   </div>
   <div class='ocr_carea' id='block_1_148' title="bbox 2352 5326 2643 5386">
    <p class='ocr_par' dir='ltr' id='par_1_148' title="bbox 2352 5326 2643 5386">
     <span class='ocr_line' id='line_1_149' title="bbox 2352 5326 2643 5386; baseline 0 -3"><span class='ocrx_word' id='word_1_887' title='bbox 2352 5331 2526 5384; x_wconf 89' lang='lat' dir='ltr'><strong>Marci</strong></span> <span class='ocrx_word' id='word_1_888' title='bbox 2556 5326 2643 5386; x_wconf 89' lang='lat'><strong>46.</strong></span> 
     </span>
    </p>
   </div>
   <div class='ocr_carea' id='block_1_149' title="bbox 2357 5397 2629 5456">
    <p class='ocr_par' dir='ltr' id='par_1_149' title="bbox 2357 5397 2629 5456">
     <span class='ocr_line' id='line_1_150' title="bbox 2357 5397 2629 5456; baseline -0.004 -1"><span class='ocrx_word' id='word_1_889' title='bbox 2357 5403 2517 5456; x_wconf 80' lang='lat' dir='ltr'><strong>Luca</strong></span> <span class='ocrx_word' id='word_1_890' title='bbox 2541 5397 2629 5456; x_wconf 82' lang='lat'><strong>46.</strong></span> 
     </span>
    </p>
   </div>
   <div class='ocr_carea' id='block_1_150' title="bbox 2350 5469 2863 5541">
    <p class='ocr_par' dir='ltr' id='par_1_150' title="bbox 2350 5469 2863 5541">
     <span class='ocr_line' id='line_1_151' title="bbox 2350 5469 2863 5541; baseline -0.004 -14"><span class='ocrx_word' id='word_1_891' title='bbox 2350 5472 2472 5527; x_wconf 87' lang='lat' dir='ltr'><strong>Act.</strong></span> <span class='ocrx_word' id='word_1_892' title='bbox 2501 5472 2745 5541; x_wconf 89' lang='lat' dir='ltr'><strong>apostol.</strong></span> <span class='ocrx_word' id='word_1_893' title='bbox 2779 5469 2863 5527; x_wconf 91' lang='grc'><strong>48.</strong></span> 
     </span>
    </p>
   </div>
   <div class='ocr_carea' id='block_1_151' title="bbox 2354 5539 3309 5613">
    <p class='ocr_par' dir='ltr' id='par_1_151' title="bbox 2354 5539 3309 5613">
     <span class='ocr_line' id='line_1_152' title="bbox 2354 5539 3309 5613; baseline -0.006 -16"><span class='ocrx_word' id='word_1_894' title='bbox 2354 5542 2516 5598; x_wconf 87' lang='lat' dir='ltr'><strong>Pauli</strong></span> <span class='ocrx_word' id='word_1_895' title='bbox 2543 5539 2787 5613; x_wconf 81' lang='lat' dir='ltr'><strong>epistola</strong></span> <span class='ocrx_word' id='word_1_896' title='bbox 2815 5544 2884 5598; x_wconf 90' lang='lat' dir='ltr'><strong>ad</strong></span> <span class='ocrx_word' id='word_1_897' title='bbox 2917 5543 3076 5613; x_wconf 79' lang='lat' dir='ltr'><strong>Rom.</strong></span> <span class='ocrx_word' id='word_1_898' title='bbox 3105 5540 3195 5613; x_wconf 77' lang='lat'><strong>30,</strong></span> <span class='ocrx_word' id='word_1_899' title='bbox 3222 5539 3309 5613; x_wconf 57' lang='lat'><strong>3.3.</strong></span> 
     </span>
    </p>
   </div>
   <div class='ocr_carea' id='block_1_152' title="bbox 2344 5601 3549 5684">
    <p class='ocr_par' dir='ltr' id='par_1_152' title="bbox 2344 5601 3549 5684">
     <span class='ocr_line' id='line_1_153' title="bbox 2344 5601 3549 5684; baseline -0.011 -16"><span class='ocrx_word' id='word_1_900' title='bbox 2344 5613 2427 5668; x_wconf 83' lang='lat' dir='ltr'><strong>Ad</strong></span> <span class='ocrx_word' id='word_1_901' title='bbox 2468 5601 2723 5668; x_wconf 78' lang='lat' dir='ltr'><strong>Corinth.</strong></span> <span class='ocrx_word' id='word_1_902' title='bbox 2758 5615 2941 5684; x_wconf 78' lang='lat' dir='ltr'><strong>prima</strong></span> <span class='ocrx_word' id='word_1_903' title='bbox 2992 5611 3075 5684; x_wconf 71' lang='grc'><strong>43,</strong></span> <span class='ocrx_word' id='word_1_904' title='bbox 3108 5601 3197 5684; x_wconf 72' lang='lat'><strong>24,</strong></span> <span class='ocrx_word' id='word_1_905' title='bbox 3226 5606 3312 5679; x_wconf 82' lang='lat'><strong>34,</strong></span> <span class='ocrx_word' id='word_1_906' title='bbox 3346 5603 3433 5674; x_wconf 88' lang='lat'><strong>47,</strong></span> <span class='ocrx_word' id='word_1_907' title='bbox 3464 5601 3549 5658; x_wconf 83' lang='lat'><strong>40.</strong></span> 
     </span>
    </p>
   </div>
   <div class='ocr_carea' id='block_1_153' title="bbox 2346 5682 3092 5757">
    <p class='ocr_par' dir='ltr' id='par_1_153' title="bbox 2346 5682 3092 5757">
     <span class='ocr_line' id='line_1_154' title="bbox 2346 5682 3092 5757; baseline 0 -18"><span class='ocrx_word' id='word_1_908' title='bbox 2346 5684 2429 5757; x_wconf 75' lang='lat' dir='ltr'><strong>Ad</strong></span> <span class='ocrx_word' id='word_1_909' title='bbox 2460 5684 2587 5757; x_wconf 71' lang='lat' dir='ltr'><strong>Cor.</strong></span> <span class='ocrx_word' id='word_1_910' title='bbox 2610 5682 2861 5757; x_wconf 78' lang='lat' dir='ltr'><strong>secunda</strong></span> <span class='ocrx_word' id='word_1_911' title='bbox 2884 5682 2978 5757; x_wconf 87' lang='lat'><strong>30,</strong></span> 
     </span>
    </p>
   </div>
   <div class='ocr_carea' id='block_1_154' title="bbox 2345 5753 2851 5823">
    <p class='ocr_par' dir='ltr' id='par_1_154' title="bbox 2345 5753 2851 5823">
     <span class='ocr_line' id='line_1_155' title="bbox 2345 5753 2851 5823; baseline 0 -15"><span class='ocrx_word' id='word_1_912' title='bbox 2345 5754 2426 5809; x_wconf 81' lang='lat' dir='ltr'><strong>Ad</strong></span> <span class='ocrx_word' id='word_1_913' title='bbox 2458 5754 2737 5823; x_wconf 90' lang='lat' dir='ltr'><strong>Ephesios</strong></span> <span class='ocrx_word' id='word_1_914' title='bbox 2762 5753 2851 5811; x_wconf 89' lang='lat'><strong>46.</strong></span> 
     </span>
    </p>
   </div>
  </div>
