4036 6174
111 333 276 394 4097

271 457 358 513 Ad
390 457 644 514 Galatas.

271 530 356 585 Ad
396 530 795 600 Philippenses
820 528 912 586 21.

271 601 356 655 Ad
398 601 764 657 Colossenses
1138 622 1142 627 ι

272 672 357 727 Ad
389 673 930 730 Thessalonicenses
958 676 1140 744 prima
1165 674 1255 733 42.

269 744 356 799 Ad
387 745 644 800 Thessal.
693 748 972 802 secunda.

268 815 357 891 Ad
388 816 750 891 Iimotbeum
793 819 978 888 prima
993 816 1083 891 29,
1110 816 1198 891 47,
1227 819 1315 877 50.

270 887 356 940 Ad
390 887 538 941 Tim.
572 888 634 942 ll.

269 958 355 1012 Ad
379 959 596 1014 Titum.

269 1029 356 1084 Ad
391 1030 801 1088 Philemonem.

268 1100 353 1175 Ad
389 1101 652 1175 Hebraos
677 1102 730 1171 2,
763 1102 852 1170 46,
893 1101 978 1175 l7,
1013 1102 1100 1175 36.

273 1173 427 1248 Petri
462 1173 972 1248 primas‘2.g30,_3‘8,
1003 1173 1090 1248 49,
1117 1173 1207 1232 57.

269 1244 425 1317 Petri
461 1246 711 1317 secunda
736 1245 820 1317 tl,
860 1245 956 1302 23.

266 1315 467 1390 Jacobi
502 1316 588 1383 lO,
624 1314 710 1390 Π,
741 1314 832 1390 23,
869 1317 957 1375 30.

265 1387 295 1439 J
307 1387 449 1442 uda.

265 1457 669 1530 Apocalypsis.

190 1529 575 1603 Perspicuum
634 1533 817 1603 igitur
866 1536 971 1602 est,
1037 1533 1094 1588 in
1143 1533 1247 1589 hac
1305 1547 1420 1589 una
1469 1534 1780 1591 Clementis

106 1601 377 1670 epistola
419 1601 723 1659 universos
775 1605 1180 1674 pr0pemodum
1231 1604 1412 1660 libros
1467 1608 1780 1664 canonicos

112 1674 405 1728 indicari.
455 1676 592 1730 Nam
637 1675 725 1730 illi
761 1677 1051 1750 perpauci,
1085 1677 1526 1750 quorumverba
1559 1679 1780 1750 produe

109 1758 259 1818 cere
307 1751 707 1816 argumentum
747 1747 1005 1816 epistola
1049 1761 1160 1804 non
1200 1747 1777 1818 requirebat,‘veluti

999 337 1318 397 HISTORIA
1358 340 1449 399 DE
1494 341 1665 400 VITIS
1701 341 1869 399 ROM.
1913 339 2112 399 PONT.
2153 370 2226 383 —
2259 342 2315 399 S.
2354 340 2690 399 CLEMENS.

1819 464 2272 536 Aapprobante,
2315 465 2634 535 conditum,
2683 463 2779 519 hic
2825 464 3082 536 omnium
3109 465 3546 536 Evangeliorum

3411 341 3551 401 4098

1903 533 2112 608 fontem
2134 533 2708 606 ejus'testimonio'ac
2735 535 3026 606 responsis
3051 533 3392 601 indicatum.
3427 539 3550 608 qui-

1900 605 2008 662 bus
2032 608 2088 662 in
2114 607 2352 677 scriptis
2368 607 2586 664 Veteris
2608 605 2843 678 quoque
2858 608 3228 663 lnstrumenti
3247 621 3408 663 sacra
3430 605 3549 663 ora-

1899 679 2026 734 cula
2051 679 2304 749 librique
2333 681 2695 750 aperiuntur.
2722 681 2914 750 Quare
2953 680 3276 734 mirandum
3306 692 3417 734 non
3440 683 3548 748 est,

1899 749 1950 805 si
1979 750 2122 806 hanc
2154 765 2265 820 pra
2281 749 2503 806 cateris
2528 749 2826 819 epistolam
2855 750 3121 806 Ecclesia
3147 751 3410 806 Romana
3440 763 3552 806 no-

1901 823 2054 876 mine
2075 836 2105 877 a
2134 822 2418 878 Clemente
2452 823 2519 878 ad
2552 822 2884 877 Corinthios
2924 821 3113 877 datam
3146 821 3417 892 providus
3450 821 3550 876 ille

1895 893 2220 963 descriptor
2250 895 2558 964 utriusque
2585 893 2931 949 Testamenti
2967 893 3025 946 in
3051 907 3118 948 eo
3147 893 3345 949 codice
3376 899 3547 949 vetu-

1895 965 2154 1020 stissimo
2169 966 2358 1036 quarti
2373 963 2569 1036 saculi
2582 965 2970 1036 apponendam
2986 965 3294 1034 curaverit,
3309 977 3548 1036 eamque

1896 1042 1980 1092 tot
2007 1038 2065 1091 in
2102 1035 2375 1092 Ecclesiis
2415 1035 2644 1107 publice
2670 1035 2902 1092 recitari
2935 1037 3266 1093 studuerint
3311 1035 3544 1092 illarum

1895 1109 2148 1177 episcOpi
2191 1110 2386 1164 statim
2436 1120 2501 1162 ac
2547 1107 2842 1163 edebatur.
2896 1109 3088 1177 Neque
3117 1108 3271 1163 enim
3326 1113 3547 1177 poterat

1894 1179 2150 1234 exhiberi
2175 1181 2579 1236 documentum
2610 1178 2901 1234 illustrius
2933 1181 3144 1248 recepti
3172 1192 3377 1234 census
3401 1179 3548 1234 Scri-

1895 1257 2190 1320 pturarum
2229 1253 2657 1321 canonicaruin,
2693 1263 2858 1320 quam
2896 1251 3039 1306 illud
3069 1251 3218 1321 quod
3252 1251 3547 1320 petebatur

1892 1321 1962 1378 ab
1993 1322 2414 1378 assertionibus
2443 1329 2497 1378 et
2523 1337 2632 1378 usu
2675 1323 2942 1377 Ecclesia
2968 1322 3266 1378 catholica
3303 1328 3360 1377 et
3397 1335 3544 1393 apo-

1892 1393 2131 1462 stolica,
2153 1394 2409 1450 omnium
2433 1394 2902 1464 prastantissima
2915 1394 3258 1449 auctoritate
3276 1393 3547 1464 pollentis

1892 1478 1957 1519 ac
1990 1465 2276 1535 principis
2329 1466 2748 1531 universarum,
2802 1466 2880 1521 ita
2929 1465 3238 1520 scribentis
3284 1479 3401 1522 avo
3440 1466 3544 1521 illo

1891 1536 2230 1607 apostolico,
2263 1550 2374 1606 quo
2409 1537 2654 1592 Joannes
2677 1535 3027 1607 evangelista
3068 1543 3363 1608 superstes
3399 1541 3541 1592 erat.

1890 1608 2051 1662 Hunc
2078 1609 2268 1675 ipsum
2299 1608 2500 1663 divino
2529 1608 2780 1663 consilio
2810 1608 2919 1662 sub
2949 1612 3199 1663 extrema
3225 1609 3542 1664 Domitiani

1891 1684 2144 1748 tempora
2175 1682 2404 1734 Romam
2445 1677 2628 1734 fuisse
2655 1679 2992 1748 perductum
3032 1681 3404 1750 cognovimus
3433 1680 3540 1750 (uti

1891 1751 2152 1819 perhibet
2174 1749 2619 1819 Tertullianus):
2654 1763 2723 1805 ne
2749 1751 2973 1805 scilicet
2998 1749 3295 1820 quippiam
3322 1753 3544 1807 deesset

109 1815 267 1895 l_ibri
295 1815 599 1895 J_udicu_r_n,_
627 1815 1118 1895 Paralipomenon,
1148 1815 1356 1895 Tobia,
1372 1815 1774 1895 Canticorum,
1806 1833 1860 1895 Β
1893 1815 2033 1895 huic
2071 1822 2332 1895 Romana
2362 1815 2648 1895 Ecclesia,
2678 1822 2794 1890 jam
2831 1815 3208 1895 tumicust'odi
3235 1829 3292 1877 et
3317 1824 3543 1892 promi-

109 1887 374 1957 Baruch,
404 1894 459 1944 et
503 1890 770 1958 Epistola
795 1887 864 1946 ad
899 1887 1149 1960 Galatas,
1195 1893 1263 1946 ad
1289 1887 1673 1961 COlossenses,
1706 1891 1774 1947 ad

107 1961 346 2035 Titum,
379 1965 435 2015 et
463 1962 531 2035 ad
567 1961 972 2035 Philemonem,
1003 1969 1060 2035 et
1082 1963 1239 2019 Juda
1272 1965 1542 2035 apostoli,
1564 1965 1648 2020 vel
1683 1963 1773 2018 in-

110 2031 482 2105 telliguntur
505 2033 717 2103 jugali,
739 2039 794 2088 et
818 2034 1118 2104 approbati
1151 2048 1278 2090 cum
1311 2031 1612 2104 proximis,
1646 2047 1781 2105 qua-

111 2103 211 2158 les
241 2104 301 2156 in
335 2104 585 2159 Ecclesia
623 2107 795 2159 etiam
824 2103 1060 2161 Judaica
1091 2103 1325 2161 Baruch’
1351 2121 1480 2162 cum
1516 2103 1776 2175 Jeremia,

107 2174 367 2250 Cantica
403 2189 539 2250 cum
576 2176 819 2246 reliquis
851 2174 1778 2250 Sapientialibus,Paralipomena

110 2260 259 2302 cum
309 2246 480 2301 libris
510 2247 744 2318 Regum,
775 2249 1005 2304 Judices
1036 2263 1164 2304 cum
1193 2246 1600 2318 Heptateucho,
1631 2258 1686 2305 et
1716 2251 1774 2303 in

108 2319 460 2392 Christiana
492 2319 761 2388 Epistola
794 2321 1059 2375 indicata
1081 2335 1208 2376 cum
1241 2322 1464 2377 cateris
1495 2321 1778 2392 Apostoli-

111 2392 259 2463 cis;
291 2390 377 2463 vel
410 2389 670 2463 fortasse,
702 2397 758 2447 et
800 2392 886 2447 illi
927 2393 1390 2462 producebantur
1423 2395 1480 2447 in
1516 2389 1778 2463 partibus

112 2461 393 2531 epistola
421 2462 747 2531 Clementis,
771 2478 897 2532 qua
931 2465 1098 2519 hodie
1125 2461 1548 2530 desiderantur,
1584 2465 1665 2521 uti
1699 2465 1783 2519 in-

111 2535 330 2588 dicant
369 2533 586 2588 lacuna
614 2534 974 2605 circagﬁnem
1023 2535 1211 2590 adhuc
1253 2536 1515 2605 hiantes;
1554 2537 1637 2592 vel
1670 2550 1779 2605 op-

117 2608 447 2674 portunum
495 2605 733 2660 minime
768 2603 881 2661 fuit
909 2620 974 2662 eo
1003 2607 1126 2662 loco
1164 2609 1403 2676 produci
1445 2603 1779 2664 testimonia

112 2691 192 2731 ex
222 2677 428 2731 iisdem
459 2677 721 2745 partibus
747 2677 1060 2733 bibliorum
1084 2693 1099 2744 ',
1125 2692 1251 2733 cum
1277 2679 1420 2734 satis
1449 2681 1781 2735 conﬁrmata

114 2747 318 2803 fuisse
337 2756 702 2818 cognosceret
730 2763 798 2804 ex
815 2749 1078 2820 allegatis
1109 2749 1167 2802 B.
1203 2750 1479 2820 Clemens,
1503 2751 1636 2806 dum
1670 2751 1786 2805 lio-

120 2831 319 2874 mana
355 2820 621 2874 Ecclesia
650 2821 878 2876 nomine
897 2835 992 2876 eas
1034 2821 1257 2877 litteras
1287 2823 1466 2877 daret.
1500 2823 1785 2890 Quantum

118 2905 268 2946 vero
323 2892 596 2946 momenti
638 2893 751 2960 jam
805 2899 922 2948 tum
968 2891 1192 2948 ail‘erret
1225 2896 1486 2949 Romana
1523 2894 1790 2950 Ecclesia

119 2963 455 3036 auctoritas
488 2963 546 3036 in
569 2963 917 3020 stabilienda
939 2977 1154 3020 canone
1173 2967 1599 3036 Scripturarum
1627 2966 1790 3020 intel-

120 3033 381 3105 ligimus
410 3035 553 3090 satis
578 3048 646 3090 ex
681 3036 962 3106 Patribus,
995 3037 1282 3106 pracipue
1306 3033 1438 3093 vero
1467 3051 1534 3093 ex
1578 3038 1636 3091 B.
1680 3038 1788 3106 Au-

119 3106 373 3176 gustino
399 3107 456 3159 in
489 3106 640 3162 libro
660 3115 856 3164 contra
885 3105 1186 3178 epistolam
1208 3109 1503 3164 Manichai
1527 3122 1650 3178 cap.
1676 3105 1708 3162 4
1733 3114 1788 3163 et

256 3179 752 3250 lnteVrrOgantibus
808 3181 959 3234 enim
1015 3194 1119 3236 cur
1175 3181 1428 3236 crederet
1482 3179 1786 3250 Evangelio

119 3249 412 3322 Matthai,
462 3249 658 3319 Marci,
701 3253 883 3320 Luca,
910 3253 1181 3322 Joannis;
1217 3265 1326 3307 non
1360 3253 1614 3307 crederet
1644 3249 1782 3306 vero

123 3321 702 3393 pseudo—Evangelio
731 3323 1053 3392 Manichai,
1096 3321 1463 3393 aliorumque
1505 3324 1789 3378 sectario—

123 3407 286 3457 rum,
318 3394 619 3465 respondet
658 3408 718 3450 se
764 3395 981 3450 idcirco
1031 3395 1280 3465 primum
1329 3394 1475 3450 illud
1512 3395 1785 3463 recipere,

124 3466 286 3535 quod
339 3464 410 3518 ab
455 3464 707 3521 Ecclesia
756 3464 1045 3522 catholica
1091 3467 1367 3522 traditum
1417 3467 1528 3521 sibi
1581 3466 1791 3531 fuerit;

125 3550 410 3604 respuere
437 3542 625 3592 autem
659 3543 1004 3607 postremum
1032 3538 1136 3593 hoc
1175 3538 1498 3607 Manichal,
1543 3539 1690 3608 quod
1722 3535 1792 3591 ab

128 3608 394 3662 Ecclesia
420 3608 703 3664 catholica
738 3611 794 3665 id
829 3623 940 3665 non
973 3610 1274 3679 acceperit.
1316 3609 1451 3678 Qua
1475 3617 1666 3665 autem
1697 3622 1796 3664 es-

132 3685 227 3734 set
261 3680 510 3735 Ecclesia
545 3681 849 3750 catholica,
897 3682 993 3737 cui
1027 3681 1480 3736 sincerissimam
1525 3684 1670 3736 hanc
1695 3693 1796 3735 sa-

136 3752 420 3820 pientiam
451 3753 698 3808 tradenti
732 3753 892 3808 ﬁdem
926 3752 1201 3809 adhibere
1226 3759 1485 3824 cogatur,
1517 3758 1574 3808 et
1596 3751 1796 3808 adha-

137 3836 284 3893 rere,
324 3823 477 3894 satis
518 3831 712 3894 aperte
770 3825 1035 3880 monebat
1079 3839 1209 3881 cum
1263 3823 1379 3879 hac
1421 3825 1794 3894 pramitteret

133 3891 277 3962 cap.
311 3891 376 3948 4:
434 3915 458 3946 α
512 3891 686 3951 Tenet
733 3896 802 3951 ab
836 3897 960 3965 ipsa
992 3897 1124 3952 sede
1174 3897 1321 3951 Petri
1363 3891 1634 3966 apostoli,
1694 3896 1790 3951 cui

136 3967 454 4038 pascendas
484 3980 616 4022 oves
643 3982 776 4023 suas
810 3973 936 4038 post
961 3968 1436 4024 resurrectionem
1466 3982 1627 4024 suam
1676 3969 1789 4023 Do-

139 4037 340 4093 minus
369 4037 1012 4110 commendavit,usque
1033 4040 1100 4095 ad
1145 4048 1474 4108 prasentem
1506 4041 1797 4110 episcopa-

137 4114 262 4163 tum
297 4113 588 4166 successio
613 4111 993 4168 sacerdotum.
1027 4130 1052 4161 ι)
1087 4113 1190 4166 His
1235 4112 1408 4167 etiam
1453 4113 1797 4181 respondent

135 4193 224 4246 ea,
255 4195 381 4250 qua
414 4182 659 4250 protulit
686 4183 787 4238 lib.
813 4197 853 4238 ιι
880 4184 951 4238 de
978 4186 1166 4238 Doctr.
1188 4184 1400 4238 Christ.
1426 4184 1620 4254 cap.8,
1646 4188 1798 4238 ante-

138 4266 314 4322 quam
342 4267 440 4322 per
463 4255 713 4326 concilia
736 4256 1024 4326 generalia
1044 4267 1225 4311 canon
1254 4256 1473 4326 integre
1497 4255 1799 4326 perﬁcere-

139 4330 262 4392 tur,
291 4325 374 4378 uti
394 4323 774 4382 Bellarminus
798 4329 1357 4382 monetllontrovers.
1376 4323 1476 4381 lib.
1494 4323 1534 4397 i,
1557 4340 1679 4396 cap.
1700 4323 1794 4380 4οε

141 4416 168 4447 α
187 4397 248 4450 ln
265 4397 763 4468 canonicisautem
785 4398 1104 4468 Scripturis
1128 4398 1512 4453 Ecclesiarum
1539 4398 1795 4467 plurium

138 4467 564 4540 catholicarum
597 4467 997 4525 auctoritatem
1047 4483 1390 4540 sequamur:
1428 4470 1606 4540 inter
1653 4483 1798 4540 quas

137 4552 281 4611 sane
314 4539 429 4594 illa
458 4547 616 4611 sunt,
641 4555 766 4611 qua
787 4539 1141 4611 apostolicas
1153 4542 1316 4596 sedes
1349 4539 1574 4605 habere,
1603 4548 1657 4596 et
1674 4539 1798 4611 epi-

1895 1893 2088 1977 conda
2133 1894 2281 1977 sacri
2337 1893 2553 1975 eloquii
2603 1906 2634 1948 a
2676 1895 2838 1977 Petro
2879 1897 2934 1976 et
2966 1892 3139 1977 Paulo
3170 1895 3443 1977 suscepti,
3470 1895 3540 1950 ad

1889 1965 2362 2034 complementum
2382 1965 2531 2019 sacri
2551 1963 2789 2019 canonis
2806 1964 3255 2035 Scripturarum,
3286 1963 3544 2034 proxime

1887 2036 2334 2094 claudendicum
2359 2036 2528 2090 libris
2548 2036 2720 2105 hujus
2737 2035 2976 2105 apostoli
2993 2035 3214 2107 dilecti,
3235 2037 3336 2107 qui
3357 2039 3543 2091 Evan-

1889 2108 2027 2178 gelii
2062 2111 2272 2166 ﬂuenta
2314 2109 2384 2162 de
2413 2107 2700 2161 Dominici
2747 2107 2994 2176 pectoris
3037 2106 3192 2162 fonte
3224 2106 3534 2177 potaverat.

1889 2180 1995 2234 Vix
2017 2184 2165 2236 enim
2196 2179 2265 2234 ab
2290 2178 2436 2234 Urbe
2462 2179 2746 2248 relegatus
2769 2179 2826 2232 in
2851 2179 3098 2234 insulam
3127 2179 3391 2236 Pathmos
3418 2184 3540 2234 tum

1887 2252 2256 2324 Evangelium
2289 2263 2478 2317 suum,
2500 2255 2618 2304 tum
2642 2250 3042 2324 Apogalypsim
3078 2251 3365 2305 mandavit
3397 2250 3544 2324 litte-

1887 2324 1997 2379 ris.
2039 2321 2147 2379 Has
2183 2336 2314 2378 vero
2360 2327 2550 2391 partes
2601 2321 2731 2376 novi
2777 2321 3027 2376 Faderis
3075 2334 3369 2389 supremas
3421 2323 3546 2376 Ilo-

1890 2409 2067 2451 mana
2092 2395 2358 2451 Ecclesia
2386 2391 2567 2448 fuisse
2591 2393 2786 2447 statim
2811 2391 3170 2448 concreditas
3200 2406 3330 2448 cum
3368 2399 3542 2448 cate—

1890 2467 1973 2546 ris
2000 2465 2481 2546 Adivinis_l_itteris
2517 2463 2800 2546 colligere
2843 2477 3147 2546 possumus
3177 2475 3244 2546 ex
3297 2470 3542 2546 martyre

1887 2540 2113 2595 Justino
2139 2557 2151 2594 :
2189 2558 2215 2588 α
2244 2538 2347 2592 llic
2371 2537 2474 2604 (ait
2517 2536 2896 2605 Hieronymus
2921 2536 2992 2590 de
3019 2535 3227 2604 Script.
3262 2535 3542 2591 ecclesia-

1891 2610 2075 2680 sticis)
2117 2621 2247 2665 cum
2291 2609 2352 2662 in
2385 2607 2524 2662 urbe
2570 2608 2743 2680 Roma
2786 2605 3016 2680 haberet
3051 2606 3137 2668 τὰς
3178 2606 3446 2680 διατριϐὰς,
3491 2613 3548 2664 ει

1893 2677 2246 2738 Crescentem
2276 2682 2574 2749 Cynicum,
2608 2679 2708 2748 qui
2744 2677 2924 2733 multa
2941 2679 3215 2734 adversus
3253 2678 3544 2733 Christia-

1899 2768 2002 2810 nos
2032 2750 2480 2822 blasphemabat,
2511 2751 2898 2822 redargueret,
2929 2749 3220 2822 gulosum,
3253 2752 3308 2804 et
3340 2750 3545 2806 mortis

1900 2820 2193 2894 timidum,
2228 2822 2590 2892 luxuriaque
2627 2827 2683 2876 et
2732 2820 3045 2894 libidinum
3090 2826 3446 2890 sectatorem,
3475 2822 3546 2878 ad

1899 2893 2210 2954 extremum
2240 2894 2438 2950 studio
2479 2894 2624 2962 ejus,
2657 2897 2713 2947 et
2767 2893 3006 2948 insidiis
3057 2899 3361 2947 accusatus
3393 2894 3545 2962 quod

1895 2969 2264 3025 Christianus
2297 2970 2464 3030 esset,
2517 2977 2615 3033 pro
2642 2964 2870 3018 Christo
2922 2963 3258 3034 sanguinem
3308 2962 3482 3019 fudit.
3522 2983 3546 3014 υ

1897 3043 2049 3097 Inter
2088 3045 2286 3095 catera
2340 3049 2472 3091 vero
2516 3035 2730 3104 scripta
2771 3035 2987 3090 Justini
3039 3035 3327 3105 martyris,
3364 3036 3552 3091 Roma

1895 3111 1980 3173 τὰς
2035 3110 2282 3180 διατριϐὰς
2309 3107 2596 3180 habentis,
2634 3106 3029 3180 Hieronymus
3065 3111 3316 3180 recenset
3367 3107 3554 3162 inter-

1900 3177 2271 3254 pretationem
2302 3178 2980 3254 Apocalypseos:_Quam,
3018 3177 3229 3254 inquit,
3272 3179 3554 3254 interpre-

1898 3247 2087 3310 tantur
2123 3247 2373 3306 Just-inus
2409 3254 2622 3316 martyr
2667 3253 2718 3301 et
2760 3250 3019 3316 Irenaus,
3067 3249 3212 3302 alter
3250 3247 3476 3303 scilicet
3521 3262 3555 3304 a

1897 3328 1923 3382 J
1931 3327 2043 3382 usti
2057 3338 2124 3380 no
2147 3325 2426 3392 interpres
2446 3320 2706 3392 ejusdem,
2720 3318 3068 3392 saculiLqui
3089 3317 3310 3392 legatus
3329 3320 3484 3392 Lugd
3497 3334 3555 3375 u-

1901 3400 2096 3454 nensis
2144 3389 2410 3451 Ecclesia
2450 3392 2517 3446 ad
2556 3389 2878 3460 pontiﬁcem
2930 3389 3295 3445 Eleutherum
3327 3389 3552 3446 litteras

1904 3472 2133 3525 Romam
2166 3465 2422 3536 pertulit.
2454 3463 2598 3536 Sunt
2619 3468 2675 3518 et
2703 3462 2801 3533 qui
2818 3460 3108 3536 colligant
3134 3461 3313 3516 multo
3338 3467 3556 3536 Amatu-

1905 3543 2031 3596 rius
2065 3532 2432 3595 memoratum
2455 3532 3117 3602 codicem’epistolarum
3147 3534 3555 3589 canonicarum

1906 3613 2136 3668 nomine
2166 3609 2414 3680 Apostoli
2445 3607 2502 3680 i__n
2529 3605 2777 3680 epistola
2793 3604 3006 3680 l‘gnatii
3033 3605 3301 3680 martyris
3325 3605 3400 3680 ad
3432 3605 3559 3680 Phi:

1906 3675 2233 3752 ladelphios
2253 3693 2412 3736 num.
2447 3676 2500 3746 5,
2533 3679 2658 3746 ejus
2701 3675 2924 3732 scilicet
2952 3676 3255 3752 apostolici
3285 3677 3417 3743 viri,
3451 3676 3555 3745 qui

1905 3769 2014 3812 non
2049 3747 2212 3809 modo
2247 3752 2435 3807 Roma
2473 3755 2732 3804 versatus
2767 3752 2874 3814 est,
2908 3747 3002 3802 sed
3060 3748 3116 3802 in
3160 3747 3307 3802 Urbe
3341 3755 3550 3817 marty-

1904 3828 2055 3883 rium
2074 3824 2283 3892 subiit,
2307 3824 2472 3892 juxta
2501 3821 2903 3890 Hieronymum
2936 3831 3098 3892 anno
3113 3819 3341 3892 Trajani
3370 3819 3558 3892 unde-

1903 3900 2073 3954 cimo.
2092 3888 2281 3966 Quare
2296 3888 2415 3966 non
2431 3892 2600 3966 modo
2615 3888 2745 3966 ante
2766 3904 2946 3966 annos
2958 3888 3034 3966 20
3052 3889 3121 3944 ab
3139 3889 3300 3966 obitu
3321 3889 3558 3966 Joannis

1904 3961 2266 4040 evangelista
2293 3971 2355 4021 ut
2382 3964 2469 4019 illi
2493 3963 2796 4040 colligunt,
2826 3961 3260 4040 Pandectesille
3286 3961 3565 4040 apostoli;

1905 4057 2009 4097 cus
2035 4031 2175 4096 Novi
2201 4037 2545 4094 Testamenti
2575 4031 2824 4090 Romana
2853 4034 2910 4088 in
2947 4033 3194 4089 Ecclesia
3227 4031 3424 4101 fuerit,
3457 4033 3552 4088 sed

1907 4113 2076 4168 etiam
2126 4113 2278 4166 intra
2327 4107 2671 4164 decennium
2721 4119 2754 4160 a
2806 4106 3157 4161 dormitione
3197 4105 3453 4173 Joannis,
3505 4105 3557 4160 si

1911 4183 2236 4254 Hieronymi
2270 4179 2705 4254 chronologiam
2729 4190 3038 4254 sequamur
3052 4177 3114 4254 in
3149 4175 3389 4254 libi-ode
3413 4177 3563 4254 Scri-

1911 4248 2174 4326 ptoribtis
2191 4248 2622 4326 ecclesiasticis,
2653 4249 2752 4306 ubi
2773 4262 2895 4304 eam
2921 4248 3120 4326 retulit
3139 4249 3209 4304 ad
3237 4249 3411 4326 initia
3433 4251 3565 4304 Tra-

1905 4320 2057 4398 iani.
2115 4328 2319 4398 Verum
2363 4325 2432 4379 de
2489 4323 2685 4378 codice
2741 4321 3186 4398 apostolicarum
3237 4320 3560 4398 litterarum

1909 4391 2057 4470 apud
2108 4397 2394 4469 lgnatium
2453 4399 2781 4464 memorato,
2827 4393 2927 4470 uti
2965 4391 3188 4470 Millius
3233 4391 3565 4470 ex_Grabi_o

1909 4462 2316 4542 (Prolegomen.
2353 4473 2582 4542 censet
2639 4462 3064 4542 (nec'jortasse
3103 4462 3435 4542 immerito)
3481 4464 3562 4518 sit

1913 4531 2282 4614 'penes'alios
2343 4531 2654 4614 judicium.
2702 4533 2878 4590 Nobis
2929 4533 3155 4614 abunde
3201 4531 3443 4614 suﬁicigt
3484 4547 3559 4614 ex

140 4610 328 4684 stolas
351 4602 614 4684 accipere
641 4602 1251 4668 meruerunt.Tenebit
1278 4613 1460 4684 igitur
1492 4602 1644 4668 hunc
1671 4602 1798 4668 m'o-
1830 4602 1882 4663 D
1909 4602 2137 4672 Justino
2170 4602 2413 4682 martyre
2443 4614 2498 4665 et
2537 4611 2747 4684 Irenaeo
2777 4618 3008 4684 censum
3042 4605 3563 4684 utriusqueTesta-

137 4683 280 4755 dum
308 4683 365 4755 in
391 4683 713 4754 Scripturis
736 4685 1053 4753 canonicis,
1081 4690 1143 4741 ut
1167 4697 1263 4740 eas
1295 4683 1420 4755 qua
1436 4684 1507 4739 ab
1528 4685 1798 4742 omnibus

134 4753 822 4827 accipiuntur’Ecclesiis
851 4757 1176 4826 catholicis,
1213 4753 1506 4827 praponat
1544 4757 1629 4812 eis
1656 4771 1799 4826 quas

137 4826 408 4900 quadam
441 4839 554 4900 non
585 4828 902 4900 accipiunt.
937 4830 994 4883 In
1028 4829 1114 4885 eis
1158 4826 1288 4884 vero
1330 4843 1456 4900 qua
1497 4841 1606 4884 non
1637 4829 1798 4883 acci-

139 4897 391 4972 piuntur
421 4897 491 4952 ab
521 4899 810 4972 omnibus,
840 4907 1131 4970 praeponat
1155 4913 1250 4956 eas
1283 4897 1426 4972 quas
1458 4900 1652 4970 plures
1678 4913 1801 4970 gra-

135 4969 401 5042 vioresve
441 4971 739 5040 accipiunt
788 4969 875 5026 eis
933 4969 1076 5042 quas
1141 4969 1800 5042 pauci'ores’minorisve

134 5041 514 5116 auctoritatis
541 5043 806 5116 Ecclesia
825 5041 1036 5116 tenent.
1064 5062 1090 5093 n
1112 5041 1426 5100 Tutissime
1447 5044 1630 5116 igitur
1657 5049 1800 5114 pete-

137 5111 548 5181 banturjuxta
578 5114 830 5185 regulam
861 5115 1266 5186 Augustiniab
1293 5117 1397 5170 hac
1431 5111 1675 5171 Ecclesia
1699 5117 1798 5171 Ro-

136 5196 328 5252 mana,
354 5199 493 5258 qua
537 5186 730 5240 eodem
785 5194 926 5243 teste
974 5201 1148 5257 supra
1177 5193 1409 5242 cateras
1457 5188 1534 5242 ita
1569 5192 1799 5258 prastat

133 5257 491 5329 auctoritate
539 5270 604 5312 ac
647 5259 917 5328 primatu,
953 5273 1076 5329 qua
1119 5265 1176 5314 et
1203 5257 1581 5324 apostolicam
1608 5260 1795 5316 sedem

136 5327 348 5383 habere
399 5330 609 5402 meruit
653 5336 708 5384 et
757 5327 1107 5400 apostolicas
1163 5331 1404 5402 litteras,
1449 5339 1511 5387 ut
1559 5333 1798 5402 proinde

135 5412 370 5455 necesse
398 5401 544 5455 foret
563 5414 672 5456 auc
697 5408 1053 5458 oramentum
1081 5404 1340 5459 omnium
1370 5401 1794 5459 validissimum

136 5470 209 5545 iis
232 5471 411 5545 libris
433 5473 717 5540 accedere,
739 5489 886 5545 quos
906 5475 1007 5530 illa
1028 5475 1240 5531 divina
1261 5477 1627 5530 auctoritatis
1649 5488 1795 5543 esse,

131 5542 370 5617 sibique
391 5542 1084 5602 concreditos‘aﬁirmaret
1110 5566 1121 5602 :
1158 5546 1472 5617 prasertim
1500 5559 1628 5600 cum
1675 5542 1797 5602 me;

133 5614 450 5686 minissent
487 5617 747 5673 historia
777 5614 1198 5675 Ecclesiastica
1219 5619 1567 5683 conditores,
1605 5618 1708 5674 hac
1734 5619 1795 5686 in

129 5685 583 5773 Eccrle‘sia'datas
625 5691 774 5773 Petri
797 5691 1186 5773 apostolorum
1203 5687 1783 5773 .pr‘incipisﬂlitteras,

132 5771 258 5838 qua
276 5760 837 5838 Paulinasepistolas
850 5777 981 5838 cum
1008 5760 1491 5838 reliquisdivinis
1515 5760 1786 5834 Scripta;

132 5833 213 5885 ris
231 5833 620 5888 accensendas
641 5847 766 5892 esse
798 5849 904 5893 nos
923 5837 1182 5904 doceant,
1209 5835 1303 5890 hic
1321 5835 1460 5892 Acta
1488 5833 1789 5904 apostolo-

135 5915 260 5961 rum
283 5917 320 5962 a
348 5905 500 5962 Luca
518 5907 859 5980 perscripta,
891 5909 986 5965 hic
1015 5905 1382 5979 Evangelium
1402 5907 1598 5980 Marci,
1622 5910 1786 5975 Petro

431 5997 666 6058 ΡΑτιιοι..
707 5997 977 6058 CXXVII.

1913 4685 2087 4742 menti
2123 4675 2403 4740 librorum
2450 4686 2508 4736 in
2557 4679 2818 4734 Romana
2865 4676 3130 4732 Ecclesia
3161 4675 3399 4730 scriniis
3427 4675 3557 4731 col—

1909 4760 2106 4830 ligere.
2133 4757 2274 4810 Cum
2306 4753 2458 4830 enim
2487 4751 2603 4830 duo
2638 4750 2727 4805 illi
2755 4749 3068 4830 scriptores
3105 4746 3246 4830 adeo
3275 4746 3552 4830 illustres,

1907 4819 1989 4886 et"
2014 4830 2353 4896 interpretes
2382 4822 2796 4896 Apocalypseos
2821 4823 3010 4896 Roma
3039 4819 3269 4896 versati,
3307 4824 3360 4874 et
3404 4819 3556 4896 hunc

1912 4889 2261 4972 postremum
2300 4889 2449 4952 Novi
2490 4889 2834 4972 Testamenti
2894 4891 3108 4972 librum
3152 4889 3424 4972 haberent
3449 4891 3552 4972 ,ίῳ

1913 4961 2291 5044 perspectum,
2311 4964 2894 5044 utpratercorticem
2915 4963 3120 5044 littera
3145 4963 3314 5044 etiam
3343 4961 3560 5044 medul-

1910 5033 2020 5101 lam
2047 5033 2300 5112 spiritus
2325 5033 2439 5112 sibi
2475 5037 2744 5112 traditam
2775 5035 2999 5112 cateris
3019 5034 3330 5112 aperirent,
3362 5033 3557 5088 mani-

1909 5107 2115 5173 festum
2165 5118 2250 5168 est
2316 5109 2712 5166 collectionem
2773 5107 3054 5178 integram
3122 5107 3553 5178 Scripturarum

1909 5187 2215 5255 utriusque
2267 5181 2520 5255 faderis,
2568 5179 2764 5255 statim
2797 5192 2862 5255 ac
2893 5177 3187 5255 edebatur,
3223 5177 3558 5255 huic__pra~

1907 5249 2279 5318 stantissima
2328 5249 2588 5310 omnium
2634 5250 2898 5306 Ecclesia
2929 5249 3112 5306 fuisse
3140 5249 3547 5305 concreditam.

1904 5335 2088 5403 Quare
2145 5329 2250 5403 hoc
2280 5327 2454 5403 etiam
2509 5321 3552 5403 nomineejusdemauctoramentum

1906 5393 2126 5460 divinis
2158 5400 2328 5454 libris
2359 5395 2819 5453 internoscendis
2839 5393 3246 5464 expetebatur;
3279 5406 3410 5447 cum
3432 5393 3549 5462 jam

1911 5483 2030 5532 tum
2072 5470 2430 5527 Tertulliano
2482 5473 2626 5523 teste
2664 5465 2751 5538 (de
2792 5468 3115 5535 Prascript.
3161 5470 3345 5520 contr.
3390 5464 3551 5536 har.,

1908 5562 2032 5617 cap.
2065 5543 2152 5614 36)
2178 5543 2312 5598 talis
2345 5540 2652 5617 haberetur
2683 5539 2932 5617 Romana
2962 5538 3226 5617 Ecclesia,
3257 5539 3347 5617 cui
3379 5549 3557 5617 Torani

1910 5609 2214 5675 mmmam
2243 5613 2474 5684 apostoli
2499 5627 2619 5666 cum
2648 5613 2915 5684 sanguine
2949 5626 3044 5664 suo
3067 5609 3461 5684 profuderunt,
3501 5616 3559 5664 et

1907 5692 2144 5758 idcirco,
2201 5682 2518 5742 ut'ibidem
2563 5683 2863 5758 sequitur,
2899 5684 3064 5758 legem
3108 5682 3398 5758 prophetas
3435 5696 3558 5758 cum

1900 5753 2226 5832 euangelicis
2253 5762 2302 5813 et
2325 5753 2660 5832 propheticis
2695 5753 2891 5810 litteris
2916 5755 3120 5832 inisset,
3157 5759 3208 5808 et
3236 5753 3366 5832 iride
3386 5756 3556 5832 pAutat

1896 5825 2076 5906 ﬁdem'.
2106 5825 2532 5906 AxiomaAenim
2558 5831 2873 5906 est_ratum
2916 5825 3176 5882 habitum
3208 5826 3550 5906 etiamfam:

1895 5894 2097 5975 'brosio
2127 5917 2298 5961 serm.
2337 5899 2410 5958 22
2448 5901 2509 5958 in
2557 5899 2756 5974 psalm.
2808 5910 3007 5974 cxvni,
3059 5898 3363 5976 exponenti
3398 5894 3558 5952 illud.
