4036 6174
146 337 289 395 “Ol

1008 337 1327 395 HISTORIA
1363 339 1453 395 DE
1490 337 1665 396 VITIS
1700 337 1869 395 ROM.
1914 337 2113 395 PONT.
2156 368 2225 380 ——
2262 338 2318 395 S.
2359 341 2695 400 CLEMENS.

3428 349 3567 410 4102

149 462 541 541 coadjutores,
594 468 649 518 et
696 463 899 541 vicarii
942 464 1389 541 lclrcaannum
1418 464 1661 541 _Chrisii
1716 460 1890 524 567A
1922 463 2182 541 gionum,
2233 464 2451 521 indicta
2497 478 2536 541 a
2577 465 2715 541 _Caio
2757 469 2946 523 accitis
2990 470 3234 541 undique
3279 474 3447 541 copiis
3493 474 3562 530 ad

153 533 393 607 quando
418 535 541 604 ipse
576 535 957 607 constituerat
984 536 1379 592 Occidentales
1416 536 1645 605 imperii
1672 550 1811 607 pro-

147 605 381 677 vincias
415 619 715 677 peragrare
742 606 810 661 ad
837 605 1189 663 inferendam
1217 608 1274 662 in
1303 621 1399 663 eas
1430 608 1609 664 lucem
1636 605 1810 664 Evan-

148 676 320 745 gelii,
356 677 443 732 uti
476 676 652 746 supra
698 678 869 733 retuli
906 683 963 733 et
992 679 1325 735 confirmavi
1355 680 1719 736 documentis
1748 681 1805 733 in

148 749 313 803 notis
334 749 402 803 ad
424 751 477 803 S.
504 751 727 804 Petrum
760 750 919 805 Lino.
948 750 1208 806 Clemens
1227 764 1360 807 vero
1386 751 1617 820 adjutor
1643 750 1803 806 Pauli

144 833 282 874 cum
331 821 666 892 nominetur
704 821 765 875 in
810 821 1052 891 epistola
1105 822 1174 878 ad
1226 822 1627 892 Philippenses
1674 823 1803 879 data

145 892 308 946 circa
341 904 556 947 annum
592 891 683 961 60,
728 896 785 947 et
828 893 999 962 paulo
1028 896 1159 949 ante
1204 907 1316 949 una
1358 891 1487 950 cum
1531 895 1803 949 Anacleto

149 969 520 1037 recenseatur
551 964 700 1037 inter
728 963 1003 1037 diaconos
1036 965 1195 1037 Petro
1239 965 1635 1022 ministrantes
1663 964 1800 1037 (nisi

146 1034 353 1089 addita
380 1036 457 1089 sit
476 1048 538 1107 ea
565 1034 831 1107 periocha
859 1034 1341 1107 epistolaalgnatii
1366 1037 1433 1092 ad
1457 1034 1799 1099 Trallianos,

149 1119 280 1176 qua:
312 1116 451 1160 sect.
479 1102 513 1160 7
546 1102 599 1160 id
632 1105 827 1178 refert,
859 1102 943 1162 uti
976 1102 1423 1178 supravexpendi
1456 1109 1515 1164 in
1549 1109 1702 1164 notis
1732 1109 1800 1163 ad

150 1178 381 1250 Linum»
410 1178 501 1250 his
533 1177 721 1233 verbis
754 1180 901 1248 apud
933 1177 1276 1235 Cotelerium
1323 1180 1377 1234 in
1415 1180 1799 1250 lnterpolatis,

150 1262 281 1319 pag.
314 1248 426 1304 66:
462 1248 606 1314 Quid
632 1265 757 1304 vero
797 1250 1015 1304 diaconi
1052 1266 1217 1319 quam
1254 1253 1555 1305 imitatione
1572 1248 1803 1318 'Angeli-

148 1337 347 1375 carum
381 1324 646 1375 virtutum
672 1324 699 1375 ?
725 1337 924 1391 parum
954 1327 1003 1376 et
1049 1327 1298 1376 sanctum
1324 1324 1688 1377 ministerium
1718 1323 1805 1375 illi

149 1392 493 1461 exhibentes,
534 1398 595 1447 ut
624 1397 847 1446 sanctus
890 1392 1200 1463 Stephanus
1241 1394 1392 1448 beato
1430 1395 1651 1463 Jacobo,
1702 1395 1804 1448 Ti—

148 1464 399 1518 motheus
438 1470 487 1519 et
523 1464 694 1517 Linus
736 1466 923 1531 Paulo,
982 1465 1280 1519 Anacletus
1319 1470 1369 1519 et
1406 1465 1643 1519 Clemens
1693 1466 1803 1519 Pe-

150 1537 259 1618 tro)
290 1536 767 1618 videturccodem
799 1548 948 1618 anno
986 1534 1107 1618 60',“
1125 1535 1383 1618 nuntium
1434 1541 1804 1618 consecratus

147 1604 486 1676 episcOpus.
527 1606 611 1662 Ab
640 1620 791 1663 anno
824 1607 1006 1679 igitur
1041 1605 1111 1663 60
1158 1607 1226 1663 ad
1259 1604 1348 1678 65,
1385 1608 1689 1679 quaerenda
1717 1612 1806 1663 est

150 1680 282 1747 ejus
322 1679 617 1734 ordinatio
642 1678 1007 1748 episcopalis.

226 1750 584 1820 Yendelinus
599 1750 748 1820 apud
766 1749 1059 1805 laudatum
1081 1749 1427 1806 Cotelerium
1446 1754 1600 1805 tomo
1617 1751 1657 1817 I,
1676 1761 1800 1820 pag.

1921 535 2307 612 Britannicam
2339 535 2762 612 expeditionem
2785 556 2802 612 :_
2820 541 2928 612 cui
2960 535 3434 612 altera'proxi'me
3461 556 3566 599 ac-

1918 608 2093 685 cessit
2118 607 2225 663 sub
2245 607 2508 685 Claudio,
2532 622 2711 680 eaque
2735 608 2983 685 feliciter
3002 607 3286 669 absoluta.
3311 614 3563 685 Utraque

1956 679 2106 734 otuit
2131 693 2256 733 cum
2282 679 2546 736 Cornelio
2577 679 2935 750 centurione,
2969 697 3034 739 ac
3066 686 3289 741 caneris
3314 679 3565 742 commi-

1943 750 2198 806 itonibus
2229 764 2347 807 sua:
2381 752 2695 821 praesertim
2725 753 2984 810 cohortis
3019 756 3232 812 Italica:
3262 763 3362 813 aut
3406 757 3563 813 alia—

1916 836 2042 877 rum
2074 835 2267 895 secum
2304 823 2634 895 degentium
2667 823 2727 879 in
2760 824 3080 895 Palaestina,
3122 833 3177 883 et
3225 829 3562 885 domesticis

1913 906 2123 971 secum
2161 893 2511 971 baptizatis,
2549 908 2615 950 ac
2671 896 2917 971 testibus
2964 893 3210 955 oculatis
3268 906 3559 971 gestorum

1911 964 2414 1041 Chrisli_D_omini,
2465 970 2530 1041 et_
2557 966 2972 1040 apostolorum,
3003 974 3085 1025 tot
3112 964 3399 1041 praecones
3445 985 3558 1029 no-

1914 1041 2043 1091 strae
2073 1036 2204 1093 ﬂdei
2235 1050 2301 1093 eo
2340 1036 2672 1109 transferre,
2702 1045 2841 1109 quot
2873 1036 3129 1107 militesi
3156 1048 3257 1098 aut
3302 1043 3557 1099 militum

1913 1109 2121 1175 socios,
2184 1108 2673 1178 conturbernales,
2720 1108 2951 1167 amicos
3008 1114 3146 1168 Novi
3210 1115 3554 1170 Testamenti

1917 1180 2525 1253 ministrosdiaconos,
2544 1180 2918 1253 presbyteros
2943 1184 3040 1253 qui
3070 1184 3324 1241 ordinati
3344 1193 3553 1252 essent,

1912 1264 2104 1326 secum
2148 1251 2374 1326 habere.
2416 1251 2795 1326 Exploremus
2840 1251 3004 1310 modo
3049 1269 3119 1311 an
3167 1264 3361 1326 parata
3408 1263 3557 1313 esset

1911 1322 2104 1397 eadem
2136 1323 2366 1379 occasio
2394 1324 2860 1397 transmissionis
2900 1340 3083 1397 usque
3110 1322 3556 1385 in‘Britanniam

1911 1393 2019 1470 sub
2045 1395 2263 1470 Nerone
2290 1399 2416 1464 post
2440 1408 2653 1470 annum
2670 1395 2896 1470 Christi
2927 1393 3015 1470 60‘,
3050 1399 3151 1470 qui
3181 1404 3303 1455 erat
3334 1413 3365 1455 a
3394 1414 3560 1457 com-

1914 1464 2074 1541 pleto
2092 1466 2349 1541 ejusdem
2386 1466 2639 1541 mliioris
2666 1467 2896 1538 imperii
2925 1464 3127 1541 primo
3150 1470 3557 1541 quinquennio

1914 1536 2236 1662 prc_)c)ilnus,
2274 1537 2400 1606 ipso
2439 1536 2662 1595 Nerone
2692 1536 2779 1608 ut,
2809 1545 2865 1595 et
2906 1536 3183 1597 Cornelio
3212 1536 3385 1599 Cosso
3410 1555 3559 1599 con-

1914 1622 1978 1662 Sll
2013 1623 2028 1662 ι
2075 1622 2164 1662 IIS.

1912 1622 2164 1664 SllllDllS.

1981 1680 2213 1756 Tacitus
2236 1678 2691 1756 Annaliumiib:
2706 1695 2826 1744 xxv,
2858 1683 3163 1756 sequentis
3193 1683 3329 1740 anni
3362 1684 3560 1756 (Chri-

1911 1750 1986 1824 sti
2015 1748 2105 1822 6l)
2132 1750 2400 1824 consules
2428 1750 2627 1807 subdit
2654 1748 2976 1810 Caesonium
3011 1755 3240 1824 Paetum,
3272 1761 3327 1811 et
3359 1748 3560 1813 Petro-

156 1817 283 1890 437,
317 1835 388 1899 εις
418 1817 697 1899 anonymo
726 1822 1008 1899 scriptore
1043 1817 1800 1899 Graecodeeertamiuibus,
1828 1838 1881 1899 Β
1915 1817 2097 1899 uium'
2118 1822 2524 1899 Turpilianum
2553 1842 2567 1876 :
2608 1838 2737 1899 quo
2764 1838 2915 1881 anno
2956 1832 3168 1896 narrat,
3218 1817 3555 1884 Suetonium

155 1892 751 1964 peregrinationibus,
785 1893 903 1949 vita
931 1901 986 1948 ct
1013 1898 1192 1949 morte
1224 1893 1370 1948 Petri
1403 1898 1458 1949 et
1492 1892 1650 1948 Pauli
1681 1900 1806 1947 sta-

155 1966 275 2019 tuit
305 1964 604 2020 nobiscum
630 1969 874 2034 tempus,
903 1972 958 2020 et
982 1976 1213 2019 causam
1235 1965 1624 2020 ordinationis
1652 1964 1801 2034 Lini,

152 2041 209 2091 et
234 2034 410 2106 Cleti,
441 2041 497 2090 et
527 2034 901 2106 profectionis
934 2037 1081 2090 Petri
1115 2049 1185 2090 ex
1213 2036 1355 2091 Urbe
1386 2036 1444 2090 in
1480 2034 1807 2105 provincias

151 2107 548 2163 occidentales
582 2107 831 2177 imperii.
866 2107 947 2162 ita
978 2110 1043 2162 ut
1072 2107 1243 2161 etiam
1281 2107 1552 2175 perducat
1583 2107 1641 2161 in
1674 2107 1808 2161 Bri-

155 2179 448 2234 tanniam.
476 2180 535 2233 In
564 2180 755 2234 reditu
775 2192 904 2234 vero
926 2192 994 2233 ex
1019 2178 1316 2249 Britannia
1338 2178 1651 2249 contigisse
1670 2191 1808 2233 nar—-

154 2257 249 2306 rat
276 2250 705 2305 ordinationem
733 2250 1062 2305 Clementis.
1098 2248 1278 2305 Verba
1304 2248 1602 2304 Vcndelini
1634 2254 1801 2304 sunt:

156 2343 183 2373 α
226 2321 477 2377 Claudio
507 2321 735 2377 sublato
764 2337 814 2377 τι.
848 2322 907 2376 (1.
942 2334 1025 2375 ιιι.
1057 2320 1194 2376 Idus
1216 2318 1502 2389 Octobris,
1536 2332 1685 2375 anno
1715 2333 1811 2375 no-

152 2398 283 2449 stro
333 2390 425 2463 54,
473 2394 751 2449 successit
794 2395 962 2463 Nero,
997 2392 1182 2461 primo
1216 2392 1445 2463 imperii
1490 2392 1583 2446 sui
1629 2390 1812 2461 quin«

153 2464 422 2535 quennio
459 2464 945 2520 clementissimus
990 2464 1274 2533 princeps.
1298 2462 1422 2535 Sub
1468 2476 1581 2535 quo
1614 2463 1812 2518 Petrus

156 2534 430 2591 reversus
452 2537 703 2605 Romam,
735 2549 847 2592 non
881 2535 1005 2590 illic
1025 2534 1405 2591 sedentariam
1429 2534 1601 2589 vitam
1637 2538 1814 2605 trans-

153 2607 315 2678 egit;
351 2607 447 2663 sed
477 2609 730 2679 graviter
757 2614 929 2677 atque
962 2607 1205 2679 impigre
1230 2605 1378 2679 alias
1401 2618 1630 2679 quoque
1654 2604 1813 2679 orbis

158 2676 413 2734 Romani
450 2676 773 2748 provincias
795 2678 1113 2739 circumiit,
1141 2690 1206 2732 ac
1233 2677 1482 2747 denique
1511 2677 1569 2730 in
1597 2676 1816 2731 Britan-

158 2750 295 2805 nias
325 2751 666 2820 penetravit.
715 2752 856 2806 Dum
894 2762 1024 2805 vero
1055 2748 1234 2818 abest,
1265 2762 1333 2803 ne
1360 2750 1534 2804 Roma
1558 2748 1686 2802 sine
1711 2760 1813 2802 ca-

156 2822 284 2892 pite
300 2821 539 2877 interim
556 2827 767 2894 ageret,
789 2822 995 2894 Linum
1017 2820 1109 2894 illi
1132 2820 1812 2894 constituitepisccpum,

154 2889 481 2949 consulatu
527 2889 770 2949 Ne'ronis
813 2898 868 2949 et
913 2892 1152 2959 Veteris,
1185 2904 1334 2947 anno
1381 2896 1578 2946 nostro
1624 2889 1712 2946 55.
1760 2891 1815 2945 Is

156 2978 299 3021 vero
332 2965 485 3020 sedit
512 2977 693 3020 annos
731 2964 1035 3021 duodecim
1074 2960 1811 3035 (inchoatoslinterpretor),

156 3038 276 3092 hoc
321 3040 429 3104 est,
476 3036 742 3092 undecim
784 3039 1012 3091 exactos
1050 3033 1179 3091 cum
1213 3033 1509 3090 mensibus
1543 3033 1810 3105 quatuor,

153 3108 380 3165 diebus
406 3108 730 3177 duodecim,
767 3107 1058 3178 quotidem
1091 3119 1315 3162 menses
1355 3119 1420 3161 ac
1450 3106 1576 3161 dies
1609 3105 1817 3161 habent

160 3179 520 3235 membrana:
573 3180 965 3234 Bucherianae.
1022 3179 1209 3234 Desiit
1254 3191 1388 3249 ergo
1437 3178 1626 3235 vivere
1664 3189 1816 3249 anno

160 3257 372 3309 nostro
415 3250 487 3307 66
516 3252 772 3320 omnino,
821 3251 1047 3306 vivente
1077 3250 1266 3305 adhuc
1306 3251 1491 3319 Petro,
1534 3249 1683 3318 quod
1716 3248 1817 3320 lu-

159 3325 402 3380 culente
432 3322 732 3379 conﬁrmat
760 3319 1011 3392 Scriptor
1039 3334 1359 3392 anonymus
1392 3320 1462 3375 de
1492 3319 1817 3392 certamini-

162 3396 305 3465 bus,
331 3389 918 3466 peregrinationibus,
944 3393 1059 3448 vita
1079 3398 1135 3466 et
1166 3389 1345 3466 morte
1365 3391 1513 3447 Petri
1538 3395 1593 3466 et
1618 3389 1811 3466 Pziuli;

162 3461 349 3540 quem
369 3461 944 3540 Arundellaecolmitis
963 3464 1289 3540 sacellanus
1304 3461 1593 3540 (Perlmus)
1608 3475 1637 3540 c
1654 3462 1818 3540 Grie-

163 3532 263 3595 éia
292 3551 491 3593 secum
520 3538 750 3595 advexit
773 3537 834 3592 in
860 3535 1148 3607 Angliam,
1175 3548 1245 3591 ex
1277 3548 1388 3606 quo
1420 3532 1709 3607 Patricius
1732 3533 1821 3607 ju;

167 3612 312 3666 nius
338 3609 626 3665 illustrem
654 3610 806 3665 hunc
832 3604 1018 3664 locu'm
1041 3604 1203 3677 citat,
1227 3604 1419 3664 Graece
1443 3604 1694 3676 quidem,
1722 3605 1819 3661 sed

170 3695 349 3754 quem
379 3694 483 3752 ego
513 3682 598 3754 sic
633 3681 826 3737 Latine
852 3684 1232 3754 repraesento:
1266 3679 1516 3754 Mei-atus
1538 3677 1733 3754 Petrus
1763 3679 1823 3754 in

170 3748 474 3807 Britannia
502 3752 618 3806 dies
647 3754 881 3822 aliquot,
906 3748 1025 3806 cum
1049 3750 1246 3805 multos
1272 3750 1639 3803 illuminasset
1661 3748 1821 3822 verbo

169 3827 397 3893 gratiae,
428 3820 803 3893 Ecclesiasque
841 3820 1251 3888 constituisset;
1288 3825 1579 3893 postquam
1608 3820 1823 3888 episco—

168 3892 273 3966 pos
301 3892 517 3966 quoque
546 3900 598 3951 et
614 3892 958 3965 presbyteros
986 3911 1051 3950 ac
1081 3894 1338 3949 diaconos
1369 3892 1697 3966 ordinasset,
1728 3894 1827 3945 im-

167 3962 373 4039 positis
392 3962 656 4039 manibus
694 3962 1008 4039 duodecimo
1034 3967 1265 4023 Neronis
1295 3980 1439 4020 anno
1468 3965 1540 4035 (is
1560 3962 1684 4039 _fuit
1714 3966 1826 4039 no:

174 4034 299 4095 sier
345 4037 418 4093 69
450 4039 567 4108 jam
619 4037 930 4109 indicatus)
974 4040 1171 4092 iterum
1215 4039 1433 4093 Romam
1478 4034 1644 4109 rediit
1668 4035 1825 4109 {ubi

173 4112 381 4165 Linum
395 4106 521 4178 1am
541 4116 816 4165 mortuum
845 4106 1147 4177 inveniens,
1184 4110 1501 4164 Clementem
1530 4107 1641 4160 loco
1670 4106 1825 4160 illius

172 4182 464 4237 ordinavit
504 4184 759 4251 invitum,
797 4182 1227 4249 dignitatemque
1264 4183 1428 4235 istam
1464 4183 1823 4251 recusantem.

173 4254 351 4321 Quem
380 4254 587 4308 idoneis
614 4249 927 4308 rationibus
948 4267 1297 4321 persuasum,
1329 4268 1393 4305 ac
1423 4250 1686 4321 conlidere
1714 4249 1826 4303 ad-

173 4269 351 4321 uuem
380 4269 587 4308 idoneis
614 4269 927 4308 rationibus
993 4269 1297 4313 ersuasum,
1329 4269 1393 4305 ac
1423 4269 1686 4319 con/tuere
1714 4269 1826 4303 aa-

173 4328 471 4391 monitum,
494 4328 555 4379 in
580 4325 896 4380 cathedram
925 4269 1240 4377 dlivinorum
1265 4323 1626 4392 eloquiorium
1641 4318 1828 4391 (quam

172 4399 301 4481 ilic
326 4397 658 4481 obtinuerat)
705 4394 1513 4481 sublimcuit.nProiectionem
1573 4392 1717 4481 hanc
1750 4392 1826 4481 'in

176 4469 546 4525 Britanniam
573 4462 809 4524 aliunde
834 4466 983 4522 vidit
1011 4466 1183 4523 etiam
1216 4464 1516 4535 Baronius,
1548 4468 1604 4519 et
1632 4469 1720 4520 est
1747 4462 1831 4520 lu-

174 4541 450 4598 culenter
476 4546 761 4605 astructa,
802 4551 914 4594 non
952 4540 1031 4593 ita
1064 4538 1305 4608 pridem,
1339 4555 1365 4586 »
1398 4541 1509 4608 etc.

1916 1893 2221 1949 Paulinum
2255 1893 2973 1965 obtinentem’Britannos,
3016 1903 3070 1953 et
3110 1893 3557 1956 cancertatorem

1912 1965 2279 2042 Corbulonis,
2308 1978 2460 2021 anno
2486 1968 2775 2042 superiori
2801 1968 3044 2039 gloriam
3062 1970 3258 2042 adepti
3290 1971 3561 2042 singula-

1916 2051 2033 2092 rem
2077 2036 2148 2091 ob
2189 2042 2466 2115 receptam
2511 2036 2860 2115 Armeniam,
2903 2036 3268 2115 contendisse
3307 2036 3555 2115 militare,

1915 2115 2014 2165 aut
2030 2109 2363 2184 supergredi
2383 2108 2576 2184 a;mul_i
2598 2110 2690 2184 sui
2704 2108 2909 2168 decora
2926 2113 3156 2183 egregio
3180 2108 3389 2184 aliquo'
3402 2108 3561 2184 gesto

1915 2186 2113 2253 contra
2139 2179 2381 2253 rebelles
2412 2180 2618 2237 insulae
2650 2179 2991 2238 Britannica}
3021 2202 3033 2238 :
3066 2179 3099 2238 ἐι
3127 2179 3342 2253 quibus
3372 2179 3561 2240 tamen

1920 2252 2025 2324 hoe
2055 2265 2206 2324 anno
2237 2251 2405 2324 talem
2446 2258 2779 2324 tantamque
2806 2254 3023 2310 cladem
3065 2251 3371 2318 sustinuit,
3408 2261 3470 2311 ut
3502 2256 3561 2310 in

1916 2322 2147 2379 colonia
2187 2323 2597 2388 Camaloduno,
2644 2322 2899 2381 récenter
2926 2326 3099 2382 ducta
3148 2326 3257 2382 sub
3298 2327 3560 2392 Claudio,

1919 2393 2188 2468 Londini,
2212 2399 2266 2450 et
2288 2394 2347 2450 in
2372 2395 2693 2468 municipio
2713 2395 3038 2468 Verulamio
3059 2398 3423 2468 septuaginta
3444 2397 3569 2453 mil-

1920 2465 2000 2520 lia
2046 2466 2258 2522 civium
2309 2471 2363 2521 et
2407 2467 2696 2537 sociorum
2734 2468 2923 2524 occisa
2972 2465 3156 2525 fuisse
3201 2465 3564 2537 compererit.

1919 2537 2095 2592 Tanta
2146 2536 2469 2606 amplitudo
2524 2540 2749 2594 numeri
2799 2539 3175 2596 deductorum
3240 2536 3460 2596 civium
3513 2547 3568 2596 et

1922 2608 2210 2682 sociorum
2258 2608 2365 2663 sub
2405 2607 2648 2682 Claudio
2683 2611 2740 2665 in
2773 2610 3128 2667 Britanniam
3174 2612 3318 2667 satis
3360 2626 3572 2682 super-

1922 2678 2332 2753 quedeclarat,
2363 2684 2501 2749 quot
2527 2680 2875 2753 legionariis
2913 2681 3207 2753 Romanis,
3249 2688 3349 2738 aut
3394 2678 3573 2740 sociis

1921 2749 2313 2824 auxiliaribus
2339 2754 2461 2805 tum
2488 2750 2558 2805 ab
2596 2751 2743 2808 Urbe
2776 2751 2990 2818 missis,
3029 2758 3151 2810 tum
3179 2749 3249 2809 ex
3280 2753 3443 2824 Syria
3469 2768 3577 2811 ac-

1923 2822 2079 2895 citis:
2111 2835 2172 2877 se
2201 2821 2510 2895 adjungere
2539 2825 2829 2892 potuerint
2854 2825 3054 2880 Petrus
3088 2821 3572 2895 aliique'praaco-

1924 2906 2025 2976 nes
2041 2892 2359 2976 Biaiigelii,
2387 2892 2440 2948 et
2469 2895 2643 2976 novis
2660 2894 2885 2976 legatis,
2916 2892 3411 2976 procuratoribus,
3439 2911 3574 2976 prte-

1924 2962 2090 3019 fectis
2105 2962 3166 3047 legionummenturionibusieoriimve
3180 2962 3576 3047 familiaribus

1924 3048 1984 3108 se
2027 3035 2267 3108 comites
2285 3035 2454 3108 dare.
2502 3037 2562 3089 In
2596 3036 2822 3093 colonia
2864 3036 3250 3108 Camaloduno
3297 3040 3571 3108 templum

1923 3107 2057 3179 divo
2096 3105 2337 3161 Claudio
2371 3106 2490 3179 jam
2526 3109 2929 3179 constitutum,
2971 3107 3335 3179 delectosque
3378 3105 3577 3166 sacer-

1846 3198 1895 3260 C
1924 3178 2090 3260 dotes
2119 3184 2390 3260 memorat
2427 3178 2678 3260 Tacitus.
2721 3177 2959 3260 Quidni,
2993 3184 3048 3234 et
3077 3177 3394 3260 Christiani
3428 3194 3575 3260 verte

1927 3248 2231 3320 religionis
2256 3246 2477 3320 cultum
2507 3249 2868 3320 tentaverintl
2888 3246 3198 3320 propagare
3219 3250 3247 3304 ?
3277 3252 3347 3306 At
3373 3252 3578 3307 consi-

1925 3318 2190 3377 deremus
2224 3318 2742 3390 copiasmilitares
2765 3333 2831 3375 ac
2856 3318 3113 3390 legiones
3139 3320 3413 3378 Suetonio
3449 3328 3578 3378 tra—

1926 3392 2099 3461 ditas,
2118 3397 2173 3447 et
2193 3390 2339 3462 alias
2360 3389 2609 3462 subinde
2625 3392 2832 3447 missas
2855 3389 2981 3462 post
2997 3391 3215 3448 cladem
3241 3393 3572 3449 indicatam.

1928 3464 2113 3535 Paetus
2137 3461 2381 3518 Cerialis
2413 3461 2634 3535 legatus
2666 3462 2914 3535 legionis
2945 3476 3109 3518 nonae
3136 3464 3283 3521 hanc
3307 3464 3570 3521 ducebat.

1927 3534 2240 3591 Suetonius
2269 3533 2531 3602 quartam
2554 3533 2835 3590 decimam
2857 3548 2986 3590 cum
3020 3535 3342 3591 vexillariis
3373 3536 3577 3592 vicesi-

1931 3618 2070 3661 mae:
2101 3610 2155 3660 et
2182 3619 2250 3660 ex
2297 3605 2578 3674 proximis
2619 3605 2957 3677 auxiliares,
2990 3606 3182 3677 decem
3225 3605 3341 3662 fere
3391 3607 3577 3664 millia

1929 3682 2302 3733 armatorum.
2343 3677 2573 3748 Ptenius
2622 3676 2953 3748 Postumius
3001 3676 3301 3748 prmiectus
3350 3683 3578 3735 castro-

1931 3762 2059 3804 rum
2102 3748 2367 3820 secundae
2405 3746 2602 3820 aderat
2631 3762 2760 3804 cum
2803 3762 2909 3804 sua
2938 3746 3180 3820 legione.
3212 3768 3238 3800 α
3285 3748 3576 3820 Auxitque

1933 3791 2130 3889 copias
2168 3791 2358 3876 ’ἐξολεῖν
2399 3816 2501 3945 ἱᾶἰῐ
2543 3791 2776 3876 Tacitus
2803 3791 3085 3889 scct.v§8v)
3123 3791 3581 3877 iussis"e“'é‘i‘£1

1936 3892 2126 3945 mania
2146 3891 2377 3945 duobus
2424 3890 2852 3945 eaionariorum
2878 3890 3161 3945 millibus.
3187 3896 3314 3945 octo
3335 3892 3581 3945 auxilia-

1936 3892 2126 3946 mania
2146 3891 2377 3947 duobus
2402 3890 2852 3961 legionariorum
2878 3890 3161 3961 millibus,
3187 3896 3314 3948 octo
3335 3892 3581 3948 auxilia-

1935 3964 2155 4018 riorum
2181 3962 2536 4031 cohortibus,
2566 3975 2631 4017 ac
2659 3961 2816 4017 mille
2837 3962 3156 4031 equitibus.
3184 3980 3209 4013 υ
3238 3963 3483 4019 Tandem
3508 3963 3580 4019 ad

1932 4032 2318 4090 dirimendam
2348 4033 2608 4089 Suetonii
2658 4034 2831 4105 legati
2868 4032 3223 4090 discordiam
3265 4048 3396 4090 cum
3425 4034 3580 4091 Julio

1932 4105 2180 4162 Cassitio
2208 4112 2595 4175 procuratore,
2631 4125 2657 4156 α
2690 4104 2744 4159 et
2768 4104 2837 4161 ad
2871 4105 3242 4174 spectandum
3269 4106 3581 4163 Britanniae

1936 4183 2148 4251 statum
2183 4177 2396 4234 missus
2416 4182 2501 4233 est
2530 4190 2598 4231 ex
2629 4175 3206 4251 libertisPolycletus
3230 4191 3436 4251 magna
3465 4179 3584 4251 Ne-

1938 4249 2096 4304 ronis
2125 4262 2242 4319 spe,
2274 4262 2439 4319 posse
2462 4247 2806 4304 auctoritate
2830 4249 2956 4318 ejus
2981 4247 3094 4304 non
3122 4248 3288 4305 modo
3317 4247 3467 4306 inter
3494 4250 3583 4305 le—

1938 4326 2130 4392 gatum
2153 4326 2695 4391 procuratoremque
2716 4323 2841 4389 ejus
2861 4319 3226 4377 concordiam
3254 4320 3415 4392 gigni
3446 4339 3459 4389 ;
3482 4322 3578 4377 sed

1937 4390 1991 4448 et
2026 4390 2263 4447 rebelles
2295 4390 2668 4448 barbarorum
2707 4392 2934 4448 animos
2966 4405 3101 4461 pace
3137 4390 3424 4460 componi.
3456 4392 3581 4448 Non

1937 4462 2123 4520 defuit
2150 4463 2489 4534 Polycletus,
2522 4476 2637 4533 quo
2669 4463 2863 4519 minus
2902 4462 3119 4533 ingenti
3146 4461 3374 4534 agmine
3401 4462 3581 4534 Italiae

1939 4532 2261 4614 Gallimque
2277 4535 2493 4606 gravis,
2518 4532 2815 4614 postquam
2835 4533 3120 4614 Qecanum
3139 4532 3577 4614 tninsmisisset,

257 4595 436 4668 Xnno
464 4595 646 4684 igitur
671 4595 856 4684 56'4ita
904 4595 1183 4684 promotis
1211 4595 1582 4684 ad_'ordinem_
1601 4606 1832 4684 episco-
1862 4595 1915 4656 D
1944 4595 2233 4684 militibus
2252 4595 3344 4684 qvuoque'tios‘tristerribillsincederet.
3371 4620 3398 4653 ι
3419 4595 3583 4660 Justo

179 4684 376 4756 palem
428 4678 570 4756 Lino
611 4688 670 4739 et
709 4678 1136 4756 Cleto,’_Petruls_
1175 4679 1351 4756 modo
1383 4678 1453 4756 ad
1498 4678 1829 4756 orientales,

182 4749 362 4812 modo
391 4755 461 4811 ad
490 4749 884 4824 occidentales
912 4753 1142 4824 imperii
1165 4822 1169 4824 λ
1192 4750 1522 4824 provincies
1558 4749 1677 4824 _tide
1718 4750 1833 4804 im-

182 4827 452 4883 buendas
478 4826 653 4882 Roma
695 4820 1012 4897 profectus,
1040 4820 1411 4897 fundamenta
1446 4820 1831 4897 Ecclesiarum

176 4897 461 4969 jaciebat,
478 4902 535 4953 et
548 4892 851 4968 episcopos
868 4898 927 4953 in
945 4892 1344 4969 compluribus
1360 4892 1664 4969 statuebat,
1683 4905 1834 4969 pra:—

182 4963 393 5026 sertim
422 4963 520 5041 eos
562 4963 618 5024 in
663 4963 1335 5041 Occidentalis,‘quo_slin
1367 4965 1522 5041 notis
1557 4963 1834 5041 _Sommier

181 5043 256 5098 ad
290 5054 453 5097 num.
491 5039 513 5095 4
552 5055 726 5112 supra
743 5036 1073 5112 retulimus,
1102 5036 1170 5095 ex
1192 5038 1426 5112 illarum
1450 5036 1832 5112 Ecclegiarum

187 5113 569 5169 monimentis
598 5107 664 5168 ac
694 5107 1111 5168 traditionibus
1139 5108 1471 5167 recensitos.
1502 5107 1586 5165 Ad
1618 5107 1833 5162 Britan-

187 5198 295 5240 nos
343 5184 520 5239 etiam
573 5190 898 5254 penetrasse
948 5183 1127 5254 (quod
1179 5183 1478 5254 luculenter
1532 5184 1835 5254 astrucium

185 5259 368 5322 fuisse
412 5270 522 5309 non
558 5251 639 5309 ita
663 5256 880 5326 pridem
908 5251 1260 5311 vendelinus
1301 5251 1575 5326 afﬁrmat),
1602 5251 1835 5326 perhos

184 5328 420 5383 eosdem
453 5340 645 5398 annos
663 5322 767 5398 qui
804 5328 862 5382 in
892 5340 1004 5382 aera
1042 5325 1257 5380 Christi
1290 5322 1581 5398 communi
1608 5322 1837 5398 subse-

188 5404 463 5468 quuntur
490 5411 559 5453 ex
588 5396 657 5454 60
683 5392 741 5454 et
757 5398 847 5457 63.
882 5398 1187 5454 admodum
1222 5395 1513 5468 probabile
1544 5394 1689 5448 mihi
1720 5392 1837 5468 rcd-

186 5464 357 5526 ditur
387 5484 456 5525 ex
479 5470 777 5525 occasione
797 5470 1191 5526 constituendi
1214 5464 1398 5524 status
1420 5466 1585 5520 illius
1617 5464 1839 5526 provin-

190 5542 319 5605 ciae,
355 5540 596 5612 legenda
621 5542 772 5610 apud
798 5542 1059 5597 Tacitum
1090 5540 1397 5612 Annalium
1428 5536 1531 5591 lib.
1572 5532 1638 5612 14
1666 5539 1724 5590 et
1749 5532 1835 5612 l5.

262 5604 451 5689 Supra
477 5604 735 5689 vidimus
766 5613 825 5689 in
860 5613 1014 5668 notis
1050 5611 1119 5689 ad
1154 5625 1313 5689 num;
1343 5604 1393 5679 4,
1428 5610 1706 5689 quanium
1728 5604 1841 5689 .fa—

190 5678 445 5740 cilitatis
473 5683 766 5739 addiderit
795 5686 958 5739 Petro
983 5697 1051 5739 ex
1086 5683 1249 5751 Syria
1280 5678 1840 5751 Romamladvenien-

188 5756 275 5826 di,
307 5761 368 5811 et
389 5754 721 5825 hospitandi
751 5755 998 5826 inUrbe,
1026 5749 1146 5810 tum
1168 5752 1340 5826 etiam
1360 5751 1484 5826 ejus
1501 5749 1835 5821 discipulis,

193 5823 571 5899 et'ablegatis
600 5826 660 5899 in
694 5825 1034 5899 perferendo
1056 5823 1363 5899 Evangelio
1398 5823 1467 5878 ad
1501 5828 1697 5899 gentes
1744 5835 1841 5899 per

195 5893 588 5957 occidentales
617 5893 849 5973 imperii
880 5893 1238 5971 provincias,
1260 5893 1592 5953 convocatio
1622 5893 1726 5951 illa
1751 5894 1842 5951 le-

1944 4678 2125 4749 igitur
2149 4672 2428 4749 exercitui
2452 4674 2560 4731 sub
2581 4674 2856 4730 Suetonio
2884 4672 3157 4749 militanti
3179 4676 3370 4741 ingens
3386 4690 3581 4749 agmen

1940 4744 2118 4803 Italia.0
2148 4747 2447 4815 Galliaeque
2475 4762 2640 4814 grave
2661 4744 3064 4815 superaddidit
3090 4744 3196 4800 hoc
3221 4757 3371 4801 anno
3393 4745 3581 4803 liber-

1941 4824 2037 4876 tus
2056 4818 2319 4888 Neronis,
2340 4815 2871 4873 futurusterribilis
2891 4816 3063 4871 etiam
3081 4815 3371 4888 militibus
3386 4818 3582 4873 Roma-

1942 4892 2067 4947 nis:
2098 4890 2233 4946 licet
2250 4886 2493 4943 hostibus
2517 4889 2715 4942 irrisus
2742 4889 2934 4956 fuerit,
2958 4887 3104 4955 quod
3122 4886 3255 4954 dum,
3287 4892 3337 4941 et
3361 4889 3582 4943 exerci-

1942 4968 2029 5017 tus
2053 4963 2179 5017 belli
2206 4963 2480 5028 confector
2499 4960 2736 5013 servitiis
2766 4958 3065 5013 obedirent.
3103 4960 3243 5015 Dum
3275 4959 3452 5015 Roma
3473 4960 3576 5016 di-

1942 5034 2205 5107 greditur
2248 5030 2577 5107 Polycletus
2605 5029 2848 5086 libertus
2876 5029 3302 5107 Cassariscanno
3340 5028 3420 5107 64_
3445 5044 3575 5087 cum

1941 5099 2134 5162 Eodem
2179 5099 2389 5172 ingenti
2430 5104 2665 5169 agmine,
2724 5114 2910 5157 nonne
2958 5099 3328 5158 versabantur
3387 5103 3577 5158 Romae

1940 5176 2254 5233 Christiani
2284 5172 2607 5244 complures
2625 5173 2691 5227 de
2721 5173 2875 5227 domo
2907 5173 3136 5228 Caesaris
3156 5175 3184 5226 ?
3213 5187 3457 5244 quorum
3483 5187 3579 5230 no-

1946 5250 2115 5328 _min_e,
2146 5246 2231 5328 vel
2260 5246 2364 5328 iioc
2389 5246 2583 5328 eodem
2608 5258 2789 5328 anno,_
2807 5244 3181 5328 vel‘pcciime
3203 5246 3575 5328 consequenti

1944 5316 2155 5376 Paulus
2174 5318 2244 5373 ab
2265 5316 2412 5373 Urbe
2433 5317 2690 5372 scribens
2710 5316 2921 5371 salutat
2957 5316 3353 5386 Philippenses
3383 5316 3442 5371 in
3468 5316 3577 5372 line

1944 5391 2199 5464 epistolae
2218 5407 2241 5464 Ξ
2269 5389 2527 5464 Salutant
2554 5403 2645 5442 vos
2675 5389 3081 5464 omn_es_s_ancti,
3125 5389 3363 5464 marium
3400 5392 3579 5464 autem
3603 5452 3615 5464 ⁸

1946 5458 2043 5534 qui
2089 5463 2155 5517 de
2204 5461 2432 5516 Caesaris
2474 5460 2633 5534 ldomo
2679 5462 2824 5512 sunt.
2872 5459 3027 5534 Hanc
3064 5458 3216 5534 enim
3263 5458 3576 5534 Epistolatn

1948 5529 2212 5607 plerique
2232 5534 2445 5607 Patres,
2473 5532 2807 5607 interpretes
2825 5535 2885 5607 ei
2909 5529 3173 5607 histcrici
3195 5530 3450 5607 ecclesiis
3473 5531 3577 5587 hoc

1949 5598 2076 5677 ipso
2111 5598 2262 5661 anno
2294 5602 2384 5671 6t,
2416 5598 2501 5677 vel
2529 5598 2788 5677 pro'itimo
2818 5598 2906 5677 62,
2940 5601 3212 5677 scriptam
3245 5600 3426 5659 fuisse
3455 5606 3582 5659 sta—

1947 5672 2137 5745 tuunt,
2163 5688 2380 5732 necnon
2410 5673 2557 5729 alias
2586 5673 2655 5729 ad
2692 5674 2983 5743 Ephesios,
3016 5672 3085 5728 ad
3117 5672 3496 5745 Colossenses,
3526 5679 3581 5730 et

1946 5750 2016 5806 ad
2045 5748 2404 5804 Timotheum
2435 5746 2741 5802 secundam
2767 5763 2779 5799 :
2818 5745 2877 5799 in
2908 5756 3021 5815 qua
3050 5757 3179 5800 cum
3224 5744 3439 5802 salutet
3469 5758 3541 5801 no
3564 5772 3584 5783 -

1950 5822 2102 5877 mine
2130 5817 2364 5887 Eubuli,
2391 5816 2685 5886 Pudentis,
2716 5816 2865 5886 Lini,
2895 5822 2949 5871 et
2973 5815 3226 5872 Claudiae
3251 5830 3440 5872 secum
3468 5830 3583 5887 ver-

1948 5891 2222 5966 santium,
2274 5885 2495 5964 poSsem
2544 5888 2605 5945 in
2651 5885 2902 5954 medium
2948 5887 3200 5967 proferre
3244 5885 3584 5945 sententiam
