4036 6174
143 326 299 388 4405

1011 328 1334 389 HISTORIA
1370 329 1462 387 DE
1502 328 1681 387 vms
1716 304 1885 387 neu.
1927 324 2126 386 rom.
2165 356 2235 369 -
2272 325 2328 384 s.
2369 325 2703 383 CLEMENS.

3426 321 3565 382 4406

142 459 393 527 majoris
423 470 528 514 sua
557 456 681 515 vice
703 457 1103 530 peragendum,
1128 458 1224 515 sed
1256 456 1427 530 etiam
1452 456 1521 514 ad
1549 454 1799 530 regimen
1827 444 1884 508 A
1915 454 1969 526 9,
2004 457 2365 529 postmodum
2391 455 2718 530 Evaristum
2748 455 2811 530 in
2851 455 2962 513 ﬁne
2992 456 3332 526 Domitiani,
3363 463 3419 513 et
3463 470 3561 526 per

140 532 439 588 universae
464 530 733 587 Ecclesiae
762 528 891 587 cuin
919 528 1169 586 maximo
1187 529 1523 602 pontiﬁcatu
1546 528 1605 584 in
1637 541 1697 584 se
1714 540 1803 602 _re-

141 604 510 672 cipiendum,
540 604 770 673 quando
800 617 898 673 per
925 616 1043 672 eos,
1073 602 1141 657 ad
1173 597 1317 673 quos
1345 601 1653 671 pertineret
1678 597 1802 673 ele-

142 670 287 737 ctio,
350 675 518 729 Petro
559 670 858 731 decedenti
901 670 1208 730 successor
1254 670 1638 742 cooptaretur.
1691 670 1797 725 Vix

141 747 301 802 enim
331 745 449 801 alia
476 745 698 801 ratione
729 747 935 816 exponi
968 759 1131 813 posse
1156 746 1320 801 video
1366 744 1623 816 delectus
1648 743 1801 816 duo-

145 830 276 873 rum
327 816 478 889 (Lini
526 824 584 889 et
621 812 882 887 Cleti)’ad
912 812 1417 889 ministerium,ac
1445 812 1802 889 tertii_(Cle-

149 886 385 955 mentis)
414 886 853 958 designatio,et
896 894 1235 958 prmeeptum
1279 888 1348 944 ad
1380 886 1800 943 successionem

144 975 278 1017 cum
310 957 678 1031 plenitudine
702 957 1021 1031 potestatis,
1047 957 1104 1016 et
1133 959 1415 1015 cathedrae
1443 957 1755 1014 traditione
1785 974 1798 1011 :

148 1046 296 1103 quas
356 1041 579 1088 certum
611 1038 698 1087 est
745 1045 814 1088 ex
853 1032 1159 1103 catalogis,
1184 1038 1239 1085 et
1277 1036 1496 1087 asserto
1546 1031 1800 1103 Patrum,

144 1099 442 1167 tumillos,
479 1108 597 1175 tum
624 1103 778 1159 hunc
803 1099 1084 1175 gradatim
1112 1102 1455 1175 obtinuisse,
1478 1107 1534 1158 et
1562 1099 1806 1175 admini-

142 1181 365 1231 strasse
389 1174 737 1245 singillatim
773 1172 899 1245 post
926 1180 1161 1232 mortem
1192 1174 1282 1230 sui
1329 1172 1669 1245 decessoris.
1698 1172 1803 1245 Ite-

142 1247 396 1316 spondet
424 1244 614 1302 autem
649 1246 978 1316 hujusmodi
1007 1246 1320 1315 explicatio
1344 1244 1677 1315 apostolicae
1696 1244 1809 1316 vir:-

140 1313 257 1374 tuti
296 1318 476 1374 trium
503 1313 743 1373 illorum
765 1313 1263 1374 sanctissimorum
1298 1313 1632 1386 pontiﬁcum
1666 1313 1800 1383 :qui

141 1404 277 1446 cum
315 1396 468 1445 recte
494 1390 778 1445 sentirent
822 1395 943 1445 tum
983 1390 1052 1445 de
1083 1388 1469 1456 amplitudine
1493 1386 1803 1457 dignitatis

142 1462 382 1517 modum
418 1461 730 1516 humanum
764 1473 1152 1530 supergressa,
1182 1464 1303 1515 tum
1343 1461 1413 1515 de
1461 1470 1805 1530 onoreggra—

138 1533 390 1589 vissimo
423 1533 655 1587 maximi
687 1528 1021 1599 sacerdotis,
1066 1532 1233 1587 vadis
1261 1545 1293 1586 a
1318 1533 1431 1588 Deo
1472 1528 1799 1585 constituti.

137 1606 392 1675 ejusque
407 1603 635 1673 judicio
660 1605 991 1673 responsuri
1014 1604 1084 1659 de
1108 1602 1293 1675 salute
1311 1601 1566 1658 universi
1587 1600 1797 1675 gregis,

135 1672 319 1745 atque
357 1672 679 1730 animarum
731 1672 989 1731 omnium
1032 1674 1491 1745 concreditarum
1520 1672 1799 1745 rationem

137 1748 190 1804 ei
229 1744 521 1803 reddituri
554 1746 979 1811 ;formidabant
1009 1754 1128 1803 tum
1160 1746 1317 1802 illam
1356 1744 1795 1811 sublimitatem,

1914 527 2326 600 consequentes
2378 527 2672 598 principes
2698 529 2933 585 Nervam
2972 532 3024 583 et
3065 530 3368 597 Trajanum
3392 547 3408 583 :
3434 542 3561 597 quae

1909 599 2854 657 omniaSibiconstantiadistincte
2866 600 3069 655 retulit
3082 599 3563 656 Bibliothecarius

1916 676 1973 729 et
2000 679 2131 729 ante
2158 673 2322 729 illum
2353 676 2555 730 auctor
2577 671 2823 741 catalogi
2852 670 3144 728 Liberiani
3176 678 3381 742 quarto
3403 669 3566 726 Chri-

1912 745 1989 800 sti
2018 745 2249 811 saeculo,
2275 745 2500 800 eosdem
2527 746 2772 801 Caesares
2797 742 3122 800 attribuens
3150 743 3405 815 singulis
3432 755 3564 811 pon-

1914 816 2172 872 tiﬁcibus
2192 816 2545 880 memoratis,
2577 828 2799 884 necnon
2822 815 3127 870 consulum
3161 816 3323 884 paria
3354 815 3558 871 iisdem

1915 888 2270 957 temporibus
2306 888 2731 958 respondentia.
2772 883 2957 958 Quare
3007 883 3208 943 mirari
3254 887 3423 958 satis
3450 898 3565 942 non

1917 973 2169 1028 possum.
2212 957 2413 1015 contra
2442 958 2775 1030 hujusmodi
2801 957 3256 1030 chronologiam,
3289 963 3346 1014 et
3372 957 3566 1014 histo-

1917 1030 2083 1101 riam,
2113 1031 2227 1087 sibi
2262 1029 2528 1101 undique
2545 1030 2941 1096 cohaerentem,
2971 1034 3029 1086 et
3058 1029 3340 1087 ﬁrmatam
3377 1030 3568 1085 docu—

1916 1103 2128 1158 mentis
2156 1104 2411 1172 Patrum,
2444 1116 2511 1159 ac
2543 1102 3026 1158 monimentorum
3066 1106 3232 1157 aetate
3257 1101 3563 1170 proximis,

1913 1178 1971 1229 et
2020 1173 2162 1231 loco.
2191 1174 2453 1230 advocari
2482 1188 2550 1230 ex
2579 1174 2815 1244 .Egypto
2844 1173 3213 1244 Eutycbium,
3234 1172 3446 1229 decimi
3470 1186 3571 1229 sae-

1914 1243 2032 1301 culi
2063 1244 2320 1301 infelicis
2342 1245 2522 1302 imum
2540 1243 2901 1314 scriptorem,
2926 1244 3027 1315 qui
3053 1258 3153 1300 nec
3170 1258 3275 1301 sua
3300 1245 3444 1301 satis
3472 1258 3573 1300 no-

1912 1322 2092 1378 verat,
2120 1317 2179 1372 in
2204 1317 2417 1373 nostris
2443 1331 2574 1373 vero
2601 1317 2807 1386 hospes
2822 1316 3056 1373 omnino
3079 1315 3212 1385 fuit,
3235 1330 3300 1372 ac
3328 1316 3572 1373 destitu-

1914 1392 2011 1444 tus
2063 1401 2407 1459 quocunque
2457 1388 2853 1459 ﬁrmamento;
2905 1387 3073 1458 quasi
3113 1387 3413 1459 Egyptius
3458 1387 3568 1443 iste

1914 1458 2491 1516 BatriCidesanilium
2513 1458 2839 1516 fabularum
2858 1464 3154 1527 consutor,
3176 1458 3242 1515 ut
3264 1459 3415 1527 apud
3443 1472 3572 1514 eru-

1912 1530 2068 1603 ditos
2094 1531 2279 1601 audit,
2310 1531 2555 1587 idoneus
2585 1530 2843 1603 medicus
2865 1530 3102 1588 futurus
3127 1531 3213 1587 sit
3239 1529 3568 1603 languentis

1910 1600 2251 1728 glqougdigjus
2311 1603 2538 1673 patroni
2582 1601 2806 1674 putant)
2856 1605 3009 1674 apud
3060 1600 3363 1660 nostrates
3392 1601 3572 1659 chro-

1910 1686 2172 1743 nonogiae.

1983 1742 2152 1802 Linea
2194 1744 2279 1801 45.
2310 1776 2384 1787 -
2411 1747 2670 1816 Sepultus
2711 1749 2789 1800 est
2816 1748 2878 1799 in
2903 1744 3130 1801 Graecia.
3172 1746 3252 1801 De
3298 1745 3423 1801 loco
3462 1742 3564 1800 ubi

136 1789 276 1875 cum
300 1789 531 1888 propria
555 1789 1257 1888 humilitaﬁauco'm'ponere,
1282 1789 1573 1874 tumuillud
1595 1804 1798 1889 discri$
1826 1816 1877 1877 Β
1906 1789 2279 1886 θκεῖἶιδῖθιθῖἶξ
2295 1789 3574 1889 ωδτῖξιῗῖιίῖἓυῖἷθιιὶῑῗείίᾷἶξ

136 1904 270 1946 men
301 1886 434 1945 cum
472 1891 701 1959 propria
732 1886 1086 1946 inﬁrmitate.
1119 1888 1306 1957 Quare
1337 1888 1618 1959 gradatim
1663 1886 1800 1959 ani-

136 1962 343 2017 mandi
376 1967 432 2017 et
461 1957 823 2017 confortandi
854 1960 1081 2018 fuerant
1116 1962 1185 2017 ad
1219 1957 1443 2031 pondus
1473 1972 1583 2015 non
1610 1957 1800 2031 decli-

135 2034 446 2105 nandum:
474 2033 561 2088 illi
592 2033 822 2105 quidem
854 2033 969 2089 duo
1000 2033 1168 2105 longa
1197 2029 1617 2105 consuetudine
1636 2029 1801 2084 vica—

136 2106 245 2160 rize
276 2104 810 2160 administrationis
838 2103 1164 2161 exercendae
1186 2103 1292 2159 sub
1317 2103 1601 2172 praecipua
1636 2106 1800 2172 pote-

133 2181 291 2232 state
320 2177 608 2245 principis
637 2176 1049 2245 apostolorum,
1080 2171 1346 2231 Romanu
1376 2172 1641 2245 Ecclesiae
1671 2171 1803 2241 epi—

135 2243 447 2316 scopatum
488 2243 965 2319 unice—gerentis
1011 2243 1197 2318 quoad
1239 2246 1497 2319 viveret;
1545 2243 1641 2319 hic
1670 2256 1803 2298 vero

131 2315 441 2390 (Clemens)
500 2315 756 2385 urgend‘o
803 2321 991 2389 ipsum
1026 2315 1325 2390 praeceptis
1369 2317 1540 2390 etiam
1563 2315 1631 2371 ad
1664 2327 1806 2390 suc-

132 2385 485 2455 cessionem,
512 2391 561 2446 si
597 2390 654 2445 in
684 2385 842 2447 tanto
860 2385 1125 2445 Ecclesiae
1151 2385 1511 2451 diScrimine,
1532 2394 1586 2442 et
1619 2385 1807 2455 proxi-

137 2475 234 2517 ma
284 2461 574 2517 viduitate
620 2462 911 2518 divinitus
959 2466 1290 2517 evocaretur
1318 2460 1386 2515 ad
1422 2459 1572 2514 Petri
1601 2457 1805 2513 cathe-

138 2534 337 2600 dram,
376 2533 508 2589 licet
541 2533 697 2589 nulla
729 2533 1143 2589 exercitatione
1193 2532 1402 2601 praevia
1428 2530 1687 2601 ejusdem
1708 2528 1805 2601 vi—

137 2599 430 2670 cariatus,
464 2618 630 2675 quem
664 2606 843 2661 Linus
866 2611 922 2660 et
951 2603 1144 2664 Cletus
1171 2599 1252 2660 tot
1279 2604 1396 2675 jam
1420 2602 1597 2675 annis
1625 2599 1804 2655 admi-

138 2673 557 2741 nistraverant,
594 2677 715 2746 ipse
747 2690 806 2732 se
841 2676 1130 2746 judicaret
1155 2677 1350 2730 minus
1373 2673 1648 2746 idoneum
1688 2685 1801 2742 prae

136 2756 396 2818 utroque
444 2747 564 2816 illo,
623 2745 689 2802 ac
729 2754 885 2803 tanto
911 2746 1146 2817 fastigio
1178 2745 1665 2816 longeimparem,
1698 2755 1800 2818 nec

139 2814 446 2875 ullatenus
474 2814 910 2874 admovendum.
949 2814 1157 2873 Rerum
1206 2814 1490 2888 gestarum
1527 2814 1801 2888 memoria

134 2889 451 2946 conﬁrmat
485 2890 713 2945 allatam
748 2886 1469 2960 expositionemIConstat
1492 2888 1668 2954 enim,
1698 2886 1800 2940 Li—

134 2975 282 3017 num
334 2974 446 3016 non
495 2959 833 3017 Clementem
867 2961 1049 3017 fuisse
1086 2961 1239 3017 Petri
1303 2959 1625 3030 proximum
1657 2971 1796 3013 suc—

130 3045 450 3099 cessorem,
484 3046 551 3088 ex
600 3033 854 3088 omnium
907 3034 1161 3097 Patrum,
1204 3046 1271 3088 ac
1322 3032 1794 3087 documentorum

130 3103 442 3173 suffragio.
474 3104 710 3160 Constat
757 3104 1085 3159 eorumdem
1136 3105 1365 3159 Patrum
1398 3100 1793 3170 aﬁirmatione,

1911 1888 1972 1941 B.
1991 1888 2267 1957 Clemens,
2303 1888 2630 1958 complures
2655 1890 2881 1946 erudite
2910 1889 3289 1958 scripserunt.
3322 1888 3571 1959 Collegit

1911 1972 2107 2015 eorum
2139 1962 2457 2017 sententias
2486 1961 2661 2017 Phili:
2688 1975 2797 2031 pus
2826 1960 3218 2030 Rondininus,
3246 1960 3572 2016 Faventinaa

1912 2032 2182 2103 Egclesiae
2206 2032 2545 2103 canonicus,
2603 2032 2664 2088 in
2694 2046 2865 2102 opere
2885 2032 3076 2089 Romae
3107 2033 3388 2103 impresso
3417 2044 3570 2087 anno

1916 2100 2055 2160 4706
2071 2105 2135 2158 de
2164 2106 2221 2159 S.
2254 2104 2517 2162 Clemente
2534 2100 2686 2175 papa
2714 2100 2765 2159 et
2797 2110 3069 2175 martyre,
3082 2100 3310 2174 ejusque
3340 2104 3572 2159 basilica

1914 2176 1975 2230 in
2004 2177 2136 2230 urbe
2160 2178 2347 2231 Roma.
2382 2171 2554 2232 Libro
2596 2171 2633 2237 ιζ
2665 2190 2786 2246 cap.
2821 2174 2892 2246 l.
2916 2171 2970 2231 n‘.
3011 2171 3361 2241 ll,'Bai-onii
3406 2180 3572 2230 notas

1919 2248 2140 2303 indicat
2171 2248 2230 2304 in
2254 2246 2542 2319 Martyrol.
2569 2249 2637 2304 ad
2660 2244 2811 2304 diem
2832 2244 2904 2303 23
2932 2247 3291 2319 Novembris,
3317 2250 3569 2319 statuent

1916 2324 2002 2374 tes
2048 2316 2415 2376 Chersonam‘
2462 2319 2738 2389 Oppidum
2783 2319 3042 2375 Tauricae
3102 2316 3442 2389 Chersonesi
3498 2316 3569 2372 ad

1915 2390 2271 2459 Bosphorum
2297 2390 2690 2451 Cimmerium,
2737 2391 2951 2447 dictam
2983 2403 3213 2460 quoque
3233 2388 3566 2453 Heracliam,

1913 2475 1980 2517 eo
2011 2463 2161 2530 quod
2203 2461 2381 2518 fuerit
2411 2462 2865 2518 Heracliensium
2898 2459 3147 2526 coldnia,
3180 2466 3237 2516 et
3288 2459 3571 2515 notiorem

1915 2531 2118 2588 factam
2139 2534 2352 2589 exsilio
2366 2533 2682 2589 Justiniani
2699 2534 2724 2586 .l
2734 2534 2982 2597 unioris,
3005 2546 3128 2589 esse
3149 2532 3337 2588 locum
3359 2530 3572 2587 exsilio

1913 2609 1967 2658 et
1998 2606 2272 2674 martyrio
2302 2605 2486 2661 sancti
2519 2604 2813 2672 pontiﬁcis
2835 2604 3207 2661 celebratum.
3236 2603 3374 2659 Inde
3412 2602 3570 2658 enim

1915 2675 2258 2732 translatum
2288 2675 2477 2748 fuisse
2494 2676 2727 2748 Romam
2744 2691 2969 2748 corpus
2988 2675 3244 2748 ejusdem
3277 2675 3568 2748 martyris,

1911 2748 2083 2816 ope‘ra
2112 2748 2202 2803 SS.
2233 2747 2509 2803 Methodii
2542 2752 2600 2802 et
2627 2746 2854 2818 Cyrilli,

1914 2831 2178 2874 ravorum
2201 2818 2450 2887 apostoli
2468 2818 2613 2874 dicti
2633 2816 2769 2875 sunt
2790 2819 2897 2875 sub
2918 2816 3172 2875 Adriano
3187 2819 3257 2887 II,
3285 2816 3486 2883 probat
3501 2831 3570 2873 ex

1909 2890 2069 2945 Actis
2112 2891 2263 2960 apud
2319 2892 2546 2947 Petrum
2604 2891 2677 2946 de
2721 2889 3028 2946 Natalibus
3084 2890 3236 2945 idem
3284 2889 3568 2945 Baronius

1908 2962 2082 3017 etiam
2131 2962 2190 3018 in
2224 2962 2380 3019 notis
2432 2961 2500 3017 ad
2533 2962 2686 3017 diem
2716 2961 2752 3018 9
2795 2962 3011 3017 Martii.
3057 2960 3217 3028 Quod
3268 2965 3460 3016 autem
3483 2961 3568 3014 .in

1908 3031 2122 3088 Graecia
2139 3033 2402 3100 sepultus
2417 3032 2648 3087 dicatur
2662 3033 2732 3088 ab
2758 3036 2991 3088 auctore
3007 3031 3165 3089 Libri
3190 3030 3566 3095 Pontiﬁcalis,

2731 3108 2892 3172 putat
2921 3102 3315 3171 amanuensis,
3341 3109 3397 3158 et
3428 3102 3566 3158 red-

2900 2748 2998 2818 qui
3025 2746 3325 2802 Slavorum
3357 2750 3414 2818 et
3442 2746 3571 2802 Mo-

1909 3104 2030 3159 sive
2070 3106 2129 3158 in
2178 3104 2365 3172 Lycia,
2417 3103 2684 3158 mendum

128 3160 204 3233 ex
239 3160 490 3244 genuina
543 3176 852 3231 Clementis
890 3175 1133 3244 epistola
1172 3176 1241 3231 ad
1270 3173 1604 3230 Corinthios
1633 3160 1797 3228 com;
1827 3176 1876 3237 C
1907 3175 2159 3231 dendum
2178 3160 2364 3243 125cm;
2387 3173 2594 3244 palude
2614 3187 2647 3229 a
2668 3160 2809 3244 By'co
2835 3175 3012 3231 ﬁuvio
3037 3174 3250 3231 ibidem
3280 3160 3563 3229 recensita

133 3244 406 3318 probata,
429 3247 579 3303 hunc
597 3260 657 3303 se
678 3247 975 3303 abdicasse
1001 3252 1265 3316 suscepto
1289 3251 1417 3316 post
1438 3244 1800 3318 Linum_pon-

133 3315 401 3375 tiﬁcatu.
442 3320 554 3374 Nec
596 3319 788 3374 minus
834 3319 1069 3375 evidens
1099 3324 1184 3373 est
1232 3315 1304 3373 ex
1331 3329 1549 3372 canone
1584 3315 1793 3379 missae,

128 3404 204 3446 ex
238 3388 531 3458 Patribus,
563 3395 619 3445 et
637 3390 936 3461 catalogis,
963 3390 1183 3445 Cletum
1210 3401 1438 3461 quoque
1470 3385 1795 3461 pontiﬁcem

131 3462 463 3516 Romanum
496 3456 701 3516 seriem
753 3456 1146 3518 successionis
1176 3456 1565 3515 continuasse.
1611 3456 1799 3526 Quare

130 3539 408 3588 constare
436 3532 605 3588 debet
628 3533 697 3588 de
721 3533 1085 3604 singulorum
1127 3531 1321 3604 studio
1350 3528 1797 3604 humilitatisin

131 3611 299 3659 tanta
338 3603 620 3674 dignitate
649 3599 1023 3673 deprecanda,
1046 3609 1103 3659 et
1126 3601 1467 3674 obedientite
1497 3601 1556 3655 in
1578 3599 1798 3654 admit-

133 3675 313 3729 tenda
346 3693 358 3727 :
397 3672 566 3744 quam
598 3675 655 3730 in
687 3672 863 3745 hujus
890 3675 1027 3731 libri
1068 3672 1423 3745 Pontiﬁcalis
1448 3674 1797 3745 contextuet

133 3740 430 3802 assertion
438 3745 570 3802 ibus
587 3747 730 3802 satis
749 3740 973 3803 elucere
992 3746 1245 3803 arbitror
1262 3762 1278 3812 ;
1294 3744 1343 3800 si
1369 3743 1558 3798 nativa
1577 3740 1796 3812 signiﬁ-

133 3819 368 3873 catione
398 3817 699 3874 verborum
728 3819 809 3875 ita
833 3823 1049 3874 retenta
1085 3818 1248 3887 plane
1272 3820 1616 3887 exponatur.

209 3889 327 3944 Hac
354 3901 487 3944 vero
512 3894 734 3945 servata
762 3890 1046 3945 sententia
1068 3886 1124 3944 et
1152 3886 1525 3954 chronologia
1573 3897 1795 3941 succes-

132 3960 333 4031 sionis
363 3961 541 4015 trium
586 3960 818 4017 illorum
873 3961 1227 4031 pontiﬁcum,
1279 3958 1431 4031 Lini,
1462 3956 1791 4031 Clementis,

131 4030 306 4097 Cleti,
344 4032 711 4100 perspicuum
744 4032 806 4088 ﬁt
831 4029 936 4088 cur
963 4031 1255 4088 ordinatio
1297 4029 1608 4085 Clementis
1643 4033 1794 4084 recte

134 4099 524 4171 componatur
546 4117 676 4159 cum
710 4105 905 4160 reditu
958 4104 1108 4159 Petri
1153 4103 1213 4157 in
1234 4101 1439 4158 Urbem
1472 4099 1642 4170 paulo
1662 4105 1793 4156 ante

135 4174 483 4243 martyrium
506 4189 674 4231 suum
696 4188 762 4230 ex
782 4174 1125 4231 occidentali
1142 4174 1369 4230 itinere.
1387 4180 1603 4229 asserta
1619 4171 1790 4227 etiam

131 4245 198 4317 in
226 4244 425 4300 Graeco
441 4245 543 4302 illo
559 4259 842 4317 anonymo
864 4246 1161 4302 Vendelini
1188 4263 1201 4300 :
1227 4246 1395 4315 cujus
1414 4244 1601 4316 gratia
1624 4243 1792 4299 hasce

128 4315 571 4373 observationes
595 4315 892 4374 contexui.

205 4387 385 4443 Linea
413 4385 498 4442 44.
521 4419 590 4428 -
611 4388 757 4443 Obiit
772 4394 985 4458 martyr
1010 4403 1157 4443 anno
1187 4387 1423 4455 Trajani
1446 4388 1624 4442 tertio.
1646 4384 1789 4458 Quis

121 4461 249 4527 jam
283 4458 532 4528 dubitet,
569 4461 629 4515 in
657 4460 828 4516 Libro
848 4457 1170 4517 Pontiﬁcali
1200 4458 1471 4528 epocbam
1499 4457 1790 4528 pontiﬁca-

1912 3259 2009 3312 per
2041 3243 2401 3301 Ptolemaeum
2432 3244 2491 3299 in
2523 3243 2719 3300 tabula
2744 3246 2983 3314 Rumpae
3013 3252 3209 3301 octava
3240 3262 3320 3314 ςλα
3350 3246 3418 3298 At
3447 3245 3564 3299 He—

1909 3312 3134 3387 ribertusRosweidus(sequiturRondinin.
3152 3329 3209 3370 n.
3228 3312 3312 3387 42)
3332 3314 3563 3387 ἰηίηοῐὶε

1908 3388 1977 3443 ad
2010 3387 2270 3444 libellum
2291 3386 2511 3444 Adonis
2539 3386 2967 3457 archiepiscOpi
2992 3386 3336 3444 Viennensis
3361 3386 3427 3440 de
3455 3387 3565 3440 Fe—

1908 3460 2244 3515 stivitatibus
2268 3464 2580 3514 sanctorum
2599 3459 2987 3527 apostolorum,
3021 3463 3072 3514 et
3093 3459 3431 3527 reliquorum
3462 3458 3561 3526 qui

1909 3530 2190 3601 discipuli.
2227 3536 2324 3586 aut
2350 3531 2524 3601 uicini
2546 3545 2982 3601 successoresque
3032 3531 3399 3599 apostolorum
3426 3531 3560 3596 Γυθι-

1906 3599 2130 3657 runt'ad
2162 3603 2316 3659 diem
2356 3599 2428 3659 23
2464 3601 2821 3671 Novembris,
2850 3600 3039 3658 locum
3060 3601 3281 3657 Adonis
3310 3601 3554 3656 adnota-

1908 3672 2170 3729 tionibus
2220 3687 2542 3730 exornans:
2596 3675 2772 3729 Trans
2800 3689 2951 3727 mare
2995 3674 3245 3739 Pontum,
3277 3673 3338 3726 in
3385 3686 3558 3725 eremo

1905 3745 2053 3813 quod
2098 3746 2318 3814 adjacet
2359 3745 2572 3800 civitati
2621 3743 2918 3810 Chersonze,
2975 3744 3276 3813 relegatur,
3328 3742 3557 3799 erudito

1903 3816 1969 3871 ad
1983 3816 2207 3873 modum
2240 3817 2501 3873 examine
2517 3816 2727 3887 quaerit
2746 3816 3077 3884 etdisputat
3103 3814 3338 3872 ubinam
3365 3814 3557 3887 reipsa

1902 3893 2138 3943 sanctus
2167 3888 2425 3945 Clemens
2456 3885 2598 3958 papa
2624 3886 2996 3943 exsulaverit.
3020 3886 3444 3942 Animadvertit
3467 3885 3558 3940 si-

1905 3959 2136 4029 quidem
2217 3960 2572 4016 Breviarium
2651 3959 2969 4015 Romanum
3022 3963 3156 4014 ante
3210 3964 3555 4027 postremam

1902 4030 2316 4087 correciionem
2345 4031 2464 4087 haec
2489 4030 2629 4087 olim
2657 4029 2998 4089 exhibuisse
3031 4048 3044 4085 :
3073 4030 3125 4085 A
3155 4030 3395 4098 Trajano
3441 4030 3558 4083 im-

1895 4106 2150 4172 peratore
2187 4103 2460 4170 relegatus
2489 4107 2570 4157 est
2594 4104 2653 4156 in
2690 4102 2931 4157 insulam
2973 4102 3172 4172 Lyciae,
3219 4099 3321 4157 ubi
3345 4099 3555 4157 deinde

1904 4171 2005 4241 pro
2043 4176 2103 4230 in
2144 4175 2382 4229 insulam
2419 4175 2600 4242 Lyciae
2625 4173 3006 4230 substitutum
3040 4171 3153 4229 fuit
3205 4177 3362 4228 trans
3403 4186 3556 4227 mare

1899 4246 2154 4300 Pontum.
2222 4247 2284 4302 In
2349 4245 2511 4303 Actis
2572 4246 2722 4315 apud
2782 4243 3177 4302 Mombritium
3233 4244 3306 4301 de
3360 4242 3554 4300 insula

1901 4317 2106 4390 Lyciae,
2149 4316 2269 4373 haec
2321 4317 2630 4390 leguntur:
2692 4318 2897 4373 Passus
2961 4321 3042 4390 est
3091 4321 3276 4390 autem
3319 4319 3552 4390 sanctus

1902 4387 2142 4443 Clemens
2169 4387 2452 4460 episcopus
2481 4389 2638 4443 urbis
2664 4392 2847 4446 Roma
2880 4388 2989 4451 sub
3023 4388 3266 4460 Trojano
3304 4389 3553 4460 impera:

1898 4461 2029 4529 tore,
2053 4464 2105 4514 et
2122 4457 2422 4527 Auﬁdiam
2452 4460 2586 4515 duce
2612 4461 2675 4514 in
2715 4461 2950 4517 Cersona
2987 4461 3208 4514 civitate
3229 4459 3411 4529 Lyciae
3450 4457 3551 4511 sub

126 4538 233 4603 tus
278 4527 535 4603 Romani
566 4545 598 4587 a
642 4530 925 4587 Clemente
968 4531 1111 4603 gesti
1143 4527 1431 4603 distingui
1466 4529 1546 4603 ab
1572 4527 1785 4603 epocha
1810 4580 1863 4603 ἢ
1895 4527 2044 4603 nona
2069 4530 2157 4586 die
2174 4532 2553 4587 Kalendarum
2593 4531 2981 4603 Decembrium,
3014 4543 3197 4603 quam
3227 4528 3549 4603 lectionem

128 4580 944 4670 tristissimamaestast
954 4580 1431 4658 surgisiam
1449 4580 1553 4674 diu
1576 4580 1785 4674 paen;
1809 4580 1864 4641 D
1895 4580 2041 4674 esse
2050 4580 3551 4674 {agisagisgaeatéaaaeaagcaagg‘momnes

126 4679 266 4742 ctae,
292 4668 380 4727 'et
439 4674 716 4744 martyrio
761 4675 988 4731 tandem
1019 4670 1484 4744 consummatae?
1526 4668 1708 4744 Linea
1749 4668 1786 4726 2

129 4744 320 4812 hujus
339 4746 561 4800 numeri
584 4742 825 4801 aﬁirmat
838 4746 1055 4802 sedisse
1069 4745 1410 4801 Clementem
1436 4743 1495 4797 in
1517 4742 1786 4798 cathedra

126 4816 394 4870 Romana
421 4829 603 4872 annos
635 4817 689 4885 9,
725 4830 945 4873 menses
994 4814 1079 4886 1‘2,
1112 4816 1237 4871 dies
1268 4813 1352 4879 40,
1395 4813 1503 4869 sub
1528 4812 1705 4869 Galba
1732 4818 1788 4868 et

127 4887 509 4956 Vespasiano.
538 4888 710 4945 Linea
740 4901 872 4944 vero
933 4886 1018 4949 44.
1046 4887 1211 4943 addit
1247 4886 1443 4941 abiisse
1491 4888 1788 4953 martyrem

124 4957 236 5013 sub
288 4958 567 5026 Trajano:
595 4960 746 5030 quod
773 4959 945 5016 etiam
976 4973 1106 5016 cum
1126 4957 1371 5014 Eusebio
1401 4961 1646 5030 testatur
1665 4956 1791 5030 [iic-

128 5025 435 5102 ronymus.
461 5025 723 5100 Scriptor
750 5031 893 5087 Vitae
939 5032 1154 5102 optime
1194 5034 1445 5096 noverat,
1480 5029 1631 5102 inter
1662 5025 1790 5102 _Ve—

126 5101 400 5170 spasiani
437 5098 824 5172 principatum
866 5108 922 5159 et
974 5098 1204 5171 Trajani
1250 5100 1600 5172 intercedere
1644 5098 1790 5172 duos

127 5168 534 5243 imperatores,
552 5168 742 5229 Titum
770 5173 1026 5243 biennio,
1050 5168 1440 5231 Domitianum
1460 5171 1648 5243 tribus
1675 5168 1792 5226 fere

129 5244 349 5299 lustris
381 5258 569 5300 rerum
605 5242 1019 5317 potitosﬁum
1048 5246 1240 5317 itaque
1270 5243 1495 5317 scribit,
1526 5242 1790 5317 Clemen—

127 5320 245 5371 tem
283 5317 572 5373 novennio
592 5317 814 5373 rexisse
843 5314 1273 5373 Ecclesiam'sub
1291 5316 1467 5372 Galba
1496 5319 1546 5369 et
1574 5314 1791 5385 Vespa-

124 5389 316 5449 sione,
343 5392 549 5455 etpost
568 5389 920 5445 novennium
944 5388 1090 5444 illud
1108 5386 1467 5458 superfuisse
1490 5386 1660 5458 annis
1681 5385 1785 5458 sal;

126 5464 260 5531 tem
282 5458 626 5531 octodecim,
674 5466 814 5531 quot
862 5459 1051 5516 ﬂuunt
1087 5474 1120 5515 a
1166 5456 1277 5515 ﬁne
1322 5457 1659 5531 Vespasiani
1713 5456 1783 5512 ad

126 5529 369 5598 Trajani
397 5527 635 5587 tertium
668 5527 941 5600 {necesse
976 5539 1063 5588 est
1110 5538 1174 5588 ut
1199 5530 1486 5597 admittat,
1522 5527 1686 5583 illum
1726 5540 1787 5583 se

129 5600 296 5657 ultro
319 5601 619 5659 abdicasse
650 5602 987 5673 pontiﬁcatu
1020 5602 1287 5670 maximo,
1324 5613 1505 5673 eoque
1536 5605 1785 5673 tempore

127 5685 504 5730 successores
527 5671 800 5731 habuisse
826 5675 886 5730 in
915 5675 1158 5730 dimisso
1178 5687 1210 5729 a
1237 5684 1296 5728 se
1323 5671 1653 5741 episcopatu
1683 5672 1788 5726 Ro-

130 5756 316 5801 mano
347 5744 568 5801 Cletum
610 5748 710 5801 sub
746 5747 1082 5817 Vespasiano
1105 5761 1168 5817 ac
1202 5746 1338 5817 Tito,
1368 5743 1548 5817 donec
1585 5742 1648 5817 is
1685 5743 1784 5817 sub

146 5818 470 5872 Domitiano
494 5818 830 5888 martyrium
845 5813 1074 5875 subiret
1095 5815 1265 5888 (quod
1284 5813 1561 5872 asseritin
1574 5814 1779 5887 Cleto):

129 5889 350 5946 deinde
377 5888 714 5945 Anacletum
759 5888 869 5946 sub
896 5890 1091 5947 eodem
1143 5889 1451 5945 Domitiano
1477 5900 1577 5958 per
1605 5899 1786 5944 annos

1895 4672 2217 4729 Barberinaa
2240 4687 2273 4728 a
2302 4668 2634 4730 Rbndinino
2669 4675 3030 4741 conspectus.
3084 4668 3381 4741 Rosweidi
3409 4682 3550 4741 sen-

1893 4745 2133 4801 tentiam
2164 4744 2522 4801 luculentius
2546 4742 2761 4799 astruit
2780 4739 2836 4797 n‘.
2874 4739 2959 4806 42,
2992 4741 3247 4810 ejusdem
3270 4739 3440 4797 verba
3469 4740 3550 4795 ita

1897 4816 2219 4885 producens
2245 4834 2258 4869 :
2295 4816 2467 4871 Venia
2488 4829 2641 4885 spero
2659 4814 2796 4867 mihi
2823 4814 3070 4876 dabitur,
3098 4815 3150 4868 si
3170 4816 3378 4867 certum
3408 4813 3552 4867 exsi-

1898 4888 1962 4941 lii
1991 4887 2184 4968 locum,
2212 4888 2273 4968 in
2290 4901 2454 4968 quem
2484 4887 2721 4968 Clemens
2746 4901 2898 4968 papa
2922 4885 3192 4968 relegatus
3227 4886 3362 4952 fuit.
3379 4898 3549 4968 coner

1890 4958 2213 5029 producere,
2244 4958 2411 5027 idque
2434 4972 2543 5011 non
2560 4962 2671 5011 tam
2708 4955 3053 5025 conjecturis,
3081 4971 3246 5025 quam
3263 4959 3424 5029 certo
3467 4955 3553 5007 in-

1898 5022 2061 5083 dicio.
2103 5022 2369 5084 Existimo
2407 5031 2581 5096 igitur
2608 5042 2728 5082 eum
2769 5022 2829 5082 in
2858 5022 3107 5083 Leucatn—
3126 5027 3368 5081 insulam
3405 5022 3545 5095 (quae

1899 5104 1951 5155 et
1984 5100 2236 5155 Achillea
2280 5099 2508 5170 dicitur)
2557 5098 2839 5154 Chersonae
2880 5100 3189 5168 proximam
3224 5098 3541 5167 relegatum.

1901 5170 2055 5237 Quod
2090 5174 2140 5226 si
2181 5173 2306 5242 quis
2360 5172 2545 5227 Leucz
2582 5186 2775 5226 nomen
2819 5176 2940 5242 post
2967 5172 3028 5225 in
3060 5171 3242 5237 Lyciae
3282 5171 3546 5238 migrasse

1897 5244 2046 5305 uelit,
2085 5259 2192 5298 non
2240 5258 2563 5313 magnopere
2598 5243 2946 5311 refragabor,
2984 5244 3051 5297 1n
3091 5243 3324 5297 Leucam
3364 5246 3546 5313 autem

1896 5315 2137 5370 insulam
2210 5312 2523 5382 ablegatum
2586 5313 2902 5369 Clementem
2944 5329 3149 5384 papam
3200 5316 3408 5367 astruo.
3461 5312 3547 5384 Ita

1896 5387 2247 5443 Rosweidus.
2283 5388 2466 5443 Leuca
2498 5386 2670 5443 hodie
2701 5385 2893 5441 insula
2920 5398 3092 5456 parva
3134 5389 3222 5456 est
3248 5383 3547 5456 Sarmatiae

1895 5457 2166 5527 Europeze
2195 5459 2253 5513 in
2280 5459 2459 5515 Ponto
2484 5457 2731 5523 Euxino,
2759 5454 2936 5513 ostio'
2955 5454 3326 5527 Borysthenis
3371 5454 3544 5527 ﬁuvii

1895 5524 2116 5599 objecta
2153 5544 2285 5586 cum
2325 5528 2602 5599 oppidulo
2630 5528 3007 5600 cognomine,
3051 5524 3178 5599 quae
3203 5530 3260 5600 et
3288 5524 3546 5600 Achillea

1896 5597 2181 5658 dicta'fuit
2201 5616 2232 5657 a
2253 5597 2561 5670 Pomponio
2585 5597 2746 5655 Mela?
2775 5599 2831 5655 Id
2860 5600 3034 5656 etiam
3055 5597 3231 5653 veteri
3250 5597 3543 5670 Anastasii

1895 5673 2082 5729 codici
2120 5673 2192 5730 de
2221 5668 2498 5729 Romanis
2540 5670 2916 5741 pontiﬁcibus
2972 5672 3033 5727 in
3073 5669 3215 5741 Vita,
3236 5668 3546 5741 Clementis

1894 5756 2339 5801 consentaneum
2366 5756 2491 5800 esse
2517 5739 2716 5814 probat
2762 5742 3118 5809 Rosweidus,
3162 5740 3262 5814 ubi
3308 5739 3542 5814 legitur.

1894 5815 1998 5896 Qui
2016 5817 2179 5896 etiam
2201 5817 2443 5896 sepultus
2462 5802 2540 5870 est
2580 5817 2642 5896 in
2680 5815 2888 5871 Graecia
2918 5833 2936 5883 ;
2968 5802 3590 5896 quem'lgputnjﬁgrdji';

1882 5875 2041 5953 iius,
2061 5892 2128 5945 ut
2144 5875 2551 5961 praemisimus,
2578 5892 2849 5958 tanquam
2879 5875 3214 5944 mendosam
3229 5875 3541 5955 'ex'pilh'iit?
