4036 6174
152 302 309 366 4409

1021 307 1338 367 HISTORIA
1371 310 1464 366 DE
1498 308 1676 367 VITIS
1712 307 1882 366 ROM.
1922 307 2121 366 PONT.
2161 337 2233 350 —-
2266 309 2321 365 S.
2363 304 2699 364 CLEMENS.

3439 306 3578 370 4440

158 437 457 494 mersione
501 437 686 510 solius
729 436 1036 493 Clementis
1082 437 1354 495 dubitant
1397 439 1507 496 sub
1545 440 1809 509 Trajano,
1842 436 2235 498 ARomanum
2262 438 2609 510 pontificem,
2634 442 2690 493 et
2714 451 3098 495 successorem
3127 455 3317 510 suum,
3342 456 3566 500 summa

155 511 334 582 quasi
356 510 475 565 hate
494 522 606 565 non
631 508 845 582 fuerint
864 510 1120 579 exempla
1145 511 1438 567 mitiorum
1461 508 1807 581 temporum:

155 579 265 666 qui
295 588 485 666 tamen
510 581 792 666 genuinas
816 579 1068 666 fatentur
1091 582 1365 666 epistolas
1384 579 1813 666 optimi'princi—

148 657 264 722 pis,
306 654 498 708 Plinio
527 652 920 721 rescribentis,
948 666 979 707 e
1005 652 1357 709 Christianis
1381 652 1675 711 delatis’in
1699 654 1812 722 By-

151 725 354 797 thinia
397 723 906 797 quod‘sacriilcare
937 724 1057 779 diis
1096 724 1332 790 nollent,
1373 727 1648 797 quosdam
1688 738 1811 780 esse

149 793 461 866 supplicio
491 793 821 852 afﬁciendos
850 813 861 849 :
892 801 946 850 et
982 809 1235 852 veracem
1272 793 1471 866 putant
1504 797 1808 853 historiam

147 868 368 936 Taciti,
401 867 687 939 Suetonii,
716 880 782 922 ac
810 867 1031 939 Dionis,
1066 867 1173 922 sub
1199 882 1358 938 {eque
1388 869 1514 924 miti
1548 869 1809 939 principe

147 940 406 995 Claudio
442 938 803 994 addicentem
832 938 1039 1011 morti,
1078 952 1148 1011 ac
1187 939 1489 1008 naufragio
1532 938 1809 1011 integram

149 1012 407 1067 classem
445 1023 695 1079 reorum,
730 1010 1090 1080 undeviginti
1116 1011 1412 1083 hominum
1437 1012 1623 1067 millia
1645 1010 1811 1083 j’uguf

154 1083 363 1150 landa,‘
406 1086 508 1137 aut
540 1083 863 1153 mergenda,
898 1087 998 1137 aut
1045 1082 1313 1139 incendio
1352 1083 1723 1141 absumenda.
1758 1082 1807 1137 si

151 1167 414 1279 pugnam
430 1153 827 1220 detrectarent,
852 1154 1161 1222 spectaculi
1185 1167 1353 1210 causa
1375 1155 1430 1209 in
1450 1154 1810 1211 dedicatione

151 1241 232 1279 nu
282 1224 386 1279 lici
428 1224 621 1279 oneris
649 1225 717 1279 ad
762 1225 947 1279 lacum
988 1225 1284 1279 Fucinum.
1331 1228 1443 1279 Nos
1480 1232 1667 1279 vetera
1700 1226 1809 1279 Ec-

150 1224 386 1296 publici
428 1224 621 1295 operis
649 1225 717 1279 ad
762 1225 947 1279 lacum
973 1225 1284 1296 Fucinum.
1331 1228 1443 1281 Nos
1480 1232 1667 1282 vetera
1700 1226 1809 1279 Ec-

144 1295 352 1353 c1esi:e
373 1300 740 1352 monumenta
764 1295 1059 1351 honestius
1088 1296 1377 1367 habentes,
1404 1311 1533 1353 cum
1563 1296 1807 1353 Eusebio

147 1375 209 1423 et
248 1368 620 1438 Hieronymo,
664 1367 1002 1422 Clementem
1043 1369 1404 1437 superstitem
1440 1367 1620 1424 fuisse
1645 1381 1807 1424 asse-

149 1442 351 1495 rimus
389 1440 457 1495 ad
502 1439 674 1494 initia
713 1438 942 1507 Trajani
969 1456 983 1507 ;
1010 1451 1138 1493 cum
1182 1439 1329 1495 libro
1368 1439 1709 1507 Pontificali,
1752 1444 1807 1494 et

146 1510 463 1582 catalogis,
491 1509 707 1582 abiisse
738 1509 1075 1582 pontificatu
1102 1512 1353 1582 Romano
1381 1512 1673 1567 credimus
1697 1511 1805 1566 sub

143 1583 532 1652 Vespasiano,
605 1581 949 1651 pulsumque
1008 1581 1068 1636 in
1123 1581 1398 1637 exsilium
1457 1583 1804 1639 Chersonam

147 1654 457 1724 usque,ibi
490 1654 765 1723 martyrio
786 1652 1045 1708 affectum
1070 1671 1082 1706 :
1113 1659 1167 1708 et
1189 1667 1411 1709 sacrum
1439 1654 1564 1722 ejus
1593 1667 1803 1723 corpus

148 1725 376 1781 ibidem
402 1725 657 1794 jacuisse
686 1724 888 1779 tandiu
914 1724 1222 1793 sepultum,
1251 1725 1429 1780 donec
1453 1725 1545 1780 Ss‘.
1580 1727 1802 1781 Metho—

1920 525 2049 567 cum
2076 513 2454 584 auctoritate,
2497 523 2668 580 quam
2701 523 2733 566 a
2758 510 3003 584 Christo
3043 519 3355 584 acceperat,
3402 514 3567 569 desi-

1921 583 2135 653 gnavit.
2184 585 2386 638 Verum
2432 583 2598 638 Petro
2644 595 2711 637 ex
2757 582 2862 637 hac
2910 581 3024 637 vita
3072 581 3566 653 sublato,'divino

1919 652 2165 709 consilio
2193 654 2388 721 cessit,
2419 658 2475 709 et
2500 652 2699 709 subire
2732 653 2877 708 illud
2910 667 3141 720 munus,
3174 658 3230 710 et
3254 652 3401 710 onus
3434 655 3569 711 Cle-

1922 739 2079 781 mens
2118 726 2419 791 recusavit,
2465 737 2533 780 ne
2572 738 2840 793 suprema
2878 725 3135 795 dignitas
3175 726 3461 785 Ecclesiae.
3510 733 3567 781 et

1923 802 2168 866 potestas
2210 797 2571 853 haereditaria
2606 795 2783 861 fleret,
2826 800 2882 850 et
2918 796 3164 853 arbitrio
3207 798 3406 860 unius,
3450 811 3563 853 non

1919 869 2101 925 totius
2133 868 2532 924 multitudinis
2562 868 2841 923 electione
2876 868 3335 925 administranda
3366 869 3570 925 crede-

1922 947 2112 1007 retur;
2146 939 2386 1011 proinde
2417 941 2557 994 Lino
2578 944 2634 1011 et
2655 939 2831 1009 Cleto,
2857 940 2958 1010 qui
2989 940 3352 1009 coadjutores
3371 942 3428 995 B.
3456 942 3568 996 Pe—

1920 1012 1993 1067 tri
2019 1010 2182 1068 antea
2200 1010 2446 1081 fuerant,
2467 1010 2738 1081 praelatis,
2761 1016 3003 1082 quartus
3021 1011 3143 1081 ipse
3167 1012 3564 1082 pontificatum

1922 1083 2112 1138 inivit.

1991 1156 2164 1210 Linea
2217 1152 2303 1209 44.
2348 1184 2417 1193 -
2464 1153 2611 1208 Obiit
2659 1158 2871 1223 martyr
2911 1169 3056 1207 anno
3103 1154 3336 1223 Trajani
3382 1158 3559 1211 tertio.

1916 1224 2178 1282 Anchora
2224 1224 2451 1282 scilicet
2479 1226 2547 1281 ad
2592 1225 2805 1282 collum
2848 1226 3041 1295 ligata,
3077 1226 3138 1280 in
3171 1240 3344 1295 mare,
3388 1240 3561 1297 prope

1916 1297 2208 1353 civitatem
2255 1296 2692 1359 Chersonesum,
2744 1297 3099 1361 submersus,
3149 1310 3297 1353 anno
3342 1296 3559 1354 Christi

1918 1364 2039 1435 400,
2068 1370 2297 1437 Trajani
2334 1382 2418 1435 ιιι,
2450 1382 2598 1424 nono
2624 1368 2905 1424 Kalendas
2936 1368 3279 1425 Decembris.
3302 1369 3418 1426 Sub
3447 1370 3562 1425 hu-

1910 1439 2311 1513 juspontiﬂcis
2327 1440 3154 1513 temporeJoannesapostolus,
3168 1441 3559 1513 Evangelium,

1915 1511 2202 1580 Epistolas
2232 1517 2287 1567 et
2316 1511 2722 1582 Apocalypsim
2755 1512 3009 1584 scripsit.

2639 1620 2845 1676 PAGII.

1984 1729 2157 1786 Linea
2201 1724 2255 1783 4.
2294 1727 2496 1783 Multos
2545 1727 2729 1781 libros.
2779 1726 2914 1801 Illas
2957 1728 3102 1783 duas
3140 1728 3417 1801 epistolas
3456 1744 3561 1801 ge—

148 1798 317 1861 dius,
357 1803 412 1874 et
440 1796 702 1874 Cyrillus
720 1795 973 1874 episcopi
1004 1795 1319 1874 Slavprum,
1352 1809 1418 1852 ac
1446 1799 1798 1874 Moravorum
1834 1814 1884 1874 Β
1916 1804 2144 1874 nuinas
2165 1805 2222 1855 et
2251 1811 2556 1874 germanas
2584 1812 2709 1854 esse
2726 1798 3024 1874 probatur
3052 1813 3131 1874 ex
3162 1795 3427 1856 Veterum
3459 1795 3562 1857 ie-

145 1868 406 1936 apostoli
453 1865 620 1937 dicti,
671 1869 901 1922 Romam
958 1865 1258 1922 transferri
1318 1873 1597 1923 curarunt
1653 1881 1800 1923 nono

143 1939 375 1995 Christi
406 1939 636 2002 saeculo,
674 1938 982 1993 Ecclesiam
1016 1945 1239 2008 regente
1268 1938 1503 1994 Nicolao
1532 1941 1572 1994 I.

222 2013 306 2065 De
328 2010 575 2066 secunda
596 2010 991 2079 translatione,
1012 2010 1200 2080 quain
1225 2011 1532 2066 Piscariam
1553 2010 1802 2065 insulam

142 2088 512 2164 asportatum
546 2080 727 2164 fuisse
750 2095 989 2164 corpus,
1005 2082 1139 2164 sive
1153 2082 1414 2164 corporis
1446 2087 1632 2151 partes
1657 2094 1805 2164 non-‘-

144 2154 308 2209 nulli
343 2154 717 2223 contendunt,
750 2152 901 2207 nihil
942 2153 1147 2207 attinet
1181 2154 1273 2207 hic
1303 2153 1590 2209 disserere
1621 2171 1633 2215 ς
1668 2153 1801 2208 licet

144 2226 313 2280 enim
356 2224 427 2280 ab
472 2226 568 2293 iis,
614 2226 715 2295 qui
765 2229 1053 2295 astruunt,
1107 2223 1386 2279 referatur
1428 2226 1496 2281 ad
1548 2232 1802 2294 tempora

142 2297 400 2352 Adriani
444 2298 524 2358 ll;
552 2294 799 2351 attamen
844 2296 901 2349 in
944 2294 1093 2350 libro
1142 2295 1459 2351 Pontificali
1508 2310 1608 2351 nec
1650 2297 1797 2363 vola,

146 2382 259 2423 nec
292 2369 599 2437 vestigium
635 2367 798 2422 illius
833 2367 1144 2422 invenitur.
1177 2366 1364 2436 Quare
1394 2373 1656 2423 notarum
1689 2381 1800 2423 no-

146 2446 409 2496 strarum
444 2452 634 2494 curam
671 2451 781 2493 non
813 2438 1013 2508 exigit.
1050 2438 1202 2493 Hanc
1231 2444 1506 2494 assertam
1543 2438 1799 2494 transla—

145 2513 375 2566 tionem
399 2514 624 2565 maturo
648 2510 898 2564 examini
925 2508 1185 2564 subdidit
1216 2509 1482 2566 laudatus
1510 2510 1798 2566 Rondini-

146 2584 328 2638 nius:
355 2582 503 2651 apud
534 2595 701 2652 quem
730 2580 910 2635 videri
935 2585 1175 2653 possunt
1198 2588 1552 2652 argumenta,
1583 2581 1799 2653 quibus

144 2653 464 2711 refellitur.
497 2653 679 2709 Unum
716 2665 934 2721 moneo,
967 2652 1211 2721 scilicet,
1242 2653 1300 2707 in
1331 2654 1484 2708 notis
1510 2655 1573 2708 R.
1599 2652 1655 2707 P.
1691 2655 1801 2707 Pa-

143 2726 234 2798 gii
275 2725 541 2798 Junioris
566 2725 665 2798 ad
696 2724 846 2779 hunc
892 2736 1192 2779 numerum
1230 2737 1369 2798 mox
1414 2724 1800 2798 producendis

141 2794 458 2852 subortum
488 2796 671 2851 videri
704 2808 907 2851 novum
936 2808 1185 2850 errorem
1211 2794 1281 2850 de
1313 2796 1659 2851 Piscariensi
1697 2796 1800 2850 hac

142 2868 533 2924 translatione
553 2867 663 2923 sub
686 2867 967 2923 Ludovico
988 2868 1055 2929 Il,
1077 2866 1215 2921 dum
1243 2868 1542 2921 Piscariam
1561 2867 1801 2921 insulam

140 2942 211 2994 in
242 2942 368 2994 lacu
396 2941 692 2993 Benacensi
727 2939 973 2994 ditionis
1017 2940 1233 2993 Venetae
1278 2939 1485 3009 Pagius
1515 2937 1797 3007 obtrudit,

142 3012 326 3067 nobis
354 3012 743 3067 conterraneis
770 3012 1042 3073 ignotam,
1071 3023 1174 3079 pro
1198 3010 1450 3065 Piscaria
1480 3010 1668 3065 insula
1689 3010 1803 3064 Ca—

144 3083 447 3140 sauriensi
476 3083 545 3137 ad
581 3085 850 3137 Aternum
894 3082 1134 3137 ﬂuvium
1169 3082 1227 3135 in
1258 3082 1503 3150 Aprutio
1532 3081 1802 3137 citeriore

142 3154 646 3247 Provinciaorergpi
682 3152 1060 3247 Neapolitani,
1093 3166 1221 3247 pum
1260 3153 1798 3247 quadertranslatis
1829 3187 1875 3247 Ο

144 3226 404 3295 lipsanis
439 3227 494 3279 S.
534 3226 841 3280 Clementis
882 3238 1034 3294 papae
1059 3230 1113 3279 et
1154 3224 1423 3294 martyris
1463 3224 1537 3279 lis
1574 3229 1659 3279 est
1700 3225 1799 3279 in—

144 3305 237 3353 ter
267 3303 533 3353 auctores
561 3310 838 3367 expensos
866 3310 897 3351 a
930 3296 1302 3351 Rondininio.

811 3402 1131 3459 CIACONII.

220 3513 399 3568 Linea
417 3509 469 3567 5.
497 3540 571 3551 —
592 3512 691 3565 Hic
709 3512 838 3579 fecit
859 3516 1058 3580 septem
1077 3511 1322 3576 regiones
1342 3510 1523 3563 dividi
1542 3513 1793 3565 notariis.

143 3585 421 3639 Notarios
443 3582 498 3638 S.
526 3582 783 3637 Clemens
803 3582 1095 3637 ordinavit
1122 3594 1358 3637 numero
1388 3588 1621 3651 septem,
1656 3585 1798 3653 qui—

146 3656 258 3711 bus
287 3654 458 3709 Urbis
480 3654 760 3723 Regiones
785 3667 877 3707 x1v
908 3654 1132 3717 divisit,
1164 3659 1223 3707 ut
1251 3653 1470 3723 singuli
1496 3666 1586 3709 res
1609 3660 1797 3725 gestas

146 3732 467 3796 martyrum
508 3726 760 3796 sollicite
797 3731 851 3779 et
880 3725 1191 3796 diligenter
1231 3738 1328 3793 per
1368 3725 1630 3796 regiones
1662 3739 1797 3781 suas

145 3794 517 3867 conquisitas
546 3795 955 3852 describerent.
992 3794 1246 3865 Quorum
1280 3794 1541 3851 umbram.
1586 3798 1796 3852 Roma-

146 3884 236 3924 na:
269 3869 427 3924 sedis
468 3868 867 3939 protonotarii,
902 3869 1002 3938 qui
1047 3867 1458 3937 participantes
1499 3875 1790 3939 vocantur,

143 3947 317 3998 antea
350 3954 450 4005 Vii,
485 3952 637 3995 nunc
668 3946 855 3996 autem
890 3953 992 4007 ΧΗ,
1025 3944 1235 3994 tenent.

220 4013 397 4068 Linea
420 4008 475 4067 7.
496 4041 570 4051 -—
592 4013 694 4066 Hic
723 4014 855 4079 fecit
888 4011 1028 4065 duas
1058 4011 1332 4077 epistolas,
1367 4025 1487 4080 quae
1515 4011 1793 4066 catholicae

144 4086 530 4145 nominantur,
584 4084 829 4151 Scripsit
875 4082 1278 4137 sanctissimus
1324 4088 1378 4137 et
1418 4082 1796 4139 doctissimus

147 4153 410 4226 pontifex
444 4155 894 4226 potentissimum
920 4160 974 4209 et
995 4153 1393 4226 gravissimam
1426 4157 1655 4226 nomine
1680 4157 1796 4210 Ro-

146 4224 333 4282 mana:
350 4226 615 4282 Ecclesize
629 4224 949 4296 epistolam,
971 4224 1080 4295 qua
1098 4224 1347 4280 schisma
1363 4225 1789 4282 Corinthiorum

142 4298 525 4367 compescuit,
554 4304 610 4353 ct
641 4302 934 4353 nutantem
966 4309 1163 4352 eorum
1197 4297 1361 4351 tidem
1391 4297 1789 4353 confirmavit:

145 4383 282 4440 qua:
304 4375 489 4423 tamen
516 4369 734 4437 injuria
754 4373 1070 4440 temporum
1099 4368 1415 4440 intercidit,
1438 4368 1668 4437 'Quibns
1688 4369 1798 4425 ob-

142 4438 417 4496 servatur
456 4442 765 4496 Romanam
809 4439 1116 4494 Ecclesiam
1154 4440 1326 4494 etiam
1366 4438 1438 4494 ab
1477 4440 1647 4495 initio
1684 4454 1797 4496 au—

143 4511 357 4567 ctorita
368 4518 475 4565 tem
494 4525 656 4566 suam
676 4510 1093 4583 interposuisse
1113 4511 1171 4565 in
1190 4510 1555 4565 moderandis
1571 4525 1799 4583 quoque

1914 1873 2231 1939 stimoniis,
2248 1870 2347 1940 qui
2364 1870 2496 1925 illas
2508 1870 2621 1924 cita
2634 1875 2708 1924 nt.
2726 1870 2979 1941 Priorem
2996 1871 3225 1941 quidem
3241 1874 3295 1927 S.
3312 1874 3561 1929 [renteus

1915 1946 2018 2002 lib.
2051 1958 2065 1998 ι
2095 1939 2370 1999 adversus
2406 1942 2676 1999 Haereses.
2720 1954 2844 2010 cap.
2876 1939 2929 1996 3.
2965 1939 3237 1998 memorat
3267 1950 3333 1999 ut
3371 1944 3564 1999 tradi-

1912 2016 2093 2073 tionis
2122 2013 2603 2086 promptuarium.
2633 2014 2765 2086 Ea_m
2790 2012 2993 2086 itidem
3019 2012 3255 2086 laudant
3285 2015 3562 2086 Origenes

1914 2088 2017 2145 lib.
2052 2101 2088 2142 ιι
2113 2081 2181 2142 de
2206 2081 2524 2153 Principiis
2543 2097 2670 2153 cap.
2696 2081 2750 2151 3,
2773 2084 2826 2140 S.
2857 2084 3115 2140 Clemens
3136 2081 3562 2142 Alexandrinus

1915 2160 2015 2216 lib.
2055 2173 2071 2213 ι
2103 2159 2474 2223 Stromatum,
2510 2155 2794 2211 Eusebius
2824 2155 2927 2211 lib.
2959 2154 3011 2211 3.
3047 2157 3189 2211 Hist.
3227 2158 3555 2212 Ecclesiast.

1911 2244 2036 2301 cap.
2064 2228 2153 2297 38,
2186 2229 2239 2301 Si.
2278 2228 2659 2301 Hieronymus
2686 2227 2747 2301 in
2778 2227 3052 2301 catalogo,
3066 2228 3420 2301 scriptorum
3454 2231 3566 2301 Ec:-

1911 2297 2186 2363 clesiast..
2218 2300 2277 2355 in
2302 2299 2604 2365 Clemente.
2639 2299 2879 2354 Photius
2908 2297 3272 2355 in’Biinoth.
3302 2300 3425 2355 cod.
3461 2297 3565 2355 443

1910 2374 2149 2444 aliique.
2205 2371 2548 2444 Posterioris
2597 2370 2905 2444 meminere
2942 2370 3092 2426 idem
3118 2370 3402 2444 Phothius
3432 2371 3559 2427 cod.

1912 2439 2186 2511 4’26,'etS.
2214 2442 2579 2511 Epiphanius
2612 2442 2810 2497 haeresi
2844 2439 2932 2505 30,
2965 2455 3120 2497 num.
3156 2439 3240 2497 45.
3270 2442 3557 2511 Quantum

1908 2523 2098 2572 autem
2130 2528 2197 2569 ex
2230 2515 2324 2569 his
2354 2511 2695 2584 fragmentis
2739 2512 3061 2583 colligitur,
3116 2513 3230 2569 haec
3279 2513 3562 2582 posterior

1908 2586 2151 2657 epistola
2180 2586 2460 2657 salutaria
2489 2585 2852 2657 documenta,
2881 2584 3409 2657 admonitionemque
3439 2587 3565 2657 uitae

1906 2655 2146 2714 melioris
2175 2655 2524 2725 continebat,
2562 2662 2626 2710 ut
2650 2656 2856 2711 scribit
2890 2655 3102 2711 ibidem
3136 2656 3393 2711 Photius.
3426 2655 3563 2725 Qute

1908 2731 2183 2786 adversus
2215 2728 2346 2783 illas
2373 2727 2744 2783 adducuntur
2773 2733 3109 2797 argumenta
3141 2726 3356 2783 refellit
3381 2728 3561 2783 Natav

1912 2802 1987 2857 lis
2018 2800 2335 2856 Alexander
2364 2797 2574 2853 szeculo
2606 2799 2810 2867 primo.

1982 2874 2192 2927 Prteter
2244 2871 2347 2925 has
2399 2870 2545 2925 duas
2600 2870 2896 2942 epistolas,
2959 2870 3217 2942 quinque
3269 2870 3400 2925 alite
3450 2869 3560 2925 sub

1911 2946 1966 2999 S.
1996 2942 2305 2998 Clementis
2338 2942 2569 2997 nomine
2605 2940 3399 3011 circumferuntur,‘quarum
3430 2942 3560 2997 duze

1913 3015 2135 3085 priores
2162 3018 2299 3068 sunt
2324 3013 2391 3067 ad
2423 3011 2694 3085 Jacobum
2726 3010 2959 3067 fratrem
2988 3010 3217 3085 Domini
3244 3031 3259 3081 ;
3288 3012 3459 3067 tertia
3489 3013 3557 3085 ad

1911 3083 2109 3143 Omnes
2133 3085 2452 3154 episcopos,
2488 3083 2868 3152 presbyteros,
2902 3088 2958 3139 et
2991 3083 3222 3147 fideles;
3252 3088 3457 3154 quarta
3487 3083 3556 3137 ad

1909 3158 2127 3214 Julium
2172 3162 2228 3210 et
2267 3155 2604 3217 lulianum;
2641 3154 2845 3224 quinta
2891 3154 2957 3208 ad
3006 3155 3556 3225 Jerosolymitanos:

1912 3230 2008 3285 sed
2027 3240 2152 3283 cum
2178 3226 2291 3281 illa:
2308 3238 2505 3279 omnes
2525 3231 2794 3292 tanquam
2815 3226 3202 3293 supposititite
3220 3226 3290 3279 ab
3311 3225 3561 3279 eruditis

1912 3300 2275 3370 rejiciantur,
2315 3295 2491 3370 s_icu_ti
2535 3300 2592 3370 et
2632 3295 2823 3370 decem
2871 3295 3008 3370 libri
3053 3296 3556 3370 Recognitionurn,

1909 3366 2280 3427 lti'nerarium
2323 3368 2378 3421 S.
2430 3366 2604 3433 Petri,
2643 3366 2973 3435 Disputatio
3015 3366 3269 3435 ejusdem
3314 3366 3559 3435 apostoli

1909 3456 2038 3499 cum
2060 3441 2336 3510 Appione,
2354 3442 2410 3494 et
2430 3438 2705 3509 Liturgia,
2731 3451 2856 3510 qua:
2871 3437 3054 3493 eidem
3074 3437 3349 3510 Clementi
3372 3438 3564 3510 ascri—

1911 3508 2159 3579 buntur,
2191 3512 2260 3566 de
2293 3511 2387 3574 iis,
2425 3508 2621 3578 utpote
2653 3509 2769 3577 jam
2802 3508 2873 3563 ab
2913 3509 3182 3564 omnibus
3222 3509 3471 3578 rejectis,
3504 3513 3560 3563 et

1906 3584 2196 3641 damnatis
2217 3595 2381 3653 agere
2402 3581 2778 3653 superfluum,
2801 3586 2859 3653 et
2882 3581 3089 3653 inutile
3107 3580 3437 3653 judic‘aiuus
3456 3600 3469 3644 ;
3490 3580 3561 3634 de

1908 3656 2123 3727 quibus
2156 3651 2428 3727 legendus
2464 3652 2871 3727 idem_Natalis
2908 3651 3227 3706 Alexander
3266 3651 3555 3727 laudatus.

1905 3723 2079 3783 Porro
2126 3726 2317 3781 omnia
2365 3723 2672 3778 Clementis
2716 3736 2905 3791 opera,
2949 3728 3070 3777 tum
3117 3723 3387 3793 genuina.
3436 3728 3557 3777 tum

1907 3800 2125 3868 spuria,
2142 3798 2202 3851 in
2224 3808 2400 3850 unum
2419 3794 2678 3868 collecta,
2697 3800 2752 3868 et
2768 3794 3247 3868 annotationibus
3266 3794 3556 3868 illust‘rata

1903 3864 2095 3928 Grmce
2116 3864 2181 3923 et
2214 3867 2412 3922 Latine
2439 3865 2625 3920 edidit
2658 3864 2806 3920 idem
2844 3865 3165 3921 Cotelerius
3196 3865 3255 3920 in
3290 3864 3557 3921 Patribus

1902 3939 2259 4011 apostolicis.
2292 3936 2551 4011 Parisiis,
2584 3933 2742 4011 1672,
2773 3936 2871 4011 fol.

1974 4011 2078 4067 Sed
2126 4011 2217 4066 hic
2271 4008 2471 4079 paucis
2518 4008 2802 4079 agendum
2846 4008 2917 4064 de
2969 4007 3459 4063 Constitutionibus
3506 4011 3556 4061 et

1901 4084 2201 4140 canonibus
2247 4080 2611 4150 apostolorum
2662 4080 2892 4135 nomine
2940 4080 3263 4149 inscriptis,
3312 4091 3556 4150 quarum

1902 4158 2150 4213 duarum
2182 4152 2588 4209 collectionum
2628 4156 2919 4207 auctorem
2961 4152 3128 4207 multi
3163 4150 3387 4207 faciunt
3414 4163 3557 4205 san—

1901 4233 2057 4285 ctum
2085 4226 2465 4291 Clementem;
2493 4222 2630 4293 quia
2669 4223 2806 4278 licet
2828 4221 3006 4279 ambae
3047 4223 3197 4278 inter
3235 4221 3559 4293 apocrypha

1906 4303 2328 4363 recenseantur,
2396 4295 2639 4349 Canones
2700 4299 2886 4350 tamen
2954 4296 3321 4365 apostolorum
3385 4293 3557 4364 vulgo

1903 4370 2073 4432 dicti,
2095 4368 2382 4438 singulari
2410 4366 2652 4437 quadam
2675 4366 2943 4421 Ecclesiae
2966 4366 3273 4438 primitivze
3292 4365 3555 4438 doctrina

1907 4440 2102 4497 referti
2131 4446 2287 4507 sunt,
2314 4438 2772 4493 Constitutiones
2797 4438 3030 4507 quidem
3054 4445 3180 4492 octo
3202 4437 3373 4491 libris
3391 4448 3558 4490 com-

1910 4512 2219 4583 prehensas
2273 4510 2512 4583 Carolus
2569 4509 2776 4583 Bovius
2844 4507 3204 4583 Ostu_nensis_
3245 4508 3551 4583 episcOpus

142 4586 483 4640 Grzecorum
534 4571 847 4638 ecclesiis.’
868 4581 1152 4637 Eusebius
1192 4571 1603 4636 characterem'
1628 4583 1687 4637 in
1707 4571 1797 4639 'ea
1832 4571 2055 4640 Dauno
2085 4578 2239 4647 4573,
2275 4582 2335 4636 in
2365 4581 2547 4636 lucem
2576 4579 2791 4645 emisit,
2824 4584 2879 4633 et
2903 4592 2933 4633 e
2964 4580 3159 4634 Graeco
3190 4577 3251 4631 in
3282 4571 3548 4632 Latinum

140 4655 396 4725 epistola
414 4654 795 4723 ipsissimum,
812 4654 1087 4725 etstylum
1106 4653 1456 4725 expressisse
1473 4652 1677 4708 scribit
1693 4654 1793 4709 lib.

146 4724 193 4781 ll
231 4727 384 4780 Hist.
434 4725 584 4781 Eccl.
634 4738 801 4797 quem
857 4724 1068 4779 Paulus
1118 4724 1177 4778 in
1216 4736 1338 4797 sua
1388 4724 1457 4779 ad
1509 4725 1791 4797 Hebraeos.

142 4799 487 4868 Fragmenta
528 4810 638 4851 non
664 4796 1301 4868 'contemnendahujus
1333 4796 1593 4868 epistolm
1630 4809 1799 4868 repe—

144 4863 394 4925 riuritur
433 4869 583 4938 apud
630 4868 842 4924 Justin.
890 4870 1052 4923 Mart.
1099 4863 1165 4922 47
1209 4867 1277 4921 ad
1332 4863 1567 4938 O’rthod.
1620 4863 1794 4922 Clem.

139 4941 311 4996 Alex.
338 4937 545 4995 Strom.
580 4939 683 4994 lib.
718 4953 755 5007 ι,
786 4952 842 4993 1v
867 4944 1019 5003 etvr,
1053 4938 1223 4994 Basil.
1258 4939 1400 5009 Mag.
1432 4937 1536 4992 lib.
1560 4939 1631 4994 de
1660 4940 1798 5008 Spi—

143 5015 271 5068 ritu
302 5016 500 5066 sancto
539 5025 588 5065 c.
623 5010 714 5077 29,
753 5009 1134 5066 Athanasium
1174 5010 1326 5078 disp.
1367 5012 1564 5065 contra
1594 5011 1795 5066 Arium

143 5085 205 5138 in
239 5096 367 5153 syn.
401 5083 549 5149 Nic.,
583 5082 983 5153 Epiphanium_
1008 5088 1193 5136 contr.
1238 5081 1433 5153 haeres.
1467 5078 1556 5150 27,
1592 5082 1794 5138 Euseb.

143 5155 248 5210 lib.
276 5151 379 5208 ἰιι.
411 5154 554 5208 Hist.
586 5151 710 5222 cap.
746 5151 813 5209 46
836 5159 894 5209 et
919 5151 1008 5215 37,
1039 5154 1267 5208 Hieron.
1300 5152 1381 5207 lib
1409 5166 1446 5207 ι.
1476 5161 1673 5209 contra
1697 5154 1798 5209 .lo-

140 5227 265 5281 vin.
311 5230 369 5280 et
406 5224 715 5280 Comment.
764 5225 907 5279 min.
945 5230 1000 5279 et
1038 5222 1089 5279 4.
1130 5238 1180 5279 c.
1221 5224 1290 5279 ad
1334 5225 1538 5294 Ephes.
1579 5232 1633 5280 et
1675 5227 1800 5281 Ire—

141 5310 358 5352 meum.
384 5296 599 5362 Fertur,
618 5305 673 5351 et
690 5297 938 5351 secunda
953 5296 1079 5364 ejus
1096 5296 1326 5351 nomine
1339 5296 1603 5366 epistola,
1625 5310 1795 5367 quam

138 5383 173 5425 a
216 5367 515 5423 veteribus
564 5367 856 5437 reprobari
910 5368 1056 5422 dicit
1107 5368 1502 5438 Hieronymus.
1561 5369 1798 5423 Exstant

139 5439 275 5495 alia:
296 5440 558 5510 quinque
577 5439 885 5495 Clementis
905 5438 1163 5507 epistolae
1184 5438 1255 5510 de
1276 5452 1405 5493 vera
1421 5438 1551 5510 fide,
1570 5446 1623 5493 et
1647 5445 1799 5510 recte

140 5514 554 5567 constituenda
596 5511 951 5581 regendaque
989 5509 1241 5565 Ecclesia
1271 5510 1341 5565 ad
1370 5509 1641 5564 Jacobum
1672 5509 1798 5565 fra-

143 5591 290 5638 trem
313 5583 545 5653 Domini
572 5582 1096 5653 Hierosolymorum
1122 5581 1490 5653 episcOpum;
1515 5581 1796 5653 quem-id—

144 5654 382 5709 modum
422 5652 494 5708 80
538 5666 787 5709 canones
826 5651 1213 5724 apostolorum
1257 5651 1508 5715 collecti,
1552 5658 1609 5706 et
1656 5651 1795 5708 libri

139 5732 275 5782 octo
300 5725 796 5795 Constitutionum
828 5724 1295 5795 apostolicarum.

215 5797 395 5853 Linea
432 5793 516 5851 44.
550 5825 623 5839 -
658 5797 788 5852 Ideo
830 5793 1000 5850 Linus
1047 5799 1097 5848 et
1140 5796 1318 5849 Cletus
1356 5798 1484 5848 ante
1517 5810 1637 5849 eum
1679 5812 1798 5851 ron-

140 5870 492 5925 scribuntur.
539 5868 715 5925 Paulo
759 5874 891 5925 ante
937 5873 1175 5924 mortem
1220 5867 1420 5924 Petrus
1455 5865 1794 5924 Clementem

1906 4666 2220 4712 sermonem
2267 4650 2609 4706 transtulit:
2643 4663 2739 4704 eas
2787 4657 2979 4718 postea
3018 4648 3359 4704 Franciscus
3395 4649 3553 4704 Tur-

1907 4728 2110 4783 rianus
2161 4723 2356 4778 Latine
2414 4723 2823 4789 interpretatus
2866 4725 2974 4786 est,
3024 4726 3081 4774 et
3117 4719 3551 4775 commentariis

1909 4796 2246 4853 illustravit.
2298 4795 2503 4848 Verum
2556 4792 2757 4845 harum
2814 4790 3298 4846 constitutionum
3349 4795 3553 4848 auctor

1909 4881 2022 4925 non
2052 4871 2137 4921 est
2167 4866 2422 4919 Clemens
2466 4864 2775 4926 Romanus,
2823 4864 2961 4932 quia
3002 4861 3283 4918 Eusebius
3315 4862 3418 4917 lib.
3463 4875 3549 4926 ιιι,

1906 4954 2031 5009 cap.
2074 4935 2163 5005 45,
2201 4942 2258 4991 et
2295 4934 2778 5009 Hieronymusde
2813 4934 3022 5002 Script.
3064 4932 3380 5009 ecclesiast.
3421 4947 3552 4989 cum

1905 5004 1991 5066 de'
2022 5004 2261 5079 scriptis
2310 5008 2365 5062 S.
2409 5004 2738 5079 Clementis
2774 5011 2992 5079 agunt,
3044 5017 3214 5061 unam
3271 5005 3556 5079 duntaxat

1909 5082 2074 5137 illius
2103 5075 2171 5135 ad
2202 5076 2537 5135 Corinthios
2578 5075 2881 5145 epistolam
2918 5081 3229 5132 recensent.
3278 5078 3552 5132 Praeterea

1908 5152 2254 5208 Humbertus
2313 5147 2630 5204 cardinalis
2680 5148 2985 5217 episcopus
3039 5148 3220 5217 Sylvae
3270 5148 3551 5213 candidae,

1908 5224 2113 5280 Leonis
2154 5223 2232 5277 1x
2269 5221 2419 5289 apud
2458 5219 3019 5289 Constantinopolim
3063 5219 3303 5290 legatus,
3341 5220 3553 5275 Nicetae

1910 5299 2199 5351 Pectorato
2229 5290 2723 5347 Constitutionum
2755 5290 3203 5361 apostolicarum
3236 5292 3358 5347 loca
3390 5303 3555 5361 quaa-

1906 5368 2034 5424 dam
2066 5372 2263 5422 contra
2293 5362 2524 5419 Sabbati
2559 5361 2849 5431 jejunium
2883 5362 3206 5431 objicienti,
3242 5362 3334 5417 his
3364 5361 3557 5417 verbis

1910 5438 2213 5509 respondet
2244 5455 2256 5491 :
2294 5455 2321 5487 «
2363 5433 2477 5509 Hoc
2519 5446 2774 5509 asserere
2810 5434 3074 5509 conaris
3100 5446 3169 5509 ex
3215 5434 3559 5505 apocryphis

1908 5504 2097 5579 libris,
2125 5514 2182 5565 et
2204 5505 2524 5579 canonibus
2552 5504 2674 5574 pari
2699 5504 2984 5579 sententia
3004 5505 3098 5560 SS.
3123 5506 3354 5561 Patrum
3383 5518 3561 5575 repu-

1906 5576 2105 5638 diatis’.
2136 5599 2162 5629 »
2201 5581 2265 5633 Et
2307 5576 2477 5648 paulo
2522 5581 2684 5645 post:
2719 5596 2745 5628 α
2778 5576 2936 5632 Unde
2976 5589 3081 5632 nos
3127 5589 3357 5647 quoque
3396 5590 3563 5633 omne

1906 5652 2292 5723 apocryphum
2314 5647 2673 5723 '_abjicientes
2697 5648 3326 5723 dedignamuraudi‘re
3365 5661 3563 5723 eorum

1907 5720 2198 5781 fabulosus
2221 5721 2584 5788 traditiones,
2611 5720 2750 5791 quia
2772 5732 2883 5776 non
2900 5725 3038 5774 sunt
3054 5722 3119 5774 ut
3140 5720 3228 5774 lex
3251 5720 3503 5776 Domini.
3532 5738 3557 5768 n

1903 5798 2189 5851 Citaverat
2246 5800 2437 5849 autem
2494 5792 2721 5846 Nicetas
2777 5791 3070 5861 quintum,
3130 5796 3188 5846 et
3245 5793 3553 5860 septimum

1908 5868 2122 5924 librum
2143 5865 2611 5933 Ordinationum,
2634 5876 2737 5919 seu
2759 5861 3253 5919 Constitutionum
3276 5862 3561 5932 apostoli-
