4024 6176
273 312 407 373 4443

1081 319 1400 379 HISTORIA
1434 322 1527 380 DE
1563 321 1741 380 VlTIS
1778 320 1949 380 ROM.
1987 319 2187 380 PONT.
2227 352 2303 365 —-
2335 322 2392 380 S.
2433 322 2858 382 ANACLETUS.

3535 320 3675 384 4444

267 446 503 522 Antiqui
539 447 728 502 Patres
771 446 997 522 magnis
1030 446 1306 504 laudibus
1345 448 1588 506 efferunt
1631 460 1917 506 memora—
1948 446 2002 505 A
2034 462 2132 519 per
2154 448 2435 522 habitum,
2468 454 2524 504 et
2548 448 2881 522 adhibitum
2908 451 2977 507 ad
3002 464 3224 507 morum
3245 452 3671 522 corruptionem

274 526 380 577 tam
414 518 727 592 Clementis
763 518 1087 587 epistolam.
1125 533 1293 591 quam
1336 528 1751 592 recognoscunt
1782 525 1918 576 tan-

271 605 436 663 quam
464 589 892 663 validissimum
920 589 1313 648 testimonium
1337 589 1704 649 auctoritatis
1724 595 1920 649 Roma-

270 661 352 718 na
382 661 670 732 Ecclesia,
696 662 764 716 ad
793 674 983 729 pacem
1011 669 1069 717 et
1101 666 1367 719 unionem
1398 664 1550 720 inter
1569 665 1763 721 ﬁdeles
1791 677 1921 720 cono

267 734 619 800 servandam,
653 734 722 788 ad
756 746 852 788 eos
891 733 1116 791 ﬁrmius
1156 736 1214 791 in
1248 735 1357 791 ﬁde
1392 735 1771 792 stabiliendos
1814 735 1915 805 qui

268 812 555 873 nutarent,
591 810 646 877 et
686 805 754 859 ad
784 806 1240 861 annuntiandam
1271 814 1326 861 et
1357 807 1535 863 altius
1576 808 1917 877 imprimen—

267 879 394 934 dam
426 876 642 931 animis
665 878 1039 946 apostolicam
1070 879 1458 934 traditionem.
1496 879 1596 935 His
1621 876 1774 935 enim
1804 879 1918 934 iis-

267 950 392 1005 dem
424 948 668 1022 vocibus
697 948 887 1022 utitur
916 948 1200 1022 lrenaus:
1236 969 1262 1000 α
1295 949 1410 1005 Sub
1441 950 1548 1022 hoc
1576 952 1757 1022 igitur
1783 950 1917 1005 Cle-

269 1029 452 1076 mente
475 1018 812 1092 (inquitlib.
848 1034 913 1075 ut
936 1021 1062 1076 adv.
1084 1022 1290 1076 Hares.
1316 1034 1441 1091 cap.
1474 1020 1528 1092 3)
1553 1018 1917 1077 dissensione

268 1105 379 1148 non
416 1091 637 1146 modica
691 1090 842 1146 inter
879 1105 996 1158 eos,
1040 1093 1139 1162 qui
1186 1090 1445 1147 Corinthi
1492 1090 1654 1149 erant
1686 1092 1911 1161 fratres,

265 1163 433 1231 facta,
467 1163 863 1234 scripsitqua
883 1170 969 1218 est
993 1163 1182 1218 Roma:
1211 1163 1463 1220 Ecclesia
1489 1166 1916 1234 potentissimas

263 1236 488 1292 litteras
507 1233 851 1308 Corinthiis,
881 1235 950 1290 ad
986 1248 1173 1303 pacem
1206 1248 1303 1308 eos
1331 1233 1704 1308 congregans,
1731 1242 1785 1292 et
1819 1249 1917 1308 ree

263 1320 474 1378 parans
501 1305 667 1378 ﬁdem
694 1314 914 1374 eorum,
943 1312 997 1360 et
1021 1307 1376 1362 annuntians
1402 1305 1570 1377 quam
1606 1310 1661 1362 in
1698 1307 1911 1363 recenti

261 1377 337 1434 ab
383 1377 662 1446 apostolis
715 1384 1052 1446 acceperant
1090 1378 1478 1433 traditionem.
1544 1396 1569 1429 »
1630 1378 1913 1434 Eusebius

260 1449 661 1513 Casareensis,
695 1449 795 1518 qui
826 1449 1017 1504 eadem
1052 1449 1227 1504 ferme
1256 1450 1537 1505 sententia
1566 1450 1636 1506 de
1666 1451 1913 1506 Clemen-

264 1523 390 1576 tina
420 1520 663 1589 epistola
704 1519 988 1591 loquitur,
1016 1520 1180 1576 addit
1207 1527 1372 1575 atate
1398 1536 1501 1577 sua
1529 1521 1913 1578 consuetudi—

265 1607 393 1649 nem
420 1592 673 1664 viguisse
718 1591 983 1664 pluribus
1011 1592 1067 1646 in
1095 1591 1376 1664 Ecclesiis
1411 1600 1473 1648 ut
1504 1592 1729 1663 publice
1756 1593 1913 1664 lege-

266 1672 444 1719 retur.
489 1660 653 1733 (Hist.
686 1664 830 1734 Eccl.
881 1663 978 1718 lib.
1031 1677 1115 1731 tu,
1149 1677 1271 1732 cap.
1319 1660 1427 1734 42.)
1477 1660 1519 1715 α’
1555 1665 1737 1733 Hujus
1780 1660 1911 1719 vero

268 1736 572 1791 Clementis
612 1748 722 1791 una
752 1733 934 1791 fertur
964 1748 1087 1789 esse
1108 1734 1372 1802 epistola,
1406 1736 1663 1791 omnium
1687 1734 1912 1805 judicio

265 1805 595 1877 approbata,
632 1806 882 1862 illustris
916 1805 1015 1861 illa
1048 1805 1297 1877 quidem,
1326 1813 1382 1861 et
1407 1807 1580 1877 digna
1612 1807 1774 1871 plane
1804 1807 1913 1862 ad—

265 1879 592 1944 miratione,
625 1891 792 1947 quam
814 1884 1084 1947 tanquam
1105 1890 1173 1932 ex
1192 1877 1458 1933 Romana
1479 1877 1745 1933 Ecclesia
1779 1892 1915 1947 per—

260 1963 406 2006 sona
434 1950 502 2005 ad
547 1949 978 2006 Corinthiorum
1013 1948 1324 2004 Ecclesiam
1358 1955 1494 2003 tunc
1534 1950 1765 2015 quidem
1809 1963 1877 2004 ex
1908 1980 1915 1985 ο

259 2022 470 2089 aravit,
494 2034 622 2076 cum
641 2021 755 2089 jam
783 2020 1050 2076 Corinthi
1070 2021 1263 2091 gravis
1293 2026 1442 2076 esset
1467 2020 1662 2076 inﬁata
1684 2020 1909 2076 seditio.

258 2094 420 2148 Hanc
464 2106 600 2147 sane
624 2106 753 2147 cum
785 2099 1059 2152 veterum.
1111 2098 1230 2147 tum
1268 2098 1460 2149 nostra
1503 2092 1755 2161 ipsorum
1790 2105 1912 2147 me-

260 2164 450 2220 moria
500 2163 773 2234 plurimis
804 2165 863 2218 in
904 2163 1177 2219 Ecclesiis
1224 2163 1453 2233 publice
1483 2163 1682 2220 lectam
1733 2179 1911 2220 usur-

256 2243 569 2306 palamque
597 2235 987 2305 cognovimus.
1018 2252 1044 2283 »

328 2307 599 2376 Ejusdem
619 2306 873 2375 epistola
894 2318 1174 2362 summam
1201 2306 1489 2376 proponit,
1517 2319 1697 2377 eaque
1724 2307 1785 2361 in
1806 2307 1915 2376 pri-

257 2380 398 2441 mis.
425 2392 550 2449 qua
572 2380 642 2434 de
672 2377 1028 2434 humilitatis
1054 2377 1334 2449 custodia.
1357 2378 1426 2433 de
1450 2378 1583 2448 fuga
1603 2378 1915 2434 amulatio-

256 2451 379 2519 nis,
407 2451 479 2505 de
524 2449 866 2505 obedientia
909 2448 1147 2521 regulis,
1194 2457 1249 2504 et
1290 2450 1619 2521 reverentia
1649 2463 1781 2521 erga
1817 2463 1914 2505 eos

254 2523 363 2593 qui
396 2521 590 2577 divina
619 2521 959 2577 auctoritate
983 2520 1154 2577 nobis
1178 2526 1448 2593 prasunt,
1484 2520 1699 2593 ibidem
1723 2520 1916 2593 enung

254 2592 507 2660 t’iantur,
557 2594 1033 2662 quemadmodum
1086 2605 1152 2646 ex
1208 2592 1465 2647 versione
1495 2592 1708 2647 Patrici
1759 2592 1911 2647 Junii

254 2665 556 2737 leguntur,
576 2661 842 2737 iutigpag.
878 2661 981 2720 426
1021 2681 1034 2719 :
1090 2682 1114 2715 α
1166 2664 1430 2720 Servetur
1454 2664 1664 2737 itaque
1704 2676 1915 2737 corpus

256 2735 529 2793 nostrum
569 2736 629 2791 in
668 2735 897 2791 Christo
938 2737 1092 2803 Jesu,
1124 2742 1179 2791 et
1211 2736 1614 2805 unusquisque
1651 2736 1914 2804 proximo

255 2822 368 2864 suo
400 2807 922 2876 subjiciaturjuxta
949 2807 1231 2871 ordinem,
1265 2806 1691 2877 etdignitatem,
1718 2806 1775 2860 in
1799 2819 1914 2877 quo

255 2880 471 2951 gratia.
508 2887 563 2934 et
590 2878 925 2951 dignatione
945 2880 1091 2948 ejus,
1122 2878 1348 2951 positus
1373 2884 1459 2933 est
1493 2917 1579 2932 ...
1601 2918 1614 2931 .
1637 2918 1650 2931 .
1678 2877 1911 2951 Summo

254 2949 481 3020 quippe
500 2949 783 3005 sacerdoti
803 2963 908 3005 sua
933 2963 1166 3005 munera
1194 2949 1411 3005 tributa
1436 2954 1612 3019 sunt;
1640 2949 1915 3005 sacerdo-

257 3022 428 3077 tibus
459 3022 621 3077 locus
658 3021 923 3091 proprius
960 3020 1311 3091 assignatur,
1343 3030 1398 3076 et
1433 3020 1625 3076 levitis
1655 3035 1757 3076 sua
1799 3020 1914 3075 mi—

254 3093 500 3148 nisteria
534 3092 898 3148 incumbunt:
931 3093 1117 3148 laicus
1132 3092 1428 3162 praceptis
1443 3092 1606 3148 laicis
1618 3092 1915 3149 constrin-

2029 520 2412 592 avertendam,
2446 534 2511 576 ac
2548 521 2931 592 reserandam.
2973 535 3189 578 necnon
3221 523 3289 577 ad
3329 520 3589 592 perversa
3618 529 3675 579 et

2031 590 2171 647 falsa
2208 593 2473 664 dogmata
2502 591 2905 649 confundenda
2946 602 3117 663 atque
3156 590 3530 664 expugnenda
3562 613 3574 648 :
3612 601 3674 649 ut

2028 676 2227 733 nempe
2273 664 2342 719 ad
2376 663 2534 719 illam
2577 665 2968 731 traditionem,
3010 678 3076 719 ac
3122 664 3287 720 ﬁdem
3321 663 3671 731 provocatio,

2026 740 2081 791 et
2104 749 2371 791 recursus
2399 734 2515 803 ﬁat,
2541 749 2710 805 quam
2743 736 2997 792 Ecclesia
3018 738 3272 792 Romana
3295 735 3367 791 ab
3392 736 3671 806 apostolis

2025 807 2281 875 accepit:
2320 812 2379 862 ut
2430 812 2722 862 teneamus
2768 807 2836 862 ad
2886 807 3196 863 Ecclesiam
3244 807 3411 875 hanc,
3460 806 3674 877 ubique

2026 881 2281 949 gentium
2313 876 2402 950 ab
2438 878 2705 934 universa
2740 880 3091 950 antiquitate
3138 879 3487 950 recognitam
3538 876 3675 950 tan—

2026 963 2196 1021 quam
2223 949 2539 1019 principem
2554 951 2812 1005 omnium
2839 949 3675 1016 ECclesiarum,etauctoritate

2028 1021 2314 1091 praecipua
2339 1027 2720 1090 prastantem,
2753 1023 2921 1091 cujus
2955 1024 3012 1076 in
3034 1021 3169 1076 sinu
3206 1021 3548 1076 Christiana
3578 1033 3674 1075 re-

2028 1093 2267 1163 ligionis
2309 1093 2553 1162 puritas,
2604 1098 2662 1148 et
2696 1093 2999 1164 integritas
3045 1107 3267 1161 semper
3317 1092 3532 1148 enituit
3580 1104 3676 1161 per

2024 1164 2446 1220 successionem
2478 1164 2876 1234 episcoporum
2914 1178 3023 1220 non
3051 1164 3454 1233 interruptam,
3491 1176 3675 1218 neces-

2023 1236 2179 1291 sario
2226 1235 2529 1291 convenire
2575 1235 2781 1291 debere
2810 1250 3032 1291 omnem
3079 1235 3404 1303 ecclesiam,
3456 1236 3559 1289 hoc
3589 1239 3673 1289 est

2022 1320 2120 1363 eos
2148 1306 2246 1375 qui
2274 1313 2413 1362 sunt
2440 1307 2700 1377 undique
2726 1307 2940 1364 ﬁdeles.
2968 1328 2989 1359 α
3024 1308 3284 1363 Maxima
3304 1306 3408 1376 (ait
3427 1308 3673 1360 Irenaus

2022 1379 2149 1432 adv.
2175 1380 2375 1432 Haeres.
2410 1377 2512 1432 lib.
2545 1376 2629 1440 nt.
2659 1393 2782 1449 cap.
2815 1376 2869 1445 3)
2898 1385 2953 1434 et
2978 1378 3423 1448 antiquissima,
3450 1383 3518 1449 et
3545 1390 3674 1431 om-

2023 1449 2197 1506 nibus
2214 1449 2534 1522 cognita,a
2560 1450 3004 1522 gloriosissimls
3033 1449 3261 1506 duobus
3279 1448 3557 1522 apostolis
3584 1450 3675 1502 Pe-

2024 1527 2132 1589 tro,
2173 1527 2229 1575 et
2258 1520 2432 1576 Paulo
2466 1520 2735 1587 fundata,
2770 1530 2825 1578 et
2849 1523 3182 1579 constituta
3228 1521 3515 1576 Ecclesia.
3549 1532 3671 1574 eam

2023 1606 2190 1664 quam
2208 1591 2375 1664 habet
2395 1591 2755 1664 abapostolis
2786 1594 3177 1662 traditionem,
3197 1598 3252 1648 et
3272 1591 3674 1648 annuntiatam

2026 1662 2365 1719 hominibus
2411 1662 2598 1735 ﬁdem,
2653 1678 2748 1734 per
2800 1665 3223 1720 successionem
3272 1665 3672 1735 episcoporum

2022 1737 2341 1791 venientem
2390 1733 2594 1805 usque
2620 1733 2688 1791 ad
2724 1749 2827 1791 nos
2859 1737 3184 1792 indicantes
3214 1753 3230 1804 ς
3263 1733 3675 1791 confundimus

1944 1824 1996 1885 Β
2023 1820 2218 1885 omnes
2248 1819 2371 1885 eos,
2400 1809 2500 1876 qui
2522 1820 2752 1885 quoquo
2773 1808 2956 1885 modo,
2981 1807 3065 1885 vel
3099 1821 3197 1877 per
3214 1807 3306 1862 sui
3332 1806 3673 1885 placentiam

2027 1878 2251 1944 malam,
2286 1877 2374 1932 vel
2408 1890 2609 1932 vanam
2658 1877 3050 1949 gloriam,'vel
3100 1893 3198 1948 per
3236 1878 3571 1934 cacitatem.
3620 1881 3677 1949 et

2025 1949 2228 2004 malam
2242 1949 2583 2021 sententiam
2600 1947 2976 2021 praterquam
3005 1947 3230 2019 oportet
3251 1949 3556 2021 colligunt.
3590 1947 3672 2002 Ad

2026 2020 2171 2076 hanc
2191 2021 2343 2076 enim
2372 2020 2675 2076 Ecclesiam
2702 2020 2931 2090 propter
2966 2025 3339 2092 potentiorem
3373 2020 3676 2092 principa-

2023 2093 2264 2162 litatem,
2309 2104 2535 2147 necesse
2582 2099 2668 2147 est
2712 2106 2933 2148 omnem
2967 2090 3291 2148 convenire
3338 2090 3670 2157 Ecclesiam,

2025 2164 2131 2220 hoc
2156 2169 2243 2218 est
2265 2176 2363 2219 eos
2390 2164 2489 2232 qui
2517 2169 2653 2219 sunt
2681 2164 2939 2234 undique
2959 2163 3155 2220 ﬁdeles
3182 2182 3194 2218 :
3231 2165 3290 2219 in
3319 2176 3431 2233 qua
3453 2175 3677 2231 semper

2022 2236 2093 2291 ab
2126 2235 2217 2290 his
2247 2234 2347 2305 qui
2379 2240 2517 2289 sunt
2548 2235 2807 2305 undique
2836 2242 3167 2291 conservata
3198 2241 3395 2304 estea,
3438 2246 3565 2304 qua
3588 2238 3677 2288 est

2023 2307 2095 2362 ab
2119 2305 2419 2375 apostolis,
2452 2306 2716 2363 traditio.
2750 2325 2775 2356 »

2094 2380 2148 2433 S.
2170 2377 2429 2432 Clemens
2454 2378 2520 2432 ad
2562 2379 2788 2434 eosdem
2829 2377 3165 2434 Corinthios
3188 2377 3497 2432 secundam
3522 2387 3675 2446 quo-

2024 2449 2379 2520 quedederat
2399 2448 2726 2518 epistolam,
2753 2450 2922 2517 cujus
2946 2448 3222 2504 nonnulla
3235 2454 3457 2503 tantum
3481 2460 3676 2520 super-

2022 2518 2160 2577 sunt
2181 2518 2517 2590 fragmenta,
2542 2534 2668 2590 qua
2693 2520 2858 2577 nobis
2877 2521 3140 2575 indicant
3161 2519 3443 2575 salutaria
3460 2518 3676 2573 monita

2024 2594 2092 2648 ad
2121 2592 2294 2647 vitam
2321 2600 2469 2647 recte
2492 2592 2905 2647 instituendam
2923 2592 2982 2646 in
2999 2605 3063 2647 ea
3088 2590 3270 2647 fuisse
3292 2590 3673 2659 complexum.

2024 2665 2184 2718 Phot.
2213 2662 2487 2717 Biblioth.
2522 2663 2647 2719 cod.
2687 2661 2824 2718 126:
2877 2683 2902 2713 ‹‹
2935 2663 3129 2718 Altera
3158 2675 3387 2733 quoque
3407 2659 3674 2733 epistola,

2023 2741 2079 2791 et
2119 2734 2244 2804 ipsa
2273 2735 2699 2790 institutionem
2739 2735 2870 2790 vita
2899 2731 3479 2789 continet'melioris.
3511 2731 3676 2804 p‘Vi—

2023 2800 2246 2862 dendus
2275 2806 2446 2861 etiam
2475 2805 2680 2861 Euseb.
2726 2805 2863 2862 hist.
2892 2805 3042 2861 Eccl.
3081 2804 3181 2860 lib.
3216 2819 3304 2872 ιιι,
3343 2818 3467 2872 cap.
3499 2800 3590 2872 32,
3621 2808 3677 2857 et

2022 2879 2349 2947 Hieronym.
2382 2877 2452 2931 de
2494 2877 2705 2947 Script.
2748 2877 2899 2933 Eccl.
2935 2878 2992 2932 in
3020 2876 3321 2932 Clemente.
3371 2876 3555 2944 Hujus
3579 2886 3678 2929 se-

2023 2950 2223 3030 cunda
2276 2947 2535 3031 epistola
2571 2950 2890 3004 auctoritas
2936 2961 3046 3029 non
3097 2949 3237 3003 adeo
3279 2953 3433 3002 certa
3478 2953 3565 3002 est
3611 2957 3677 2999 ac

2023 3033 2371 3089 supertorts.

2098 3088 2396 3147 Prioribus
2442 3089 2710 3146 Ecclesia
2759 3089 2988 3145 saculis
3019 3089 3301 3145 attributa
3348 3088 3681 3144 invenimus

254 3166 440 3247 gitu_r.
481 3164 899 3252 Unusquisque
915 3159 1186 3252 vestrum,
1222 3159 1447 3232 fratres,
1479 3164 1538 3247 i_n
1565 3178 1669 3252 suo
1690 3163 1913 3252 ordine,
1945 3190 1993 3252 ρ
2022 3162 2297 3252 Clementi
2322 3175 2476 3231 papa
2498 3161 2613 3216 alia
2641 3174 3097 3252 q‘uoqueno‘pera,
3143 3160 3321 3217 veluti
3343 3159 3533 3252 libros
3562 3159 3678 3241 Re—

254 3235 514 3292 Statione
558 3248 810 3305 manens,
858 3238 972 3291 Deo
1017 3236 1077 3290 in
1125 3235 1271 3291 bona
1319 3236 1673 3290 conscientia
1699 3235 1915 3305 gratias

251 3314 420 3378 agat.
447 3314 656 3363 etcum
687 3308 890 3363 decore
920 3308 1069 3362 intra
1106 3306 1429 3378 praescripti
1465 3305 1780 3378 ministerii
1820 3306 1910 3378 sui

253 3376 540 3435 canonem
566 3392 627 3434 se
669 3379 983 3433 contineat.
1039 3380 1248 3433 Contra
1278 3376 1636 3447 presbyteros
1666 3376 1912 3432 seditio—

255 3464 390 3506 nem
426 3464 665 3519 movere,
698 3456 754 3505 et
801 3450 895 3505 hic
926 3450 1157 3520 quidem
1187 3462 1384 3504 rumor
1428 3462 1539 3504 non
1587 3454 1807 3520 tantum
1841 3448 1910 3503 ad

255 3536 387 3585 nos.
423 3523 518 3576 sed
556 3523 624 3577 ad
651 3536 748 3577 eos
777 3519 970 3587 etiam,
1007 3522 1107 3590 qni
1145 3535 1173 3573 a
1208 3520 1398 3588 nobis,
1432 3526 1486 3574 et
1511 3533 1543 3574 a
1576 3519 1685 3574 ﬁde
1718 3519 1913 3573 animo

254 3599 401 3650 sunt
424 3593 701 3648 alieniore
732 3594 1002 3647 manavit.
1033 3591 1243 3647 Tollite
1274 3592 1457 3661 igitur
1491 3590 1594 3645 hoc
1622 3589 1694 3644 de
1716 3591 1913 3661 medio

254 3679 438 3736 quam
486 3664 800 3719 celerrime.
856 3664 1062 3736 Melius
1105 3670 1191 3736 est
1239 3659 1388 3718 enim
1439 3662 1496 3736 in
1525 3661 1664 3736 ovili
1698 3659 1912 3736 Christi

257 3731 493 3806 parvos,
527 3739 583 3806 et
624 3736 680 3790 in
713 3735 1093 3790 aestimatione
1124 3734 1270 3789 bona
1304 3732 1564 3806 reperiri,
1597 3745 1764 3806 quam
1796 3731 1911 3806 sibi

254 3801 451 3863 videri
484 3805 619 3861 aliis
642 3806 1072 3865 eminentiores.
1102 3810 1157 3861 et
1182 3810 1343 3860 extra
1370 3805 1498 3873 ejus
1527 3801 1812 3858 cancellos
1838 3801 1915 3858 fo-

254 3894 354 3934 ras
401 3878 560 3947 ejici.
598 3895 625 3926 »
672 3879 773 3932 His
816 3890 882 3932 ex
912 3877 1154 3946 epistola
1189 3876 1543 3947 Clementina
1592 3874 1908 3944 productis,

256 3952 336 4005 ita
373 3944 754 4019 prosequitur
781 3944 1064 4005 Sommier
1097 3961 1231 4019 pag.
1266 3944 1385 4019 426.

329 4016 583 4076 Utinam'
605 4020 770 4075 hodie
795 4016 1120 4088 complures
1161 4016 1492 4073 Occidentis
1528 4016 1797 4072 Ecclesia
1833 4017 1914 4072 ita

254 4092 597 4163 frequenter
629 4090 945 4146 lectitarent
972 4089 1270 4159 epistolam
1298 4088 1623 4163 Clementis.
1647 4089 1740 4163 _u_t_i
1763 4089 1911 4163 _olim

253 4159 660 4220 Orientalesin
688 4164 941 4231 ejusdem
962 4162 1206 4217 lectione
1224 4159 1657 4216 detinebantur!
1688 4159 1911 4215 Utinam

252 4237 462 4291 eodem
494 4247 762 4289 successu
801 4232 971 4289 lectio
1024 4246 1176 4288 nunc
1215 4234 1563 4301 procederet,
1612 4244 1724 4301 qua
1754 4231 1917 4286 anti-

253 4308 467 4378 quitus
490 4306 642 4374 apud
671 4305 1004 4361 Corinthios
1038 4305 1050 4358 l
1079 4304 1308 4378 Similes
1333 4303 1497 4373 plane
1520 4316 1727 4378 sensus
1744 4315 1918 4357 vene-

257 4375 517 4434 rationis
562 4378 915 4446 perciperent
957 4390 1089 4447 erga
1131 4375 1472 4447 Clementem
1517 4376 1592 4429 XI
1625 4388 1690 4447 ac
1708 4386 1917 4447 versus

250 4444 610 4506 Clementem
642 4449 684 4516 Ι,
718 4450 887 4516 cujus
916 4444 1214 4503 successor
1246 4446 1342 4501 ille
1369 4452 1492 4502 est:
1537 4451 1591 4500 et
1625 4446 1758 4500 inde
1789 4444 1917 4500 col-

251 4523 529 4593 ligerent,
581 4532 693 4574 non
755 4533 947 4593 secus,
978 4532 1043 4573 ac
1088 4517 1287 4573 Irenai
1342 4523 1505 4593 atate
1551 4522 1911 4593 compertum

2023 3233 2441 3304 cognitionum,
2476 3246 2576 3287 seu
2604 3240 2730 3286 acta
2767 3230 2821 3287 Ξ.
2860 3234 3030 3299 Petri,
3066 3245 3313 3304 quorum
3343 3230 3678 3304 testimonio

2025 3300 2168 3361 usus
2195 3312 2280 3359 est
2309 3302 2584 3374 Origenes
2612 3310 2748 3358 tom.
2773 3306 2840 3358 III
2872 3300 3260 3374 Commentar.
3299 3302 3354 3355 in
3386 3300 3675 3374 Genesim,

2024 3391 2055 3432 ει
2078 3375 2280 3430 Ruﬁno
2314 3372 2511 3429 Latine
2533 3374 2754 3429 reddita
2789 3393 2798 3426 :
2826 3373 3284 3429 Constitutiones
3306 3372 3679 3441 apostolicas,

2022 3463 2053 3504 a
2091 3448 2141 3501 S.
2181 3446 2508 3515 Epiphanio
2550 3446 2858 3515 productas
2905 3444 3107 3500 haresi
3138 3442 3232 3516 25,
3266 3440 3355 3513 45,
3390 3440 3461 3516 7A0
3506 3450 3561 3499 et
3589 3443 3679 3508 80,

2024 3514 2267 3590 quarum
2300 3514 2498 3587 plures
2514 3517 2805 3590 editiones
2840 3517 3009 3590 hodie
3039 3514 3682 3590 tenem'uszClementi-

2026 3586 2147 3655 tias,
2192 3586 2392 3656 nempe
2439 3587 2831 3643 collectionem
2885 3587 3262 3656 epistolarum
3317 3586 3684 3656 aliorumque

2024 3674 2257 3731 operum
2308 3660 2538 3728 praﬁxo
2592 3659 2766 3731 hujus
2818 3658 3128 3714 Clementis
3173 3659 3429 3731 nomine.
3462 3659 3681 3731 (Verum

2023 3728 2151 3788 cum
2203 3744 2266 3785 ex
2308 3731 2399 3785 his
2429 3730 2628 3800 aliqua
2659 3730 2777 3785 sint
2807 3731 3102 3786 evidenter
3132 3729 3533 3799 supposititia,
3570 3728 3686 3784 alia

2025 3802 2310 3869 mutilata,
2343 3808 2399 3857 et
2424 3801 2722 3857 erroribus
2755 3802 3126 3871 interspersa,
3162 3815 3194 3856 a
3222 3800 3392 3856 nobis
3420 3808 3530 3871 non
3558 3813 3687 3868 pro-

2022 3876 2326 3941 ducentur,
2372 3880 2433 3928 ut
2473 3873 2798 3928 eorumdem
2843 3870 3176 3929 testimonio
3222 3870 3586 3942 comprobem
3619 3883 3684 3926 ea

2025 3960 2151 4016 qua
2179 3946 2249 4001 de
2277 3945 2499 4016 S_._sede
2533 3944 2674 3999 mihi
2705 3944 2951 4001 dicenda
2982 3950 3140 4016 sunt.

2094 4018 2268 4071 Linea
2299 4013 2385 4071 44.
2433 4046 2500 4054 -
2529 4018 2820 4085 Episcopos
2843 4032 2946 4085 per
2993 4015 3210 4070 diversa
3258 4016 3373 4069 loca
3419 4016 3681 4085 quinque.

2024 4087 2495 4171 hiagyrolOgium
2544 4088 2859 4171 Roman’u‘m
2903 4088 2999 4171 die
3030 4101 3087 4142 χι
3122 4086 3686 4171 ᾼιιςιιξῐί-ιηθιιιὴἰηὶῑ

2021 4160 2078 4215 S.
2126 4158 2367 4215 Taurini
2400 4158 2656 4228 episcopi
2686 4172 2718 4213 a
2751 4158 3038 4214 Clemente
3067 4158 3344 4214 ordinati.
3388 4158 3501 4213 Yvo
3543 4158 3687 4213 Car-

2026 4231 2291 4286 nutensis
2323 4236 2379 4285 et
2398 4230 2844 4286 Baroniusalios
2866 4244 3094 4302 quoque
3126 4230 3683 4302 sanctosepiscopos

2028 4308 2344 4357 memorant
2369 4302 2625 4371 ejusdem
2663 4302 3144 4371 pontiﬁcisjussu
3176 4303 3231 4356 in
3265 4301 3513 4357 Galliam
3545 4314 3687 4371 pro-

2027 4371 2223 4429 fectos.
2280 4394 2306 4425 «
2355 4376 2468 4428 lste
2511 4372 2810 4444 (Clemens)
2851 4373 3164 4428 destinavit
3194 4372 3685 4443 Lugdunensibus

2025 4445 2317 4511 Fotinum,
2362 4445 2640 4500 Narbona
2696 4445 2956 4500 Paulum.
3008 4444 3258 4498 Turonis
3312 4444 3680 4512 Gratianum,

2025 4517 2366 4572 Cenomanis
2397 4517 2716 4585 lulianum,
2753 4535 2779 4567 »
2808 4523 2913 4572 etc.
2954 4515 3067 4569 Yvo
3101 4514 3326 4585 Carnotj
3366 4514 3425 4567 in
3468 4513 3678 4585 Chron.

252 4560 1050 4662 ἓῶἶζέᾜιιό⁹ἰέεέιῖιόἦίιῖὧ
1088 4560 1519 4644 ἱὲῖίὲῑῖιύεἶῖἆὲῖ)
1549 4560 1916 4662 ιίιῖιῖὲὶἰῖθξᾜιᾷ
1944 4560 1998 4619 Ι)
2026 4560 2366 4662 ιῖιέἐῗξίἷέίό
2386 4560 2918 4662 ᾖὶὶὣῖἕᾶιτιὲἰῦ.
2955 4560 3094 4640 Vide
3126 4583 3436 4639 Baronium
3464 4584 3533 4637 ad
3567 4560 3669 4639 εἷηὲ

248 4659 525 4721 Ecclesia
553 4661 834 4717 catholica
854 4661 1167 4717 remedium
1203 4659 1738 4731 praestantissimum
1763 4672 1918 4715 sem—

2028 4672 2164 4714 num
2191 4655 2281 4728 95,
2311 4671 2366 4712 n.
2396 4652 2453 4711 7.

1391 4997 1445 5067 V
1461 5040 1480 5063 .
1572 4992 1950 5065 SANCTUS
2025 4992 2514 5063 ANACLETUS
2529 5040 2547 5061 .

1275 5182 1453 5225 ANNO
1508 5180 1768 5226 CHRISTI
1828 5165 1968 5234 403,
2037 5181 2312 5224 TRAJANI
2390 5182 2528 5226 IMP.
2591 5168 2650 5224 4.

589 5449 642 5510 5
705 5448 1101 5531 Anacletus,
1172 5451 1450 5514 natione
1523 5453 1812 5529 Gnaeus,
1880 5451 1959 5513 de
2028 5449 2333 5527 Athenis,
2402 5467 2482 5513 ea:
2546 5444 2756 5532 patre
2820 5449 3168 5527 Antaeo/ia,
3239 5446 3410 5511 sedit
3469 5467 3682 5510 annos

510 5566 773 5629 novem,
810 5566 1071 5614 menses
1090 5549 1257 5613 duos
1285 5562 1315 5593 δ
1348 5598 1364 5630 ,
1395 5549 1534 5612 dies
1558 5549 1804 5613 decem.
1833 5549 2004 5612 Fuit
2028 5552 2254 5612 autem
2277 5548 2688 5629 temporibus
2718 5550 3101 5614 Domitiani
3138 5547 3167 5591 δ
3196 5597 3214 5628 ,
3246 5564 3290 5613 (ι
3310 5548 3672 5612 consulam

1393 5720 1671 5766 NOTULIE
1735 5721 1827 5764 MA
1836 5720 1946 5764 RGI
1955 5718 2160 5763 NALES
2224 5716 2572 5764 FABRO’I‘TL

316 5871 356 5902 ι
392 5858 503 5921 CB,
527 5870 600 5913 tn.
639 5855 694 5913 3.
728 5854 757 5898 δ
786 5860 850 5921 Β,
898 5858 1149 5927 Trajam'.
