4024 6176
432 302 572 363 4445

1655 300 2021 359 ANASTASII
2067 301 2610 361 BIBLIOTHECARII

3631 300 3737 363 4446

669 433 1055 497 Domitiani
1082 432 1351 512 decimo,
1397 435 1463 495 et
1493 431 1751 496 Sabini
1779 450 1990 516 usque
2021 435 2114 498 ad
2136 435 2607 499 Domitianum
2643 434 2853 499 XVII
2890 436 2956 496 et
3007 430 3392 496 Clementem
3416 433 3674 497 consules
3696 432 3735 494 δ.

670 532 800 595 Hic
824 532 1209 595 memoriam
1235 530 1411 595 beati
1448 533 1650 595 Petri
1689 535 2079 597 construxit
2136 539 2199 598 et
2229 535 2618 617 composuit,
2654 535 2815 597 dum
2844 530 3198 614 presbyter
3241 530 3456 613 factas
3482 527 3689 614 fuisset
3712 549 3742 596 ιι

591 633 630 694 5
673 630 856 694 beato
882 632 1110 709 Petro,
1153 647 1270 691 seu
1301 630 1439 693 alia
1477 631 1642 708 loca,
1678 631 1793 694 ubi
1830 634 2129 715 episcopi
2158 636 2686 698 reconderentnr
2722 632 3106 711 sepulturae.
3146 629 3270 694 Ubi
3314 636 3518 694 autem
3547 635 3600 694 et
3631 632 3741 711 ipse

670 729 985 810 sepultus
1013 732 1113 792 est
1145 741 1171 770 ο
1192 729 1392 809 juxta
1422 746 1656 809 corpus
1694 727 1872 792 beati
1918 731 2116 811 Petri,
2141 750 2212 795 nr
2242 734 2401 796 Idus
2425 733 2615 796 Julii.
2648 732 2787 795 Hic
2824 729 2990 813 fecit
3019 730 3465 793 ordinationes
3490 731 3637 793 duas
3658 744 3744 808 per

673 845 970 890 mensem
1012 826 1465 905 Decembrem,
1508 826 1927 908 presbyteros
1965 831 2287 911 quinque,
2326 831 2640 894 diaconos
2670 832 2827 910 tres,
2876 829 3213 909 episcopos
3238 846 3350 907 per
3380 828 3609 890 diversa
3634 828 3743 889 loca

672 942 946 987 numero
973 942 1089 987 sex
1123 944 1136 999 ;
1171 928 1235 988 et
1265 925 1555 988 cessavit
1569 926 1999 1007 episcopatus
2044 928 2188 991 dies
2228 947 2364 991 xm.

1589 1093 2082 1157 CATALOGUS
2114 1095 2274 1158 SUR
2314 1095 2671 1158 LIBERIO.

511 1220 871 1282 Anacletus
919 1220 1119 1282 annis
1143 1235 1267 1297 XII,
1296 1216 1644 1280 mensibus
1667 1234 1741 1294 Χ,
1770 1216 2005 1279 diebus
2030 1236 2123 1280 III.
2151 1219 2308 1281 Fuit
2345 1218 2754 1298 temporibus
2796 1218 3163 1281 Domitiani
3205 1236 3244 1280 a
3268 1215 3621 1281 consulibus
3647 1218 3747 1279 Do-

432 1318 713 1381 mitiano
734 1336 787 1382 x
813 1321 877 1381 et
909 1318 1177 1386 Sabino.
1208 1333 1421 1399 usque
1446 1316 1828 1380 Domitiano
1849 1334 1995 1379 xvu
2017 1321 2080 1380 et
2110 1319 2468 1382 Clemente.

1558 1470 1840 1515 NOTULIE
1897 1473 2031 1515 MAR
2041 1471 2314 1515 GINALES
2356 1471 2701 1515 FABROT’I‘I.

499 1597 530 1630 α
552 1585 752 1644 Sabini
777 1586 832 1643 Ο.
861 1585 889 1629 b
919 1588 982 1659 B,
1015 1586 1247 1656 Trajani
1272 1587 1358 1643 IV
1384 1590 1435 1641 et
1464 1584 1755 1642 Articulcei
1783 1602 1955 1657 usque
1983 1587 2059 1641 ad
2088 1587 2336 1642 Pisonem
2364 1592 2415 1641 et
2442 1588 2693 1642 Hastam.
2722 1599 2747 1628 ο
2780 1586 2879 1653 CB,
2917 1587 2974 1643 in
3007 1599 3162 1657 pace.

1799 1722 2028 1777 VARI/E
2091 1720 2482 1778 LECTIONES.

680 1849 852 1919 Apud
886 1849 1208 1905 Fabrottum
1239 1863 1307 1904 ea:
1343 1848 1524 1904 codice
1576 1848 1814 1903 Freheri.

502 1959 660 2017 Num.
692 1956 747 2014 5.
785 1958 882 2011 lin.
922 1957 1045 2012 ead.
1085 1954 1141 2012 2.
1192 1959 1261 2025 Α,
1291 1956 1417 2013 dies
1446 1953 1537 2026 23,
1572 1957 1634 2025 Β,
1657 1952 1748 2022 24,
1787 1955 1886 2026 lin,
1915 1953 1969 2026 2,
2000 1955 2074 2026 Α,

430 2042 564 2084 ann.
600 2027 688 2096 42,
730 2043 807 2093 ιιι,
838 2027 922 2095 40,
955 2030 1010 2085 d.
1047 2027 1105 2099 7,
1144 2029 1205 2095 B,
1238 2023 1370 2084 ann.
1405 2025 1489 2096 44,
1524 2023 1696 2096 ιιι.⁷4,
1725 2029 1783 2084 d.
1808 2023 2075 2096 11:11.3,

428 2100 545 2167 ΑΒ,
575 2101 798 2157 Sabini.

642 2192 730 2244 Ea:
758 2191 935 2244 codice
975 2192 1154 2258 Regio,
1202 2192 1486 2244 Mazarino
1520 2193 1570 2243 et
1617 2188 1859 2243 Thurino.

502 2278 626 2350 Lini.
658 2276 712 2347 2,
755 2286 1005 2347 tempore
1033 2281 1134 2335 Do.
1181 2280 1280 2333 lin.
1309 2277 1362 2350 3,
1409 2278 1628 2350 Sabini.
1663 2278 1760 2331 (in.
1803 2274 1855 2343 4,
1889 2280 1945 2332 et
1980 2290 2077 2350 po-

432 2348 557 2420 suit
583 2349 720 2405 dum
753 2350 1046 2420 presbyter
1066 2348 1372 2406 ordinatus
1403 2349 1609 2406 fuisset
1634 2364 1666 2406 a
1696 2351 1754 2404 Β.
1786 2352 1949 2405 Petro
1973 2348 2072 2405 ubi

432 2418 548 2474 alia
577 2418 974 2492 episcOporum
1005 2434 1242 2491 corpora
1275 2423 1334 2477 in
1365 2422 1663 2492 sepultura
1694 2422 2077 2477 reconderen-

433 2495 550 2545 tur.
578 2492 681 2546 Hic
704 2491 1011 2548 constituit
1037 2498 1100 2548 ut
1128 2492 1377 2549 clericus
1414 2491 1630 2549 eomam
1661 2507 1772 2548 non
1805 2492 2025 2547 nutriat
2059 2510 2071 2545 :

431 2560 577 2616 duas
596 2562 766 2618 etiam
806 2564 1117 2619 decretales
1142 2564 1416 2630 epistolas
1440 2566 1595 2619 omni
1630 2565 1914 2632 sapientia
1949 2563 2077 2632 ple-

434 2644 537 2687 nas
565 2634 931 2704 conscripsit.
965 2636 1066 2690 Hic
1094 2636 1204 2691 sub
1232 2636 1560 2691 Domitiano
1587 2636 1847 2705 principe
1875 2640 2078 2702 marty-

2114 1850 2171 1909 A
2189 1848 2263 1904 rii
2286 1847 2529 1920 gloriam
2554 1847 2767 1918 capitis
2794 1847 3239 1904 obtruncatione
3263 1847 3522 1917 suscepit.
3546 1842 3740 1915 sepultus

2189 1919 2406 1991 quiest
2429 1920 2475 1990 j.
2505 1934 2554 1975 c.
2588 1920 2648 1973 Β.
2682 1921 2736 1974 Ρ.
2778 1934 2843 1975 ιιι
2872 1922 3034 1989 (Max,
3074 1919 3151 1991 Iv)
3183 1934 3238 1975 IV
3264 1921 3345 1975 Id.

2436 2009 2607 2080 Apud
2643 2010 2983 2065 Holstenium
3025 2014 3076 2065 et
3118 2010 3561 2065 Schelestratium.

2257 2100 2382 2153 Lin.
2432 2096 2487 2164 2,
2538 2097 2771 2165 Cassin.,
2827 2113 3009 2155 annos
3064 2096 3151 2154 42.
3207 2100 3304 2153 lin.
3359 2096 3411 2161 3,
3460 2099 3583 2152 Flor.
3609 2096 3744 2165 prim.

2185 2170 2402 2296 Sabtini.
2440 2171 2546 2224 lin.
2580 2168 2635 2237 8,
2668 2172 2968 2240 episcOpos
2997 2184 3095 2241 per
3116 2170 3344 2227 diversa
3377 2170 3491 2226 loca
3515 2167 3744 2235 xv,Flor.,

2187 2255 2284 2312 sep
2314 2255 2422 2297 em.

2467 2330 2640 2401 Apud
2680 2333 2903 2388 Peniam
2944 2347 3011 2386 em
3060 2332 3248 2387 codice
3301 2332 3531 2387 Cavensi.

2254 2422 2379 2474 Lin.
2427 2417 2478 2487 4,
2534 2421 2684 2477 sedit
2747 2434 2928 2477 annos
2995 2434 3073 2486 ιιι,
3124 2435 3289 2477 mens
3356 2435 3415 2487 ιι,
3451 2419 3563 2475 dies
3602 2430 3648 2484 ιι,
3685 2412 3750 2467 sel

2186 2492 2303 2545 alia
2347 2492 2499 2546 lectio
2552 2496 2909 2561 superposita,
2958 2506 3092 2547 ann.
3128 2506 3214 2557 ιιι,
3265 2506 3437 2548 mens.
3471 2504 3525 2558 lt,
3558 2490 3747 2549 diesvue

2188 2565 2284 2615 lin.
2318 2563 2371 2626 3,
2391 2564 2720 2619 Domitiano
2757 2564 2980 2619 decimo
3023 2570 3078 2619 et
3101 2564 3334 2631 Savino,
3358 2565 3452 2617 lin.
3481 2562 3526 2617 4.
3554 2561 3637 2615 Hic
3662 2570 3752 2612 me—

2188 2635 2369 2690 moria
2396 2636 2450 2689 B.
2493 2635 2665 2691 Petri.
2700 2636 2798 2690 lin.
2826 2634 2878 2704 6,
2911 2649 2972 2689 ιιι
3001 2635 3137 2691 Idus
3165 2636 3373 2693 Julian.

1750 2786 1997 2850 NOTE
2045 2787 2513 2851 VARIORUM.

1041 2910 1465 2969 ALTASERRA.

504 3021 682 3076 Linea
720 3018 771 3076 4.
802 3051 874 3061 -
910 3022 1013 3075 Hic
1046 3021 1355 3074 memoriam
1387 3020 1532 3075 beati
1562 3021 1710 3075 Petri
1746 3021 2070 3086 constrweit,

430 3097 482 3148 et
520 3096 835 3162 composuit.
889 3091 1197 3148 Anacletus
1240 3090 1465 3147 furente
1506 3092 1629 3162 ipsa
1683 3092 2077 3161 persecutione
2107 3088 2154 3147 Β

432 3165 788 3233 memoriam,
834 3163 887 3218 id
921 3168 1026 3231 est,
1073 3163 1246 3219 aedem
1293 3177 1512 3219 sacram
1556 3164 1775 3219 dicavit
1805 3166 1859 3217 Β.
1892 3165 2073 3218 Petro.

431 3238 717 3291 Memoria:
759 3235 1147 3305 apostolorum
1184 3240 1239 3290 et
1280 3247 1590 3305 martyrum
1622 3235 1792 3290 dicta:
1822 3234 2077 3290 aediculae

430 3320 624 3373 sacrae,
657 3322 781 3379 qum
807 3312 1059 3375 tempore
1086 3307 1505 3376 persecutionis
1534 3306 2075 3379 mditicatzesuntin

432 3377 690 3448 ipsorum
724 3379 1074 3443 memoriam,
1104 3379 1254 3448 quod
1285 3391 1479 3432 eorum
1516 3378 1789 3433 memoria
1813 3378 1893 3432 ibi
1923 3377 2073 3433 celev

429 3449 713 3505 braretur.
748 3451 990 3520 Optatus
1021 3449 1258 3504 Milevit.
1289 3448 1388 3502 lib.
1427 3464 1465 3505 ιι
1499 3468 1510 3503 :
1551 3450 1856 3519 «Denique
1877 3448 1926 3503 si
1955 3448 2078 3503 Ma-

429 3521 625 3576 crobio
654 3519 902 3588 dicatur,
935 3520 1033 3576 ubi
1070 3519 1193 3576 illic
1215 3521 1424 3589 sedeat,
1470 3521 1732 3590 nunquid
1768 3524 1954 3589 potest
1979 3520 2079 3575 di—

429 3606 556 3648 cere
582 3610 594 3646 :
625 3593 687 3647 In
719 3593 987 3649 cathedra
1031 3592 1204 3658 Petri,
1260 3604 1429 3662 quam
1462 3593 1656 3647 nescio
1686 3593 1733 3646 si
1768 3591 1852 3646 vel
1889 3590 2078 3646 oculis

433 3664 611 3733 novit,
661 3668 715 3719 et
762 3666 829 3720 ad
889 3664 1057 3734 cujus
1091 3664 1419 3719 memoriam
1473 3676 1583 3719 non
1631 3662 1853 3718 accedit
1910 3663 2076 3732 quasi

431 3736 839 3792 schismaticus
863 3736 892 3789 ?
925 3755 948 3784 υ
984 3737 1049 3790 Et
1080 3748 1236 3790 mox:
1276 3756 1302 3786 «
1336 3736 1475 3790 Ecce
1504 3740 1808 3802 prmsentes
1831 3740 1967 3791 sunt
1995 3734 2077 3789 ibi

430 3808 679 3863 duorum
704 3807 989 3862 memoriae
1018 3806 1432 3874 apostolorum.
1466 3822 1491 3854 ι)
1526 3807 1593 3860 Et
1615 3805 1766 3860 infra
1796 3824 1808 3859 :
1847 3826 1871 3859 «
1905 3807 1962 3860 Si
1991 3818 2082 3859 ne-

430 3877 516 3932 fas
539 3878 645 3933 tibi
681 3878 929 3945 videtur,
950 3882 1052 3931 aut
1080 3884 1295 3931 reatum
1320 3882 1506 3945 putas,
1533 3877 1827 3932 memoriis
1844 3880 2081 3945 aposto-

430 3949 641 4011 lorum,
664 3953 719 4002 et
747 3952 1075 4003 sanctorum
1103 3949 1361 4003 omnium
1388 3949 1860 4003 communicasse.
1897 3965 1922 3996 ››
1956 3946 2081 4002 Au—

431 4027 583 4092 gust.
619 4021 677 4074 in
711 4018 1003 4092 psal.x1._iv
1031 4036 1042 4073 :
1068 4017 1637 4092 «pOstendaturmihi
1667 4020 1854 4092 Roma:
1883 4018 1939 4072 in
1971 4019 2084 4092 ho—

432 4090 569 4146 nore
601 4096 757 4145 tanto
791 4090 1065 4158 templum
1100 4090 1353 4159 Romuli,
1389 4091 1447 4146 in
1479 4093 1695 4161 quanto
1729 4090 1810 4145 ibi
1840 4090 2080 4145 ostendo

432 4162 763 4217 memoriam
796 4161 969 4216 Petri.
1004 4178 1031 4209 ››
1067 4161 1215 4216 Idem
1242 4162 1298 4216 in
1335 4162 1473 4230 psal.
1520 4175 1626 4216 va
1661 4180 1673 4216 :
1705 4182 1731 4213 ‹‹
1763 4161 1966 4216 Melius
1994 4166 2079 4215 est

431 4238 497 4287 ut
521 4234 754 4288 Romam
801 4246 927 4287 cum
962 4235 1182 4286 venerit
1214 4232 1542 4300 imperator.
1578 4233 1842 4301 deposito
1872 4231 2081 4287 diade—

431 4309 579 4359 mate
603 4303 787 4374 ploret
806 4304 872 4359 ad
898 4304 1228 4358 memoriam
1256 4304 1583 4372 piscatoris,
1606 4317 1775 4372 quam
1789 4307 1852 4358 ut
1882 4304 2079 4372 pisca-

433 4379 523 4429 tor
546 4374 729 4444 ploret
743 4376 812 4433 ad
839 4375 1168 4429 memoriam
1196 4375 1578 4443 imperatoris.
1615 4392 1640 4424 ››
1668 4375 1814 4429 Idem
1848 4376 1905 4429 in
1931 4374 2073 4443 psal.

431 4457 532 4526 ciu.
562 4465 640 4526 :_«
686 4450 1000 4526 Imperator
1041 4446 1199 4526 venit
1231 4447 1460 4526 Romam
1496 4463 1508 4502 :
1539 4459 1653 4526 quo
1684 4444 1976 4526 festinat_?
1994 4446 2071 4526 ad
2101 4466 2147 4526 ο

432 4518 705 4588 templum
728 4516 1116 4588 imperatoris,
1137 4530 1208 4572 an
1230 4517 1298 4572 ad
1322 4518 1647 4588 memoriam
1672 4516 2022 4587 piscatoris?
2046 4536 2070 4567 ι)

432 4587 581 4645 Idem
608 4590 679 4646 de
705 4587 876 4645 Civit.
908 4590 1007 4646 Dei
1050 4589 1159 4644 lib.
1200 4603 1341 4652 χχιι,
1369 4602 1495 4659 cap,
1530 4587 1595 4645 4ο
1628 4606 1640 4642 :
1679 4609 1703 4639 «
1738 4590 1852 4644 Nos
1881 4594 2071 4644 autem

432 4662 784 4732 martyribus
797 4663 1013 4718 nostris
1037 4674 1146 4717 non
1169 4660 1376 4729 templa
1401 4662 1556 4717 sicut
1579 4660 1718 4726 diis,
1749 4661 1842 4716 sed
1870 4672 2074 4715 memo-

434 4732 551 4787 rias
579 4734 733 4789 sicut
767 4733 1101 4789 hominibus
1128 4733 1392 4800 mortuis,
1428 4746 1671 4803 quorum
1704 4734 1854 4803 apud
1893 4733 2069 4788 Deum

432 4803 641 4861 vivunt
669 4805 934 4876 spiritus,
969 4804 1338 4860 fabricamus.
1378 4821 1404 4852 ιι

1107 4930 1379 4986 BENCINI
1393 4970 1407 4983 .

502 5057 675 5112 Linea
701 5052 753 5110 4.
798 5085 866 5095 -
910 5057 1013 5109 Hic
1051 5056 1361 5109 memoriam
1405 5055 1549 5109 beati
1574 5055 1725 5109 Petri
1748 5057 2072 5122 construxit,

432 5132 484 5181 et
519 5129 831 5196 composuit,
882 5128 1012 5180 dum
1055 5128 1341 5196 presbyter
1388 5129 1569 5194 factus
1599 5128 1799 5191 fuisset
1835 5142 1869 5179 a
1926 5126 2077 5180 beato

433 5201 604 5253 Petro.
639 5198 850 5254 Ultima
874 5197 1044 5252 verba
1074 5198 1360 5253 exstantia
1381 5199 1554 5253 etiam
1588 5198 1646 5251 in
1675 5196 1926 5252 secundo
1960 5198 2076 5252 Ro-

432 5282 728 5326 manorum
757 5269 1092 5339 pontiﬁcum
1109 5268 1387 5340 catalogo,
1408 5269 2072 5340 originem,etvetustam

433 5342 739 5410 Presbyteri
766 5346 1071 5408 martyrum
1104 5339 1526 5396 institutionem
1559 5339 1880 5407 insinuant,
1904 5352 2073 5409 quam

428 5412 623 5480 jejune
658 5413 730 5468 ab
755 5414 895 5469 aliis
938 5417 1229 5479 attactam,
1280 5413 1337 5466 in
1387 5412 1653 5482 praesenti
1681 5410 2076 5482 observatione

433 5484 835 5541 enucleandum
868 5485 1244 5553 suscipimus,
1272 5481 1408 5538 dum
1436 5484 1599 5552 plura
1625 5496 1693 5538 ex
1724 5494 1788 5537 ea
1818 5481 2075 5537 observa-

435 5555 589 5612 tione
620 5556 1007 5615 illustrantur.
1052 5569 1178 5625 quae
1222 5554 1278 5608 in
1302 5554 1689 5625 sequentibus
1724 5560 2065 5609 occurrunt.

435 5626 586 5681 Duos
606 5626 675 5680 ab
696 5627 976 5691 ecclesiis,
994 5624 1347 5695 etepiscopis
1381 5625 1649 5695 leguntur
1663 5626 1731 5679 ad
1751 5625 2073 5680 ministeria

436 5696 783 5764 martyribus
811 5699 1129 5764 praestanda
1146 5695 1396 5751 delectos
1412 5696 1776 5764 inprimitiva
1796 5696 2070 5760 Ecclesia,

432 5768 709 5836 diaconos
747 5767 816 5819 ad
868 5768 1188 5834 corporalia
1223 5771 1535 5836 martyrum
1567 5764 1751 5820 oﬁicia
1788 5766 2069 5831 obeunda,

434 5834 792 5904 presbyteros
814 5846 945 5888 vero
978 5849 1077 5902 pro
1117 5834 1439 5892 animarum
1490 5849 1650 5907 cura,
1686 5842 1743 5890 et
1773 5837 2070 5905 spirituali

2183 2912 2508 2990 earumdem
2541 2913 2727 2990 salute
2740 2915 3252 2990 ._De_diaconorum_
3273 2914 3451 2990 ofﬁcio
3478 2908 3752 2990 martyribus

2185 2984 2465 3051 exhibito,
2497 2990 2553 3041 et
2582 2986 2984 3043 sollicitudine
3013 2987 3071 3042 in
3106 2987 3433 3042 ministerio
3456 2982 3675 3041 obeundo
3694 2982 3752 3033 in-

2186 3056 2378 3129 signia
2399 3065 2538 3129 sunt
2564 3057 2686 3113 loca
2716 3059 2865 3126 apud
2894 3063 3129 3125 veteres,
3161 3066 3222 3114 et
3253 3059 3385 3129 quia
3410 3059 3475 3113 de
3498 3054 3752 3129 hisascrt—

2191 3127 2465 3201 ptoribus
2484 3128 2649 3197 plura
2693 3134 2988 3201 notantur,
3014 3130 3092 3201 ad
3127 3126 3437 3201 martyrum
3466 3126 3753 3201 presbytero-

2191 3212 2313 3273 rum
2349 3196 2639 3273 notitiam,
2672 3200 2743 3273 de
2768 3200 3105 3273 quibushic
3133 3196 3627 3273 liber'l’ontilicalis
3651 3196 3751 3273 agi}.

2188 3270 2523 3344 tradendam
2541 3263 2858 3344 subsistere
2873 3272 3166 3342 paulisper
3188 3273 3461 3344 cogimur.
3474 3263 3754 3344 Episcopjlls

2188 3340 2613 3397 sollicitudinis
2653 3340 2835 3399 fuisse
2868 3334 3013 3399 hanc
3051 3334 3428 3413 provinciam,
3471 3334 3527 3395 et
3552 3343 3598 3394 in
3621 3334 3755 3413 ofﬁcio

2189 3413 2568 3489 promovendo
2588 3414 2906 3489 specialem
2928 3406 3137 3489 curam,
3155 3416 3368 3489 docent
3397 3414 3599 3470 laudata
3618 3406 3753 3489 verba.

2191 3483 2357 3538 Liber
2384 3484 2536 3538 enim
2588 3485 2944 3541 Pontiﬁcalis
2981 3487 3082 3550 ait,
3112 3486 3444 3543 Anacletum
3478 3483 3750 3539 memoriam.

2188 3568 2288 3610 seu
2331 3555 2657 3625 sepulcrum
2700 3558 3113 3625 construxisse,
3142 3565 3203 3614 et
3238 3554 3755 3625 constructionisrauo

2190 3624 2628 3698 sampasSignat,
2664 3628 2801 3697 quia
2844 3624 3138 3698 presbyter
3187 3629 3371 3686 factus
3408 3633 3520 3683 erit
3559 3639 3585 3680 a
3622 3624 3750 3698 Petro:

2191 3691 2604 3776 Presbyteralis
2621 3691 2814 3776 porro
2843 3691 2961 3776 hinc
2994 3691 3131 3757 c'ura
3153 3702 3678 3776 ordiniannexanop
3692 3691 3753 3776 ﬁt

2190 3782 2256 3823 ex
2282 3769 2802 3841 suainstitutione,
2831 3773 2927 3827 sed
2956 3786 3022 3830 ex
3057 3773 3429 3841 superaddita
3443 3769 3751 3840 deputatiorte,

2191 3854 2318 3909 quae
2346 3840 2464 3895 alia
2508 3854 2618 3897 non
2649 3847 2736 3897 est
2770 3843 3072 3911 censenda,
3104 3840 3225 3899 nisi
3263 3842 3616 3898 ministerium
3640 3845 3751 3912 asst-

2191 3917 2446 3984 gnatum,
2479 3917 2534 3967 et
2559 3912 2809 3969 olﬁcium
2842 3914 3170 3984 presbytero
3200 3914 3581 3984 demandatum
3596 3912 3752 3984 suae]?

2192 3981 2634 4060 tissimumupro
2678 3977 2991 4060 martyrum
3012 3977 3472 4060 necessitatibus
3513 3983 3564 4037 in
3588 3977 3752 4060 Spirat}

2191 4051 2580 4133 sublevandis,
2614 4061 2677 4133 et
2696 4070 2798 4125 pro
2821 4051 3097 4133 universo
3114 4057 3349 4133 salutis,
3369 4063 3435 4133 et
3460 4051 3692 4133 propositi
3711 4051 3751 4133 ξρ

2192 4124 2299 4179 ﬁde
2328 4127 2605 4181 exercitio
2629 4123 2715 4182 eis
2745 4128 3086 4185 exhibendo.
3121 4129 3280 4185 Hanc
3301 4123 3696 4185 sollicitudinem
3711 4123 3751 4167 In

2188 4195 2471 4271 eligendo,
2487 4199 2848 4270 aptandoque
2863 4199 3189 4271 presbytero
3205 4215 3309 4269 pro
3326 4205 3610 4271 martyrum
3621 4187 3756 4271 cuit!!-

2190 4266 2327 4339 rain
2352 4268 2446 4329 iis,
2474 4282 2599 4336 qua:
2618 4266 2919 4339 speciatim
2938 4272 3005 4327 ad
3027 4266 3355 4327 animarum
3377 4266 3756 4339 salutemrespl‘

2186 4338 2434 4411 ciebant,
2452 4335 2685 4411 proprie
2705 4343 3081 4411 episcopalem
3113 4341 3299 4398 fuisse
3319 4335 3753 4411 ostenditCypria-

2188 4425 2315 4466 nus.
2336 4410 2433 4482 qui
2450 4423 2515 4465 eo
2529 4410 2639 4466 ﬁne
2651 4410 2994 4481 opusculum
3009 4410 3755 4482 ediditdeEahortationemftr—

2185 4470 2969 4555 tyrii,adprecesFortunati,
2990 4484 3233 4541 forsitan
3270 4490 3559 4553 martyrum
3591 4470 3757 4555 pr0§bf

2183 4550 2293 4609 teri
2328 4550 2708 4610 elaboratum.
2749 4556 3121 4611 Enucleatum
3166 4570 3234 4613 eo
3279 4550 3498 4613 tiue.’ut
3524 4550 3748 4621 propriam

2181 4623 2557 4702 episcopalem
2583 4626 3057 4702 sollicitudinem,
3082 4634 3145 4702 et
3159 4626 3477 4702 presbyteri
3509 4621 3755 4702 martyrgljl

2179 4683 2436 4754 ofﬁcium
2454 4708 2730 4764 reprmsen
2741 4702 2881 4753 taret
2897 4698 3020 4768 ipso
3036 4683 3092 4753 in
3108 4683 3647 4768 librirlimineaperiti
3660 4683 3757 4768 «llr

2184 4770 2478 4846 siderasti,
2510 4769 2819 4846 Fortunate
2839 4766 3202 4846 charissime,
3239 4777 3303 4826 ut
3327 4767 3583 4846 quoniam
3605 4766 3754 4846 νῦνὸς]

2185 4819 2482 4896 saltata;
2510 4819 3203 4911 ’erassuaiaa".saad
3215 4819 3302 4898 ug'
3326 4819 3679 4911 frenabat...
3703 4819 3753 4911 at

2188 4893 2589 4982 basternas
2614 4893 2702 4965 ἐι
2720 4893 3203 4968 taenarias;
3221 4893 3461 4967 fratrum
3506 4893 3755 4982 mentesltltj

2186 4968 2407 5039 divinis
2436 4982 2755 5050 Scripturis
2786 4982 3139 5039 hortamenta
3172 4992 3568 5053 componerem,
3594 4968 3756 5053 quibflf

2189 5053 2408 5131 milites
2446 5045 2666 5131 Christi
2714 5053 2781 5108 ad
2834 5054 3059 5131 caeleste
3101 5061 3157 5131 et
3186 5045 3496 5131 spirituale
3529 5045 3754 5131 69639332

2186 5127 2518 5181 animarem.
2565 5123 3084 5193 Optemperandum
3115 5116 3530 5182 fuit'desiderio
3559 5125 3642 5172 tuo
3666 5116 3754 5193 tua}

2188 5196 2528 5268 necessario,
2561 5186 2638 5268 ιιί
2667 5186 2945 5265 quantum
2977 5195 3189 5251 suﬂicit
3219 5186 3753 5268 mediocritasnoslta

2184 5267 2429 5333 auxilio,
2453 5260 2664 5322 divina:
2685 5260 3097 5336 inspirationis
3125 5260 3753 5336 instructa,r_quasiarnt:11

2182 5345 2239 5394 et
2261 5328 2615 5413 munimenta
2636 5328 2894 5413 quaedam
2923 5340 3265 5413 pugnaturis
3282 5328 3549 5413 fratribus
3566 5328 3626 5413 de

2182 5392 2365 5479 ceptis
2390 5392 2708 5467 Dominicis
2740 5392 3229 5478 p’ioméréiiiu‘r‘fs
3244 5392 3621 5479 Necessarium

2181 5461 3352 5553 c'ya‘a‘aaa‘s"sua'ei'a.'éafebseopai;
3379 5477 3495 5532 sive
3522 5483 3582 5553 er
3621 5461 3755 5553 attigi

2181 5546 2493 5608 Fortunato
2531 5546 3275 5626 demandati_oblig‘ati0rie,
3320 5563 3486 5626 arma,
3527 5546 3756 5626 @3913}:

2180 5630 2363 5679 menta
2384 5627 2719 5694 pugnaturis
2761 5610 3060 5693 praebere?
3095 5625 3163 5679 ad
3200 5610 3419 5694 ho'cput
3460 5610 3756 5694 in

2181 5684 2625 5766 agonis‘milites
2649 5696 2718 5750 ad
2746 5684 3141 5752 dimicandum
3178 5684 3376 5756 alacri,
3408 5684 3753 5766 constantia}!e

2181 5757 2375 5822 animo
2407 5768 2464 5839 in
2491 5767 2614 5820 acie
2635 5772 2853 5820 starent
2880 5785 2893 5821 :
2924 5767 3078 5839 quod
3111 5757 3757 5839 ίμιθχροιιθιθριξοὲίξξιξξ

2183 5845 2307 5893 tur:
2337 5857 2364 5889 ‹‹
2419 5838 2623 5893 Parum
2652 5841 2758 5901 est,
2785 5822 3067 5906 quod'Dei
3096 5822 3316 5908 plebem
3340 5822 3567 5888 classico
3592 5822 3757 5876 nostra
