4036 6174
292 302 433 362 4447

1114 301 1436 365 HISTORIA
1472 304 1564 362 DE
1601 302 1777 361 VlTIS
1813 301 1982 360 ROM.
2025 303 2223 361 PONT.
2254 332 2327 345 —-
2362 304 2420 361 S.
2467 302 2885 362 ANACLETUS.

3569 301 3709 363 4448

290 431 449 487 vocis
473 430 776 502 erigimus,
810 430 928 486 nisi
982 429 1337 502 credentium
1367 427 1559 502 fidem,
1610 430 1667 502 et
1690 426 1939 482 dicatam
1972 426 2029 486 Α
2054 425 2423 502 fungebatur,
2439 440 2648 502 verum
2679 433 2737 483 et
2754 441 3069 497 carcerum,
3102 433 3159 484 et
3185 442 3478 498 pcenarum
3510 430 3705 486 socius

291 505 421 563 Deo.
442 498 818 572 devotumque
839 503 1112 558 virtutem
1137 500 1335 556 divina
1366 498 1940 572 lectionefirmemus.

283 574 436 642 Quid
467 580 659 628 autem
692 569 904 642 potius,
940 580 1041 629 aut
1071 574 1257 641 majus
1281 584 1432 627 curte
1463 576 1520 642 et
1547 569 1939 626 sollicitudini

285 646 579 715 congruit,
605 641 772 713 quam
804 646 860 699 in
878 646 1247 700 commissum
1272 642 1440 715 nobis
1458 641 1746 715 divinitus
1773 654 1944 709 pepu-

290 713 435 785 lum",
456 723 512 770 et
533 717 846 771 exercitum
877 717 932 770 in
954 716 1163 770 castris
1183 714 1515 770 caelestibus
1536 713 1939 785 constitutum,

286 789 564 844 adversus
589 788 808 842 diaboli
842 787 972 851 tela,
998 794 1052 842 et
1072 786 1262 855 jacula
1293 783 1809 840 exercitationibus
1843 797 1944 837 as—

285 860 481 915 siduis
505 859 929 927 praeparemus?
961 861 1151 927 Neque
1175 858 1328 912 enim
1354 857 1595 911 idoneus
1620 861 1801 925 potest
1821 868 1945 910 esse

287 930 458 986 miles
476 930 544 984 ad
575 929 812 998 bellum,
836 931 935 1000 qui
959 942 1070 984 non
1093 928 1441 983 exercitatus
1470 928 1632 996 prius
1660 928 1716 980 in
1746 938 1944 1000 campo

284 1001 580 1058 fuerit.....
612 1002 725 1056 Aut
755 997 1262 1071 quiagonisticam
1290 1012 1556 1054 coronam
1580 999 1793 1071 quaerit
1819 997 1945 1071 adi-

286 1074 459 1143 pisci,
497 1073 553 1128 in
578 1069 1195 1136 stadie—coro'nabitur,
1225 1071 1341 1143 nisi
1372 1084 1561 1139 usum,
1594 1074 1655 1143 et
1683 1069 1944 1138 peritiam

283 1141 503 1199 virium
534 1150 667 1199 ante
698 1144 1024 1199 meditetur.
1068 1160 1094 1192 »
1144 1141 1539 1212 Presbyterum
1571 1142 1943 1196 Fortunatam

284 1217 622 1284 instituere,
651 1229 715 1270 ac
744 1216 1029 1270 instruere
1052 1213 1303 1269 voluisse
1324 1214 1392 1268 ad
1416 1226 1649 1269 munera
1666 1212 1950 1282 condigne

281 1287 574 1355 obeunda,
602 1287 854 1342 directio
885 1287 1008 1356 ipsa
1040 1285 1308 1355 opusculi
1333 1284 1606 1346 ostendit,
1639 1284 1944 1356 etprobat,

281 1359 425 1414 dum
461 1372 569 1413 non
597 1358 665 1413 ad
694 1354 967 1427 martyres
992 1356 1067 1427 (et
1086 1354 1137 1412 si
1163 1356 1488 1412 eorumdem
1520 1356 1599 1410 sit
1623 1354 1949 1427 exhortatio

284 1431 358 1485 ad
394 1430 645 1485 viriliter
670 1425 1223 1497 dimicandum),sed
1249 1428 1315 1481 ad
1337 1428 1709 1482 Fortunatum
1728 1425 1946 1497 dirigi—

282 1507 406 1568 tur,
446 1503 583 1571 quia
626 1502 740 1571 ipsi
805 1513 1002 1570 nempe
1045 1495 1439 1571 cencreditum
1481 1497 1668 1552 fuerat
1692 1495 1942 1571 ofﬁcium

281 1568 605 1643 presbyteri
640 1568 974 1643 martyrum,
1007 1571 1178 1639 cujus
1206 1568 1456 1643 speciale
1498 1573 1620 1643 erat
1673 1568 1945 1643 ministe-

283 1638 850 1713 rium'martyribus,
872 1643 929 1697 in
962 1638 1187 1697 Caruere
1215 1640 1580 1713 conStitutis,
1606 1653 1672 1694 ac
1707 1654 1806 1709 pro
1838 1638 1946 1713 fide

285 1711 641 1787 pugnaturis
668 1727 825 1769 arma
854 1713 1190 1787 spiritualia
1210 1717 1425 1787 aptare,
1452 1711 1945 1787 eosd_emque_vir—

284 1781 479 1843 tutum
508 1786 788 1841 exercitio
809 1781 1191 1841 consolidare.
1222 1785 1299 1838 De
1338 1782 1448 1838 fine
1484 1784 1778 1854 assignato
1810 1781 1945 1837 lau»

282 1860 412 1914 dati
441 1857 710 1927 opusculi
763 1857 1004 1913 ulterior
1033 1855 1295 1926 probatio
1321 1854 1650 1927 desumitur
1678 1854 1943 1927 extribus

284 1924 723 1984 testimoniorum
753 1929 910 1981 libris
931 1928 1007 1981 ad
1028 1924 1337 1992 Quirinum,
1380 1939 1526 1996 quos
1556 1926 1747 1981 eodem
1782 1924 1948 1994 plane

283 2015 463 2071 scopo
488 2000 808 2070 Cyprianus
832 1998 1175 2071 enucleavit,
1209 1997 1490 2071 colligens
1530 2009 1600 2071 ex
1629 1996 1947 2064 Scripturis

287 2068 417 2127 loca
452 2068 740 2141 prmcipua
772 2084 874 2139 pro
897 2070 1182 2141 virtutum
1202 2068 1501 2141 exercitio,
1533 2070 1946 2141 Argumentum

280 2138 483 2213 Operis
500 2138 824 2198 transmissi
840 2141 925 2195 sic
936 2140 1252 2213 describit:
1268 2159 1292 2191 α
1312 2140 1414 2213 Pro
1426 2138 1557 2213 fide,
1574 2140 1672 2213 etd
1685 2138 1952 2213 itectione

280 2210 388 2270 tua
413 2228 584 2285 quam
604 2214 846 2268 Domino
862 2214 1084 2285 Deetuo
1102 2210 1358 2275 exhibes,
1383 2210 1465 2265 fili
1484 2210 1845 2285 charissime,
1867 2224 1954 2285 pe-

282 2282 448 2351 tisti,
473 2292 535 2340 ut
563 2285 633 2340 ad
662 2284 1058 2339 instruendum
1086 2288 1138 2336 te
1164 2295 1519 2352 excerpercm
1543 2282 1613 2337 de
1632 2282 1954 2352 Scripturis

280 2358 510 2412 sanctis
541 2356 796 2427 quaedam
819 2353 1163 2427 capitulatad
1189 2353 1516 2427 religiosam
1551 2359 1717 2408 secta:
1742 2360 1955 2427 nostra:

246 2449 253 2455 ο
282 2424 665 2498 disciplinam
684 2426 1054 2496 pertinentia:
1084 2425 1351 2498 lectionis
1366 2424 1579 2498 divina:
1597 2425 1950 2498 succinctam

280 2495 654 2571 diligentiam
672 2495 957 2571 titliBl'CﬂS,
986 2497 1293 2571 utanimus
1314 2495 1676 2571 Deededitus
1700 2510 1809 2551 non
1836 2497 1955 2571 ten:

281 2566 539 2643 gisfaut
571 2566 769 2643 multis
802 2568 1082 2643 librorum
1110 2567 1507 2643 voluminibus
1532 2566 1840 2643 fatigetur,
1855 2566 1952 2623 sed

279 2638 560 2697 éruditus
590 2638 876 2696 breviario
909 2645 1319 2709 praeceptorum
1374 2638 1717 2708 cmlestium,
1754 2638 1955 2694 habeat

280 2715 359 2769 ad
412 2712 707 2769 fovendam
754 2712 1084 2767 memoriam
1142 2725 1304 2766 suam
1359 2710 1590 2765 salubre
1636 2715 1694 2765 et
1744 2710 1957 2780 grande

283 2785 720 2853 compendium,
769 2789 823 2838 et
850 2785 986 2852 quia
1015 2782 1121 2837 tibi
1174 2782 1402 2850 plenum
1432 2781 1770 2837 dilectionis
1799 2780 1957 2837 obse-

285 2852 500 2925 quium
525 2855 722 2918 debeo,
755 2854 865 2910 feci
890 2854 1039 2924 qued
1066 2854 1300 2923 petisti;
1328 2859 1389 2907 ut
1412 2852 1727 2908 laborarem
1758 2852 1955 2925 semel,

288 2923 365 2983 ne
397 2933 461 2983 tu
514 2940 736 2995 semper
775 2923 1086 2981 laborares.
1130 2942 1155 2974 ››
1188 2924 1499 2993 Quirinum
1530 2937 1662 2980 vero
1692 2938 1757 2980 eo
1790 2923 1899 2979 line
1925 2937 1958 2979 a

284 3000 348 3054 S.
399 2999 683 3069 Cypriane
726 2997 1143 3069 instructiones
1164 2995 1600 3069 expostulasse,
1633 3003 1695 3050 ut
1723 2996 1792 3051 ad
1830 3008 1959 3069 ma—

286 3066 496 3141 tyrum~
517 3069 831 3141 presbyteri
852 3066 1101 3141 eﬂicium
1129 3066 1460 3141 obeundum
1479 3068 1733 3141 aptiores
1762 3068 1954 3122 trade—

289 3138 383 3197 ret
406 3160 420 3211 ;
443 3138 559 3196 imo
581 3142 743 3209 juxta
777 3139 1004 3194 habitas
1036 3139 1453 3193 instructiones
1478 3138 1722 3207 impigre
1746 3151 1958 3211 munus

284 3220 627 3269 exsecutum
660 3211 840 3267 fuisse
870 3211 1164 3266 declarant
1196 3210 1308 3278 ipsi
1344 3216 1641 3278 martyres,
1672 3210 1957 3279 Cypriane

283 3284 632 3353 scribentes,
660 3283 1088 3352 Quirinumque
1109 3281 1429 3342 laudantes,
1457 3294 1569 3348 quo
1590 3285 1646 3334 et
1669 3281 1959 3353 episcopa-

286 3357 403 3411 lem
440 3356 583 3410 hanc
621 3352 838 3419 curam,
871 3358 927 3408 et
971 3353 1259 3419 designati
1296 3359 1607 3419 martyrum
1641 3352 1954 3420 presbyteri

291 3441 510 3482 munus
540 3427 938 3480 commendant
975 3426 1154 3494 (epist.
1203 3420 1328 3493 78):
1391 3422 1644 3495 «Agunt
1672 3436 1806 3495 ergo
1846 3423 1954 3495 tibi

290 3498 599 3553 nobiscum
647 3496 903 3551 damnati
964 3496 1241 3549 maximas
1292 3493 1440 3563 apud
1496 3493 1953 3565 Deumig‘ratias,

288 3572 580 3639 Cypriane
608 3567 1009 3631 dilectissime,
1057 3566 1206 3639 quod
1242 3565 1457 3619 litteris
1483 3564 1605 3619 tuis
1632 3564 1955 3620 laborantia

292 3638 526 3711 peetora
574 3639 963 3693 recreasti.....
1022 3638 1181 3711 lfecit
1220 3642 1431 3711 autem,
1464 3641 1952 3711 _et_presecutum

290 3706 688 3767 ministerium
719 3716 906 3771 tuum,
934 3713 991 3763 et
1018 3706 1251 3775 Quirini
1280 3707 1649 3762 dilectissimi
1682 3708 1884 3763 nostri.
1923 3725 1949 3757 ››

285 3784 555 3853 Quatuor
584 3779 1158 3853 itidemepiscopiin
1210 3778 1470 3853 sequenti
1495 3778 1747 3853 epistola-
1767 3779 1951 3833 eidem

286 3849 580 3925 Cypriane
605 3849 1005 3925 rescribentes,
1027 3850 1261 3925 edicunt
1284 3868 1348 3925 :_«
1376 3849 1718 3925 Accepimus
1737 3849 1950 3919 itaque,

290 3921 477 3982 frater
509 3923 1025 3991 desideratissime,
1082 3923 1136 3978 id
1174 3921 1324 3991 quod
1374 3936 1405 3975 a
1436 3921 1704 3990 Quirino.
1754 3928 1955 3977 etate

292 3999 426 4067 ipso
480 3994 1110 4067 misistiasacrilicium
1160 4006 1227 4047 ex
1259 3994 1413 4047 omni
1443 4006 1611 4067 Opere
1662 3994 1893 4047 mundo.
1926 4011 1952 4041 »

290 4064 654 4140 Rogatianus
695 4066 840 4140 alter
878 4071 1206 4140 martyrum
1248 4071 1370 4119 erat
1420 4064 1730 4140 presbyter,
1786 4077 1955 4140 quem

292 4154 361 4196 ex
388 4136 618 4201 'ofiicio,
677 4138 825 4206 quod
877 4138 1026 4190 inter
1085 4142 1361 4206 martyres
1405 4136 1844 4206 exsequebatur.
1885 4138 1954 4191 ad

291 4212 524 4267 eosdem
580 4207 940 4264 cenfesseres
988 4207 1250 4262 scribens
1286 4208 1537 4262 Vestrum
1582 4208 1958 4276 presbyterum

292 4282 576 4353 indigitat
600 4280 945 4350 Cyprianus,
977 4278 1263 4347 illumque
1292 4279 1348 4333 in
1378 4279 1621 4348 epistola
1649 4278 1771 4353 Eiad
1800 4292 1960 4333 mar.-

294 4351 451 4424 tyres
475 4353 856 4418 commendat,
885 4356 942 4406 et
965 4356 1025 4406 ut
1055 4356 1373 4424 sequantur
1413 4352 1630 4405 monita
1658 4351 1950 4424 hortatur:

297 4422 331 4476 «⁷
370 4424 441 4478 Ut
461 4424 787 4493 sequamini
840 4425 899 4477 in
930 4422 1204 4477 omnibus
1253 4424 1631 4491 ltogatianum
1661 4422 1958 4492 presbyte—

296 4509 424 4551 rum
460 4495 782 4565 gloriesum
812 4508 1023 4560 senem,
1053 4494 1202 4547 viam
1232 4493 1488 4565 vobisad
1531 4493 1771 4565 gloriam
1805 4499 1956 4547 tem-

2051 498 2179 554 erat
2201 499 2280 569 (in
2317 498 2493 569 seq.):
2536 500 2608 552 Et
2653 514 2801 552 nunc
2855 514 3019 568 super
3065 502 3212 569 ipsos
3259 502 3439 566 factus
3482 504 3707 556 antistes

2050 574 2167 625 Dei.
2218 571 2408 625 Tantae
2472 570 2854 633 necessitatis,
2909 570 3335 639 dignitatisque
3398 572 3707 639 putabatur

2054 642 2225 697 hocce
2260 656 2469 697 munus
2506 654 2537 697 a
2562 642 2847 712 Cypriane
2901 642 3134 711 epistol.
3191 639 3262 697 37
3312 648 3373 697 ut
3405 644 3707 711 scripserit

2052 712 2492 785 Carthaginensi
2525 713 2696 775 clere,
2724 714 2860 767 dum
2894 714 2961 768 ad
2994 714 3323 785 diligendes
3344 720 3507 783 aptos
3527 715 3709 768 mini-

2056 791 2207 840 stros
2238 799 2338 853 pro
2369 784 2738 840 sublevandis
2770 790 3083 855 martyrum
3118 784 3559 841 necessitatibus
3588 785 3710 840 cle—

2060 871 2185 911 rum
2219 856 2501 922 hortatur,
2520 863 2788 925 exoptare
2808 869 2869 911 se
2888 854 3139 912 eﬂicium
3163 870 3447 923 exercere,
3481 870 3546 910 ac
3574 869 3712 924 pro-—

2056 930 2182 997 prio
2216 927 2542 998 ministerio
2591 927 3024 983 confessoribus
3056 928 3273 983 adesse.
3314 949 3339 980 α
3368 928 3709 998 Quanquam

2054 1000 2253 1066 sciam,
2289 997 2495 1054 fratres
2526 998 2881 1059 charissimi,
2935 998 3153 1054 litteris
3210 1000 3351 1054 meis
3380 997 3711 1069 frequenter

2055 1070 2380 1125 admonitos
2433 1083 2577 1138 esse,
2614 1075 2677 1124 ut
2720 1070 2973 1141 gloriosa
3029 1084 3164 1126 voce
3214 1072 3520 1126 Dominum
3568 1084 3713 1125 con—

2058 1142 2247 1207 fessis,
2308 1141 2454 1196 etin
2508 1154 2733 1196 carcere
2775 1142 3114 1197 constitutis
3162 1144 3352 1197 omnis
3403 1141 3714 1211 diligentia

2061 1213 2380 1282 praebeatur
2403 1231 2418 1281 ;
2439 1218 2625 1267 tamen
2652 1213 2960 1268 identidem
2981 1213 3144 1268 vobis
3169 1213 3458 1280 incumbe,
3481 1226 3549 1267 ne
3571 1212 3711 1282 quid

2057 1285 2125 1339 ad
2156 1297 2347 1339 curam
2382 1284 2533 1339 desit
2581 1284 2675 1351 iis,
2711 1284 2929 1354 quibus
2957 1285 3025 1340 ad
3060 1285 3302 1355 gloriam
3350 1284 3498 1339 nihil
3530 1285 3710 1339 deest.

2058 1355 2242 1426 Atque
2265 1357 2483 1411 utinam
2507 1356 2639 1421 loci,
2668 1362 2723 1410 et
2744 1356 2957 1425 gradus
2984 1358 3092 1411 mei
3119 1356 3379 1412 conditio
3413 1356 3714 1425 permitte—

2058 1433 2163 1489 ret,
2205 1433 2268 1482 ut
2302 1427 2422 1496 ipse
2476 1440 2627 1482 nunc
2657 1440 2905 1495 praesens
2934 1440 3058 1482 esse
3091 1441 3349 1497 possem:
3388 1432 3706 1497 promptus,

2054 1506 2112 1554 et
2130 1499 2315 1554 libens
2331 1497 2571 1553 solemni
2601 1498 2928 1554 ministerio
2953 1505 3161 1554 cuncta
3186 1500 3341 1554 circa
3363 1497 3713 1554 fortissimos

2054 1569 2259 1625 fratres
2286 1575 2511 1625 nostros
2530 1569 2866 1625 dilectionis
2897 1569 3173 1640 obsequia
3200 1570 3540 1640 complerem
3568 1587 3581 1623 :
3614 1568 3710 1640 sed

2054 1640 2307 1697 ofﬁcium
2342 1654 2527 1696 meum
2569 1646 2757 1712 vestro
2786 1639 3095 1712 diligentia
3124 1639 3510 1712 reprtesentet,
3538 1647 3594 1696 et
3620 1639 3715 1694 fa—

2055 1714 2174 1768 ciat
2205 1713 2418 1780 omnia,
2451 1726 2577 1784 qua:
2611 1711 2733 1767 fieri
2766 1711 2990 1781 Oportet
3020 1713 3177 1768 circa
3192 1711 3318 1779 eos,
3351 1727 3496 1784 quos
3529 1713 3589 1768 in
3621 1719 3715 1767 ta-

1975 1805 2027 1866 Β
2057 1784 2220 1866 libus
2250 1784 2474 1866 meritis
2518 1783 2662 1866 ‘fidei
2694 1788 2752 1838 et
2774 1784 3014 1866 virtutis
3041 1783 3717 1866 i‘llustravit’divina‘di—

2057 1856 2270 1927 gnatio.
2310 1874 2334 1903 ι)
2371 1854 2616 1924 Optabat
2641 1859 2874 1911 sanctus
2896 1856 3140 1911 antistes
3168 1857 3393 1911 solemni
3416 1857 3713 1910 ministerio

2057 1932 2254 1982 cuncta
2302 1928 2449 1981 circa
2487 1928 2817 1993 fortissimos
2864 1934 3133 1995 martyres
3184 1929 3464 1997 complere.
3519 1929 3716 1996 Itaque

2061 1998 2336 2068 specialis
2396 1997 2600 2053 horum
2674 1998 3137 2068 presbyterorum
3199 2013 3359 2069 cura,
3430 2011 3603 2069 quam
3654 1998 3712 2052 in

2059 2076 2178 2126 tota
2253 2069 2498 2139 epistola
2576 2075 2759 2141 urget,
2818 2076 2874 2125 et
2932 2070 3301 2140 prosequitur
3351 2071 3406 2125 S.
3472 2069 3716 2139 Cypria-

2064 2156 2175 2197 nus
2246 2146 2370 2196 erat
2439 2141 2639 2196 adesse
2730 2141 3144 2211 spiritualibus
3216 2146 3530 2212 martyrum
3608 2153 3717 2195 ne—

2065 2212 2459 2269 cessitatibus.
2511 2213 2745 2267 Munera
2795 2226 2966 2282 porro
3013 2212 3328 2283 presbyteri
3378 2218 3711 2282 martyrum,

2064 2298 2192 2354 qua:
2266 2298 2336 2339 ex
2399 2284 2685 2354 Cypriane
2759 2283 3120 2354 collegimus,
3183 2285 3279 2341 cui
3344 2285 3486 2339 hanc
3561 2283 3719 2338 inte-

2064 2370 2220 2428 gram
2250 2355 2730 2428 Aobservationem
2794 2354 3243 2428 ecclesiasticam
3293 2356 3595 2428 debemus
3621 2368 3719 2428 se—

2065 2425 2303 2498 quentia
2342 2432 2504 2498 erant
2533 2445 2546 2481 :
2605 2427 2791 2496 primo
2824 2427 3151 2496 prospicere
3182 2434 3491 2498 martyrum
3519 2425 3720 2495 saluti,

2062 2497 2119 2554 et
2142 2497 2544 2554 hortamentis.
2572 2505 2630 2553 et
2652 2497 2981 2553 sacrificiis.
3009 2501 3082 2553 De
3110 2499 3291 2568 priori
3317 2497 3719 2553 Sollicitudine

2063 2569 2461 2640 supradictum
2484 2575 2590 2624 est.
2623 2571 2699 2624 De
2725 2570 2976 2625 secundo
2998 2570 3240 2625 solemni
3274 2570 3620 2637 ministerio,
3657 2572 3721 2623 ut

2063 2649 2227 2697 caute
2252 2647 2517 2712 ageretur
2545 2640 2810 2709 advertit,
2841 2654 2910 2696 ne
2957 2641 3175 2697 invidia
3200 2643 3550 2697 excitaretur
3584 2653 3722 2710 per—

2066 2716 2417 2768 secutorum.
2443 2714 2596 2767 Hanc
2628 2726 2796 2781 porro
2821 2712 3205 2769 adhibendam
3227 2714 3554 2769 cautionem
3581 2713 3721 2767 scri-

2067 2784 2154 2839 bit
2190 2783 2376 2839 clero:
2419 2804 2445 2835 ‹‹
2497 2784 2793 2856 Consulite
2844 2798 3000 2856 ergo,
3033 2789 3090 2840 et
3124 2786 3432 2855 providete,
3485 2790 3550 2840 ut
3589 2797 3719 2856 cum

2072 2860 2517 2924 temperamento
2555 2855 2658 2910 hoc
2689 2857 2781 2926 agi
2806 2854 2994 2912 tutius
3022 2857 3235 2924 possit:
3273 2857 3351 2911 ita
3384 2861 3448 2912 ut
3480 2854 3721 2926 presby—

2071 2927 2178 2981 teri
2208 2939 2459 2997 quoque,
2492 2927 2592 2996 qui
2614 2926 2748 2981 «illic
2778 2927 2927 2995 apud
2961 2926 3317 2983 confessores
3338 2926 3587 2983 efferunt
3607 2929 3724 2982 sin-

2070 2998 2192 3081 guli
2216 3010 2345 3081 cum
2364 2996 2618 3067 singulis
2633 2997 2930 3081 diacen‘is,
2941 3011 3039 3080 per
3055 2999 3207 3081 vices
3229 2998 3514 3081 alternent
3537 3017 3551 3053 :
3574 2998 3719 3081 quia

2074 3068 2317 3123 mutatio
2371 3080 2764 3137 personarum,
2800 3073 2856 3122 et
2880 3069 3226 3125 vicissitudo
3255 3068 3718 3124 convenientium

2072 3141 2287 3193 minuit
2307 3138 2604 3193 invidiam.
2637 3157 2662 3188 υ
2686 3140 2946 3194 Secunde
2968 3147 3033 3194 ut
3056 3141 3379 3195 ministeria
3395 3142 3581 3195 sciant
3599 3154 3723 3209 pro-

2067 3210 2197 3265 vide
2219 3209 2636 3279 przebere,dum
2657 3209 3107 3265 discriminandi
3139 3211 3514 3273 confessores,
3534 3217 3591 3265 et
3618 3211 3716 3281 qui

2068 3281 2406 3346 coronamli,
2435 3281 2651 3349 quique
2679 3282 2848 3351 signo
2880 3282 2937 3335 in
2983 3294 3220 3349 corpore
3248 3290 3483 3350 excepto
3521 3295 3720 3337 evase—

2068 3352 2322 3422 rantglei
2342 3351 2474 3417 iosi,
2492 3351 2816 3422 etsingulis
2832 3351 3185 3407 hortamenta
3201 3353 3719 3408 subministranda.

2065 3425 2159 3478 Sic
2192 3422 2550 3492 presbyteros
2601 3430 2915 3492 martyrum
2966 3423 3356 3481 admonendos
3386 3424 3538 3479 clero
3578 3426 3723 3479 Car-

2068 3495 2397 3562 thaginensi
2432 3494 2664 3549 mandat
2712 3494 2888 3564 (epist.
2918 3492 3000 3565 6):
3035 3515 3062 3547 «
3088 3495 3527 3551 Confessoribus
3545 3497 3720 3551 etiam

2066 3566 2341 3638 gloriosis
2365 3566 2737 3638 impertiatur
2756 3578 2896 3638 cura
2919 3567 3256 3635 propensior
3280 3587 3293 3636 ,
3317 3573 3374 3623 et
3396 3581 3720 3638 quanquam

2064 3635 2241 3691 sciam
2278 3635 2560 3705 plurimos
2589 3650 2657 3690 ex
2701 3637 2793 3691 his
2837 3636 3077 3692 fratrum
3131 3635 3354 3693 voto'et
3410 3635 3723 3694 dilectione

2064 3715 2400 3780 susceptos;
2446 3714 2632 3761 tamen
2680 3708 2731 3780 si
2765 3708 2865 3777 qui
2912 3716 3069 3774 sunt,
3121 3709 3223 3779 qui
3253 3710 3341 3765 vel
3369 3711 3601 3780 vestitu,
3635 3709 3721 3764 vel

2063 3786 2298 3847 sumptu
2322 3778 2637 3851 indigeant,
2663 3779 2819 3833 sicut
2846 3780 3018 3835 etiam
3046 3778 3266 3849 pridem
3284 3781 3447 3836 vobis
3467 3778 3723 3851 scripse—

2069 3864 2210 3907 ram.
2242 3864 2370 3905 cum
2408 3850 2601 3905 adhuc
2632 3856 2824 3905 essent
2858 3852 2914 3906 in
2948 3864 3174 3907 carcere
3217 3854 3544 3919 constituti,
3577 3850 3726 3908 sub-

2070 3923 2543 3977 ministrarentur
2612 3921 2699 3976 eis
2739 3937 3117 3993 quiscunque
3172 3930 3308 3979 sunt
3368 3924 3722 3993 necessaria;

2070 3994 2236 4049 modo
2263 3999 2328 4048 ut
2352 3992 2537 4048 scient
2564 4006 2630 4048 ex
2663 3992 2847 4059 vobis,
2884 4000 2946 4049 ut
2976 3992 3359 4057 instruantur,
3391 4001 3445 4051 et
3475 3996 3725 4064 discant,

2069 4066 2207 4135 quid
2246 4065 2565 4120 secundum
2609 4064 3037 4133 Scripturarum
3092 4067 3489 4135 magisterium
3539 4066 3729 4123 eccle—

2067 4136 2303 4192 siastica
2329 4136 2646 4205 disciplina
2672 4137 2997 4205 disposuit:
3030 4136 3300 4206 humiles,
3332 4147 3388 4194 et
3418 4139 3723 4205 modestos,

2065 4214 2123 4264 et
2153 4209 2382 4277 quietos
2418 4221 2543 4263 esse
2572 4207 2796 4275 debere,
2824 4215 2887 4263 ut
2916 4209 3187 4265 honorem
3219 4211 3312 4265 sui
3338 4211 3592 4267 nominis
3612 4224 3729 4266 ser-

2069 4286 2219 4345 vent,
2244 4286 2301 4334 et
2331 4279 2431 4349 qui
2486 4279 2725 4351 gloriosi
2754 4293 2891 4336 voce
2924 4279 3162 4350 fuerint,
3197 4282 3316 4335 sint
3362 4288 3415 4337 et
3467 4282 3726 4337 moribus

2068 4351 2334 4423 gloriosi.
2382 4369 2407 4399 υ
2443 4352 2744 4421 Praecepta,
2788 4356 2845 4406 et
2872 4352 3154 4407 distincta
3187 4352 3542 4423 hortamenta
3574 4368 3728 4423 pra:-

2069 4422 2251 4477 benda
2281 4435 2314 4475 a
2364 4423 2712 4492 presbyteris
2774 4429 3086 4493 martyrum
3136 4422 3570 4480 confessoribus
3618 4424 3729 4478 ob-

2069 4498 2257 4548 servat
2308 4493 2616 4562 inquiens:
2663 4493 3097 4564 Gloriosismuo
3147 4495 3379 4549 nomine
3422 4495 3726 4549 veniebant

294 4564 673 4636 poris’nostri
706 4566 977 4636 religiosa
1021 4565 1254 4627 virtute,
1300 4564 1581 4636 etdivina
1619 4564 1956 4636 dignatione
1986 4564 2037 4624 υ
2065 4564 2441 4636 coniessores,
2487 4566 2594 4636 _qui
2657 4565 2848 4636 signo,
2891 4578 2991 4619 seu
3020 4565 3315 4636 cicatrice
3362 4564 3726 4620 ostentabant

298 4634 628 4704 facientem,
659 4634 913 4707 quicum
947 4636 1305 4707 Felicissimo
1338 4634 1517 4707 fratre
1544 4634 1738 4690 nostro
1759 4635 1955 4704 quieto

294 4721 542 4777 semper,
570 4713 625 4762 et
651 4707 868 4771 sobrio,
899 4708 1194 4774 excipiens
1225 4706 1560 4761 ferocientis
1606 4706 1798 4774 populi
1840 4707 1957 4759 im-

299 4786 515 4849 petum,
550 4779 802 4847 primum
840 4779 1156 4848 hospitium
1190 4777 1353 4832 vobis
1385 4777 1440 4830 in
1473 4790 1699 4831 carcere
1732 4791 1956 4845 prtepa—

297 4851 469 4915 ravit,
505 4850 982 4920 quemadmodum
1038 4851 1249 4916 Vester,
1286 4861 1436 4920 nunc
1465 4860 1693 4920 quoque
1720 4861 1817 4901 vos
1842 4861 1956 4920 an-

296 4918 550 4986 tecedit;
596 4922 747 4990 quod
786 4926 848 4975 ut
895 4929 1326 4976 censummetur
1376 4918 1432 4973 in
1483 4919 1663 4984 vobis,
1698 4919 1955 4975 assiduis

293 4991 666 5049 orationibus
737 4993 1039 5048 Dominum
1090 4992 1477 5061 deprecemur,
1532 4995 1594 5046 ut
1651 4990 1842 5044 initiis
1885 4990 1954 5045 ad

294 5078 522 5121 summa
554 5064 947 5135 pergentibus,
980 5078 1125 5133 quos
1147 5062 1404 5118 confiteri
1457 5062 1614 5135 facit,
1660 5062 1959 5116 faciatco—

297 5138 521 5191 ronari.
557 5154 582 5184 ι)
610 5134 732 5205 Qua
775 5136 1144 5205 expressione
1172 5134 1323 5189 clare
1352 5134 1609 5189 ostendit
1642 5147 1870 5205 munus,
1902 5137 1958 5187 et

298 5208 562 5263 muneris
636 5204 1088 5276 praeregativam,
1138 5205 1275 5261 dum
1326 5206 1443 5260 ait:
1501 5204 1959 5274 quemadmodum

304 5282 500 5335 Vester
524 5294 673 5333 nunc
710 5294 923 5348 quoque
948 5292 1039 5331 vos
1087 5277 1373 5343 antecedit,
1411 5290 1608 5346 nempe
1633 5282 1793 5332 extra
1821 5288 1956 5331 cer-

292 5364 484 5406 cerem
527 5350 900 5420 presbyterali
937 5362 1172 5404 munere
1215 5361 1312 5403 eos
1337 5350 1610 5416 serviens,
1647 5349 1704 5402 in
1731 5360 1956 5420 carcere

298 5419 934 5491 positusantecedebat,
956 5428 1012 5476 et
1035 5420 1585 5491 munerecemrmissi
1604 5419 1954 5491 ministerii,

295 5489 353 5548 et
383 5506 573 5562 opere,
601 5494 738 5548 dum
792 5492 1022 5562 proprio
1074 5490 1333 5559 exemplo
1362 5490 1449 5562 ad_
1484 5489 1710 5562 fortiter
1738 5495 1955 5559 marty-

298 5559 452 5620 rium
487 5559 1001 5620 consummandam
1033 5562 1285 5633 gloriosa
1314 5559 1673 5633 confessione
1697 5560 1953 5633 hortator

299 5635 544 5692 astabat.
600 5637 724 5704 Quo
761 5647 934 5690 sensu
964 5631 1288 5689 Celerinum
1340 5631 1728 5704 presbyterum
1754 5632 1949 5704 eodem

303 5720 538 5762 munere
576 5702 874 5772 donatum,
924 5707 1061 5761 dum
1097 5705 1267 5759 etiam
1327 5702 1657 5758 carceribus
1691 5702 1952 5758 inclusus

302 5779 550 5850 impigre
576 5779 636 5833 in
668 5776 857 5834 ofﬁcio
889 5780 1276 5850 perseveraret
1302 5773 1582 5850 obeundo,
1630 5776 1950 5830 antistitem

303 5845 406 5905 Dei
435 5845 711 5921 appellat,
759 5845 903 5920 quia
947 5847 1153 5904 nedum
1193 5845 1559 5916 presbyterali
1615 5858 1682 5901 eo
1722 5859 1953 5902 munere

2065 4633 2452 4707 confessionis
2478 4633 2640 4689 facta:
2667 4633 2904 4699 indicia,
2924 4635 3149 4707 quique
3176 4635 3248 4707 ob
3270 4636 3563 4707 stigmata,
3592 4650 3722 4705 qua:

2063 4704 2936 4775 circumferebant,pr0pensieri
2951 4706 3347 4761 sollicitudine
3362 4704 3727 4763 honorandos

2065 4778 2365 4832 decernat:
2395 4789 2538 4848 quo
2571 4777 2801 4848 nomine
2831 4777 3160 4832 Cornelium
3219 4777 3566 4846 pontificem,
3622 4779 3722 4848 qui

2066 4860 2292 4902 carcere
2333 4846 2602 4918 stigmata
2637 4847 2753 4903 haec
2787 4855 3093 4917 receperat,
3123 4849 3419 4916 gloriosum
3443 4846 3725 4915 confesso—

2065 4934 2177 4972 rem
2203 4918 2418 4990 saepius
2442 4918 2717 4990 indigitat
2736 4921 2793 4973 S.
2825 4920 3165 4990 Cyprianus,
3196 4921 3574 4975 Nevatianum
3594 4934 3724 4976 vero

2068 4989 2367 5061 suggillat.
2401 4989 2503 5059 qui
2536 5003 2597 5044 se
2643 4989 2960 5060 gloriosum
2992 4989 3376 5046 confessorem
3416 4991 3725 5047 dictitabat

2066 5062 2273 5128 absque
2306 5062 2492 5132 signo,
2520 5067 2585 5116 ut
2614 5061 2800 5131 legere
2828 5069 2916 5118 est
2965 5062 3022 5117 in
3053 5061 3300 5132 epistola
3347 5063 3599 5119 Cornelii
3652 5064 3721 5119 ad

2065 5130 2435 5203 Cyprianum)
2465 5130 2749 5195 Gloriosis,
2784 5135 3040 5204 inquam,
3094 5130 3492 5203 confessoribus
3538 5135 3726 5190 mim—

2068 5204 2302 5277 stranda
2338 5210 2635 5273 praecepta,
2668 5211 2733 5261 ut
2774 5207 2832 5261 iu
2868 5206 3140 5275 inemptis
3190 5212 3583 5277 perseverent:
3617 5207 3718 5277 qui

2065 5289 2197 5330 vero
2226 5274 2444 5345 absque
2475 5277 2761 5347 stigmate.
2809 5279 2904 5333 sed
2954 5278 3075 5333 sola
3105 5274 3471 5334 confessione
3499 5274 3717 5335 Christi

2066 5359 2322 5421 carceres
2361 5354 2665 5421 evaserunt
2707 5354 2764 5403 et
2809 5350 2974 5421 juxta
3008 5348 3397 5421 Evangelium,
3449 5355 3505 5406 et
3534 5351 3723 5407 eccle-

2066 5418 2360 5491 siasticam
2392 5418 2766 5491 disciplinam
2799 5420 3145 5490 presbyteris
3168 5418 3465 5491 'prmcipit,
3500 5435 3565 5478 eo
3592 5436 3722 5479 mo—

2064 5490 2185 5544 nita
2207 5490 2899 5564 dirigeretneinﬂentur,
2929 5493 3024 5548 sed
3062 5495 3118 5546 in
3145 5490 3715 5564 timore’persistent,

2061 5561 2428 5635 ostenditque
2476 5560 2892 5630 Scripturarum
2931 5565 3243 5631 magisterio
3272 5560 3525 5633 humiles,
3558 5569 3724 5635 quie-

2062 5636 2159 5713 trs,
2202 5637 2255 5713 et
2274 5632 2538 5713 modestos
2566 5646 2664 5713 eos
2707 5648 2832 5713 esse
2882 5642 3157 5704 oportere.
3214 5636 3480 5713 Quorum
3501 5632 3718 5713 prisce-

2064 5709 2220 5772 ptum
2245 5703 2302 5757 in
2325 5703 2496 5758 libris
2518 5703 2979 5761 testimoniorum
3000 5703 3313 5763 occurrunt
3334 5703 3719 5764 saluberrima

2060 5775 2216 5856 dicta
2260 5775 2617 5856 a__Cypr_iano
2646 5778 2884 5833 collecta
2915 5779 3194 5856 Monitum
3244 5786 3407 5856 vocat
3430 5781 3719 5856 ecclesia—

2061 5846 2261 5901 sticam
2275 5846 2671 5919 disciplinam,
2685 5856 2886 5906 contra
2898 5864 2934 5921 q
2946 5851 3509 5909 uam'l‘hemisiouem
3525 5850 3713 5921 egisse
