4036 6174
351 296 490 357 4449

1586 294 1942 354 ANASTASII
1979 292 2524 353 BIBLIOTHBCARII

3617 288 3760 349 nee

348 422 674 480 observavit
696 420 1042 492 Apollonius
1088 434 1264 492 supra
1296 420 1567 477 laudatus
1609 418 1759 490 apud
1786 418 1988 475 Euseb.
2018 416 2077 478 A
2106 420 2486 490 conscriptis;
2511 419 2593 475 ibi
2617 432 2862 547 namgue
2882 419 3148 491 legimus,
3169 418 3256 476 vel
3277 420 3573 475 delicatam
3587 425 3767 475 custo-

349 495 388 547 l.
419 509 475 547 v.
508 508 559 547 c.
595 492 690 547 48:
733 514 759 546 α
784 494 1091 547 Themsion
1125 494 1385 547 speciosa
1411 491 1654 547 avaritia
1677 490 1994 547 obvelatus.
2108 492 2255 546 diam
2284 492 2461 547 sicuti
2504 493 2562 546 in
2595 491 2726 547 Vita
2796 532 2807 545 .
2843 491 3112 547 Cvoriani
3157 491 3351 547 inquit
3379 492 3643 547 Pontius.
3675 492 3767 547 vel

349 495 388 551 l.
419 509 475 565 v,
508 508 559 550 c.
595 492 690 550 48:
733 490 761 546 of
784 494 1091 550 Themsion
1125 490 1385 563 speciosa
1411 491 1654 565 avaritia
1677 490 1994 565 obvelatus,

349 562 472 639 qui
500 564 888 623 confessionis
925 562 1171 635 signum
1202 578 1311 639 non
1336 564 1624 639 pertulit,
1657 562 1753 618 sed
1797 575 2000 639 magna

350 634 607 710 pecuniae
660 639 715 694 vi
766 634 1255 710 erogata’vincula
1299 635 1530 710 abjecit_,
1588 648 1715 710 cum
1760 634 1832 690 ob
1874 647 1996 688 eam

349 706 581 766 causam
633 706 950 765 modestius
996 709 1286 776 deinceps,
1328 714 1384 762 et
1435 706 1789 763 submissius
1834 718 2001 774 agere

348 781 598 847 deberet,
631 789 901 851 tanquam
944 786 1158 850 martyr
1186 792 1309 834 sese
1351 777 1614 846 oﬂ'erens,
1649 783 1824 851 nuetc.
1857 777 2000 831 Hinc

352 853 586 909 tertium
637 847 947 922 presbyteri
1001 847 1308 920 martyrum
1343 851 1601 906 occurrit
1638 847 1888 922 cilicium
1929 861 1996 902 ex

351 920 649 994 spirituali
681 920 818 979 cura
848 923 1220 994 descendens,
1255 934 1424 992 quam
1469 920 1819 994 martyribus
1849 933 2000 989 prae-

350 991 597 1063 stabant,
630 1001 693 1051 ut
723 993 1043 1050 scriberent
1072 994 1171 1063 qui
1204 991 1396 1049 esSent
1423 991 1805 1048 consummati
1842 1004 1998 1063 mar-

352 1009 597 1063 staoant,
630 1009 693 1051 ut
723 1009 1043 1050 scriberent
1114 1009 1171 1049 ut
1204 1009 1396 1049 essent
1423 1009 1805 1048 consummati
1842 1009 1998 1045 mar-

352 1073 522 1137 tyres,
552 1068 651 1137 qui
680 1066 920 1137 gloriosi
966 1009 1343 1132 con?essores,
1379 1064 1481 1134 qui
1508 1064 1628 1119 sola
1659 1076 1795 1137 voce
1813 1062 2000 1137 _f_2hri-_

349 1133 519 1194 stum'
545 1133 794 1194 c‘onféssi
846 1150 1129 1192 carcerem
1156 1133 1471 1206 evaserant,
1524 1141 1588 1191 ut
1631 1133 1884 1206 singulis
1915 1133 1998 1188 vel

352 1214 614 1273 honores,
670 1209 755 1264 vel
796 1208 1020 1278 reliqua
1099 1205 1465 1265 hortamenta
1515 1205 2000 1278 prieberentxDe

348 1280 565 1351 quibus
586 1280 781 1350 plures
804 1275 1064 1351 existunt
1083 1279 1341 1351 epistolae
1369 1275 1741 1351 Cyprianicaf,
1764 1282 1819 1332 et
1848 1275 2001 1351 alio-

349 1347 477 1407 rum
537 1347 768 1407 Patrum
813 1347 1261 1407 observationes.
1321 1347 1477 1405 Talis
1520 1354 1643 1404 erat
1682 1347 1995 1416 Tertullus,

346 1424 417 1479 de
472 1438 585 1494 quo
641 1436 838 1492 supra,
891 1422 991 1492 qui
1050 1437 1082 1475 a
1123 1422 1408 1547 Cipriano
1454 1420 1670 1476 electus
1729 1419 1998 1475 universa

351 1500 663 1547 martvrum
721 1500 879 1547 gesta
929 1491 1163 1547 enuclea
1208 1501 1284 1547 at.
1341 1492 1556 1547 Ouarto
1614 1492 1664 1547 si
1723 1504 1998 1547 persecu-

351 1491 663 1565 martyrum
721 1491 879 1565 gesta
913 1491 1284 1548 ’enucleabat.
1341 1492 1556 1565 Quarto
1607 1492 1664 1565 si
1723 1504 1998 1565 persecu-

349 1561 537 1621 torum
577 1561 909 1621 immanitas
963 1571 1335 1620 commeatum
1367 1561 1435 1618 ad
1487 1561 1843 1619 confessores
1895 1562 1995 1616 in-

348 1636 666 1692 terdicebat
713 1636 803 1706 (de
847 1648 959 1707 qua
1032 1636 1435 1707 conqueritur,
1476 1634 1789 1707 Dionysius
1853 1632 1991 1689 Ale-

346 1709 669 1764 xandrinus
696 1703 955 1763 scribens
984 1707 1135 1776 apud
1162 1703 1371 1762 Euseb.
1424 1706 1461 1762 l.
1496 1720 1599 1774 vn,
1630 1703 1683 1761 c.
1718 1703 1828 1776 ll,
1861 1717 1987 1775 pag.

344 1778 486 1860 26f:
522 1801 548 1832 α
588 1783 644 1835 ln
680 1780 833 1860 hunc
883 1774 1077 1860 usque
1114 1778 1267 1860 diem
1290 1791 1413 1860 non
1452 1783 1638 1860 cessat
1683 1774 1991 1860 ‘praafectus
2022 1800 2071 1860 Β

347 1857 594 1920 nostros,
654 1851 753 1922 qui
815 1850 1132 1922 prasentize
1192 1851 1381 1920 ipsius
1424 1849 1988 1922 exhibentur,pa_r-

342 1924 448 1979 tim
483 1920 823 1979 interficere
851 1921 1275 1987 crudelissime,
1327 1921 1535 1991 partim
1564 1921 1866 1976 tormentis
1893 1920 1989 1974 di-

341 1994 580 2064 laniare,
636 1994 845 2064 partim
890 1992 1160 2064 squalore
1188 1994 1459 2063 carceris,
1492 1998 1549 2048 et
1587 1992 1841 2064 vinculis
1865 2004 1983 2045 ma~

340 2063 575 2136 cerare,’
614 2063 989 2133 interdicens,
1052 2078 1121 2120 ne
1159 2065 1294 2135 quis
1343 2065 1413 2121 ad
1465 2077 1580 2136 eos,
1617 2063 1869 2129 accedat,
1935 2068 1991 2117 et

347 2143 714 2208 perscrutans
764 2136 1081 2208 numquis
1125 2137 1399 2208 videatur
1419 2135 1687 2208 accedere
1727 2138 1806 2208 _»),
1852 2142 1991 2208 tunc

346 2206 415 2264 ne
448 2210 504 2263 in
527 2208 859 2264 carceribus
894 2206 1110 2263 detenti
1141 2221 1207 2263 eo
1258 2206 1629 2277 pre‘sbyterali
1664 2206 1991 2261 ministerio

342 2280 816 2347 destituerentur,
835 2292 901 2333 ac
923 2278 1245 2334 necessario
1263 2277 1685 2334 exhortationis
1705 2277 1990 2346 subsidio,

345 2365 444 2421 per
478 2350 755 2421 epistolas
796 2349 941 2404 clam
984 2350 1284 2421 immissas
1316 2350 1627 2420 presbyteri
1681 2355 1992 2421 martyrum

344 2419 539 2478 eadem
562 2420 743 2477 ofllcia
773 2419 1133 2490 supplebant.
1163 2421 1318 2476 Talis
1345 2419 1623 2477 censenda
1653 2429 1741 2476 est
1762 2420 1997 2475 Tertul-

346 2493 489 2549 liani
517 2493 787 2557 hortatio,
815 2505 914 2547 seu
947 2491 1095 2546 liber
1114 2493 1182 2548 ad
1218 2499 1495 2563 martyres
1526 2493 1865 2561 inscriptus,
1893 2490 1996 2561 qui

347 2565 484 2620 inea
497 2564 934 2620 circumstantia
946 2564 1160 2626 editus,
1182 2564 1430 2631 videtur,
1449 2573 1509 2619 ut
1527 2566 1583 2618 in
1602 2566 1997 2632 ipsoopuscu—

347 2635 388 2691 li
426 2636 626 2691 limine
656 2637 800 2690 satis
833 2634 1205 2707 intelligitur,
1239 2635 1376 2690 dum
1408 2636 1493 2707 sic
1514 2649 1629 2707 rem
1662 2634 1999 2707 aggreditur

346 2708 485 2778 (Lib.
518 2720 580 2776 ιι,
611 2707 687 2759 ad
702 2705 994 2778 Martyres)
1027 2704 1051 2760 ξ
1072 2726 1097 2778 ος
1134 2709 1284 2760 Inter
1308 2706 1504 2778 carnis
1534 2705 1805 2778 alimenta
1838 2704 2000 2759 bene-

344 2775 489 2834 dicti
516 2783 789 2848 martyres
818 2776 1126 2848 designati,
1170 2790 1296 2846 quae
1319 2776 1504 2843 vobis,
1536 2783 1592 2832 et
1615 2775 1848 2848 domina
1880 2782 1998 2848 ina-

345 2858 431 2906 ter
480 2845 730 2904 Ecclesia
759 2848 830 2903 de
862 2845 1138 2902 uberibus
1166 2845 1309 2902 suis.
1347 2854 1402 2902 et
1431 2848 1650 2918 singuli
1685 2845 1890 2902 fratres
1927 2847 1998 2902 de

346 2921 558 2991 opibus
587 2920 717 2975 suis
749 2918 1002 2991 propriis
1025 2919 1084 2973 in
1110 2932 1390 2991 carcerem
1418 2918 1886 2986 subministrant,
1913 2931 2002 2973 ca-

348 2988 466 3063 pite
487 2992 711 3117 aliguid
732 2988 763 3045 a
792 2990 979 3053 nobis,
1012 2991 1161 3060 quod
1187 2988 1361 3045 faciat
1380 2991 1447 3045 ad
1472 2990 1747 3057 spiritum
1772 3002 2002 3060 quoque

348 3065 564 3117 educan
614 3076 729 3117 um.
755 3080 781 3112 υ
810 3062 933 3117 Ouo
962 3062 1085 3116 loco
1109 3062 1457 3117 exprimitur
1484 3060 1746 3117 Ecclesiae
1775 3060 2001 3117 sollici-

346 3060 729 3121 educandum.
755 3080 781 3112 υ
810 3062 933 3130 Quo
962 3062 1085 3116 loco
1109 3062 1457 3131 exprimitur
1484 3060 1746 3117 Ecclesiae
1775 3060 2001 3118 sollici-

350 3136 489 3191 tudo
513 3140 777 3205 utraque,
810 3140 866 3187 et
895 3133 1379 3205 subministrandi
1425 3132 1858 3205 confessoribus
1881 3132 1999 3205 ali-7

2108 492 2255 546 diam
2284 492 2461 547 sicuti
2504 493 2562 546 in
2595 491 2726 547 Vita
2754 491 2807 547 S.
2843 491 3112 560 Cypriani
3157 491 3351 562 inquit
3379 492 3643 561 Pontius,
3675 492 3767 549 vel

2108 563 2420 630 diligentem
2436 563 2759 633 custodiam,
2784 569 2849 619 ut
2874 563 3153 618 Heraldus
3177 563 3235 618 in
3255 563 3604 619 Tertulliani
3633 577 3770 633 apo—

2111 634 2414 706 logeticum
2452 648 2577 706 pag.
2623 630 2713 704 97,
2750 630 2807 689 et
2833 635 3104 703 Cujacius
3147 634 3449 690 observant
3477 635 3517 691 ι.
3558 630 3765 701 x1v,c.

2111 704 2193 760 l6.
2214 706 2382 788 illnc.
2403 706 2451 761 si
2485 704 2947 788 quandocunque
3015 719 3215 788 parum
3262 707 3568 788 remissum
3594 707 3765 788 abes

2108 776 2481 843 arctitudine,
2504 776 2662 832 illico
2679 776 3041 832 confluebant
3056 779 3206 832 sacri
3226 778 3481 833 ministri
3500 780 3570 833 ad
3590 778 3771 845 spiri—

2111 849 2320 904 tualem
2346 849 2650 919 ineundam
2672 848 3060 903 collationem.
3077 848 3202 917 Quo
3216 855 3471 919 spectare
3489 850 3773 905 videntur

2109 927 2235 975 acta
2263 934 2390 990 pag.
2450 916 2532 974 46.
2568 918 2797 975 laudata
2834 920 2927 975 SS.
2982 916 3268 988 Perpetem
3305 928 3363 976 et
3410 921 3765 990 Felicitatis,

2109 1005 2240 1047 cum
2260 991 2484 1047 Pudens
2498 1004 2790 1046 carcerum
2808 992 3153 1061 praepositus
3164 992 3237 1049 ob
3248 993 3519 1047 virtutem
3539 1006 3767 1047 earum.

2106 1062 2232 1118 dem
2254 1062 2555 1132 paululum
2568 1063 2793 1134 remisit
2813 1063 2885 1118 ab
2905 1064 3173 1134 angustia
3201 1064 3381 1133 priori
3410 1081 3462 1117 ια
3483 1064 3768 1120 Postdies

2111 1147 2320 1204 paucos
2352 1134 2576 1205 Pudens
2602 1133 2771 1205 miles
2793 1134 2951 1203 Optio
2975 1136 3317 1203 praepositus
3346 1135 3621 1200 carceris,
3661 1135 3766 1205 qui

2109 1218 2212 1261 nos
2235 1204 2426 1276 magni
2450 1204 2713 1278 faciebat,
2734 1207 2909 1275 erepit
2938 1205 3259 1278 intelligere
3276 1220 3537 1278 magnam
3564 1204 3771 1262 virtu-

2108 1282 2219 1333 tem
2249 1290 2373 1332 esse
2428 1277 2486 1332 in
2520 1277 2710 1347 nobis,
2760 1278 2860 1347 qui
2895 1276 3109 1333 multos
3142 1276 3257 1334 nos
3303 1276 3669 1345 admittebat,
3700 1285 3769 1333 ut

2106 1355 2162 1404 et
2192 1362 2295 1404 nos
2314 1354 2369 1403 et
2394 1347 2483 1403 illi
2524 1346 3014 1420 refrigeraremur.
3051 1366 3077 1399 n
3134 1350 3412 1420 Equidem
3438 1349 3771 1405 sollicitio-

2107 1433 2224 1475 rem
2262 1431 2458 1491 curam
2500 1419 2830 1475 incumbere
2875 1419 3146 1476 debuisse
3193 1419 3545 1491 presbyteris
3596 1435 3769 1491 com—

2107 1490 2332 1546 meandi
2366 1491 2434 1546 ad
2478 1503 2735 1546 carceres
2783 1491 2948 1563 docet
2991 1492 3045 1547 S.
3095 1490 3417 1563 Cyprianus
3455 1492 3637 1561 (epist.
3685 1490 3761 1557 5),

2106 1562 2207 1632 qui
2259 1561 2908 1635 temperaturuszelum
2971 1561 3374 1633 quorumdam,
3435 1565 3764 1635 designatis

2104 1631 2459 1703 martyribus
2488 1634 2785 1703 suppetias
2825 1631 3513 1700 ferre—contendentium,
3550 1631 3629 1689 ita
3657 1635 3767 1690 cle-

2102 1719 2229 1760 rum
2297 1704 2804 1775 Carthaginensem
2871 1705 3178 1762 admodum
3249 1707 3459 1763 duxit:
3528 1726 3556 1758 α
3628 1708 3762 1761 Peto

2099 1790 2328 1847 quoque
2348 1776 2418 1831 ad
2450 1777 2865 1845 procurandam
2889 1778 3139 1847 quietem
3172 1778 3410 1835 solertia
3443 1784 3501 1839 et
3524 1777 3759 1833 sollici—

2099 1849 2237 1904 tudo
2260 1853 2441 1920 vestra
2467 1860 2577 1903 non
2604 1848 2849 1904 desinat.
2886 1849 3022 1904 Etsi
3047 1849 3252 1905 fratres
3301 1864 3405 1920 pro
3446 1850 3761 1905 dilectione

2099 1932 2202 1975 sua
2224 1919 2424 1988 cupidi
2444 1925 2581 1973 sunt
2602 1920 2670 1974 ad
2696 1921 3174 1987 conveniendum,
3200 1929 3256 1976 et
3277 1919 3602 1977 visitandos
3619 1934 3760 1976 con-

2098 1990 2343 2063 fessores
2368 1989 2577 2063 bonos,
2605 2004 2751 2061 quos
2781 1990 3234 2061 illustravitjam
3262 1993 3543 2063 gloriosis
3566 1993 3761 2047 initiis

2097 2062 2295 2117 divina
2319 2061 2604 2134 dignatio,
2634 2068 2818 2134 tamen
2841 2069 3008 2118 caute
3037 2063 3141 2119 hoc
3160 2061 3346 2119 etnon
3365 2063 3728 2134 glomeratim
3746 2102 3760 2131 ,

2101 2147 2202 2189 nec
2237 2146 2333 2201 per
2368 2132 2803 2188 multitudinem
2836 2134 3011 2190 simul
3039 2135 3298 2204 junctam
3343 2132 3482 2202 p'uto
3512 2150 3642 2191 esse
3669 2134 3759 2190 fa—

2100 2205 2368 2261 ciendum
2397 2222 2408 2257 :
2448 2217 2516 2258 ne
2544 2218 2612 2259 ex
2647 2204 2750 2260 hoc
2782 2206 2907 2275 ipso
2938 2207 3160 2262 invidia
3191 2208 3539 2273 concitetur,
3569 2214 3627 2262 et
3663 2208 3761 2262 in-

2105 2275 2584 2331 troeundiaditus
2605 2276 2935 2348 denegetur,
2966 2285 3029 2332 ut
3054 2277 3190 2333 dum
3221 2278 3591 2334 insatiabiles
3622 2278 3759 2333 mul-

2106 2354 2225 2403 tum
2265 2348 2551 2411 volumus,
2585 2353 2769 2403 totum
2817 2350 3143 2418 perdamus.
3181 2370 3206 2398 ι)
3253 2350 3375 2419 Quo
3422 2350 3755 2406 benedictos

2108 2425 2386 2488 martyres
2405 2419 2735 2489 designatos
2757 2422 2979 2475 vocavit
2997 2421 3393 2477 Tertullianus
3427 2423 3592 2475 bonos
3625 2438 3757 2475 con-

2102 2493 2354 2559 fessores,
2397 2505 2529 2558 quos
2575 2490 2875 2545 illustravit
2894 2491 3017 2559 jam
3063 2493 3312 2559 gloriosis
3359 2496 3540 2547 initiis
3569 2494 3752 2547 divina

2106 2562 2373 2634 dignatio.
2410 2561 2508 2634 His
2536 2568 2909 2634 opponuntur
2948 2563 3046 2633 qui
3088 2562 3218 2619 falsi
3251 2572 3417 2619 erant
3455 2571 3751 2634 martyres,

2105 2633 2175 2688 de
2200 2632 2415 2702 quibus
2444 2632 2591 2688 idem
2617 2632 3012 2690 Tertullianus
3030 2634 3097 2691 ad
3129 2635 3355 2705 Scapul,
3384 2650 3436 2691 c.
3469 2633 3503 2690 4
3530 2654 3541 2688 :
3589 2632 3757 2691 Vide-

2106 2707 2220 2777 rint
2244 2706 2361 2777 _qu£
2390 2709 2587 2777 sectam
2626 2707 2983 2773 mentiuntur,
3029 2722 3163 2775 quos
3192 2712 3241 2761 et
3272 2710 3381 2777 ipsi
3418 2723 3751 2761 recusamus.

2104 2775 2349 2830 Tandem
2369 2775 2677 2846 presbyteri
2703 2784 3017 2847 martyrum
3037 2779 3086 2832 si
3114 2779 3171 2832 in
3188 2775 3451 2835 obeundo
3485 2780 3755 2834 ministe-

2110 2847 2198 2920 rio
2224 2846 2363 2902 bene
2387 2859 2510 2920 sese
2545 2847 2833 2920 gerebant,
2856 2846 2932 2902 ad
2948 2850 3221 2920 altiorem
3249 2850 3488 2920 gradum
3524 2864 3757 2920 promo—

2109 2917 2406 2991 vebantur.
2440 2919 2784 2991 Numidicus
2813 2919 3125 2990 presbyter,
3160 2917 3272 2991 qui'
3291 2917 3585 2977 strenuam
3614 2935 3757 2991 opo-

2112 3003 2230 3064 ram
2248 2989 2543 3064 exhibuit,
2564 2990 2639 3064 ad
2661 2991 2908 3064 primum
2936 2989 3195 3047 ordinem
3223 2994 3373 3048 inter
3395 2989 3754 3064 presbyteros

2109 3061 2894 3135 CarthaginensisEcclesite
2939 3064 3223 3131 evehitur,
3260 3061 3430 3133 jussu
3460 3061 3752 3135 Cypriani,

2109 3133 2245 3206 dum
2272 3132 2441 3201 epist.
2470 3130 2543 3206 35
2560 3131 2713 3188 clero
2729 3133 3167 3206 Carthaginensi
3191 3130 3398 3191 scribit
3429 3156 3440 3186 :
3479 3130 3518 3188 «⁷
3540 3130 3755 3192 Ἀειωο-

348 3213 557 3272 menta,
584 3202 945 3278 ret‘acuendi
996 3204 1294 3278 spiritum,
1336 3218 1533 3260 eorum
1584 3204 1867 3278 praecipue
1900 3202 1997 3278 qui
2031 3202 2076 3259 C
2111 3204 2274 3278 nitos‘
2291 3217 2408 3278 vos,
2442 3209 2498 3259 et
2529 3204 2843 3278 instructos
2872 3202 3073 3278 sciatis
3102 3206 3437 3278 dignatione
3457 3208 3755 3275 divina,ut

244 3336 255 3341 _
349 3277 731 3349 proximiores
773 3282 936 3349 erant
965 3274 1294 3349 certamini,
1346 3290 1490 3346 quos
1520 3282 1796 3349 consueto
1823 3274 1997 3330 titulo

345 3347 738 3406 Tertullianus
762 3348 1026 3418 designat
1050 3365 1061 3400 :
1106 3348 1385 3401 Benedicti
1407 3354 1675 3413 martyres
1704 3347 1996 3413 designati.

350 3421 664 3489 Utriusque
706 3434 838 3474 vero
878 3432 1073 3473 curam
1101 3420 1186 3474 sic
1232 3419 1603 3488 prosequitur
1644 3418 1993 3486 expendere:

353 3496 580 3549 Carnem
609 3492 751 3544 enim
777 3492 1046 3556 saginari,
1090 3497 1138 3544 et
1162 3492 1418 3558 spiritum
1463 3492 1672 3543 esurire
1712 3505 1821 3542 non
1859 3504 1999 3559 pro-

349 3562 502 3617 dest:
532 3564 639 3615 imo
668 3564 718 3616 si
764 3562 901 3630 quid
936 3564 1213 3630 inﬁrmum
1254 3566 1349 3628 est,
1384 3566 1606 3615 curetur
1636 3578 1653 3626 ;
1678 3576 1826 3629 mque
1855 3560 2001 3629 quod

350 3635 622 3704 inﬁrmius
662 3638 757 3698 est,
802 3634 1008 3700 negligi
1032 3649 1143 3687 non
1164 3633 1337 3687 debet.
1365 3634 1485 3688 Non
1517 3637 1704 3704 tantus
1735 3647 1829 3699 ego
1858 3647 1995 3696 sum,

347 3713 411 3759 ut
454 3721 547 3759 vos
591 3706 913 3773 alloquar...
944 3705 1325 3759 Verumtamen
1350 3710 1409 3757 ut
1436 3703 1770 3771 gladiatores
1809 3706 2001 3773 perfe—

352 3779 621 3831 ctissimos
660 3791 766 3829 non
798 3781 1014 3829 tantum
1056 3776 1327 3842 magistri,
1363 3779 1416 3829 et
1443 3777 1729 3845 prmpositt
1770 3777 1876 3841 sui,
1908 3774 2002 3829 sed

350 3850 517 3902 etiam
562 3849 762 3912 idiota,
807 3852 857 3899 et
900 3862 1231 3915 supervacue
1260 3849 1491 3915 quisque
1533 3847 1900 3900 adhortantur
1937 3845 2003 3898 de

352 3920 668 3986 longinquo,
714 3924 777 3970 ut
829 3932 971 3984 saepe
1000 3917 1067 3969 de
1112 3919 1229 3985 ipso
1254 3918 1455 3986 populo
1490 3918 1698 3971 dictata
1746 3921 2000 3984 suggesta

344 3990 686 4058 profuerint.
714 3988 1111 4043 Tertullianus
1143 3986 1408 4055 forsitan,
1443 3993 1508 4043 ut
1536 3987 1829 4058 presbyter
1856 3990 2003 4042 Car-

350 4060 713 4129 thaginensis
742 4058 877 4113 huic
901 4059 1125 4113 muneri
1158 4058 1513 4123 incumbens,
1541 4060 1676 4115 dum
1701 4072 1843 4115 szeva
1876 4072 1999 4129 per-

352 4130 575 4187 secutio
632 4132 688 4184 in
744 4142 1025 4184 carcerem
1075 4136 1451 4185 commeatum
1504 4131 1889 4195 interdiceret,
1937 4143 2003 4184 ne

352 4201 601 4271 proximi
639 4202 707 4255 ad
767 4213 1011 4325 pugnam
1046 4202 1368 4256 necessario
1412 4202 1768 4257 hortamento
1814 4201 2004 4256 desti-

352 4279 670 4325 tuerentur.
704 4284 770 4324 vo
803 4272 889 4325 uit
925 4284 956 4325 a
991 4270 1308 4325 longinquo
1364 4272 1538 4325 veluti
1582 4272 2003 4325 gladiatoribus

349 4270 670 4342 tuerentur,
704 4270 889 4325 voluit
925 4284 956 4325 a
991 4270 1308 4342 longinquo
1364 4272 1538 4327 veluti
1582 4272 2003 4341 gladiatoribus

350 4341 748 4413 pugnantibus
764 4342 979 4397 dictata
1010 4341 1272 4413 suggesta
1292 4343 1561 4413 dirigere.
1592 4344 1715 4412 Quo
1738 4344 1856 4399 zelo
1890 4358 2006 4413 per-

349 4415 503 4485 citus
526 4414 865 4484 Cyprianus,
884 4413 1022 4485 dum
1044 4413 1274 4469 audiret
1290 4414 1662 4485 Rogatianum
1692 4422 2000 4485 martyrum

352 4484 745 4556 presbyterum
777 4484 1108 4540 carceribus
1142 4499 1271 4541 cum
1326 4484 1574 4555 reliquis
1626 4484 1869 4549 recludi,
1892 4487 2001 4543 etsi

350 4558 982 4613 commendatissimum
1018 4556 1182 4611 illum
1213 4556 1463 4625 haberet,
1492 4564 1844 4628 cunctosque
1876 4566 2002 4628 post

350 4629 599 4699 primum
629 4634 913 4683 certamen
948 4628 1304 4700 proximead
1341 4630 1679 4700 martyrium
1721 4644 2001 4685 consum-

350 4700 619 4755 mandum
650 4713 719 4755 ex
747 4699 2001 4768 judicissententiacoracta’ri,voluitnihilo—

348 4772 543 4827 minus
596 4784 694 4841 per
738 4770 931 4844 plures
974 4771 1249 4844 epistolas
1288 4772 1654 4844 hortator-ias,
1703 4778 1759 4828 et
1813 4768 1999 4844 [loga-

347 4844 593 4910 tianum,
621 4848 678 4898 et
715 4842 973 4911 reliquos
996 4843 1215 4898 hortari
1240 4842 1310 4897 ad
1344 4841 1767 4905 fortitudinem,
1806 4851 1863 4899 et
1895 4841 2001 4911 pa—

348 4915 633 4998 tientiam.
666 4913 761 4969 Sic
794 4912 949 4998 enim
970 4914 1042 4998 de
1064 4913 1332 4998 epistolis
1358 4916 1709 4998 conscriptis
1732 4915 2001 4998 loquitur

346 4986 417 5042 ad
442 4986 670 5056 eosdem
712 4993 990 5055 martyres
1019 4981 1219 5054 (epist.
1247 4981 1336 5053 7):
1393 5007 1420 5038 ‹‹
1469 4987 1538 5041 Et
1570 4981 1628 5040 in
1658 4981 1867 5056 primis
1891 4999 2000 5042 vo-

348 5056 459 5124 bis,
484 5055 692 5113 fratres
708 5056 1038 5111 charissimi
1054 5062 1109 5111 et
1121 5056 1447 5116 fortissimi.
1465 5057 1689 5113 litteras
1707 5057 1994 5125 miseram,

347 5127 564 5199 quibus
591 5128 745 5197 fidei,
792 5134 849 5183 et
881 5128 1087 5184 virtuti
1120 5133 1320 5183 vestrae
1345 5128 1536 5184 verbis
1566 5128 1997 5185 exsultantibus

347 5200 735 5270 gratularer...
762 5199 1069 5271 Hortamur
1093 5205 1281 5254 tamen
1310 5213 1773 5269 percommunem
1803 5200 1992 5271 fidem,

349 5284 449 5342 per
478 5271 727 5340 pectoris
769 5270 954 5342 nostri
994 5284 1181 5325 veram
1226 5270 1382 5326 circa
1411 5285 1531 5342 vos,
1563 5277 1621 5327 et
1671 5270 1994 5342 simplicem

345 5341 708 5415 charitatem,
733 5349 799 5399 ut
823 5341 924 5415 qui
956 5342 1347 5415 adversarium
1368 5343 1561 5415 prima
1595 5343 1698 5399 hac
1719 5341 1997 5415 congres-

346 5413 510 5469 sione
542 5415 787 5483 vicistis,
823 5413 1061 5484 gloriam
1088 5420 1326 5470 vestram
1357 5412 1493 5470 forti
1523 5421 1580 5470 et
1612 5412 1993 5485 perseveranti

346 5486 557 5540 virtute
590 5486 897 5542 teneatis...
926 5485 1120 5540 Danda
1137 5498 1326 5555 opera,
1359 5493 1420 5542 ut
1443 5491 1569 5555 post
1590 5486 1898 5542 haecinitia
1924 5487 1990 5540 ad

346 5556 692 5627 incrementa
747 5569 991 5627 quoque
1043 5556 1295 5627 veniant,
1347 5565 1404 5612 et
1448 5563 1880 5613 consummetur
1934 5558 1992 5612 in

345 5625 531 5698 vobis,
558 5628 706 5695 quod
726 5625 841 5695 jam
866 5625 1214 5683 rudimentis
1230 5626 1502 5684 felicibus
1520 5642 1644 5685 esse
1665 5629 1946 5698 cepistis.
1966 5646 1992 5679 υ

344 5696 666 5751 Arctiorem
713 5699 1062 5765 custodiam,
1110 5711 1223 5770 qua
1255 5699 1446 5770 omnis
1473 5713 1603 5755 cum
1649 5696 1999 5770 martyribus

346 5772 700 5843 commeatus
722 5774 845 5821 erat
867 5769 1232 5843 interdicitis,
1256 5769 1623 5843 indigitatam
1648 5769 1996 5843 invenimus,

350 5837 410 5891 in
459 5837 608 5891 actis
665 5843 975 5917 martyrum
1023 5837 1267 5895 forsitan
1324 5837 1413 5895 ab'
1455 5841 1604 5911 ipsis
1651 5837 1999 5913 presbyteris

2030 4593 2084 4654 D

2108 3274 2452 3348 Numidicus
2486 3275 2778 3345 presbyter
2793 3277 3120 3333 ascribatur
3138 3274 3601 3348 presbyterorum
3617 3274 3757 3333 Car—

2112 3345 2541 3415 thaginensium
2579 3360 2836 3409 numero,
2874 3354 2932 3403 et
2961 3348 3260 3405 nobiscum
3290 3345 3484 3405 sedeat
3510 3352 3573 3405 in
3606 3351 3754 3405 clero

2111 3417 2238 3473 luce
2262 3416 2588 3487 clarissima
2618 3418 3001 3475 confessionis
3026 3419 3295 3485 illustris,
3328 3428 3384 3476 et
3404 3422 3667 3487 virtutis,
3692 3435 3753 3476 ac

2112 3487 2243 3543 fidei
2297 3486 2511 3544 honore
2552 3488 2850 3562 sublimis,
2890 3491 2990 3560 qui
3023 3491 3254 3548 hortatu
3302 3507 3407 3548 suo
3457 3495 3749 3562 copiosum

2113 3564 2426 3628 martyrum
2458 3573 2759 3616 numerum
2791 3561 3085 3631 lapidibus
3126 3569 3183 3619 et
3216 3565 3462 3620 flammis
3493 3561 3749 3619 necatum

2110 3637 2241 3706 ante
2261 3631 2617 3706 se_1nisit_._...
2650 3639 2706 3687 et
2736 3633 3181 3706 promovebitur,
3210 3649 3338 3690 cum
3372 3637 3524 3691 Deus
3559 3636 3754 3706 permi-

2111 3702 2253 3757 serit
2280 3703 2349 3757 ad
2376 3703 2711 3771 ampliorem
2736 3702 2951 3760 locum.
2996 3722 3020 3754 ι»
3043 3702 3208 3761 Alius
3229 3706 3390 3762 locus
3422 3720 3534 3762 non
3560 3702 3754 3763 resta-

2111 3773 2226 3834 bat,
2262 3774 2391 3846 nisi
2434 3775 2599 3846 utin
2642 3774 2974 3844 episcopum
3012 3786 3461 3846 promoveretur.
3507 3780 3686 3834 Tanta
3721 3792 3748 3833 a

2109 3844 2390 3918 Cypriane
2439 3845 2635 3918 habita
2673 3846 2789 3901 haec
2822 3844 3136 3917 presbyteri
3173 3856 3487 3918 martyrum
3519 3850 3751 3906 sollici—

2111 3917 2271 3990 tudo.
2311 3915 2582 3990 Anacleto
2612 3917 2807 3990 itaque
2836 3933 2868 3973 a
2914 3915 3075 3974 Petro
3103 3915 3389 3976 tribuitur
3417 3922 3609 3990 primo
3644 3922 3753 3976 haec

2115 3987 2434 4061 provincia,
2455 4001 2623 4061 quam
2648 3989 2707 4043 in
2728 3989 3044 4061 humandis
3068 4003 3370 4061 corporum
3399 3987 3587 4047 sacris
3613 4007 3753 4048 exu-

2112 4059 2244 4127 viis,
2269 4064 2328 4113 et
2350 4059 2621 4114 memoria
2653 4060 2923 4131 erigenda
2942 4059 3298 4131 adimplevit.
3331 4066 3465 4118 Erat
3496 4065 3674 4127 enim,
3702 4071 3753 4119 et

2117 4130 2446 4206 istiusmodi
2467 4130 2802 4206 sollicitudo
2823 4134 3057 4206 propria
3080 4130 3389 4205 martyrum
3413 4135 3749 4206 presbyteri.

2115 4208 2179 4256 ut
2202 4201 2287 4256 vel
2324 4203 2464 4271 ipse,
2497 4201 2583 4257 vel
2614 4202 2802 4271 ipsius
2831 4201 3120 4274 mandato,
3156 4201 3465 4274 industria,
3496 4201 3605 4262 aut
3620 4219 3752 4262 cura

2116 4279 2426 4342 martyrum
2459 4286 2715 4343 corpore,
2755 4286 2822 4329 ac
2871 4274 3151 4331 dilaniata
3190 4277 3441 4333 membra
3480 4278 3754 4333 reconde-

2115 4351 2316 4418 rentur
2346 4344 2841 4418 in_aptogloco.De
2871 4360 2981 4417 qua
3015 4347 3327 4418 presbyteri
3355 4348 3755 4405 sollicitudine

2118 4416 2235 4470 haec
2281 4415 2491 4470 scribit
2518 4416 2831 4487 Dionysius
2863 4415 2920 4472 in
2955 4415 3198 4487 epistola
3228 4421 3296 4475 ad
3329 4421 3676 4485 Domitium,
3702 4427 3755 4476 et

2113 4488 2684 4563 Didymum,_cum_de
2701 4488 3275 4563 Ecclesimministris
3289 4491 3431 4563 agit,
3465 4494 3568 4563 qui
3601 4507 3753 4547 mar-

2114 4564 2299 4633 tyrum
2327 4559 3022 4633 ministeripabEcclesia
3037 4559 3501 4633 erantdeputati,
3525 4564 3753 4620 laudat-

2113 4643 2223 4705 que
2255 4630 2404 4684 inter
2434 4629 2582 4705 alios
2602 4631 2910 4705 Eusebium
2941 4631 3038 4687 ubi
3066 4647 3240 4702 supra
3273 4629 3409 4689 huic
3429 4629 3593 4705 operi
3619 4635 3754 4690 invi~

2111 4700 2404 4773 gilantem.
2440 4721 2467 4773 α
2492 4701 2774 4758 Eusebius
2797 4716 2965 4773 quem
2997 4700 3155 4759 Deus
3167 4705 3284 4773 jam
3311 4705 3445 4761 inde
3471 4700 3555 4761 ‘ah
3586 4707 3755 4762 initio

2110 4771 2420 4839 roboravit,
2455 4771 2832 4843 impulitque,
2858 4779 2921 4829 ut
2943 4771 3372 4831 confessoribus
3406 4778 3464 4832 in
3491 4779 3755 4834 custodia

2111 4843 2344 4920 positiis
2371 4844 2594 4920 (utique
2632 4851 2813 4920 arcta,
2842 4852 2900 4920 et
2934 4847 3031 4901 cui
3058 4859 3322 4903 accessus
3349 4848 3755 4920 denegabatur)

2111 4915 2434 4989 ministeria
2467 4922 2697 4971 strenue
2727 4916 3023 4972 exhiberet
3050 4935 3066 4980 ς
3101 4925 3278 4989 utque
3315 4915 3754 4977 consummato-

2109 5000 2234 5071 rum
2265 4986 2334 5042 ad
2355 4986 2660 5071 beatorum
2699 4995 3013 5071 martyrum
3051 4986 3339 5071 cadavera
3357 5004 3467 5045 non
3500 4992 3632 5047 sine
3657 5006 3756 5071 ca;-

2108 5058 2249 5127 pitis
2277 5058 2370 5113 sui
2413 5058 2669 5128 periculo
2690 5058 2977 5128 sepeliret.
3010 5078 3036 5108 n
3066 5061 3266 5116 Clerus
3304 5062 3598 5119 Romanus
3626 5064 3756 5118 sede

2106 5134 2340 5205 vacgnte
2367 5130 2504 5205 dum
2546 5129 2813 5205 Ecclesiae
2852 5130 3290 5203 Carthaginensi
3324 5133 3556 5201 scribit,
3602 5133 3751 5205 apud

2103 5201 2158 5257 S.
2190 5200 2355 5270 Cypr.
2382 5200 2549 5273 epist.
2575 5198 2629 5265 3,
2652 5208 2709 5256 et
2726 5209 2981 5257 recenset
3020 5198 3334 5273 martyrum
3360 5198 3610 5261 clericos
3641 5198 3755 5261 ini-

2106 5274 2342 5343 nistros,
2408 5271 2553 5326 hanc
2608 5285 2805 5327 curam
2859 5271 3189 5343 specialiter
3236 5277 3603 5332 commendat
3666 5278 3754 5333 his

2105 5342 2330 5399 verbis:
2364 5356 2389 5397 ι
2429 5343 2497 5419 Et
2527 5343 2676 5419 quod
2703 5342 3015 5419 maximum
3035 5352 3121 5401 est
3142 5359 3381 5415 corpora
3415 5355 3752 5419 martyrum,

2103 5421 2203 5489 aut
2226 5417 2559 5489 ceterorum
2581 5415 2632 5489 s_i
2666 5428 2777 5489 nou
2795 5416 3170 5489 sepeliantur,
3187 5420 3401 5489 grande
3429 5415 3752 5488 periculum

2107 5485 2482 5555 immineteis,
2501 5485 3013 5556 quibusincumbit
3034 5485 3757 5561 hocopus.Cujuscumque

2104 5570 2239 5627 ergo
2270 5564 2521 5613 vestrum
2558 5571 2903 5629 quacunque
2940 5560 3241 5615 occasione
3281 5560 3547 5617 effectum
3579 5560 3757 5618 fuerit

2108 5629 2213 5684 hoc
2246 5642 2411 5698 opus,
2451 5634 2594 5685 certi
2618 5642 2820 5685 sumus
2858 5642 2985 5685 eum
3010 5629 3223 5686 bonum
3262 5645 3489 5688 servum
3526 5634 3757 5688 anima-

2108 5700 2243 5775 τί.)
2293 5701 2358 5754 Et
2392 5700 2447 5755 S.
2477 5700 2814 5775 Cyprianus
2834 5701 3013 5775 (epist.
3052 5698 3141 5770 37)
3171 5715 3375 5772 genera
3417 5711 3752 5775 martyrum,

2110 5769 2325 5846 quibus
2343 5782 2408 5846 ea
2428 5769 2567 5825 cura
2589 5769 2966 5846 impendenda
2993 5769 3261 5843 proponit
3293 5792 3307 5828 :
3344 5795 3371 5827 α
3405 5776 3475 5831 Ut
3502 5769 3756 5846 corpori;

2109 5842 2218 5897 bus
2237 5844 2518 5911 omnium,
2560 5842 2662 5913 qui
2687 5844 2796 5899 etsi
2826 5844 2962 5901 torti
2991 5842 3281 5917 non’sunt,
3313 5846 3371 5901 in
3400 5842 3630 5903 carcere
3660 5855 3753 5903 ta—
