4036 6174
367 322 505 383 4423

1594 323 1951 381 ANASTASII
2004 322 2547 383 BIBLIOTHECARII

3645 325 3787 385 4424

364 452 726 522 consecratos
758 448 1079 522 episcOpos
1108 449 1331 522 jLinum
1375 454 1432 505 et
1472 449 1693 505 Cletum
1745 449 2019 520 martyrio
2046 451 2103 512 A
2135 450 2281 506 stola
2302 458 2608 509 memorata
2624 451 2955 522 conscripta
2978 449 3112 521 fuit,
3132 451 3305 521 paulo
3322 455 3450 520 post
3473 451 3790 507 turbulen-

362 520 698 591 absumptos
716 520 963 591 videbat,
989 520 1120 576 terti
1135 535 1343 592 umque
1365 523 1732 592 superstitem
1752 521 2017 577 Clemen-

367 595 477 647 tem
510 592 579 647 ab
619 592 814 647 eodem
841 592 1234 663 apostolorum
1265 594 1532 662 Principe
1561 594 1778 663 pariter
1808 593 2021 648 initia—

368 667 510 731 tum,
541 664 654 718 imo
670 669 728 719 et
747 677 1131 720 successorem
1152 664 1262 720 sibi
1289 665 1667 734 destinatum,
1690 664 1763 719 ab
1785 671 2018 734 experto

366 748 465 805 per
486 736 1147 809 novenniumregimiue
1173 749 1233 791 se
1260 735 1565 809 abdicasse
1592 749 1743 809 aegre
1760 734 1974 791 ferebat
2000 753 2016 806 ;

364 806 644 863 credibile
659 812 745 862 est
763 807 986 863 nullius
1008 807 1360 863 successoris
1380 809 1450 864 ad
1474 806 1808 864 electionem
1832 820 2016 877 proce.

364 878 499 935 dere
520 878 796 946 voluisse,
824 878 936 933 nisi
965 882 1207 934 tentaret
1230 878 1392 948 prius
1418 893 1553 935 num
1587 879 1738 935 ﬁecti
1760 879 2018 934 Clemens

367 956 659 1017 pateretur
688 949 756 1005 ad
794 949 970 1018 hujus
999 950 1264 1006 Ecclesiae
1295 950 1625 1007 cathedram
1658 952 1867 1006 iterum
1891 962 2019 1005 con-

365 1021 740 1076 scendendam
758 1061 771 1073 .
794 1020 980 1091 Multo
1006 1025 1196 1077 autem
1220 1022 1433 1091 :egrius
1454 1036 1845 1078 consensurus
1862 1020 2017 1077 fuis—

365 1098 450 1147 set
470 1092 733 1162 quisquis
754 1090 1063 1163 eligeretur
1080 1090 1376 1148 constante
1391 1093 1701 1149 Clementis
1718 1093 1853 1161 vita,
1869 1093 2017 1161 ejus-

363 1164 487 1218 dem
514 1167 713 1235 animo
746 1176 855 1218 non
898 1164 1216 1233 explorato,
1240 1170 1340 1219 aut
1370 1171 1521 1220 certe
1545 1178 1655 1220 non
1686 1170 2014 1235 exspectato

365 1234 634 1307 consilio,
656 1240 726 1307 et
754 1234 1158 1307 adhortatione
1201 1235 1390 1305 ipsius
1430 1236 1739 1307 Clementis
1763 1238 2013 1307 (quando

366 1306 418 1361 is
450 1306 507 1360 iu
533 1306 900 1378 abdicatione
932 1306 1303 1378 persisteret),
1329 1306 1545 1378 quibus
1574 1307 2015 1363 conﬁrmaretur

366 1389 548 1433 novus
572 1376 792 1432 electus
840 1378 909 1432 ad
943 1376 1305 1435 subeundum
1338 1376 1485 1434 onus
1531 1378 1766 1434 maximi
1818 1390 2014 1433 sacer-

363 1448 534 1504 dotii.
585 1449 688 1503 His
717 1461 850 1503 vero
876 1449 1103 1504 nuntiis
1136 1449 1289 1505 ultro
1328 1450 1593 1520 citroque
1634 1447 2010 1519 perferendis,

365 1520 488 1575 sive
517 1525 680 1575 trans
707 1531 860 1575 mare
887 1521 1187 1576 Ponticum
1226 1521 1340 1590 jam
1373 1527 1492 1577 tum
1514 1521 1774 1576 Clemens
1796 1525 2013 1591 ageret,

365 1591 634 1646 sivealiis
653 1591 1221 1661 peregrinationibus
1241 1593 1543 1661 apostolici
1570 1592 1825 1648 muneris
1846 1591 2019 1647 disti-

366 1606 634 1646 sweams
688 1606 1221 1661 eregrinauouinus
1241 1606 1543 1661 aposrouci
1570 1606 1825 1648 muneris
1846 1606 2019 1647 uisu-

366 1668 600 1718 neretur
645 1606 817 1732 {certe
865 1662 935 1717 ab
962 1661 1108 1719 Urbe
1132 1663 1385 1730 dissitis,
1436 1668 1732 1719 constante
1756 1676 1929 1719 causa
1960 1676 2020 1718 se

366 1733 745 1789 subtrahendi
777 1747 810 1788 a
849 1734 1067 1789 vicinia
1098 1735 1255 1790 sedis
1298 1736 1583 1804 Romanae,
1631 1748 1801 1804 quam
1847 1747 2018 1804 supra

365 1804 707 1891 attigimus),
738 1804 1160 1891 qu’adrimestre
1188 1806 1441 1891 spatium
1463 1807 1674 1891 Evideri
1720 1819 1833 1863 nou
1854 1804 2020 1862 debet
2050 1829 2102 1891 Β

368 1890 523 1932 mora
553 1876 897 1931 diuturnior
916 1892 1087 1947 quam
1117 1879 1430 1933 necessitas
1460 1877 1622 1933 ferat.

435 1947 519 2003 Ab
569 1949 673 2003 hac
723 1961 852 2003 vero
902 1946 1225 2005 constantia
1287 1950 1345 2005 in
1379 1949 1696 2005 recusando
1741 1946 2016 2003 removeri

367 2032 478 2075 nou
522 2019 724 2076 debuit
772 2019 1029 2084 Clemens
1062 2022 1121 2076 iu
1170 2027 1349 2077 morte
1376 2021 1519 2076 Cleti
1566 2021 1737 2090 (anno
1766 2018 1855 2090 83)
1886 2032 2015 2074 cum

364 2092 570 2147 eaedem
601 2104 790 2146 causae
834 2090 940 2147 sub
972 2093 1300 2147 Domitiano
1333 2099 1469 2148 tunc
1506 2093 1822 2161 imperante
1852 2090 2015 2160 vige—

366 2168 510 2231 rent,
531 2177 658 2232 qua:
674 2161 782 2218 sub
800 2162 1044 2233 imperio
1066 2165 1400 2231 Vespasiani
1430 2164 1611 2234 patris
1637 2162 1801 2234 illam
1822 2162 2017 2231 adege-

366 2230 600 2288 rautad
651 2230 1031 2290 exsulandum
1066 2230 1217 2291 anno
1265 2249 1391 2291 tera:
1430 2230 1656 2290 Christi
1708 2230 1801 2301 76,
1845 2230 2016 2302 atque

365 2305 434 2359 ad
484 2304 867 2360 abdicandum
909 2319 969 2361 se
1011 2306 1083 2361 ab
1109 2306 1323 2363 honore
1352 2307 1563 2363 summi
1613 2304 2008 2375 pontiﬁcatus.

368 2375 636 2450 Dixeram
667 2377 725 2430 iu
759 2376 914 2450 no_tis
960 2377 1390 2450 chronologicis
1435 2378 1503 2434 ad
1541 2378 1724 2434 Vitam
1771 2376 1830 2450 SA.
1882 2376 2013 2432 Cle-

370 2448 597 2519 mentis,
623 2460 785 2519 num.
814 2442 870 2515 7,
898 2442 1413 2519 propugnationem
1437 2456 1762 2505 nostrorum
1790 2448 2019 2518 dogma-

368 2524 487 2573 tum
532 2528 586 2574 et
610 2518 1031 2590 vaticiniorum
1062 2518 1294 2578 Christo
1342 2521 1584 2576 Domino
1613 2520 2014 2590 praenuntian-

368 2590 512 2662 tium
536 2589 1129 2662 principatumpacis,
1153 2606 1320 2662 quem
1346 2589 1660 2647 assentatio
1679 2590 1909 2646 servilis
1922 2591 2017 2645 Ju-

365 2660 619 2717 datorum
665 2667 838 2732 atque
866 2660 1232 2718 ethnicorum
1264 2664 1612 2733 Vespasiano
1655 2668 1860 2733 aptare,
1900 2669 2017 2716 stu-

364 2733 587 2799 duerat,
621 2729 764 2787 cum‘
790 2733 947 2802 pacis
975 2733 1252 2802 templum
1291 2729 1583 2789 dedicaret
1611 2729 1762 2788 anno
1793 2729 1865 2787 76
1891 2746 2016 2787 :erae

363 2803 729 2874 Christianae,
750 2801 980 2875 dedisse
1004 2801 1201 2860 ansam
1222 2804 1498 2860 Clementi
1520 2817 1631 2875 non
1654 2803 1839 2859 solum
1861 2817 2015 2875 voce,

366 2875 460 2930 sed
492 2875 665 2930 etiam
692 2874 928 2943 scriptis
958 2875 1291 2932 vindicandi
1318 2875 1549 2932 oracula
1573 2874 1704 2931 ﬁdei
1726 2874 2019 2930 Christian-'-

368 2960 483 3001 nae:
519 2960 700 3017 eoque
733 2946 963 3001 nomine
992 2948 1189 3003 odium
1225 2948 1545 3003 incurrisse
1568 2950 2014 3017 assentatorum,

365 3018 708 3090 atriensium
731 3017 985 3087 ejusdem
1012 3018 1317 3088 principis,
1351 3018 1520 3090 quasi
1546 3018 1846 3074 maledicta
1872 3031 2019 3090 cou-

365 3089 645 3145 scriberet
672 3090 730 3144 in
766 3091 1184 3162 imperatorem,
1215 3089 1381 3161 quem
1429 3090 1650 3145 divinis
1698 3089 2017 3162 honoribus

368 3174 477 3217 non
527 3160 1000 3231 prosequebatur,
1053 3161 1147 3216 sed
1174 3160 1362 3233 longe
1389 3162 1678 3217 diversum
1703 3160 2018 3216 afﬁrmabat

364 3247 394 3288 a
424 3233 583 3302 pacis
611 3233 872 3302 principe
897 3246 996 3302 per
1017 3233 1221 3288 Isaiam
1262 3233 1538 3289 indicato.
1570 3233 1626 3288 Id
1655 3246 1787 3289 vero
1819 3233 1877 3287 in
1918 3245 2013 3288 se-

368 3305 556 3360 cunda
587 3317 754 3373 quam
786 3303 957 3375 vulgo
978 3304 1182 3360 dicunt
1208 3304 1519 3360 Clementis
1542 3304 1806 3374 epistola,
1842 3317 2009 3374 quam

368 3376 614 3445 priorem
638 3388 762 3431 esse
790 3375 1107 3431 habendam
1136 3376 1486 3445 Vendelinus
1517 3376 1777 3445 probavit
1801 3375 2014 3445 (editus

363 3444 403 3528 a
421 3446 715 3528 Cotelerio
752 3451 931 3528 to‘mo‘
960 3448 1004 3515 l,
1060 3459 1185 3518 pag.
1225 3444 1347 3528 440,
1381 3444 1578 3528 col},
1606 3461 1735 3528 cum
1768 3444 2012 3528 utraque

362 3518 619 3587 Epistola
675 3516 832 3588 GL.)
883 3522 940 3573 et
986 3516 1351 3573 memératam
1400 3531 1431 3573 a
1477 3519 1753 3588 Dionysio
1799 3516 2012 3588 Coriu-

365 3586 618 3661 thiorum
639 3586 912 3661 episccipo
932 3589 1081 3661 apud
1105 3589 1412 3646 Eusebium
1439 3589 1540 3644 lib.
1573 3586 1644 3657 tv,
1668 3603 1792 3659 cap.
1812 3586 1902 3654 23,
1934 3602 2011 3644 re-

366 3661 513 3731 perit
535 3660 806 3716 laudatus
832 3660 1205 3729 Vendelinus,
1237 3662 1315 3716 ita
1345 3674 1449 3717 nos
1481 3661 1793 3716 admonens
1817 3661 1886 3731 de
1914 3666 2010 3715 at-

366 3730 519 3788 tenta
543 3732 854 3788 Clementis
875 3745 1017 3787 cura
1043 3733 1103 3787 in
1126 3733 1491 3788 advertendis
1518 3731 1789 3788 ﬁdelibus
1810 3746 1838 3786 a
1865 3730 2012 3787 fteda

363 3805 753 3860 assentatione
767 3803 1029 3872 Caesaris,
1055 3807 1110 3857 et
1126 3803 1540 3859 conﬁrmandis
1570 3805 1625 3858 in
1651 3803 2012 3859 confessione

366 3875 520 3941 ﬁdei,
564 3875 954 3943 principatum
991 3874 1151 3941 pacis
1198 3887 1327 3929 cum
1363 3874 1512 3929 Isaia
1542 3874 1858 3931 tribuentis
1898 3887 2010 3930 non

372 3945 599 4017 mortali
628 3943 1065 4017 cuipiamgnihil
1099 3957 1273 4017 supra
1301 3945 1588 4000 hominem
1616 3947 1885 4017 gestanti,
1912 3946 2006 4001 sed

367 4016 587 4072 homini
618 4017 733 4070 Deo
774 4014 1007 4069 Christo
1049 4014 1312 4085 Domino,
1365 4014 2010 4074 divinam‘humanam-

365 4101 475 4156 que
506 4096 771 4143 naturam
804 4086 866 4141 in
898 4099 958 4141 se
990 4099 1106 4159 uno
1130 4088 1559 4144 admirabiliter
1584 4089 1898 4159 complexo.
1933 4090 2011 4143 De

364 4164 618 4229 tempore
643 4159 797 4213 enim
824 4158 1164 4228 conscriptae
1188 4159 1447 4229 epistola:
1467 4174 1641 4231 agens
1666 4158 1745 4215 ita
1767 4172 2013 4231 prouuuo

368 4232 490 4285 tiat.
521 4250 546 4280 «
566 4231 811 4302 Tempus
828 4242 1057 4302 quoque
1077 4231 1336 4287 insinuat
1355 4230 1809 4302 pacatissimam,
1831 4230 2011 4286 nullis

368 4302 424 4374 in
454 4301 763 4374 Ecclesiam
795 4301 1414 4374 periculisturbidum,
1445 4308 1718 4373 tantoque
1737 4304 1920 4374 magis
1938 4302 2008 4357 ad

366 4372 704 4428 charitatem
738 4378 1015 4442 mutuam,
1059 4371 1473 4443 fovendamque
1516 4371 1704 4443 pacem
1746 4371 2009 4429 hortato-

368 4444 529 4500 riam.
584 4445 666 4516 Ad
713 4457 883 4515 quam
912 4444 1149 4516 (pacem)
1196 4443 1564 4500 obtinendam
1596 4458 1707 4500 non
1753 4451 2013 4515 oporteat

367 4516 613 4587 inveniri
648 4515 993 4587 hominem,
1029 4515 1139 4586 qui
1175 4529 1295 4572 eam
1330 4515 1633 4587 largiatur,
1689 4518 1785 4572 sed
1832 4519 2008 4572 Deum

2138 528 2254 577 tum
2290 524 2472 579 evasit
2503 531 2622 580 tum
2638 524 3016 591 Christianis,
3046 529 3167 579 tum
3193 522 3563 593 philosophis
3603 530 3661 578 et
3686 537 3794 579 so-

2136 593 2369 676 phis'ti‘s,
2391 594 2782 676 utiexplicavi
2822 594 3795 676 superiusing-otischronologicis

2132 665 2200 736 ad
2238 662 2419 721 Vitam
2451 662 2755 723 Clementis
2788 662 3026 723 numero
3068 662 3124 720 7.
3170 666 3510 721 Christianis
3556 662 3793 736 quidem

2132 735 2613 819 ob‘principatuiu
2634 738 3033 819 pacisChristo
3054 740 3166 819 D_eo
3186 743 3489 819 assertum,
3518 735 3615 819 uti
3629 739 3796 819 Ven—

2132 808 2361 881 delinus
2386 810 2444 865 in
2474 808 2717 881 epistOla
2743 809 3050 866 Clementis
3074 809 3493 881 deprehendit;
3519 808 3797 879 philoso—

2133 878 2260 947 phis
2286 894 2417 936 vero
2439 878 2809 952 ac'sophlstis
2837 881 2911 938 ob
2943 878 3240 936 malediCta
3265 878 3324 936 in
3351 878 3671 951 principem
3687 882 3797 949 ja-

2129 955 2281 1023 ctata
2303 965 2335 1005 a
2368 953 2687 1021 nonnullis,
2724 967 2968 1023 quorum
2997 965 3189 1019 causa,
3220 966 3417 1008 omnes
3438 958 3557 1007 tum
3590 959 3796 1007 sontes

2127 1024 2248 1076 tum
2272 1022 2527 1079 insontes
2538 1038 2605 1080 ex
2618 1022 2765 1079 Urbe
2785 1025 3056 1080 excedere
3062 1025 3083 1093 j
3096 1024 3211 1078 ussi
3226 1030 3382 1091 sunt,
3400 1024 3795 1093 pertinacium

2130 1106 2260 1148 vero
2308 1108 2377 1150 ex
2409 1108 2646 1151 numero
2676 1095 2957 1151 Hostilius
2999 1109 3064 1149 ac
3093 1095 3416 1150 Demetrius
3466 1095 3524 1149 in
3559 1095 3798 1149 insulas

2128 1165 2388 1238 relegari,
2422 1168 2697 1237 Diogenes
2728 1167 2905 1238 virgis
2930 1181 3133 1234 caesus,
3153 1169 3303 1238 Eras
3332 1166 3518 1236 capite
3556 1167 3791 1238 plexus,

2131 1235 2210 1291 uti
2238 1235 2306 1292 cx
2326 1235 2622 1295 historicis
2650 1235 2867 1293 Graecis
2890 1252 2955 1294 ac
2983 1237 3198 1294 Latinis
3229 1235 3440 1293 ibidem
3476 1237 3672 1292 retuli.

2198 1308 2315 1391 ΗΕΒ
2362 1308 2541 1391 igitur
2565 1324 2754 1366 causa:
2801 1310 3004 1391 asserti
3038 1309 3397 1379 principatus
3423 1308 3582 1378 pacis
3608 1309 3796 1391 Chri-

2129 1382 2216 1433 sto
2246 1380 2510 1449 Domiuo,
2551 1396 2677 1452 quae
2694 1381 3079 1450 suspicionem
3112 1393 3385 1436 novarum
3420 1394 3614 1436 rerum
3634 1381 3798 1435 exci-

2127 1454 2249 1523 tare
2277 1457 2537 1521 poterant
2577 1452 2685 1509 sub
2717 1452 3065 1523 Vespasiano
3117 1452 3379 1523 principe
3420 1452 3479 1507 in
3512 1465 3794 1522 supremo

2130 1521 2432 1579 hierarcha
2479 1524 2745 1580 Ecclesiae
2774 1521 3081 1590 Clemente,
3116 1524 3166 1578 si
3203 1524 3261 1578 in
3293 1522 3434 1579 urbe
3479 1521 3793 1592 perStitis—

2127 1598 2234 1660 set,
2254 1608 2498 1665 eumque
2517 1596 2881 1665 providenter
2899 1594 3198 1664 impulisse
3216 1595 3510 1650 credimus
3530 1595 3601 1650 ad
3621 1609 3793 1650 exsu-

2130 1664 2386 1728 landum,
2406 1664 2470 1721 et
2498 1664 2567 1722 ad
2599 1667 2983 1723 abdicandum
3008 1679 3039 1721 a
3062 1679 3125 1722 se
3160 1667 3468 1736 primatum
3497 1667 3789 1722 cathedra:

2131 1750 2297 1806 quem
2345 1736 2590 1810 gerebat,
2626 1752 2736 1794 non
2769 1739 3008 1810 segnius
3033 1738 3314 1809 urgebant
3342 1737 3452 1795 sub
3494 1739 3787 1794 Domitia—

2134 1821 2224 1873 uo,
2268 1815 2331 1863 ut
2361 1807 2616 1865 oblatum
2651 1807 2920 1866 honorem
2954 1807 3340 1867 successionis
3371 1815 3499 1879 post
3545 1816 3785 1865 mortem

2129 1879 2272 1934 Cleti
2317 1886 2642 1936 constanter
2686 1887 2996 1938 recusaret.
3028 1880 3172 1950 Quis
3201 1883 3353 1937 enim
3384 1880 3620 1936 dubitat
3652 1895 3783 1950 per-

2131 1950 2262 2006 inde
2288 1952 2597 2007 excitatum
2627 1952 2699 2008 iri
2730 1967 3038 2019 rumorem,
3070 1959 3172 2007 aut
3207 1952 3535 2022 opinionem
3562 1952 3785 2007 aﬁecta-

2128 2022 2172 2076 ti
2210 2023 2437 2095 imperii
2466 2037 2496 2077 a
2535 2028 2692 2080 tanto
2716 2024 3012 2095 religionis
3033 2030 3243 2079 nostrae
3274 2025 3443 2092 duce,
3474 2028 3532 2079 et
3559 2025 3784 2078 antesi—

2127 2106 2314 2175 gnano
2337 2094 2642 2177 Clemente,
2674 2096 2721 2151 si
2744 2094 2970 2179 primus.
2993 2098 3144 2179 inter
3172 2096 3494 2220 episcogos,
3529 2101 3583 2151 et
3612 2095 3787 2165 parti.

2127 2178 2175 2218 Cl
2190 2178 2283 2220 pes
2297 2166 2823 2220 regalissacerdotn
2840 2168 3057 2220 Christi
3075 2172 3279 2220 iterum
3300 2167 3365 2220 ha
3412 2173 3632 2220 eretur.
3647 2169 3781 2220 dum

2127 2166 2283 2237 cipes
2297 2166 2823 2237 regalissacerdotii
2840 2168 3057 2223 Christi
3075 2168 3279 2222 iterum
3300 2166 3632 2235 haberetur,
3647 2169 3781 2222 dum

2126 2236 2351 2309 Flaviae
2385 2238 2574 2309 gentis
2604 2237 2772 2293 liberi
2807 2244 3194 2309 superessent,
3224 2238 3441 2309 quibus
3486 2240 3783 2293 aeternitas

2130 2308 2381 2378 imperii,
2404 2314 2459 2380 et
2478 2308 2838 2379 principatus
2871 2308 3030 2380 pacis
3050 2311 3107 2364 in
3139 2308 3288 2365 Urbe
3309 2316 3650 2365 caeterarum
3673 2311 3781 2365 do-

2128 2380 2285 2434 mina
2321 2379 2551 2449 publica
2602 2379 2989 2438 assentatione
3021 2380 3431 2437 deferebatur?
3462 2382 3779 2450 praesertim

2126 2464 2257 2506 cum
2283 2452 2596 2507 Domitiani
2627 2453 2868 2509 ambitio
2894 2466 3069 2523 supra
3094 2458 3385 2523 paternam
3407 2454 3554 2509 adeo
3578 2466 3772 2509 excre-

2127 2524 2321 2594 visset,
2352 2528 2415 2594 ut
2432 2525 2579 2579 Deus
2600 2537 2665 2579 ac
2688 2526 2969 2580 Dominus
2989 2524 3229 2580 inscribi
3260 2525 3472 2594 passim
3500 2529 3556 2579 et
3585 2523 3779 2579 haberi

2127 2593 2296 2649 vellet
2318 2612 2331 2647 :
2353 2592 2595 2668 fortasse
2616 2596 2837 2668 nequid
2847 2597 3000 2666 piam
3018 2596 3131 2652 sibi
3145 2592 3342 2652 deesse
3358 2596 3574 2668 vulgus
3595 2597 3782 2651 crede-

2128 2671 2232 2734 ret,
2269 2678 2381 2735 quo
2414 2666 2607 2738 minus
2627 2666 2805 2723 hares
2823 2672 3067 2737 paternae
3088 2666 3552 2738 conditionis,'et
3570 2668 3775 2737 princi-

2130 2742 2296 2806 patus
2327 2738 2484 2806 pacis
2507 2737 2839 2806 Quiritibus
2864 2747 3183 2809 appareret.

2201 2810 2279 2863 Nc
2310 2809 2492 2879 igitur
2529 2810 2662 2865 odia
2694 2812 3093 2880 intempestiva
3150 2811 3209 2865 in
3263 2810 3601 2866 universum
3637 2810 3777 2866 ﬁde-

2129 2878 2271 2934 lium
2313 2878 2520 2952 ctutum
2560 2881 2841 2937 urbanum
2875 2878 3172 2952 praesentia
3203 2881 3511 2937 Clementis
3544 2894 3776 2937 revoca-

2131 2955 2216 3005 ret
2231 2950 2348 3024 sub
2379 2952 2722 3024 Domitiano,
2763 2950 2891 3024 quze
2916 2952 3316 3024 declinaverat,
3348 2966 3415 3007 ac
3446 2966 3774 3023 suppresse-

2130 3021 2559 3095 ratlegeexsilii
2574 3021 2859 3095 suscepta,
2879 3038 2944 3080 ac
2960 3021 3642 3081 dimissione’volnutaria
3666 3037 3773 3080 ma-

2126 3093 2269 3147 ximi
2287 3094 2587 3149 sacerdotii
2609 3095 2717 3151 sub
2732 3093 3111 3167 Vespasiano,
3130 3098 3317 3151 satius
3335 3096 3577 3152 duxerit
3601 3097 3772 3151 absti-

2047 3197 2095 3259 Ο
2129 3178 2309 3259 nerea
2328 3179 2598 3259 regressu
2627 3166 3009 3259 inUrbem,‘e‘t
3033 3166 3361 3251 aneatohedra
3383 3169 3501 3236 jam
3532 3168 3767 3259 relieta:

2127 3240 2299 3309 atque
2327 3240 2514 3293 satius
2541 3239 2758 3294 ducens
2778 3239 3084 3309 apostolici
3109 3239 3363 3308 episcopi
3388 3253 3631 3295 munere
3653 3238 3775 3294 fun-

2126 3308 2184 3379 gi
2218 3308 2371 3363 ultra
2413 3309 2761 3366 solitudines
2792 3308 2979 3380 Ponti,
3013 3319 3214 3366 auctor
3243 3311 3519 3365 Romanis
3543 3311 3773 3365 clericis

2126 3379 2412 3451 fuerit,ut
2435 3382 2503 3435 ad
2530 3380 2766 3436 liberam
2795 3379 3127 3438 electiOnem
3159 3382 3532 3451 procederent
3557 3395 3774 3438 succes-

2124 3450 2272 3524 soris
2286 3450 2451 3517 Cleti,
2474 3452 2950 3524 quemadmodum
2972 3453 3031 3508 hi
3057 3450 3470 3524 przestiteruut,
3491 3461 3693 3509 evecto
3705 3452 3769 3509 ad

2125 3521 2312 3595 sedem
2370 3524 2521 3595 Petri
2579 3521 2870 3581 Auacleto.
2920 3521 3204 3581 Nota—runt
3262 3521 3486 3595 pridem
3556 3525 3770 3580 indicia

2125 3593 2456 3662 liujusmodi
2487 3595 2879 3664 providentiae,
2925 3612 2990 3652 ac
3015 3593 3346 3652 dilectionis
3372 3596 3432 3651 in
3464 3596 3768 3652 Clementis

2124 3665 2366 3734 epistola
2393 3666 2462 3720 ad
2484 3666 2817 3723 Corinthios
2841 3669 2973 3724 data
3002 3668 3267 3723 Ecclesia:
3285 3668 3555 3723 Romanae
3580 3668 3766 3723 nomi-

2126 3737 2315 3811 neviri
2331 3737 2547 3811 eruditi
2569 3755 2581 3791 :
2607 3739 3018 3811 quaedetegunt
3038 3741 3217 3794 animi
3242 3738 3766 3809 sensusprzefereu-

2122 3813 2206 3881 tes
2227 3808 2616 3881 voluntarium
2634 3808 2929 3881 exsilium,
2954 3811 3185 3881 quando
3204 3808 3535 3866 immineret
3558 3812 3765 3881 pericu-

2122 3878 2239 3952 l_um
2266 3879 2589 3951 turbarum,
2604 3884 2783 3936 unius
2796 3878 3112 3952 praaSehtiaa
3129 3878 3762 3938 causaexcitandarum.

2121 3950 2183 4004 Si
2208 3955 2432 4019 prapter
2448 3967 2548 4018 me,
2585 3950 2810 4023 inquit,
2840 3954 3052 4021 seditio,
3083 3956 3369 4019 contentio,
3398 3959 3449 4008 et
3478 3956 3764 4008 schismata

2121 4027 2241 4095 orta
2285 4027 2431 4095 sunt,
2486 4025 2777 4091 emigrabo,
2830 4026 3007 4091 abibo,
3070 4040 3390 4095 quocunque
3445 4027 3762 4080 volueritis:

2122 4092 2242 4148 sive
2275 4099 2344 4165 ui
2372 4094 2731 4164 Epiphanius
2753 4094 2923 4152 refert
2949 4099 3006 4151 in
3055 4092 3253 4152 haeresi
3286 4092 3765 4165 Carpocratiano—

2124 4179 2250 4219 rum
2275 4161 2366 4237 27,
2401 4161 2528 4235 cap.
2567 4166 2619 4237 6,
2646 4168 2874 4237 quando
2909 4172 3182 4224 memorat
3204 4161 3633 4224 abdicationem
3654 4168 3766 4222 Cle-

2126 4236 2354 4303 mentis,
2376 4236 2613 4310 _Secedo,'
2643 4236 2791 4305 abeo,
2844 4240 2971 4294 bene
3000 4241 3321 4294 stabiliatur
3365 4241 3610 4310 populus
3638 4242 3762 4293 Dei:

2125 4322 2251 4379 quae
2275 4306 2444 4381 verba
2475 4310 2535 4364 in
2561 4311 2991 4366 commentariis
3037 4306 3387 4381 quibusdam
3408 4306 3525 4367 a‘se
3549 4316 3762 4381 reperta

2122 4379 2351 4452 asserit,
2377 4380 2690 4452 adnotante
2719 4379 3191 4452 Vendeliuopag.
3226 4380 3348 4451 439,
3397 4384 3510 4439 col.
3537 4381 3574 4437 2
3615 4379 3755 4438 edit.

2122 4399 2351 4449 asserit,
2381 4399 2690 4435 annutante
2728 4399 3033 4438 venueuuo
3065 4399 3130 4452 pa
3178 4423 3191 4434 .
3226 4399 3348 4451 ων,
3397 4399 3510 4439 001.
3537 4399 3574 4437 κ
3615 4399 3755 4438 eun.

2119 4449 2414 4517 Cotolerii,
2442 4458 2495 4505 et
2529 4451 2811 4508 habentur
2840 4458 3012 4509 etiam
3046 4454 3101 4508 iu
3134 4399 3329 4509 arma
3360 4455 3615 4510 editione
3632 4454 3759 4509 anui

2125 4519 2281 4596 4544,
2323 4520 2420 4577 fol.
2472 4522 2561 4596 51,
2605 4522 2913 4596 Ἀναχωρῶ,
2963 4524 3151 4596 ἄπειμι,
3204 4526 3491 4592 εὗσαῦήτοὸ
3533 4522 3655 4586 λαὸς
3685 4528 3762 4576 τοῦ

361 4584 605 4666 scilicet.
628 4586 854 4666 Quibus
883 4584 1096 4666 verbis,
1122 4588 1349 4666 vel_ego
1376 4584 1565 4658 fallor,
1613 4584 1711 4666 'in
1739 4589 2010 4666 innuitur
2035 4586 2090 4649 D
2123 4584 2278 4666 Θεοῦέ
2300 4600 2355 4648 et
2383 4584 2579 4666 aptius
2610 4584 2954 4664 respondent
2975 4584 3268 4654 occasioni
3295 4584 3471 4666 supra
3500 4584 3758 4666 indicata:

367 4656 748 4742 Vespasianus
774 4660 1105 4742 imperator,
1131 4660 1233 4742 qui
1259 4656 1410 4742 anno
1432 4656 1627 4716 nostro
1645 4656 1720 4742 75_
1739 4658 1880 4715 festo
1895 4674 2009 4742 suo

363 4731 669 4787 consulatu
711 4731 987 4800 templum
1040 4731 1219 4800 pacis,
1264 4736 1510 4795 aeternae,
1568 4733 1828 4787 omnium
1892 4736 2010 4788 toto

366 4801 501 4858 orbe
582 4801 1034 4871 pulcherrimum
1074 4802 1603 4871 dedicavitgsemet
1671 4803 2010 4858 existimans

364 4845 527 4929 main
559 4845 878 4943 p'iinéifieui
913 4845 1364 4944 ρεοίεΪΒΞὶῙ-’ἐηΐ
1380 4845 1841 4943 ἐιῖἴυῖἶέεεῖἷὶἦῖ
1861 4845 2009 4944 ῥιῗὰἐῖ

365 4946 615 5001 nuntiati
671 4945 821 5014 apud
841 4945 1067 5013 Isaiam,
1095 4945 1264 5014 cujus
1285 4944 1516 5015 imperii
1548 4959 1656 5001 non
1690 4944 2004 5001 foretﬁnis.

360 5020 479 5073 Non
522 5017 674 5088 hunc
711 5029 847 5088 ergo
878 5016 1172 5072 mortalem
1208 5017 1517 5086 hominem,
1559 5017 1655 5074 sed
1692 5019 1867 5072 Deum
1910 5018 2010 5072 in—

362 5089 545 5145 veniri
591 5086 799 5144 debere
837 5095 1026 5143 monet
1060 5088 1335 5159 Clemens,
1379 5089 1479 5158 qui
1516 5095 1782 5144 aeternam
1816 5103 2006 5159 pacem

362 5162 487 5216 suis
516 5160 767 5233 largitus
784 5160 883 5233 sit.
909 5159 1089 5215 Tanto
1115 5173 1248 5230 ergo
1279 5160 1526 5233 epistola
1556 5160 1674 5215 haec
1705 5161 1861 5221 prior
1884 5160 2005 5233 illa,

363 5246 488 5301 qua:
518 5229 644 5301 post
672 5229 742 5288 20
771 5232 998 5287 demum
1023 5229 1204 5286 annos
1236 5231 1406 5285 missa
1434 5229 1545 5286 fuit
1587 5232 1946 5287 Corinthum.
1978 5229 2002 5282 n‘

363 5300 487 5359 llaec
507 5300 883 5371 Vendelinus,
917 5300 1167 5358 referens
1207 5302 1353 5357 hanc
1373 5302 1673 5372 epistolam
1701 5303 1876 5374 vulgo
1905 5304 2007 5358 di-

362 5382 507 5429 ctam
547 5375 875 5443 secundam,
912 5387 972 5429 re
996 5382 1185 5429 autem
1213 5387 1360 5444 Avera
1407 5375 1651 5444 priorem
1698 5374 2007 5430 Clementis

361 5446 430 5499 ad
462 5446 795 5503 Corinthios
825 5441 894 5501 ad
949 5458 1162 5500 annum
1206 5441 1296 5516 75,
1344 5441 1579 5501 alteram
1633 5459 1769 5502 vero
1797 5460 1829 5501 a
1876 5446 2009 5501 Cle-

362 5524 550 5587 mente
569 5518 841 5587 scriptam
873 5517 941 5572 ad
985 5518 1208 5572 eosdem
1238 5518 1570 5574 Corinthios
1595 5531 1705 5574 non
1745 5531 1870 5586 suo,
1910 5519 2005 5574 sed

363 5586 917 5712 Ecclesiaziltomana:
937 5590 1190 5658 nomine,
1220 5589 1288 5644 ad
1312 5601 1527 5645 annum
1547 5587 1618 5645 95
1645 5603 1770 5645 aera:
1786 5590 2004 5645 Christi

363 5670 628 5712 commun
659 5672 705 5712 s.

360 5670 705 5715 communis.

429 5728 862 5813 Pacatis‘simam
896 5732 1060 5813 quod
1086 5731 1247 5813 _d_ii_tit
1296 5734 1568 5813 tempus,"
1593 5731 1891 5813 npllisque
1946 5733 2005 5789 in

364 5799 673 5874 Ecclesiam
694 5799 1287 5874 periculisturbidum
1318 5800 1651 5874 priusillud
1681 5799 2008 5874 sub'Vespa-

359 5872 528 5928 siano
554 5868 819 5940 principe
846 5879 996 5925 anno
1015 5868 1092 5927 75
1110 5868 1341 5941 θνοαιιεὲ
1358 5871 1709 5945 Christianas
1738 5887 1853 5945 quo
1872 5868 2005 5945 epi—

2120 4664 2448 4739 absttuendi
2500 4678 2533 4720 a
2584 4666 2920 4739 pontiﬁcatu
2952 4669 3221 4739 maximo,
3272 4674 3326 4723 et
3351 4664 3669 4726 abcedendi
3696 4665 3759 4721 ab

2124 4736 2263 4810 urbe
2292 4736 2485 4810 Itoma,
2521 4750 2588 4792 ne
2640 4740 2746 4793 toti
2788 4738 3057 4794 Ecclesia:
3100 4736 3438 4810 discrimen,
3492 4747 3549 4795 et
3582 4751 3758 4810 perse-

2120 4806 2277 4863 cutio
2300 4807 2626 4882 immineret
2648 4822 2721 4882 ex,
2741 4811 2916 4882 unius
2938 4809 3203 4880 praesulis
3231 4806 3516 4882 dignitate
3543 4806 3761 4867 resum-

2122 4886 2239 4950 pta,
2294 4892 2407 4949 qua
2466 4880 2658 4953 volens
2713 4880 3032 4952 lubensque
3083 4880 3469 4953 paucos‘ante
3497 4893 3761 4938 aunosse

2120 4955 2422 5024 exemerat,
2468 4956 2530 5004 ut
2570 4951 2697 5005 bene
2727 4951 3333 5024 stabiliretur—populus
3357 4956 3480 5008 Dei.

2184 5023 2399 5076 Caetera
2457 5035 2812 5079 reservamus
2842 5026 2995 5081 uotis
3043 5023 3358 5082 historicis.
3418 5025 3547 5080 Haec
3579 5032 3761 5080 autem

2120 5098 2183 5169 ut
2204 5092 2592 5169 delibaremus
2613 5093 2672 5169 in
2688 5096 3109 5169 chronologicis
3131 5097 3311 5153 suasit
3330 5096 3645 5153 necessitas
3664 5097 3764 5151 de-

2120 5164 2354 5238 finiendi
2380 5170 2632 5238 tempora
2659 5165 2901 5222 istorum
2933 5164 3300 5238 pontiﬁcum:
3331 5182 3457 5238 qua:
3499 5168 3559 5224 in
3610 5170 3767 5224 Aua-

2117 5237 2264 5291 cleto
2296 5236 2373 5289 ita
2409 5236 2682 5310 videntur
2716 5236 3084 5310 assignanda.

2190 5306 2459 5381 Martyrii
2491 5321 2757 5381 coronam
2811 5306 3015 5381 adepto
3061 5312 3215 5367 Cieto
3281 5310 3374 5365 die
3424 5308 3498 5364 26
3551 5311 3766 5381 Aprilis

2117 5391 2268 5434 anno
2313 5376 2402 5448 83,
2443 5379 2768 5437 Domitiano
2800 5381 2877 5435 IX
2907 5376 2963 5436 et
2995 5382 3140 5438 Rufo
3181 5395 3326 5438 coss.
3356 5382 3522 5437 sedes
3548 5376 3767 5437 vacavit

2120 5450 2415 5524 mensibus
2440 5456 2706 5524 quatuor,
2739 5467 2804 5508 ac
2834 5452 3044 5509 diebus
3071 5455 3260 5510 decem
3283 5455 3404 5524 (qui
3448 5468 3519 5508 ex
3542 5466 3767 5508 summa

2117 5521 2334 5595 duplici
2366 5522 2422 5576 in
2461 5522 2746 5595 principio
2771 5530 3035 5595 notarum
3071 5525 3165 5580 hic
3187 5521 3394 5580 collata
3424 5526 3763 5595 resultant):

2119 5592 2346 5666 scilicet
2371 5606 2553 5663 usque
2573 5594 2641 5648 ad
2667 5594 2815 5650 diem
2842 5593 2875 5650 6
2906 5596 3270 5666 Septembris,
3292 5595 3429 5651 dum
3451 5592 3767 5651 Clementis

2115 5664 2333 5737 exsulis
2379 5666 2663 5719 sententia
2715 5664 3066 5737 exploratur,
3118 5681 3187 5723 an
3216 5668 3418 5723 iterato
3464 5667 3609 5723 velit
3634 5681 3765 5722 cum

2118 5735 2451 5808 pontiﬁcatu
2484 5738 2760 5808 Romano,
2784 5737 2959 5793 totius
3005 5735 3266 5794 Erclesize
3303 5737 3529 5794 clavum
3560 5752 3769 5808 capes-

2115 5805 2260 5875 Sere,
2316 5805 2449 5861 licet
2504 5812 2670 5862 antea
2711 5807 3052 5865 abdicasset.
3103 5809 3389 5865 Clemente
3434 5805 3767 5866 constanter

2114 5881 2413 5934 recusante
2449 5876 2520 5933 ab
2569 5876 2775 5935 Urbem
2829 5881 3054 5952 reverti,
3114 5885 3169 5935 et
3221 5881 3369 5936 Petri
3431 5882 3762 5941 cathedram
