4036 6174
315 300 463 361 4125

1138 303 1462 363 HISTORIA
1501 306 1593 362 DE
1636 306 1806 364 VITIS
1843 305 2011 365 ROM.
2053 307 2252 365 PONT.
2283 337 2357 350 —-
2390 308 2446 365 S.
2486 309 2907 371 ANACLETUS.

3587 319 3727 380 “25

312 430 531 519 iterato
587 432 990 519 conscendere,
1052 445 1122 488 ne
1163 432 1401 519 scilicet
1442 433 1969 519 occasio‘daretur
1992 438 2045 497 A
2080 435 2197 492 chii
2228 442 2283 493 et
2314 437 2630 519 Pearsonii,
2681 440 2765 495 vel
2802 441 3328 519 ipsiuseditorum,
3374 455 3436 502 ut
3468 455 3597 505 uota
3622 465 3725 519 per

309 502 570 576 ethnicis
585 502 1280 576 Christianumpopulum
1306 506 1679 576 persequendi
1696 510 1965 576 tanquam

308 573 644 647 factiosum,
661 574 729 647 isi
760 581 963 630 contra
988 573 1165 647 legem
1192 573 1396 647 exsilii
1414 573 1966 646 ab‘imperatoribus

310 646 604 719 prolatam
657 646 715 700 in
778 646 1115 719 Clementem
1178 646 1326 703 fama
1360 655 1576 717 notum,
1622 655 1676 704 et
1725 649 1965 719 scriptis

306 719 443 774 suis
470 716 769 787 celebrem,
802 718 1064 774 eumdem
1105 725 1432 776 revocarent
1467 720 1526 775 in
1582 716 1864 790 patriam,
1898 735 1964 777 ac

308 790 635 860 principem
665 790 975 860 sacerdotii
1000 790 1190 846 denuo
1215 792 1652 848 constituerent.
1676 793 1965 849 Romanus

309 858 813 933 itaque’pontifex
856 861 1098 933 eligitur
1123 862 1432 933 Anacletus
1481 863 1577 919 die
1627 862 1662 919 6
1704 864 1965 933 Septem-

305 931 439 1007 bris
465 931 710 988 Sabbato
745 951 758 987 :
792 938 847 987 et
875 931 971 1007 die
1002 934 1261 1002 proxima
1285 931 1325 1007 7
1364 933 1714 1007 Septembris
1761 931 1965 991 Domi—

307 1006 447 1059 nica
476 1011 846 1069 consecratur
868 1004 1174 1074 episcopus
1199 1006 1393 1062 eodem
1415 1020 1564 1062 anno
1586 1004 1679 1063 83.
1712 1007 1963 1062 Primum

303 1089 445 1131 vero
475 1076 687 1130 Pascha
721 1076 814 1132 sui
852 1076 1220 1145 pontiﬁcatus
1262 1078 1512 1134 celebrat
1540 1091 1691 1134 anno
1720 1075 1810 1133 84.
1847 1080 1963 1133 Do-

306 1148 557 1202 mitiano
584 1148 629 1201 X
658 1150 715 1202 et
742 1146 956 1202 Sabino
988 1161 1135 1203 coss.
1164 1149 1330 1205 Sedet
1359 1164 1426 1205 ex
1475 1150 1570 1205 die
1599 1150 1899 1205 Dominica
1928 1145 1962 1205 7

302 1218 663 1288 Sptembris
692 1218 830 1273 anni
860 1216 932 1274 83
960 1219 1028 1273 ad
1086 1220 1237 1275 diem
1273 1218 1341 1275 43
1366 1221 1509 1277 Julii
1536 1221 1674 1277 anni
1719 1220 1808 1287 96,
1849 1222 1964 1275 Va-

304 1289 466 1345 lente
480 1296 535 1345 et
553 1292 749 1345 Vetere
766 1289 1126 1358 consulibus,
1148 1293 1504 1348 successoris
1523 1293 1695 1348 initio
1722 1291 1961 1347 tributis

301 1375 381 1417 ex
410 1374 583 1417 causa
632 1361 701 1416 ad
745 1361 980 1416 initium
1030 1361 1195 1418 illius
1223 1368 1487 1420 notarum
1530 1362 1833 1420 afferenda.
1880 1365 1961 1418 Ita

299 1433 462 1505 enim
490 1432 572 1496 ﬁt,
610 1439 675 1505 ut
696 1432 966 1505 ejusdem
998 1434 1372 1505 pontiﬁcatus
1401 1440 1627 1490 constet
1653 1448 1751 1505 per
1774 1447 1959 1489 annos

308 1448 462 1488 erum
490 1448 572 1496 ut,
610 1448 671 1488 ut
710 1448 966 1499 ejusdem
1037 1448 1372 1491 onuucatus
1401 1448 1627 1490 conStet
1653 1448 1751 1505 per
1774 1448 1958 1489 annos

308 1501 384 1558 12
407 1501 720 1559 menses-10
748 1516 814 1558 ac
843 1504 969 1559 dies
1081 1505 1351 1563 Anacleto
1403 1506 1717 1562 attributes
1745 1512 1867 1561 tum
1901 1506 1958 1560 in

301 1575 565 1645 picturis
594 1574 851 1630 basilicae
867 1576 919 1629 S.
944 1576 1128 1643 Pauli,
1156 1582 1274 1631 tum
1295 1578 1355 1632 in
1387 1578 1799 1634 vetustissimis
1815 1583 1963 1632 cata-

303 1647 462 1718 logis
490 1648 680 1720 aetatis
706 1646 922 1720 Liberii
978 1659 1043 1703 ac
1070 1646 1276 1720 Felicis
1308 1650 1523 1720 quarti,
1574 1656 1695 1704 tum
1730 1650 1787 1703 in
1824 1648 1960 1716 plu-

303 1720 479 1791 ribus
503 1718 852 1791 Colbertinis
889 1732 1063 1787 supra
1113 1719 1290 1775 editis
1327 1718 1488 1776 inter
1533 1720 1955 1791 Prolegomena.

2077 516 2423 568 monumenta
2471 512 2736 572 Romana,
2786 518 2843 567 et
2866 513 3042 569 certis
3087 512 3424 573 auctoribus
3447 512 3717 576 ducatum

2078 586 2249 651 atque
2288 581 2622 641 comitatum
2661 584 3087 655 praestantibus,
3124 594 3296 656 atque
3328 588 3723 648 indicantibus

2076 667 2186 707 non
2209 659 2392 731 minus
2434 659 2650 731 vetusta
2703 670 2870 731 quam
2902 661 3145 723 genui-na
3185 658 3523 724 documenta,
3556 679 3722 731 eaque

2070 730 2343 794 proximis
2366 729 2545 789 atate,
2580 727 2711 800 ioco,
2759 729 2939 800 ofﬁcio
2967 730 3326 797 scriptoribus
3357 727 3650 800 insignita,
3673 738 3719 788 et

2077 802 2427 875 communito,
2477 797 2772 875 veritatem
2808 798 3143 875 historicam
3175 807 3232 875 et
3259 797 3721 875 chrono'logicam

2077 873 2494 926 consectentur.
2546 869 2700 924 Satis
2750 869 3120 926 inﬁrmantur
3178 873 3467 930 Pearsonii
3501 869 3568 931 ac
3607 877 3715 932 Do-

2075 938 2256 1015 duelli
2289 940 2537 1015 c0gitata
2568 953 2635 995 ex
2673 942 2998 1015 eo‘rumdem
3032 943 3405 1015 testimoniis,
3451 947 3531 1003 ita
3556 946 3719 1003 clau—

2073 1009 2686 1088 dentibusjndicatani
2715 1013 3181 1088 dissertationem
3211 1009 3452 1085 primam
3478 1032 3601 1088 cap.
3635 1015 3718 1087 44,

2076 1086 2334 1140 numeris
2361 1085 2396 1140 3
2424 1088 2480 1157 et
2515 1079 2565 1157 i.
2616 1084 2905 1157 Pearsonii
2952 1085 3119 1141 verba
3169 1079 3390 1157 integra
3422 1079 3672 1145 reeit'abo
3706 1079 3717 1145 Ξ

2076 1161 2139 1210 ut
2179 1155 2490 1229 prudentia
2518 1154 2751 1229 lectoris
2775 1156 3016 1224 judicet,
3048 1170 3182 1229 num
3210 1172 3275 1213 ea
3295 1154 3426 1229 quae
3448 1161 3518 1216 de
3549 1161 3718 1217 Chro-

2076 1228 2269 1303 notaxi
2297 1225 2593 1303 pontiﬁcia
2618 1239 2721 1303 per
2730 1234 2980 1303 nostram
3000 1228 3223 1303 method
3235 1225 3333 1303 uni
3340 1231 3718 1303 colliguntur,

2072 1296 2328 1353 subverti
2358 1297 2675 1368 possintab
2709 1298 2946 1354 incertis
2986 1299 3350 1356 documentis
3371 1309 3430 1357 et
3458 1296 3724 1360 a'uctorié

2073 1368 2203 1439 bus,
2230 1367 2379 1426 unde
2400 1367 2719 1440 Eutychius
2738 1373 2969 1440 scriptor
2980 1372 3143 1425 nihili
3162 1372 3446 1428 habendus
3463 1375 3720 1430 omnium

2071 1438 2431 1497 eruditorum
2460 1438 2736 1510 suffragio
2766 1438 3117 1511 supponitur
3144 1456 3250 1499 sua
3290 1447 3722 1503 consarcinasse

2071 1512 2420 1589 esalterius
2457 1512 2818 1589 centonibus,
2864 1527 3030 1589 quem
3072 1527 3234 1571 nemo
3268 1515 3509 1587 indicat,
3539 1530 3723 1589 neque

2073 1582 2173 1639 ubi
2229 1590 2330 1639 aut
2360 1584 2590 1653 quando
2636 1582 3008 1652 praecesserit.

2146 1675 2171 1707 ς(
2200 1653 2781 1729 Cumuuteniiinquit
2811 1656 3154 1729 Pearsonius
3186 1671 3319 1729 pag.
3359 1656 3462 1715 440
3502 1660 3711 1717 editio-

2073 1725 2165 1801 nis
2196 1727 2439 1801 Londini
2477 1724 2763 1801 4688)_ego
2800 1726 3098 1801 vuigarem
3121 1724 3507 1801 Romanorum
3538 1731 3721 1801 ponti-

297 1790 431 1872 Qua
473 1796 690 1872 autem.
712 1790 800 1872 de“
824 1802 996 1872 causa
1052 1792 1319 1859 postremi
1350 1791 1635 1872 consules
1676 1790 1957 1863 assignati
1984 1805 2038 1867 Β
2071 1796 2239 1852 ticum
2268 1799 2552 1872 praecipue
2575 1790 2832 1866 priorum
2852 1790 3292 1872 Chronologiam
3325 1801 3487 1858 valde
3512 1790 3721 1872 suspe-

298 1863 431 1917 sint
467 1860 734 1916 Anacleto
762 1863 1101 1933 Domitianus
1133 1875 1252 1917 xvu
1311 1867 1362 1917 et
1398 1864 1658 1925 Sabinus,
1717 1860 1958 1933 respon-

296 1934 674 2004 dentesaerze
711 1932 923 1988 Christi
956 1931 1045 2004 9’),
1095 1940 1151 1988 et
1185 1948 1314 1989 cum
1348 1934 1440 1989 his
1478 1942 1750 1991 consonet
1773 1931 1960 1989 anno—-

298 2019 438 2077 rum
479 2001 542 2077 il
573 2017 867 2077 numerus,
902 2004 961 2059 in
1010 2001 1257 2077 quatuor
1295 2005 1574 2077 catalogis
1620 2020 1688 2061 ex
1732 2006 1960 2062 codici-

298 2076 419 2132 bus
448 2075 622 2130 ltalia:
642 2076 1006 2143 Bergomensi,
1047 2076 1288 2142 Cavensi,
1326 2075 1597 2145 Farfeusi,
1642 2083 1691 2131 et
1732 2078 1962 2131 Lucensi

296 2148 564 2216 ejusdem
606 2147 727 2202 sedi
780 2147 1126 2218 attributus,
1170 2161 1449 2218 exponam
1506 2148 1631 2205 loco
1682 2149 1956 2213 indicato,

296 2220 537 2274 scilicet
566 2218 673 2274 sub
706 2217 944 2275 initium
985 2217 1253 2275 notarum
1280 2218 1695 2276 aﬁ‘erendarum
1728 2222 1786 2277 in
1812 2221 1961 2275 Eva-

299 2290 482 2347 risto.

737 2391 979 2435 EJUSDEM
1018 2393 1171 2435 NOTAE
1208 2393 1531 2437 HISTORICE.

380 2506 552 2562 Linea
571 2500 626 2559 2.
651 2533 725 2544 -
757 2506 1104 2575 Temporibus
1129 2508 1446 2571 Domitiani,
1476 2522 1511 2561 a
1540 2506 1824 2562 consulatu
1852 2514 1963 2565 Do-

297 2579 555 2649 mitiani,
583 2576 808 2649 decimo,
869 2584 978 2633 etc.
1025 2579 1085 2631 In
1129 2578 1283 2633 notis
1320 2578 1748 2649 chronologicis
1792 2580 1957 2649 plura

292 2648 561 2707 delibavi
610 2660 678 2702 ex
712 2647 959 2704 historia
990 2655 1108 2704 tum
1142 2649 1472 2712 Clementis,
1508 2647 1628 2705 tuni
1671 2647 1954 2708 Anacleti.

297 2725 463 2778 inter
490 2718 718 2791 fabulas
760 2718 1005 2776 fortasse
1031 2721 1294 2789 rejicient
1344 2722 1409 2789 ii,
1439 2721 1537 2791 qui
1584 2719 1953 2780 Peaisoniam

291 2807 372 2848 ac
402 2789 772 2864 Doduellium
821 2797 1184 2864 sequuntur:
1231 2789 1572 2864 derogantes
1616 2791 1780 2849 ﬁdem
1832 2801 1952 2851 tum

292 2863 543 2932 Graecis,
577 2869 696 2922 tum
743 2863 965 2919 Latinis
991 2862 1396 2933 scriptoribus
1417 2864 1685 2920 Historiae
1717 2867 1958 2935 pontiﬁ-

293 2935 452 2992 calis
479 2953 491 2989 :
523 2940 579 2991 et
601 2940 919 3008 asserentes
955 2949 1015 2989 se
1041 2935 1280 3004 propius
1323 2935 1487 3008 sequi
1524 2937 1764 3008 vestigia
1796 2940 1955 2994 veri—

296 3009 467 3071 tatis,
502 3021 627 3077 quze
649 3006 957 3066 offendisse
980 3007 1448 3079 autumantapud
1476 3006 1765 3064 auctorem
1801 3024 1954 3079 pror-

293 3095 406 3137 sus
438 3076 797 3151 incognitum
830 3096 843 3132 :
878 3091 948 3133 ex
978 3092 1090 3151 quo
1120 3078 1323 3151 hausta
1346 3076 1528 3135 fuisse
1550 3092 1661 3135 non
1683 3076 1955 3137 dubitant

292 3165 367 3207 ea
428 3164 552 3222 qua:
585 3149 917 3222 ‘Eutychius
958 3149 1209 3222 scriptor
1264 3150 1691 3222 Alexandrinus
1741 3152 1950 3207 decimi

294 3219 503 3278 saeculi
538 3225 664 3280 suis
713 3219 770 3278 in
826 3219 1148 3276 Annalibus
1177 3221 1423 3292 digessit
1463 3221 1535 3278 de
1564 3224 1949 3279 Romanorum

292 3293 636 3365 pontiﬁcum
659 3293 894 3365 epochis
908 3296 963 3347 et
979 3294 1361 3365 successione.
1386 3294 1497 3365 Hac
1512 3299 1701 3349 autem
1732 3296 1954 3351 ratione

294 3362 620 3436 permoveri
687 3362 1047 3436 proﬁtentur,
1107 3362 1259 3433 quod
1312 3363 1543 3436 videant
1592 3365 1952 3436 Eutychiana

292 3435 522 3493 asserta
546 3458 570 3489 α
620 3435 865 3492 maxime
909 3436 1245 3504 conspirare
1274 3435 1400 3491 suis
1430 3449 1560 3492 cum
1591 3436 1953 3494 observatio-

294 3508 500 3578 nibus,
534 3522 602 3564 ex
642 3507 901 3563 historia:
947 3507 1335 3579 monumentis
1385 3520 1588 3578 magno
1633 3507 1846 3579 labore,
1887 3522 1953 3565 ac

294 3577 611 3650 diligentia
652 3578 939 3647 deductis,
986 3579 1114 3633 sine
1163 3577 1329 3646 duce,
1380 3577 1506 3650 sine
1535 3584 1763 3647 comite,
1800 3577 1840 3629 »⁷
1890 3587 1953 3636 ut

298 3647 555 3722 ingenue
584 3649 797 3707 fatetur
828 3650 1171 3705 Pearsonius
1186 3649 1420 3705 dissert.
1452 3647 1503 3718 1,
1536 3650 1954 3722 desuccessione

291 3721 607 3792 primorum
654 3724 836 3777 Romae
882 3723 1253 3791 episc0porum
1291 3723 1352 3774 in
1403 3736 1640 3791 genere;
1691 3721 1825 3792 licet
1892 3723 1949 3778 in

288 3791 527 3864 judicio
582 3792 814 3850 ferendo
842 3792 913 3848 de
963 3791 1287 3848 Annalibus
1310 3792 1583 3864 Eutychii
1626 3791 1867 3849 afﬁrmet
1895 3807 1954 3851 se

295 3879 415 3921 non
442 3864 607 3921 valde
630 3864 942 3921 dissentire
971 3877 1004 3919 a
1043 3864 1326 3919 sententia
1370 3863 1614 3935 Labbtei,
1664 3870 1720 3920 et
1748 3866 1955 3920 erudi—

296 3943 518 3998 torum.
569 3937 793 3992 eosdem
846 3940 1049 4006 putant
1113 3937 1209 3989 via:
1259 3938 1423 3989 unius
1476 3939 1617 3991 assis
1678 3936 1953 3992 habendos

299 4008 402 4064 ubi
456 4009 816 4064 dissentiunt
862 4020 895 4063 a
944 4005 1202 4076 probatis
1240 4007 1582 4064 auctoribus
1622 4008 1839 4065 Graecis
1888 4021 1955 4065 ac

294 4080 546 4136 Latinis.

370 4152 510 4223 Quae
570 4153 649 4209 ita
680 4151 878 4211 affecta
906 4156 1042 4209 sunt
1082 4151 1335 4224 ingenia,
1364 4156 1430 4209 ut
1459 4166 1492 4208 a
1537 4152 1820 4223 scriptore
1848 4152 1957 4208 de—

296 4225 440 4280 cimi
465 4225 685 4296 saeculi,
715 4240 881 4296 quem
908 4230 1222 4295 supponunt
1246 4224 1316 4279 ab
1333 4229 1552 4279 auctore
1575 4227 1821 4294 antiquo,
1850 4224 1959 4278 sibi

294 4297 560 4381 uobisque
579 4295 805 4381 prorsus
819 4299 1114 4381 incognito,
1129 4296 1314 4351 deseri
1324 4296 1617 4381 psisseilla
1627 4310 1760 4381 quae
1769 4295 1958 4381 edide-

297 4313 560 4423 ηροῑεὲιά
579 4313 805 4368 prorsus
819 4313 1114 4379 incognito,
1129 4313 1617 4366 aeserIpSIssema
1633 4313 1760 4381 qua:
1769 4313 1958 4352 801(18-

297 4373 400 4435 rit,
416 4382 447 4423 a
514 4375 699 4425 rment
717 4374 841 4425 tuto
864 4373 1043 4438 repeti
1063 4381 1246 4437 posse,
1267 4382 1332 4424 ac
1343 4367 1547 4424 debere
1559 4374 1810 4424 rationes
1824 4373 1960 4423 tem-

376 4454 527 4509 rum,
567 4446 624 4496 et
669 4447 979 4511 gestorum,
1012 4454 1044 4494 a
1090 4441 1306 4496 Graecis
1345 4453 1410 4495 ac
1439 4441 1659 4495 Latinis
1685 4439 1958 4511 omnibus

347 4512 580 4580 istorim,
618 4510 1106 4583 et’Chronologiae
1134 4511 1543 4583 ecclesiasticae
1569 4510 1956 4583 scriptoribus

294 4582 738 4651 dissentientes,
784 4596 869 4653 ea,
905 4581 1164 4653 inquam,
1212 4582 1621 4655 ingenitaque
1653 4583 1732 4639 ita
1756 4581 1954 4638 affecta

294 4658 460 4716 sunt,
488 4655 650 4710 valde
692 4667 803 4710 non
845 4652 1055 4723 moror,
1101 4655 1153 4710 si
1186 4652 1366 4710 velint
1411 4652 1626 4710 fabulis
1656 4667 1956 4710 accensere

295 4725 567 4781 universa
598 4725 735 4795 haec,
765 4739 891 4796 quae
911 4725 1162 4782 ducibus
1205 4733 1261 4781 et
1304 4725 1617 4781 comitibus
1645 4727 1860 4782 Graecis
1890 4740 1956 4782 ac

294 4796 528 4868 Latinis
557 4797 833 4868 colligere
861 4811 963 4854 nos
993 4798 1330 4868 sategimus.
1368 4798 1676 4853 Pearsonio
1703 4797 1828 4868 ipso
1849 4799 1955 4867 ju-

293 4866 431 4938 dice
459 4868 667 4923 adduci
708 4866 995 4925 ‘deberent
1022 4868 1092 4923 ad
1127 4866 1516 4924 difﬁdendum
1573 4869 1645 4924 de
1683 4866 1950 4938 Eutycnii

294 4937 622 5009 laboribus,
650 4953 717 4995 ac
754 4941 825 4996 de
845 4941 998 4995 suis.
1033 4941 1226 5009 Neque
1254 4940 1407 4996 enim
1439 4940 1583 4995 tanti
1619 4939 1722 4994 hos
1750 4937 1955 4995 habuit

288 5008 667 5077 Cestriensis,
702 5015 766 5066 ut
785 5025 921 5067 suas
944 5008 1384 5068 dissertationes
1413 5016 1709 5068 constante
1731 5012 1847 5066 vita
1890 5011 1952 5066 in

295 5080 600 5150 publicum
637 5083 998 5152 produxerit,
1035 5083 1150 5138 imo
1198 5096 1299 5139 nec
1353 5081 1654 5154 perfecerit
1696 5082 1950 5152 quidem.

290 5154 687 5222 Imperfectum
714 5154 865 5209 enim
901 5168 1047 5224 opus
1074 5154 1325 5210 editores
1355 5154 1609 5210 fatentur
1634 5155 1691 5209 in
1711 5154 1951 5223 epistola

292 5226 747 5294 nuncupatoria:
782 5226 884 5295 qui
917 5231 1102 5281 tamen
1121 5226 1510 5283 subduntsuis
1532 5226 1753 5281 tandem
1773 5241 1955 5280 nume-

290 5298 373 5349 ris
404 5295 713 5351 absolutum
754 5297 826 5352 ab
874 5298 1060 5353 amico
1106 5298 1435 5354 decedentis
1467 5297 1766 5363 Doduello,
1817 5299 1953 5354 dum

292 5366 671 5442 posthumuin
703 5370 991 5424 ederetur.
1031 5369 1508 5442 Habeantigitur
1537 5370 1652 5425 sibi
1699 5370 1952 5442 editores

291 5438 581 5508 integram
615 5439 844 5496 laudem
872 5454 1043 5511 quam
1068 5454 1233 5497 nemo
1264 5438 1388 5496 illis
1410 5441 1662 5497 invideat
1690 5438 1953 5509 (fortasse

290 5522 398 5565 nec
427 5513 548 5582 ipse
586 5511 921 5582 Doduellus)
955 5530 969 5580 ;
1001 5512 1050 5567 si
1075 5512 1204 5568 laus
1227 5519 1314 5568 est
1337 5513 1573 5581 jactare.
1608 5525 1669 5566 se
1691 5511 1954 5567 veritatis

291 5581 542 5653 vestigia
570 5595 822 5651 premere
847 5583 904 5639 in
937 5584 1191 5639 Historia
1211 5592 1267 5639 et
1297 5582 1670 5652 chronologia
1701 5583 1828 5637 sine
1848 5596 1953 5639 co-

295 5652 469 5721 mite,
507 5652 633 5709 sine
684 5653 851 5722 duce,
905 5654 1084 5712 facem
1141 5653 1474 5725 praeferente
1520 5660 1639 5709 tum
1688 5654 1952 5725 Egyptio

294 5724 570 5797 scriptori
601 5726 902 5797 Eutychio,
934 5735 1053 5783 tum
1086 5724 1488 5796 sectatoribus,
1515 5725 1585 5781 ad
1619 5738 1709 5782 res
1738 5724 1954 5781 Roma-

296 5808 386 5851 na:
414 5796 687 5871 Ecclesia:
715 5798 1123 5871 pervadendas,
1146 5798 1449 5871 supposito
1469 5803 1723 5871 auctore,
1761 5797 1952 5871 nulli-

295 5880 413 5937 quc
463 5868 717 5940 cognito,
770 5869 857 5925 vel
920 5869 992 5926 de
1058 5867 1311 5926 nomine.
1351 5868 1621 5927 Arbitror
1685 5867 1950 5928 cordatus

298 5938 566 6011 quosque
596 5938 839 5997 lectores
864 5940 1146 5998 libentius
1175 5945 1477 5999 secuturos
1500 5941 1740 6013 vestigia
1775 5942 1963 6013 Euty-

1982 3184 2030 3247 C

2070 1875 2218 1923 ctam
2264 1869 2547 1935 haberem,
2603 1881 2843 1939 eamque
2890 1870 2960 1925 ad
2993 1869 3289 1927 veritatem
3322 1872 3589 1929 Historia:
3618 1869 3721 1929 ec-

2069 1940 2408 2015 clesiasticae
2436 1939 2851 2015 reformandam
2884 1954 3007 2015 esse
3050 1955 3359 2015 censerem,
3396 1944 3572 2015 idque
3599 1944 3722 2000 ali-

2070 2024 2186 2085 quo
2209 2012 2373 2085 modo
2395 2013 2628 2081 propria
2650 2011 2939 2085 industria
2954 2014 3292 2082 praestitisse
3315 2028 3400 2071 me
3422 2011 3678 2085 putarem
3702 2036 3716 2071 :

2072 2083 2191 2157 vidi
2222 2082 2471 2157 Annales
2521 2083 2790 2154 Eutychii
2841 2083 3021 2157 aliam
3067 2085 3323 2154 priorum
3377 2082 3718 2157 pontiﬁcum

2071 2154 2499 2224 Chronotaxim,
2532 2160 2588 2209 et
2620 2161 2738 2210 tum
2770 2166 2803 2209 a
2839 2156 3080 2225 Latinis,
3111 2161 3232 2212 tum
3263 2171 3295 2213 a
3317 2154 3533 2214 Graecis
3565 2160 3723 2214 insi-

2072 2226 2261 2295 gniter
2288 2226 2706 2299 discrepantem
2735 2226 3073 2299 exhibuisse
3105 2246 3129 2299 :7
3152 2235 3209 2283 et
3240 2230 3391 2299 quod
3421 2231 3566 2285 mihi
3602 2231 3718 2285 mi—

2073 2311 2199 2370 rum
2219 2297 2550 2361 videbatur;
2575 2311 2705 2353 cum
2728 2297 3230 2370 observationibus
3259 2297 3423 2370 meis,
3447 2315 3515 2356 ex
3543 2301 3721 2358 histo-

2073 2369 2174 2443 riae
2229 2370 2636 2443 monumentis,
2674 2382 2891 2443 magno
2924 2368 3124 2443 labore
3147 2377 3203 2425 et
3231 2368 3560 2443 diligentia,
3592 2374 3719 2429 sine

2070 2440 2234 2513 duce,
2263 2440 2627 2513 sinecomite
2663 2440 2948 2513 deductis,
2978 2441 3225 2497 maxime
3270 2440 3717 2513 conspirantem.

2074 2511 2227 2566 Unde
2257 2524 2361 2567 sua
2394 2512 2653 2567 hauserit
2673 2512 2992 2581 Eutychius
3020 2526 3155 2568 sane
3183 2515 3375 2570 nescio
3404 2511 3426 2568 ξ
3448 2514 3521 2570 ab
3559 2517 3716 2571 anti-

2071 2583 2274 2656 quiore
2298 2582 2498 2653 aliquo
2522 2583 2691 2638 nobis
2724 2597 2962 2653 prorsus
2988 2584 3282 2656 incognito
3298 2600 3362 2640 ea
3384 2586 3510 2642 sine
3537 2586 3718 2643 dubio

2071 2652 2295 2728 habuit,
2324 2652 2629 2728 quiannos
2663 2652 2997 2728 pontiﬁcum
3020 2652 3169 2728 cum
3196 2659 3369 2712 annis
3403 2659 3721 2728 imperato-

2072 2739 2192 2780 rum
2217 2725 2284 2779 ad
2316 2727 2544 2799 modum
2574 2726 2846 2799 Chronici
2868 2726 3177 2782 Eusebiani
3205 2725 3592 2799 contexuerat,
3619 2729 3717 2786 sed

2067 2809 2195 2871 cum
2228 2797 2563 2871 maximoab
2587 2798 2713 2871 ipso
2736 2798 3097 2867 discrimine,
3116 2804 3251 2871 tum
3287 2801 3345 2854 in
3378 2801 3553 2857 initio
3582 2797 3721 2871 pon-

2066 2867 2489 2941 tiﬁcatusLini,
2514 2874 2633 2924 tum
2656 2870 2713 2924 in
2734 2871 2904 2928 annis
2953 2869 3235 2939 Anacleti,
3254 2884 3322 2926 ex
3343 2872 3556 2941 quibus
3576 2867 3719 2928 male

2064 2938 2376 3014 dispositis
2407 2941 2621 3014 reliqui
2652 2954 2877 2996 errores
2903 2941 3054 3010 apud
3090 2938 3403 3001 Eusebium
3436 2944 3715 3014 praecipui

2064 3009 2391 3065 dimanasse
2420 3012 2744 3066 videantur.

2139 3100 2165 3131 «
2208 3081 2372 3153 Haud,
2399 3082 2665 3151 equidem
2691 3082 2913 3152 ignoro,
2949 3082 3087 3153 quid
3116 3082 3392 3140 hactenus
3422 3086 3533 3141 viri
3560 3085 3753 3143 docti,

2062 3151 2132 3226 de.
2149 3151 2470 3226 Annalibus
2492 3151 2886 3226 Eutychianus
2904 3151 3213 3226 senserint,
3238 3167 3550 3226 eorumque
3565 3156 3717 3224 judi-

2061 3223 2216 3296 cium
2238 3223 2405 3278 video
2443 3223 2791 3296 eitLabbazo
2810 3229 2961 3296 recte
3010 3225 3226 3296 percipi
3268 3223 3471 3296 posse,‘
3493 3223 3591 3296 qui
3646 3227 3717 3283 ad

2062 3294 2273 3368 calcem
2303 3293 2540 3368 concilii
2569 3294 2910 3368 Antiocheni
2951 3294 3068 3350 haec
3100 3294 3414 3368 liberrime,
3438 3293 3527 3352 'ut‘
3543 3296 3708 3368 solet,

2061 3365 2319 3420 adnotat.
2350 3384 2375 3416 α
2407 3365 2540 3419 Tam
2581 3366 2761 3421 crassi
2805 3379 2974 3434 porro
3003 3369 3231 3436 tamque
3279 3365 3606 3436 frequentes
3646 3365 3706 3425 in

2065 3436 2242 3509 rebus
2267 3436 2581 3509 praesertim
2615 3436 3044 3509 chronologicis
3076 3450 3300 3509 errores
3330 3439 3714 3509 Eutychiano-

2065 3521 2187 3563 rum
2209 3506 2526 3582 Annalium
2553 3507 2659 3582 hoc
2674 3509 2824 3582 apud
2843 3506 3105 3565 eruditos
3128 3508 3368 3582 lectores
3383 3506 3713 3582 effecerunt,

2066 3584 2129 3634 ut
2166 3580 2265 3634 vix
2297 3579 2474 3652 unius
2492 3580 2643 3652 assis
2667 3580 3047 3647 aestimentur,
3081 3594 3211 3636 cum
3236 3581 3308 3636 ab
3334 3582 3587 3652 Socrate,
3614 3579 3708 3638 So;

2064 3663 2321 3732 zomeno,
2345 3651 2610 3732 Evagrio,
2642 3651 2893 3732 aliisque
2931 3651 3186 3732 probatis
3215 3653 3430 3709 Graecis
3457 3651 3717 3732 Latinis-

2063 3735 2174 3792 que
2208 3722 2597 3795 scriptoribus
2648 3723 3026 3779 dissentiunt.
3062 3741 3088 3773 »
3123 3725 3319 3795 Neque
3347 3738 3452 3795 ego
3477 3724 3548 3779 ab
3604 3725 3709 3781 hac

2063 3793 2348 3848 sententia
2376 3793 2620 3849 multum
2665 3795 2969 3850 dissentio.
3004 3795 3076 3850 Ut
3122 3793 3275 3851 enim
3326 3793 3407 3852 in'
3434 3796 3714 3852 vindiciis

2064 3865 2381 3933 lgnatianis
2410 3864 2523 3920 late
2548 3866 2795 3934 ostendi,
2839 3871 2963 3922 erat
2986 3866 3079 3922 hic
3118 3867 3438 3923 Batricides
3506 3868 3715 3924 veteris

2066 3934 2329 4008 historiae
2349 3936 2515 4008 valde
2541 3937 2798 4008 ignarus,
2822 3951 3005 4008 neque
3030 3952 3159 3994 cum
3185 3940 3443 4008 priorum
3464 3940 3675 3995 saeculo
3691 3967 3713 3980 ο

2067 4021 2197 4081 rum
2222 4007 2611 4081 scriptoribus
2626 4009 2758 4081 ipse
2773 4007 2982 4065 decimi
3010 4009 3473 4081 saeculiscriptor
3515 4011 3717 4066 confe-

2065 4079 2298 4151 rendus.
2328 4079 2433 4134 Sed
2462 4092 2571 4135 non
2603 4080 2807 4136 dabito
2840 4081 2980 4151 quin
3009 4088 3301 4137 auctorem
3342 4079 3715 4138 vetustiorem

2064 4149 2317 4224 aliquem
2351 4150 2427 4224 in
2456 4149 2887 4224 chronologicis
2927 4152 3216 4224 habuerit,
3268 4167 3435 4224 quem
3485 4162 3715 4210 secutus

2064 4227 2171 4296 est.
2203 4223 2385 4292 Hujus
2417 4222 2613 4293 itaque
2644 4222 2887 4296 vestigia
2911 4226 3183 4296 eruenda,
3206 4222 3347 4281 etin
3381 4227 3458 4281 iis
3490 4231 3717 4295 tempo-

2067 4294 2232 4349 ribus
2262 4296 2654 4368 tantummodo
2691 4294 2994 4366 preinenda
3024 4310 3149 4352 esse
3186 4297 3386 4353 censui
3421 4316 3436 4367 ;
3469 4294 3711 4368 quorum

2068 4378 2251 4435 neque
2273 4366 2601 4423 Graecorum
2628 4374 2902 4434 veterum,
2946 4381 3128 4438 neque
3170 4366 3503 4425 Latinorum
3544 4369 3713 4438 quis-

2066 4450 2237 4507 quam
2276 4439 2420 4494 satis
2458 4444 2668 4494 certam
2706 4440 2970 4495 notitiam
3010 4438 3282 4495 habuisse
3325 4439 3714 4509 deprehendi—

2068 4514 2185 4563 tur.
2224 4511 2287 4564 In
2334 4523 2574 4574 summa,
2628 4511 2803 4579 hujus
2848 4510 3115 4579 Eutychii
3168 4510 3515 4565 auctoritate
3561 4509 3709 4565 haud

1984 4567 2036 4627 D
2067 4580 2268 4636 leviter
2297 4567 2817 4651 conﬁrmdtusfsed
2846 4567 3349 4636 observationibus
3380 4579 3597 4651 nostris
3643 4593 3709 4635 ex

2067 4651 2311 4707 historia
2333 4652 2508 4707 veteri
2536 4649 2927 4707 ecclesiastica
2966 4652 3165 4720 petitis
3198 4651 3483 4720 praecipue
3508 4649 3709 4720 fretus,

2066 4722 2362 4793 prioribus
2381 4723 2570 4779 Romae
2589 4723 2878 4792 episcopis
2905 4735 3086 4778 annos
3103 4735 3259 4792 suos,
3291 4736 3357 4778 eo
3387 4723 3487 4793 qui
3510 4722 3715 4792 sequi-

2065 4802 2160 4850 tur
2210 4796 2397 4862 modo,
2456 4795 2514 4849 in
2561 4793 2870 4864 posteriori
2916 4793 3329 4850 dissertatione
3376 4794 3713 4850 tribuendos

2063 4878 2185 4921 esse
2220 4865 2436 4921 putavi.
2473 4883 2498 4915 »

2135 4879 2681 5006 ξαείῗὶῐξνξιίἒρθτο,
2729 4935 3044 4993 lectoribus
3091 4935 3418 4993 suadebunt
3463 4935 3714 4992 editores

2065 5008 2358 5078 posthumi
2387 5011 2578 5079 cperis
2614 5008 3001 5065 Pearsoniani.
3034 5021 3133 5079 per
3165 5009 3556 5064 divinationes
3597 5008 3718 5063 hu-

2059 5080 2337 5149 jusmodi,
2365 5092 2433 5135 ex
2459 5078 2614 5136 fonte
2643 5080 2945 5149 supposito
2970 5078 3307 5135 in’Arabum
3335 5080 3533 5147 libros,
3557 5084 3614 5135 et
3640 5081 3709 5135 ad

2062 5151 2407 5220 Eutychium
2437 5152 2744 5219 derivatas,
2769 5151 3026 5208 subverti
3058 5165 3221 5221 posse
3246 5154 3589 5207 documenta
3617 5152 3716 5207 Ec-

2063 5222 2252 5278 clesiae
2264 5224 2547 5291 Romanae,
2573 5223 2645 5278 ab
2657 5225 2894 5280 exordio
2914 5237 3021 5279 suo
3042 5223 3440 5293 consignantis
3454 5236 3563 5278 non
3578 5227 3714 5278 tan-

2064 5295 2263 5367 tumin
2280 5296 2440 5350 Actis
2456 5303 2789 5367 martyrum,
2805 5296 3302 5367 etcommeutariis
3330 5294 3708 5364 notariorum,

2062 5366 2158 5421 sed
2208 5364 2540 5436 frequenter
2568 5364 2743 5421 etiam
2777 5364 2861 5421 'in
2895 5365 3192 5435 lapidibus
3248 5367 3710 5422 cmmeteriorum

2061 5439 2236 5505 diem,
2264 5445 2319 5493 et
2346 5437 2707 5494 consulatum
2736 5438 3122 5507 depositionis
3153 5443 3459 5505 martyrum
3490 5452 3557 5494 ac
3582 5437 3717 5493 ﬁde-

2066 5509 2207 5566 lium
2241 5530 2253 5565 :
2301 5523 2426 5580 quae
2454 5510 2795 5565 documenta
2820 5510 2953 5566 inde
2984 5511 3334 5578 transcripta
3361 5515 3417 5563 et
3444 5510 3619 5566 relata
3650 5511 3709 5564 in

2058 5581 2335 5652 diptycha
2378 5580 2670 5652 cataIOgos
2738 5586 2793 5637 et
2866 5582 2925 5637 in
2981 5582 3162 5637 series
3214 5580 3549 5650 pontiﬁcum
3604 5580 3711 5636 de—

2062 5654 2248 5723 pictas
2289 5666 2321 5708 a
2376 5659 2582 5722 quarto
2636 5653 2855 5709 Christi
2905 5652 3114 5709 saeculo
3178 5653 3249 5707 ad
3298 5652 3712 5723 subsequentia

2062 5731 2296 5781 tuentur
2327 5723 2387 5778 in
2421 5726 2731 5797 praecipuis
2760 5724 3026 5797 basilicis
3051 5723 3459 5797 Chronotaxim
3486 5723 3719 5797 pontiﬁ-

2058 5801 2228 5865 ciam,
2259 5809 2358 5866 per
2389 5809 2492 5853 nos
2517 5795 2625 5854 sub
2649 5797 2828 5853 certis
2854 5796 3123 5862 ducibus,
3153 5796 3445 5866 certisque
3472 5795 3716 5852 comiti-

2057 5866 2168 5953 bus
2198 5868 2665 5953 uniuscujusque
2706 5868 2896 5953 sitatis
2940 5868 3258 5925 collectam.
3283 5867 3712 5953 Ubive‘rogcon—
3812 5906 3821 5912 .

2057 5940 2296 6012 stiterit,
2320 5953 2434 5997 non
2456 5938 2743 5997 hariolari
2774 5940 3180 6015 Hieronymum
3205 5938 3431 6015 quando
3446 5938 3709 5993 Clemen-
