4036 6174
359 305 492 366 1427

1607 299 1961 360 ANASTASII
1999 299 2544 358 BIBLIOTHECARII

363 438 439 492 tis
456 437 630 492 vitam
663 433 930 504 producit
959 431 1266 504 adannum
1292 429 1526 504 tertium
1542 425 2024 504 ‘Trajanitneque
2050 424 2110 483 A
2134 423 2410 504 cratione,
2448 428 2574 504 post
2605 421 2737 504 illos
2767 424 2941 504 tres‘a
2988 421 3154 479 Petro
3183 422 3442 504 apostolo
3490 423 3796 504 initiatos,

369 495 761 578 Epiphaniam
792 503 1254 578 nobisilludere,
1276 499 1510 578 quando
1527 499 1760 578 indicat
1787 495 2026 551 abdica-

365 569 578 636 tionem
614 577 926 633 Clementis
960 576 1018 630 in
1061 569 1324 650 antiquis
1355 569 2020 650 codicibusasereper—

363 658 499 717 tam,
534 663 716 717 neque
742 661 1015 704 canonem
1065 641 1276 713 missa,
1305 648 1408 699 aut
1444 641 1848 717 martyrologia
1877 651 2021 717 con-

369 712 579 793 fingere
607 712 831 794 Cletum
865 725 920 774 et
957 717 1290 794 Anacletum
1347 713 1643 794 pontifices
1682 712 2015 794 distinctos,

363 787 754 862 sed'desipere
799 792 1028 845 Joanem
1068 789 1280 862 Thane,
1337 787 2018 862 edito_rem__pracipuu_m

364 866 556 934 operis
585 853 878 937 posthumi
905 859 1276 937 Pearsoniani
1304 871 1368 912 ac
1386 855 1772 937 Doduelliani,
1794 853 2020 937 quando

369 930 425 991 in
475 930 1156 1004 nun—cupatoriaepistola
1189 930 1315 1004 suis
1340 933 1684 1004 assentatus,
1717 933 1771 980 et
1795 930 2019 1004 jacta_ns

363 1010 641 1062 ueritatem
752 1006 895 1078 Petri
921 998 1181 1078 cathedra-
1193 1002 1315 1070 jam
1340 1001 1456 1078 _diu
1507 999 1791 1078 (ζιςριιὶειιιη
1831 998 2017 1078 confit:

365 1095 488 1147 gere
517 1078 591 1132 ad
619 1077 796 1131 sedem
823 1067 1293 1147 Cantuariencem,
1309 1143 1318 1147 Α
1338 1067 1669 1147 imperfecta
1692 1067 2013 1147 _l’earsonii

364 1139 491 1204 suis
514 1149 772 1205 numeris
792 1147 1054 1202 absoluta
1071 1139 1475 1214 depradicat’a
1494 1139 1788 1208 Doduello,
1813 1144 2012 1194 etcum

367 1222 460 1276 his
491 1221 758 1292 rejiciens
791 1217 1195 1292 interifabulas
1218 1216 1560 1292 documenta
1588 1217 1859 1292 veterum,
1889 1222 2018 1292 9οη·

363 1284 657 1363 signantia
703 1291 1004 1363 distinctis
1033 1286 1373 1363 consulibus
1422 1284 1591 1339 initia
1648 1284 2015 1363 ac_terminos

363 1353 503 1436 Cléti
528 1371 584 1418 et
608 1361 888 1436 Anacleti,
919 1365 1101 1436 totum
1135 1358 1462 1436 vicennium
1491 1353 2016 1436 eorumdemfegi’

367 1434 541 1507 minis
563 1438 816 1507 coarctat
839 1433 991 1507 intra
1014 1429 1335 1494 biennium,
1359 1441 1425 1507 ex
1440 1431 1704 1507 auctore,
1727 1429 1876 1507 ipsis
1901 1436 2017 1492 per-

366 1506 501 1562 inde
530 1519 595 1560 ac
626 1502 851 1559 cateris
880 1503 1074 1572 ignoto
1099 1514 1163 1555 ac
1190 1499 1492 1568 supposito
1543 1496 1814 1572 Eutychii
1839 1509 2016 1572 Apra—

365 1583 650 1648 centoref,
673 1588 845 1630 causa
863 1565 1106 1648 quoque
1135 1565 1338 1648 cadent
1370 1574 1623 1648 recentes
1651 1565 1720 1648 hi_
1759 1565 2018 1648 defenso-

366 1663 456 1704 res
486 1647 745 1720 Arabica
769 1659 835 1700 ac
863 1639 1230 1720 E'utychiana
1253 1639 2020 1720 chronologiatdoctisqui:

368 1720 590 1789 busque
613 1719 758 1772 viris
800 1730 928 1772 cum
966 1709 1201 1770 Labbao
1255 1713 1430 1767 nihili
1461 1709 1766 1790 habenda}:
1799 1709 1899 1779 qui
1943 1709 2016 1790 ad

367 1781 706 1859 dissipanda
757 1795 1010 1859 tempora
1053 1791 1490 1859 memoratorum
1543 1781 1873 1859 pontificum
1941 1781 2020 1834 ita

368 1854 724 1935 animantur,
753 1867 809 1915 et
834 1854 902 1914 ad
931 1857 1241 1935 Clementis
1269 1869 1449 1935 annos
1498 1854 1836 1935 minuendos
1883 1865 2020 1921 pro-

367 1934 597 2001 cedunt,
653 1929 892 2001 ejusque
935 1929 1231 1998 exsilium,
1285 1929 1848 2001 gestatmartyrium
1889 1936 2017 2001 cum

368 1995 598 2060 fabellis
627 1995 1046 2078 exsufflandum
1080 1995 1324 2078 putant;
1361 1996 1816 2078 ut_disciplinam
1849 1999 1906 2077 et
1939 1995 2020 2075 in-

367 2078 571 2132 stituta
593 2075 880 2130 nascentis
903 2073 1168 2127 Ecclesia
1197 2072 1267 2126 de
1288 2070 1472 2124 sacris
1497 2070 1811 2137 prasertim
1836 2070 2015 2136 virgi-

372 2148 544 2219 nibus
559 2145 898 2219 convellant.
935 2146 1048 2219 Suo
1071 2157 1129 2198 se
1147 2141 1343 2219 jaculo
1365 2141 1508 2195 satis
1529 2138 1865 2219 coniiciunt,
1885 2150 2012 2219 cum

371 2218 738 2274 fundamenta
763 2218 840 2270 ita
866 2216 1090 2270 infirma
1116 2213 1411 2283 proferunt
1431 2211 1674 2283 propria
1696 2211 2012 2283 sententia.

371 2290 447 2344 Ad
488 2288 906 2344 oblitterandas
949 2281 1322 2354 enim'notas,
1369 2291 1424 2338 et
1454 2282 1648 2337 obelos
1679 2281 2015 2354 su0ptcin-

371 2361 540 2431 genio
587 2362 663 2414 ita
690 2358 906 2433 infixos
936 2359 1125 2433 annis,
1176 2363 1231 2411 et
1264 2352 1682 2433 censulatibus,
1716 2352 2014 2433 spongiam

375 2427 606 2502 ipsimet
628 2430 964 2485 ministrant
991 2430 1364 2502 inpostrema
1400 2433 1556 2496 parte
1580 2427 2015 2481 dissertationis

376 2500 592 2573 prima,
630 2515 799 2573 quam
843 2500 1099 2573 recitavi.

439 2576 511 2629 At
543 2568 822 2643 inquiunt
857 2573 912 2626 in
959 2568 1615 2643 catalagoBucberiano
1655 2572 1904 2643 quatuor
1949 2579 2017 2620 ex

374 2647 579 2715 primis
608 2639 980 2714 pontificibus
1009 2642 1115 2715 hoc
1146 2639 1350 2715 Ordine
1380 2644 1746 2715 recensentur
1776 2657 1786 2690 :
1821 2639 2012 2715 Linus,

372 2710 630 2783 Clemens,
667 2717 866 2777 Cletus,
907 2713 1227 2766 Anacletus.
1280 2714 1336 2765 ln
1365 2710 1623 2783 catalogo
1681 2710 2015 2783 posteriore,

371 2793 426 2844 et
464 2789 522 2842 in
553 2782 701 2842 libro
723 2783 1068 2854 Pontificali,
1102 2783 1531 2854 Linus,_Cletus,
1563 2782 2023 2854 ClemensLAna-

371 2860 580 2914 eletus..
634 2857 797 2928 Apud
842 2851 1540 2920 PseudoL-Tertullianum,
1591 2852 1782 2913 Linus,
1819 2851 2013 2918 Cletus,

371 2931 689 2994 Anacletus,
726 2929 983 2982 Clemens.

445 3002 682 3069 Quando
725 3001 840 3055 hac
869 2997 1175 3068 objiciunt,
1225 2996 1473 3065 primum
1506 2994 1765 3066 gratulor
1812 2999 2020 3069 nostra

327 3067 790 3143 \Chronologia,
826 3067 975 3141 quod
1011 3069 1128 3123 hac
1153 3069 1493 3143 documenta
1513 3069 1680 3143 longe
1709 3067 2023 3143 vetustiora

373 3137 913 3215 Eutychiauis,inon
936 3155 1102 3196 secus
1127 3153 1192 3194 ac
1221 3139 1460 3208 pictura
1498 3140 1550 3215 S.
1589 3137 1772 3215 Pa_uli,
1803 3137 2020 3215 Cle‘tum

373 3215 443 3270 ab
470 3211 739 3270 Anacleto
762 3211 1104 3269 distinctum
1139 3214 1564 3281 recognoscant,
1592 3224 1622 3264 a
1648 3211 2024 3264 Pearsoniana

373 3293 430 3342 et
458 3286 837 3343 Doduelliana
877 3282 1148 3339 confusos
1188 3283 1248 3336 in
1299 3295 1413 3336 uno
1463 3281 1752 3336 Anaeleto.
1806 3281 2023 3335 Deinde

373 3358 554 3425 lator,
590 3359 738 3428 quod
769 3356 1039 3428 ordinent
1068 3353 1456 3428 diversimodp
1485 3353 1630 3407 banc
1662 3353 1901 3428 primam
1935 3359 2026 3428 te-

376 3424 588 3485 tradem
609 3424 951 3498 pontificum
972 3427 1374 3498 Romanorum.
1399 3425 1580 3498 Causa
1601 3424 1751 3498 enim
1779 3424 2025 3498 diversi-

375 3501 513 3556 tatis
535 3501 583 3555 si
620 3494 974 3570 requiratur,
1010 3497 1109 3552 illa
1137 3494 1528 3570 manifestabit
1548 3496 1698 3570 _satis
1723 3495 2023 3570 perspicue

372 3573 586 3642 duplex
607 3565 1003 3627 testimonium
1029 3567 1423 3642 antiquitatis,
1449 3565 1862 3642 unde‘catalogi
1887 3578 2020 3620 con-

377 3636 720 3708 firmantur;
769 3655 947 3698 unum
979 3636 1204 3695 scilicet
1256 3652 1546 3694 sacrorum
1588 3636 2011 3706 diptychorum,

374 3729 476 3770 seu
529 3715 768 3770 canonis
810 3716 1018 3776 missa,
1068 3712 1122 3765 in
1160 3723 1272 3780 quo
1309 3711 1540 3765 nomina
1595 3708 2026 3778 apponebantur

370 3787 538 3856 juxta
569 3789 857 3856 epochamr
889 3781 1152 3851 martyrii
1201 3787 1376 3856 morte
1423 3780 1804 3856 consummati
1831 3781 2026 3856 ;__alte-

377 3851 502 3912 rum
531 3851 662 3912 vero
693 3855 864 3910 seriei
898 3860 954 3908 et
988 3852 1374 3907 successionis
1430 3851 1786 3920 pontificum,
1819 3852 2026 3920 dispo-

375 3930 503 3982 sita
532 3928 588 3981 in
608 3924 919 3980 annalibus
950 3922 1275 3989 libris,sive
1301 3922 1358 3975 in
1381 3922 1647 3977 Elenchis
1673 3923 2027 3991 pontificali-

377 3998 667 4066 busjuxta
689 3997 949 4051 ordinem
976 3993 1278 4049 electionis
1317 3999 1372 4048 et
1411 3993 2025 4066 initiationis.Cataloe

378 4065 910 4140 gus’Bucherianus
947 4067 1086 4120 hanc
1139 4067 1508 4140 posteriorem
1549 4065 1892 4140 manifestat,
1937 4065 2024 4140 uti

380 4136 745 4210 perspicuum
777 4139 838 4193 fit
870 4152 938 4193 ex
967 4136 1307 4210 consulibus
1339 4151 1440 4210 per
1466 4138 1767 4210 universos
1804 4136 2027 4210 catalo-

381 4207 480 4284 gos
508 4207 810 4266 attributis
842 4228 854 4263 :
887 4210 1036 4265 unde
1067 4209 1366 4284 colligitur
1395 4208 1633 4264 electum
1670 4208 1850 4263 fuisse
1901 4207 2025 4262 Cle-

382 4281 622 4339 mentem
658 4288 782 4351 post
820 4288 1056 4338 mortem
1087 4281 1233 4335 Lini.
1266 4283 1455 4335 Canon
1485 4284 1673 4335 missa
1715 4286 1773 4334 et
1831 4286 2027 4348 poste—

382 4356 500 4411 rior
528 4354 822 4424 catalogus
863 4353 987 4423 (qui
1028 4353 1257 4424 videtur
1301 4353 1621 4424 respexisse
1666 4351 1734 4405 ad
1764 4352 2021 4424 eumdem

378 4439 670 4492 canonem,
704 4422 761 4480 e't
787 4425 855 4480 ad
904 4422 1196 4479 indiculos
1243 4436 1341 4478 seu
1376 4422 1644 4491 diptycha
1693 4423 2025 4492 martyrum)

380 4499 520 4554 Lino
543 4502 598 4552 et
635 4496 790 4553 Cleto
824 4509 924 4566 pro
962 4496 1193 4550 Christo
1233 4494 1443 4566 occisis
1491 4501 1622 4548 ante
1659 4493 2020 4564 Clementem,

2137 497 2368 551 unicum
2398 509 2428 550 e
2453 494 2706 566 singulis
2762 494 2990 550 duobus
3018 495 3504 565 consequentibus
3547 495 3804 551 saeculis

2134 569 2472 622 nominatim
2495 579 2803 622 recensere.
2841 569 2920 621 Ita
2954 568 3170 636 Xystus
3198 580 3228 621 e
3254 568 3522 636 secundo,
3557 569 3803 622 Corne—

2132 638 2248 693 lius
2265 653 2294 693 e
2321 639 2491 693 tertio
2513 639 2726 693 Christi
2750 637 2960 693 saculo
2983 638 3311 708 seliguntur
3325 647 3455 693 ante
3481 650 3804 695 consecra-

2131 710 2364 765 tionem.
2402 711 2528 764 Post
2557 715 3041 765 consecrationem
3097 723 3226 765 vero
3256 710 3578 765 Alexander
3607 725 3637 766 e
3697 723 3806 764 se-

2129 781 2338 848 cundo,
2358 780 2771 836 Marcellinuse
2787 782 2960 836 tertio
2979 782 3338 850 exprimendi
3363 789 3802 838 assumuntur:

2132 866 2312 922 neque
2332 852 2485 907 alius
2501 853 2834 922 apponitur,
2859 865 3042 922 neque
3065 852 3163 907 ille
3181 853 3580 922 Telesphorus,
3607 866 3806 923 quem

2130 931 2314 995 tamen
2347 924 2660 979 Doduellus
2685 924 2764 979 ita
2797 937 2908 980 non
2941 923 3172 979 dubitat
3215 933 3512 995 martyrem
3550 925 3764 980 fuisse
3791 943 3804 992 ;

2129 1004 2191 1050 ut
2219 993 2456 1050 afﬁrmet
2481 996 2623 1049 hunc
2651 997 2828 1066 ipsum
2856 1011 2989 1058 esse,
3016 1011 3172 1064 quem
3201 993 3437 1066 primum
3478 999 3623 1050 inter
3654 998 3798 1065 epi-

2127 1081 2311 1136 scapos
2378 1069 2643 1121 Romanos
2732 1068 2920 1135 legerit
2980 1067 3132 1136 apud
3218 1075 3420 1121 veteres
3486 1070 3808 1136 scriptores

2126 1140 2418 1206 gloriosum
2448 1140 2774 1205 martyrium
2820 1139 3071 1193 subiisse.
3125 1140 3229 1193 Par
3265 1145 3352 1193 est
3379 1141 3627 1202 credere,
3673 1153 3805 1194 n0-

2127 1216 2278 1265 stros
2307 1209 2601 1264 antistites
2652 1209 2868 1265 imitari
2902 1209 3156 1265 voluisse
3185 1210 3437 1280 exempla
3475 1225 3801 1265 sacrorum

2126 1282 2410 1349 codicum,
2459 1282 2768 1350 prasertim
2817 1280 2954 1336 libri
2988 1281 3374 1336 Ecclesiastici
3407 1299 3418 1334 :
3453 1283 3624 1350 cujus
3675 1294 3813 1336 au-

2127 1354 2270 1408 ctori
2303 1367 2430 1407 cum
2468 1354 2821 1422 propositum
2855 1353 3061 1409 fuisset
3091 1366 3214 1422 cap.
3245 1351 3312 1407 44
3343 1353 3575 1409 laudare
3623 1353 3811 1407 viros

2129 1424 2412 1496 gloriosos
2436 1430 2698 1496 parentes
2715 1438 2871 1489 suos,
2899 1424 3036 1479 licet
3057 1430 3248 1494 posset
3264 1424 3634 1495 quamplures
3658 1438 3809 1480 san-

2128 1495 2328 1551 ctitate
2352 1501 2408 1549 et
2437 1496 2616 1565 gestis
2641 1495 2900 1567 illustres
2928 1509 3281 1562 enumerare,
3307 1497 3507 1567 selegit
3525 1510 3559 1550 e
3582 1497 3680 1550 sin
3693 1512 3810 1567 gu-

2131 1567 2204 1622 lis
2243 1567 2550 1634 classibus,
2584 1566 2668 1622 vel
2705 1580 2932 1637 paucos,
2962 1567 3046 1622 vel
3081 1568 3366 1638 singulos,
3396 1566 3597 1637 nempe
3623 1581 3656 1622 e
3699 1566 3810 1636 pa-

2133 1638 2401 1693 triarchis
2429 1639 2882 1693 antediluvianis
2922 1639 3168 1703 lienoch,
3202 1653 3270 1693 ex
3320 1638 3809 1694 Abrahamitldis

2131 1712 2305 1777 Isaac,
2333 1723 2362 1764 e
2384 1709 2685 1776 judicibus
2716 1711 2901 1776 Josue,
2933 1717 3105 1779 atque
3133 1711 3209 1764 ita
3240 1724 3271 1764 e
3296 1709 3584 1765 classibus
3606 1717 3806 1765 cate-

2049 1792 2099 1852 B
2133 1782 2214 1836 ris
2247 1782 2678 1851 prophetarum,
2733 1781 3086 1849 pontificum,
3137 1794 3352 1852 regum.
3407 1784 3519 1836 Hoc
3584 1783 3805 1851 itaque

2130 1853 2448 1921 exemplum
2479 1852 2689 1906 imitati
2722 1853 2904 1906 nostri
2948 1853 3197 1907 Canonis
3237 1854 3566 1908 conditores
3600 1872 3615 1921 ς
3644 1854 3804 1907 deli-

2130 1923 2280 1978 batis
2313 1937 2408 1992 per
2436 1924 2667 1994 singula
2699 1923 2905 1978 sacula
2942 1927 3139 1992 paucis
3169 1925 3520 1984 nominibus,
3573 1926 3804 1980 malue-

2132 2002 2268 2050 runt
2321 1995 2621 2064 complecti
2673 1995 2928 2064 reliquos
2984 2002 3278 2065 martyres,
3337 2002 3394 2050 et
3445 2003 3796 2052 sanctorum

2131 2067 2563 2121 universitatem
2621 2067 2846 2136 generis
2897 2065 3193 2136 vocabulo,
3250 2070 3494 2120 omnium
3547 2067 3797 2122 scilicet

2127 2144 2436 2192 sanctorum
2458 2137 2840 2206 appellatione
2881 2139 3173 2193 communi
3217 2157 3229 2192 :
3275 2140 3416 2193 satis
3445 2139 3793 2194 consultum

2129 2208 2247 2265 fore
2292 2209 2557 2264 arbitrati
2596 2209 2949 2264 successioni
2992 2209 3326 2279 pontificum
3366 2216 3422 2264 et
3459 2217 3788 2280 martyrum

2128 2281 2186 2334 in
2213 2280 2464 2335 Ecclesia
2493 2281 2939 2350 perstringenda
2975 2295 3071 2349 per
3108 2281 3207 2335 illa
3239 2281 3424 2350 priora
3469 2295 3499 2335 a
3544 2283 3788 2336 Christo

2125 2353 2333 2424 sacula
2359 2351 2573 2421 quibus
2592 2364 2773 2424 canon
2800 2350 3186 2424 adornabatur
3216 2369 3232 2424 ;
3264 2353 3313 2408 si
3342 2352 3411 2407 ab
3431 2366 3793 2424 unoquoque

2127 2423 2336 2479 saculo
2357 2429 2482 2492 post
2503 2423 2882 2492 apostolicum
2906 2423 3118 2494 singuli
3146 2423 3483 2479 nominatim
3503 2423 3786 2479 efferendi

2125 2509 2194 2550 ex
2229 2495 2518 2564 pradictis
2542 2495 2831 2549 classibus
2863 2494 3209 2564 legerentur.
3245 2496 3420 2550 Litem
3451 2496 3651 2565 itaque
3689 2510 3790 2550 no-

2129 2567 2219 2622 bis
2249 2568 2528 2621 intentare
2555 2565 2824 2620 desinant
2871 2579 3043 2635 super
3071 2567 3300 2622 diverso
3331 2581 3569 2622 numero
3596 2574 3654 2621 et
3681 2581 3790 2622 or-

2127 2639 2263 2693 dine
2289 2641 2609 2704 nominum,
2635 2639 2736 2707 qui
2770 2638 2826 2691 in
2849 2638 3129 2708 catalogis
3152 2644 3208 2692 et
3231 2640 3286 2692 in
3319 2651 3539 2693 canone
3566 2639 3789 2706 depre-

2132 2709 2426 2777 henditur,
2455 2722 2584 2763 cum
2609 2708 2777 2763 ambo
2807 2708 2906 2762 illa
2952 2709 3031 2763 ita
3078 2711 3456 2778 respondeant
3505 2711 3788 2765 instituto

2129 2782 2355 2837 diverso
2393 2781 2697 2852 utriusque
2745 2779 2904 2849 libri,
2928 2851 2935 2852 ί
2959 2786 3130 2849 prout
3157 2794 3187 2835 e
3221 2783 3398 2852 gestis
3439 2781 3789 2850 pontiﬁcali-

2133 2853 2240 2907 bus
2281 2851 2617 2922 petebantur
2646 2851 2875 2920 epocha
2890 2851 3192 2907 electionis
3222 2851 3278 2907 et
3302 2853 3783 2922 consecrationis,

2131 2931 2284 2979 aute
2321 2923 2610 2994 diptychis
2643 2929 2955 2992 martyrum
2989 2924 3148 2990 ordo,
3204 2931 3260 2978 et
3303 2939 3413 2979 ara
3461 2926 3666 2978 mortis
3721 2938 3788 2978 ac

2130 2995 2561 3064 depositionis:
2611 2994 2946 3050 observante
2994 2995 3166 3049 etiam
3215 2997 3372 3051 card.
3433 2995 3788 3050 Bellarmino

2135 3066 2237 3121 lib.
2271 3079 2310 3121 ιι
2343 3067 2412 3121 de
2443 3067 2636 3134 Missa,
2679 3078 2801 3134 cap.
2841 3064 2930 3134 26,
2982 3071 3252 3136 martyres
3310 3069 3366 3121 in
3411 3080 3633 3122 canone
3688 3081 3788 3121 re-

2133 3139 2352 3193 censeri
2394 3139 2560 3206 juxta
2612 3137 2869 3192 ordinem
2934 3138 3242 3206 passionis,
3275 3151 3385 3193 non
3417 3139 3784 3209 dignitatis;

2133 3223 2261 3335 ctum
2293 3210 2616 3279 Stephanus
2641 3209 2924 3264 diaconus
2955 3215 3321 3278 praeponatur
3342 3212 3606 3279 apostolo
3633 3212 3785 3264 Mat-

2203 3295 2290 3335 ia.

2133 3281 2290 3336 thia.

2202 3352 2400 3406 Obiter
2446 3350 2539 3406 hic
2591 3350 2894 3419 adnotabo,
2947 3357 3012 3406 ut
3058 3365 3370 3408 removeam
3424 3351 3671 3422 objecta,
3725 3355 3781 3407 in

2131 3436 2299 3492 opere
2332 3422 2634 3492 posthumo
2670 3423 2958 3478 Pearsonii
3000 3430 3257 3492 promota
3299 3430 3498 3480 contra
3537 3425 3785 3494 epocbas

2131 3503 2188 3550 et
2219 3494 2722 3565 gestaClementis,
2773 3495 3138 3565 aliorumque
3195 3496 3527 3564 pontificum
3583 3497 3785 3565 proxi—

2135 3579 2378 3636 morum,
2441 3566 2669 3635 quando
2725 3565 2825 3620 illa
2890 3566 3038 3636 apud
3085 3569 3413 3636 scriptores,
3465 3570 3683 3623 Irenao
3731 3572 3785 3622 et

2133 3637 2416 3708 Cypriano
2441 3637 2710 3708 aquales,
2731 3637 2816 3692 vel
2840 3637 3176 3694 Eusebiana
3198 3640 3396 3694 saltem
3425 3640 3641 3706 atatis,
3674 3652 3778 3693 non

2137 3709 2530 3781 reperiuntur.
2559 3709 2925 3764 menimerint
2950 3710 3117 3781 velim
3147 3709 3391 3766 subtiles
3416 3711 3515 3765 isti
3551 3711 3780 3781 indaga-

2136 3786 2290 3836 tores
2332 3780 2588 3834 historia
2634 3785 2692 3835 et
2733 3780 3140 3852 chronologia,
3193 3782 3251 3836 in
3308 3795 3485 3837 censu
3530 3780 3777 3837 veterum

2135 3853 2608 3923 documentorum
2667 3853 2930 3907 Historia
2991 3853 3416 3919 ecclesiastica,
3466 3854 3776 3923 prasertim

2137 3925 2401 3978 Romana
2431 3922 2724 3992 complura
2753 3923 2950 3978 haberi
2993 3930 3271 3993 oportere,
3317 3939 3442 3994 qua
3471 3922 3578 3980 nec
3610 3927 3780 3979 Euse-

2137 3994 2270 4049 bius
2295 3994 2458 4059 vidit,
2485 4007 2666 4064 neque
2686 3996 2930 4066 lgnatio,
2973 3997 3202 4062 lrenao,
3227 3997 3504 4052 Clementi
3534 3996 3782 4051 Alexan—

2135 4067 2327 4135 drino,
2359 4065 2735 4135 Tertulliano,
2779 4067 2983 4121 aliisve
3012 4069 3400 4136 scriptoribus
3451 4069 3780 4123 eorumdem

2135 4138 2341 4205 atatis,
2371 4145 2471 4209 aut
2499 4137 2832 4191 Eusebiana
2867 4138 3147 4209 attingere
3181 4153 3407 4194 necesse
3440 4139 3554 4195 fuit
3581 4158 3596 4208 ;
3657 4153 3781 4193 cum

2137 4223 2248 4264 non
2281 4208 2597 4264 scriberent
2618 4209 2917 4264 historiam
2951 4208 3214 4265 Romana
3242 4211 3398 4267 sedis
3427 4213 3778 4278 antistitum,

2135 4282 2230 4336 sed
2254 4281 2434 4334 libros
2461 4279 2780 4352 didacticos
2805 4287 2864 4336 et
2885 4282 3292 4352 apologeticos.
3315 4285 3669 4338 Documenta
3705 4282 3782 4336 hi-

2134 4353 2346 4408 storica
2374 4351 2639 4406 Ecclesia
2671 4353 2935 4425 Romana
2964 4351 3275 4425 martyrum
3331 4356 3618 4425 sanguine
3645 4367 3785 4409 con-

2134 4425 2361 4494 signata
2392 4429 2723 4492 spectantur
2749 4424 2937 4479 adhuc
2981 4424 3039 4478 in
3067 4426 3284 4481 tabulis
3316 4424 3661 4482 marmoreis
3686 4439 3783 4480 oe-

2134 4494 2505 4551 cludentibus
2535 4495 2862 4551 eorumdem
2893 4495 3116 4552 loculos
3146 4504 3201 4552 et
3241 4511 3350 4553 non
3380 4498 3556 4552 semel
3588 4497 3780 4553 decla—

378 4570 568 4646 serius
596 4565 868 4646 martyrio
885 4572 1243 4646 coronatum,
1273 4565 1640 4646 huncipsum
1678 4566 2020 4646 postposuit.
2051 4585 2105 4646 D
2137 4565 2400 4622 rantibus
2428 4580 2526 4636 per
2545 4567 2812 4646 consules
2835 4580 3082 4646 annum,
3102 4577 3158 4624 et
3186 4582 3282 4646 per
3307 4569 3590 4646 _reliquas
3623 4576 3780 4646 notas

380 4642 596 4697 Pseudo
613 4637 1006 4696 Tertullianus
1019 4639 1190 4692 etiam
1213 4637 1566 4703 Anacletum,
1582 4637 1854 4692 Clementi
1874 4651 2016 4706 pra-

381 4713 560 4782 misit,
593 4712 806 4779 eadem,
838 4717 902 4765 ut
933 4722 1186 4782 reor,_ex
1209 4722 1417 4764 causa:
1455 4707 1593 4764 licet
1619 4709 1916 4782 catalogus
1943 4722 2023 4782 se-

377 4779 606 4841 cundus
630 4788 933 4852 postponat
966 4785 1024 4836 et
1051 4779 1309 4852 plerique
1337 4793 1533 4835 omnes
1561 4793 1672 4835 non
1709 4781 1852 4836 satis
1882 4780 2021 4836 certi

377 4857 445 4912 de
472 4855 723 4910 triennio
755 4854 903 4908 inter
930 4853 1232 4921 utriusque
1256 4852 1590 4922 martyrium
1618 4853 2019 4921 computando.

376 4928 566 4983 Canon
595 4939 725 4982 vero
755 4925 943 4979 missa
975 4937 1085 4979 non
1131 4930 1405 4979 memorat
1461 4923 1817 4994 Anacletum,
1868 4925 1962 4979 sed
1993 4936 2023 4978 a

377 4999 664 5055 Clemente
709 5010 883 5052 unum
928 4996 1342 5051 tantummodo.
1385 4999 1441 5049 et
1469 4995 1710 5050 alterum
1747 5009 1846 5064 per
1893 4997 2024 5049 sin-

379 5071 512 5142 gula
542 5068 751 5124 sacula
781 5072 1057 5142 enuntiat
1077 5081 1144 5121 ex
1173 5067 1626 5142 successoribus,
1655 5081 1720 5121 eo
1751 5067 2018 5132 consilio,

378 5138 527 5213 quod
559 5139 986 5213 mox_aperiam.
1025 5138 1274 5193 Summis
1309 5138 1680 5213 pontificibus
1729 5142 2024 5213 constitu-

379 5210 499 5268 t'um
531 5226 642 5268 non
675 5210 806 5277 fuit,
851 5210 988 5265 dum
1041 5222 1313 5264 canonem
1345 5210 1700 5280 ordinarent,
1755 5212 2020 5266 universa

378 5285 610 5339 nomina
631 5284 994 5339 decessorum
1030 5294 1378 5350 percensere,
1415 5282 1514 5350 qui
1552 5283 1887 5351 martyrium
1934 5281 2024 5337 fe-

377 5356 610 5425 cissent,
647 5361 708 5410 ut
731 5356 904 5424 justa
948 5353 1215 5425 brevitati
1259 5353 1657 5425 consulerent:
1695 5367 1863 5423 quam
1897 5367 2023 5409 con-

377 5427 742 5482 suetudinem
774 5432 968 5482 nostra
989 5424 1161 5479 etiam
1193 5431 1356 5480 atate
1390 5424 1744 5480 retinendam
1791 5431 2023 5481 censent

380 5503 500 5551 tum
524 5499 580 5551 in
613 5511 828 5554 canone
851 5498 1040 5551 missa
1062 5501 1178 5550 tum
1208 5497 1264 5550 in
1295 5496 1541 5566 publicis
1567 5496 1852 5566 precibus,
1881 5485 2035 5566 quas:

380 5549 1029 5638 ittahas‘assaisa‘a‘s,
1047 5549 1160 5621 ubi
1184 5549 1318 5621 nar
1332 5549 1855 5624 annasasaraa
1883 5549 2035 5632 sali

378 5643 624 5710 ctorum,
648 5641 742 5694 sed
772 5641 830 5694 in
847 5638 1102 5710 singulis
1123 5638 1411 5710 classibus
1435 5652 1612 5707 pauca
1629 5641 2024 5696 tantummodo

381 5709 716 5793 recitantur.
738 5708 1001 5793 Contenti
1039 5711 1222 5793 igitur
1250 5708 1612 5793 ⁸ῑιιθιιιιιιιαὶιι
1659 5711 2020 5793 οδ-ιιοιιίξο-ιςτ

378 5780 681 5855 din_atione
701 5787 816 5855 tam
848 5782 914 5855 in_
940 5780 1207 5855 precibus
1240 5783 1394 5855 infra
1430 5783 1690 5855 actionem
1705 5783 2020 5855 dictis(alii

380 5849 606 5908 malunt
632 5851 784 5902 intra
807 5851 1087 5924 actionem)
1119 5866 1289 5923 quam
1322 5853 1382 5909 in
1420 5852 1702 5925 proximis
1747 5867 1780 5909 a
1809 5849 2019 5913 conse-

2139 4651 2403 4707 mensem,
2428 4651 2494 4692 ac
2540 4638 2691 4693 diem
2739 4639 3121 4708 depositionis
3168 4638 3553 4709 plurimorum
3612 4642 3779 4696 etiam

2135 4710 2390 4765 fidelium
2440 4723 2568 4765 cum
2599 4709 2949 4780 martyribus
2977 4712 3420 4780 quiescentium,
3467 4714 3529 4766 in
3594 4713 3778 4767 titulis

2135 4781 2396 4850 urbanis,
2448 4790 2504 4836 et
2551 4780 2904 4837 suburbanis
2953 4784 3213 4852 cryptis:
3265 4783 3364 4839 ubi
3401 4797 3515 4838 non
3564 4791 3777 4839 tantum

2135 4852 2527 4909 recitabantur
2550 4857 2695 4925 acta,
2730 4859 2783 4908 et
2817 4854 3112 4922 passiones
3140 4857 3451 4925 Martyrum
3482 4862 3779 4924 exceptas

2133 4932 2346 4994 septem
2363 4924 2607 4980 notariis
2627 4938 2724 4994 per
2753 4925 3090 4980 Clementem
3129 4924 3440 4994 institutis,
3475 4927 3576 4982 sed
3612 4928 3777 4982 etiam

2135 4997 2446 5066 quotannis
2476 5011 2603 5051 cum
2637 4997 2921 5051 sacriﬁcio
2965 5003 3020 5052 et
3051 4997 3334 5066 precibus,
3367 5012 3399 5052 a
3444 5007 3601 5054 coetu
3644 4998 3781 5053 fide-

2135 5068 2278 5123 lium
2333 5067 2844 5138 frequentabantur
2916 5069 2972 5122 in
3047 5071 3374 5125 memoriam
3451 5073 3778 5126 earumdem

2136 5145 2472 5213 martyrum,
2505 5141 2696 5213 eadem
2729 5139 2821 5194 die
2850 5148 3277 5211 coronatorum,
3307 5142 3628 5213 eodemque
3660 5142 3778 5197 loco

2132 5211 2545 5279 depositorum.
2583 5211 2888 5265 Oblti-tiones
2907 5227 3012 5280 pro
3053 5213 3345 5280 defunctis,
3375 5230 3482 5282 pro
3508 5211 3779 5268 nuta—litus

2132 5297 2322 5335 annua
2345 5282 2432 5335 die
2451 5283 2688 5348 facimus
2714 5302 2730 5336 .·
2761 5284 2998 5351 scripsit
3024 5284 3418 5339 Tertullianus
3447 5286 3504 5338 in
3539 5285 3692 5340 libro
3715 5285 3780 5338 de

2130 5355 2358 5426 Corona;
2396 5353 2600 5426 militis
2627 5361 2722 5426 :et
2777 5355 2995 5410 clarius
3037 5356 3205 5410 etiam
3235 5357 3562 5426 Cyprianus
3593 5357 3693 5410 lib.
3721 5368 3778 5409 ιιι

2133 5427 2304 5497 θρὶξιἐ
2329 5424 2383 5493 6,
2416 5425 2484 5479 ad
2519 5425 2877 5495 presbyteros
2907 5433 2963 5482 et
2982 5428 3259 5483 diaconos
3285 5424 3422 5484 suos
3452 5427 3609 5496 data,
3660 5440 3779 5497 qua

2132 5505 2218 5552 est
2236 5494 2305 5552 37
2333 5497 2612 5552 editionis
2639 5494 2894 5552 Pamelii.
2930 5517 2955 5549 «
3003 5499 3132 5553 Dies
3161 5513 3357 5554 eorum
3390 5503 3517 5569 (pro
3546 5494 3775 5553 Christo

2133 5578 2537 5624 coronatorum
2566 5569 2860 5640 martyrio)
2890 5570 3108 5639 quibus
3149 5570 3436 5626 excedunt
3487 5571 3774 5635 adnotate,

2138 5647 2199 5695 ut
2225 5642 2793 5697 commemorationes
2817 5655 3014 5696 eorum
3053 5644 3202 5697 inter
3231 5643 3537 5698 memorias
3573 5651 3777 5709 marty-

2133 5727 2259 5784 rum
2289 5712 2576 5768 cetebrare
2606 5714 2928 5782 possimus:
2958 5727 3284 5784 quanquam
3310 5713 3607 5769 Tertullus
3634 5713 3776 5768 fide-

2133 5783 2514 5856 lissimusget
2537 5784 2950 5842 devotissimus
2979 5783 3156 5840 frater
3184 5793 3378 5856 noster
3426 5799 3528 5856 pro
3573 5791 3770 5856 catera

2131 5854 2554 5927 sollicitudine,
2581 5863 2636 5913 et
2671 5870 2810 5914 cura
2848 5870 2974 5930 sua,
3007 5869 3177 5928 quam
3211 5854 3495 5915 fratribus
3524 5857 3584 5914 in
3616 5854 3768 5912 omni

3638 298 3797 356 4428
3871 309 3877 318 “
