4036 6174
135 289 298 347 4429

976 289 1296 348 HISTORIA
1331 246 1422 346 DE
1462 291 1634 346 VITIS
1670 289 1838 346 ROM.
1880 289 2076 346 PONT.
2113 317 2178 331 -
2216 290 2272 343 S.
2315 289 2728 346 ANACLETUS.

3414 292 3556 352 4430

134 412 432 484 obsequio
459 413 1266 504 operationisimpenditmui
1291 416 1501 504 neclilli
1524 416 1675 497 circa
1703 412 1873 497 cu-A
1902 412 2131 504 reguLas
2195 425 2368 481 supra
2445 414 2793 469 constitutas
2856 417 2914 469 in
2988 417 3267 486 opusculo
3339 417 3398 473 44
3457 428 3564 504 θεέ

134 501 268 541 ram
294 499 602 553 corporum
629 486 807 555 deest)
828 487 1150 555 scripserit,
1179 494 1234 541 et
1261 488 1493 554 scribat,
1523 501 1587 542 ac
1618 486 1798 555 signi-

133 557 277 611 ﬂeet
332 556 475 610 mihi
535 556 681 621 dies,
737 556 951 625 quibus
997 558 1056 613 in
1109 572 1334 613 carcere
1394 558 1545 613 beati
1594 556 1797 611 fratres

132 627 333 683 nostri
389 628 458 681 ad
516 627 1003 682 immortalitatem
1056 628 1319 697 gloriosa)
1384 630 1586 684 mortis
1634 630 1795 683 exitu

133 705 472 759 transeunt,
506 705 563 752 et
594 698 955 753 celebrentur
995 700 1088 755 hic
1112 713 1145 754 a
1177 700 1345 756 nobis
1370 700 1715 768 oblationes,
1742 708 1798 753 et

139 769 539 831 sacrificiaad
564 770 1131 841 commemorationes
1155 784 1373 835 eorum,
1407 786 1533 841 quae
1564 772 1680 825 cito
1709 784 1798 824 vo-

132 841 395 907 biscum,
416 840 659 895 Domino
679 847 1020 910 protegente,
1040 840 1520 897 celebrabimus.»
1542 842 1794 897 Iudicavi

135 910 451 980 epistolam
472 908 711 966 numero
739 908 806 965 48
836 908 1191 976 prrefationis
1217 913 1275 967 in
1304 915 1551 982 primum
1580 920 1795 968 tomum

134 982 480 1050 Anastasii;
533 996 700 1051 quam
734 982 1121 1051 praefationem
1153 985 1202 1039 si
1245 984 1422 1040 lector
1450 985 1611 1039 adire
1636 984 1796 1053 velit,

138 1061 273 1108 tum
306 1066 373 1107 eo
408 1066 665 1120 numero,
691 1058 813 1107 tum
845 1056 1332 1123 consequentibus
1370 1056 1438 1111 ad
1471 1053 1559 1124 32,
1604 1054 1798 1124 perci-

138 1124 288 1194 piet,
319 1137 492 1193 quam
528 1124 743 1192 injuste
776 1125 1047 1193 rejiciant
1084 1126 1277 1181 critici
1310 1128 1647 1193 severiores,
1678 1127 1798 1180 Do-

135 1194 384 1251 duellus
430 1208 497 1249 ac
531 1195 902 1268 Pearsonius,
936 1196 1388 1268 chronologiam,
1427 1198 1697 1268 martyria
1740 1202 1797 1251 et

138 1272 309 1337 gesta
357 1264 659 1335 complura
709 1267 966 1335 priorum
1002 1264 1336 1336 pontificum
1380 1264 1790 1327 Romanorum.

140 1337 332 1392 relata
356 1338 413 1408 in
448 1337 739 1408 cataIOgos
764 1338 956 1406 quarti
988 1338 1183 1394 saeculi
1217 1353 1284 1394 ex
1309 1340 1673 1394 documentis
1707 1338 1792 1392 in-

138 1408 367 1463 dicatis
397 1407 660 1463 Rom-inte
690 1409 977 1473 Ecclesiaz,
1009 1409 1144 1464 licet
1171 1423 1235 1463 ea
1267 1423 1375 1465 non
1412 1417 1797 1466 memorentur

137 1478 302 1548 apud
333 1479 666 1544 Eusebium,
699 1478 781 1533 vel
819 1480 969 1548 apud
995 1480 1316 1550 Scriptores
1354 1482 1600 1537 Eusebio
1636 1481 1798 1543 anti—

140 1549 420 1619 quiores;
443 1563 574 1622 cum
599 1550 839 1618 ipsemet
858 1549 1175 1621 Episcopus
1192 1552 1561 1608 Caesariensis
1584 1552 1796 1622 optime

138 1630 369 1694 nosset,
394 1634 505 1675 non
531 1619 716 1694 fuisse
736 1622 998 1694 universa
1030 1619 1241 1691 perscri
1252 1628 1344 1691 pta
1369 1623 1441 1678 ab
1461 1619 1793 1694 Hegesippo,

138 1692 217 1765 ab
253 1692 498 1765 Alrenaao,
537 1705 569 1745 a
606 1692 893 1746 Clemente
936 1692 1347 1763 Alexandrino,
1394 1692 1644 1765 aliisque
1676 1692 1688 1749 :
1741 1700 1798 1749 et

146 1761 373 1818 idcirco
402 1763 668 1817 lectorem
702 1770 942 1830 moneat,
976 1778 1008 1818 a
1035 1765 1308 1819 Romanis
1338 1761 1646 1832 titulis,‘ac
1671 1778 1784 1821 caa-

141 1835 410 1889 meteriis
429 1834 745 1903 complura,
770 1848 803 1888 a
823 1835 1228 1905 scriptoribus,
1256 1836 1340 1890 vel
1372 1837 1638 1892 districta
1665 1837 1798 1893 levi-

141 1912 256 1974 ter,
291 1906 374 1960 vel
399 1906 800 1974 praetermissa,
829 1905 1040 1976 colligi
1060 1912 1116 1961 et
1145 1907 1505 1976 comprobari
1538 1908 1615 1962 ita
1642 1908 1798 1963 scri-

140 1976 289 2049 bens
314 1976 418 2031 lib.
449 1989 488 2049 li
514 1976 651 2030 hist.
680 1976 831 2031 Eccl.
860 1974 993 2044 capi
1016 1974 1114 2032 25:
1161 1998 1185 2029 α
1218 1974 1293 2033 Ac
1326 1979 1536 2033 Paulus
1561 1981 1797 2049 quidem

140 2048 340 2103 Roma:
362 2048 883 2115 capitetruncatus,
905 2049 1106 2102 Petrus
1126 2062 1257 2103 vero
1282 2048 1597 2105 crucifixus
1620 2049 1801 2105 fuisse

139 2117 630 2191 eodemiNerone)
674 2120 1301 2191 regnantentraduntur.
1356 2120 1534 2188 Quam
1567 2122 1799 2191 quidam

140 2189 537 2244 narrationem
572 2189 797 2243 abunde
821 2190 1162 2245 confirmant
1192 2191 1339 2246 Petri
1388 2189 1665 2260 Paulique
1694 2206 1806 2246 no-

144 2262 309 2315 mine
364 2260 643 2329 insignita
703 2269 1086 2330 monumenta,
1122 2276 1248 2331 qua:
1296 2263 1355 2315 in
1407 2261 1571 2317 urbis
1617 2264 1805 2317 Roma:

141 2332 499 2403 cmmeteriis
528 2331 843 2386 etiamnum
888 2332 1176 2387 visuntur.
1213 2353 1239 2382 »
1282 2331 1541 2387 Ostendit
1580 2347 1807 2403 quoque

141 2404 299 2458 hanc
327 2402 605 2472 probandi
637 2404 961 2459 methodum
990 2403 1274 2471 placuisse
1297 2405 1453 2474 Caio,
1479 2402 1810 2460 viro'catho-

141 2474 285 2537 lico,
317 2474 592 2545 adversus
639 2474 940 2529 Proculum
985 2475 1469 2545 Cataphrygarum
1506 2481 1809 2544 patronum

141 2545 435 2601 scribenti
496 2544 602 2599 sub
662 2545 932 2613 pontifice
973 2544 1329 2615 Zephyrino;
1378 2561 1507 2601 cum
1551 2548 1804 2601 diceret:

149 2639 177 2667 α
213 2619 331 2688 Ego
377 2616 929 2688 veroapostolorum
978 2622 1188 2685 tr0pzea
1217 2631 1447 2686 possum
1478 2618 1803 2672 ostendere.

144 2688 296 2742 Nam
339 2688 461 2742 sive
509 2687 568 2741 in
624 2687 979 2751 Vaticanum,
1016 2690 1135 2743 sive
1176 2689 1246 2743 ad
1290 2689 1609 2744 Ostiensem
1664 2689 1812 2743 viam

148 2772 394 2831 pergere
423 2759 581 2831 libet,
620 2765 925 2831 occurrent
963 2758 1072 2813 tibi
1107 2765 1316 2828 tropica
1355 2773 1553 2815 eorum
1586 2760 1686 2830 qui
1714 2774 1818 2815 ec—

140 2827 387 2886 cles‘iam
422 2829 578 2884 illam
611 2827 1009 2885 fundaverunt.
1045 2848 1071 2879 »

222 2934 283 2991 7.
335 2937 472 2991 Iure
522 2936 716 3006 itaque
774 2942 970 2991 nostro
1021 2936 1264 3000 utimur,
1318 2937 1370 2992 si
1433 2938 1815 2993 Romanorum

149 3007 499 3080 pontiﬁcum
528 3013 801 3080 tempora,
832 3013 1027 3080 gesta,
1065 3010 1357 3079 martyria,
1386 3022 1417 3063 a
1436 3011 1683 3064 notariis
1708 3012 1820 3064 Ec—

146 3078 351 3135 clesia:
379 3078 640 3132 mandata
664 3079 897 3142 litteris,
922 3080 1105 3134 incisa
1132 3078 1516 3135 marmoribus
1532 3087 1587 3135 et
1609 3080 1821 3137 locula-

150 3150 377 3221 mentis
425 3157 733 3217 martyrum
788 3148 952 3205 afﬁxa
996 3164 1109 3205 una
1156 3165 1285 3206 cum
1320 3152 1603 3221 sanguine
1650 3166 1818 3221 quem

145 3220 497 3277 fundebant.
539 3227 600 3275 ut
636 3221 802 3275 testis
844 3221 1101 3290 locuples
1129 3228 1215 3277 est
1244 3220 1607 3289 Prudentius,
1639 3220 1821 3277 malu-

153 3307 294 3347 mus
325 3298 579 3363 repetere
604 3305 635 3346 a
667 3292 884 3363 nostris
915 3292 1243 3361 tabulariis,
1277 3293 1589 3363 diptychis,
1618 3298 1818 3348 eorto-

151 3363 359 3435 logiis,
394 3362 691 3435 catalogis,
726 3362 1008 3435 basilicis,
1034 3364 1246 3431 titulis,
1277 3362 1441 3419 aatate
1460 3364 1721 3433 proxima
1746 3364 1817 3418 ab

152 3432 278 3503 his,
320 3448 450 3502 qua:
476 3432 819 3504 gerebantur
844 3432 1123 3502 fundatis,
1151 3435 1393 3502 ornatis,
1423 3432 1670 3503 depictis
1705 3450 1819 3504 pu-

150 3506 317 3560 blica
335 3518 503 3570 cura;
527 3518 693 3573 quam
713 3505 998 3573 expiscari
1018 3506 1088 3559 ab
1109 3506 1386 3575 Eutychio
1407 3506 1814 3573 Alexandrino,

150 3576 374 3631 decimi
420 3575 614 3630 saeculi
662 3577 962 3645 scriptore,
1011 3582 1205 3631 secuto
1236 3589 1332 3631 nes
1355 3578 1430 3631 :io
1459 3590 1627 3645 quem
1653 3584 1820 3631 vetu-

157 3648 428 3709 stiorem,
503 3649 866 3715 suppositum
930 3660 963 3702 a
1016 3648 1343 3714 Pearsonio,
1403 3660 1468 3701 ac
1519 3647 1818 3714 Doduello,

160 3721 536 3785 istorumque
568 3718 1105 3773 rationibuscontra
1132 3720 1456 3773 Graecorum
1487 3731 1552 3772 ac
1586 3719 1824 3772 Latino—

159 3803 294 3846 rum
335 3788 595 3858 omnium
626 3789 879 3844 calculos
907 3790 1367 3858 respondentem.
1402 3790 1594 3858 Neque
1629 3788 1820 3856 aliter,

160 3877 229 3917 ac
265 3873 373 3915 n0s
398 3857 681 3914 facturum
711 3860 891 3915 fuisse
907 3857 1549 3929 constatllegesippum,
1575 3859 1825 3915 Clemen-

159 3939 279 3988 tem
321 3930 796 3995 Alexandrinum,
852 3937 1025 4001 atque
1066 3931 1410 3986 Eusebium:
1461 3944 1701 4001 quorum
1764 3931 1823 3985 in

161 4002 416 4069 scriptis
463 4014 591 4055 cum
637 4002 938 4058 tradantur
976 4001 1121 4057 facta
1168 4002 1463 4071 complura
1511 4002 1671 4056 unici
1710 4002 1821 4056 viri

166 4073 513 4143 testimonio
536 4072 899 4141 comprobata
925 4087 1090 4143 quem
1111 4073 1439 4143 apostolicae
1459 4073 1612 4127 aetati
1643 4073 1827 4141 proxi-

167 4088 513 4129 tesumonio
536 4088 899 4141 vompronata
966 4088 1090 4128 uem
1111 4088 1439 4143 aposroucze
1459 4088 1612 4127 zeum
1643 4088 1827 4141 proxr-

167 4158 330 4200 mum
378 4142 762 4214 audivissent,
796 4151 897 4198 aut
925 4088 1188 4214 (Iegerent
1239 4145 1458 4214 (qualia
1502 4145 1571 4199 de
1615 4144 1829 4214 Joanne

164 4213 440 4284 apostolo
468 4212 638 4268 habet
676 4214 962 4270 Eusebius
979 4212 1124 4270 Hist.
1150 4212 1305 4270 Eccl.
1346 4216 1455 4270 lib.
1498 4229 1580 4281 ιιι,
1605 4228 1728 4284 cap.
1754 4212 1829 4284 23

162 4283 223 4341 et
263 4284 358 4348 28,
396 4297 611 4339 necnon
634 4285 704 4340 de
725 4286 862 4355 aliis
890 4286 1169 4355 apostolis
1193 4288 1388 4341 eodem
1419 4286 1567 4341 libro
1589 4283 1711 4355 cap.
1737 4283 1826 4352 30,

162 4359 242 4413 de
271 4358 554 4425 Symeone
582 4370 712 4425 cap.
761 4354 849 4423 32,
895 4354 1100 4426 hisque
1139 4356 1456 4425 similibus)
1504 4354 1684 4412 multo
1734 4356 1832 4412 Iu—

166 4429 417 4484 bentius
474 4427 834 4483 admississet
890 4427 1013 4493 illa,
1075 4442 1200 4498 qua:
1262 4429 1593 4483 testimonio
1650 4432 1832 4482 coetus

162 4498 450 4555 Ecclesiae
507 4498 566 4551 in
638 4498 888 4567 publicis
944 4496 1198 4568 ejusdem
1256 4500 1474 4554 tabulis
1534 4496 1919 4556 describe-D

166 4577 409 4626 rentur.

243 4678 342 4741 At,
405 4675 701 4749 inquiunt,
744 4677 1063 4734 recitantur
1098 4678 1329 4749 publica
1372 4677 1715 4733 auctoritate
1747 4677 1834 4731 le-

165 4750 407 4805 ctiones
453 4748 683 4802 variata
715 4751 1019 4818 postremis
1061 4748 1222 4806 curis
1269 4749 1477 4805 saeculo
1522 4750 1832 4817 superiori,

169 4818 408 4890 quibus
456 4818 708 4890 Trajani,
754 4826 855 4875 aut
896 4822 1136 4877 Adriani
1184 4821 1437 4888 nomina,
1485 4833 1550 4874 ac
1584 4826 1832 4886 tempora

168 4888 398 4971 iisdem
445 4888 817 4971 pontificibus
854 4893 1233 4971 appositanin
1284 4890 1606 4971 superioris
1647 4892 1835 4971 aetatis

171 4957 516 5031 codicibus,
546 4968 828 5031 expuncta
850 4957 909 5017 et
933 4957 1252 5031 permutata
1289 4957 1426 5018 sunt
1458 4964 1515 5016 in
1548 4960 1837 5016 recentio-

168 5032 371 5103 ribus.
391 5030 523 5103 _Hoc
549 5030 735 5099 ipsum
761 5046 892 5088 vero
916 5030 1263 5103 comprobat,
1286 5047 1482 5089 curam
1508 5032 1566 5086 in
1590 5033 1839 5103 Romana

166 5099 444 5173 Ecclesia
486 5113 777 5173 nunquam
826 5099 1127 5159 dimissam
1169 5099 1490 5173 castigandi
1526 5102 1840 5173 posteriora

166 5121 444 5158 Ecclesia
486 5121 777 5171 nunquam
826 5121 1127 5159 dimissam
1169 5121 1310 5159 casu
1355 5121 1490 5159 anui
1526 5121 1840 5173 pOSterlUra

166 5169 449 5255 einempla.
464 5171 727 5255 codicum
757 5174 825 5229 ad
852 5174 1014 5255 fidem
1039 5121 1530 5255 autongra_p_ﬁi,_aut
1557 5172 1840 5255 vetustio:

167 5246 288 5309 ris,
341 5243 405 5294 in
457 5241 710 5313 ejusdem
758 5244 1012 5300 archivis
1060 5241 1337 5301 cust‘oditi
1367 5252 1423 5301 et
1472 5242 1840 5313 comparandi

168 5327 317 5370 cum
362 5312 641 5386 scriptis,
678 5327 743 5369 ac
789 5317 1205 5372 traditionibus
1256 5317 1359 5372 arvi
1408 5312 1735 5386 apostdlici,
1778 5327 1843 5368 ac

168 5389 225 5465 SI
238 5382 587 5465 ηοετὶοῐδυφ
611 5384 1105 5465 documentorum.
1134 5389 1270 5442 Nam
1288 5382 1510 5465 ΘΓΓΟΓέε
1526 5398 1845 5465 amanuen-

169 5459 367 5520 sium,
408 5467 487 5526 ac
530 5456 951 5524 descriptorum
1007 5465 1358 5526 praevertere,
1419 5463 1518 5512 aut
1568 5456 1845 5523 impedire

174 5524 419 5582 nemini
448 5524 644 5598 datum
672 5533 790 5581 est:
829 5524 1228 5598 recognoscere
1266 5541 1417 5592 vero,
1451 5534 1625 5598 atque
1642 5537 1847 5598 emen—

171 5600 352 5663 dare,
377 5608 445 5648 ac
470 5596 776 5652 restituere
798 5595 1079 5667 germana:
1104 5599 1339 5654 lectioni
1362 5598 1430 5653 ad
1452 5598 1578 5667 ejus
1596 5595 1857 5665 diligen-

174 5669 347 5738 tiam
388 5667 670 5733 pertinet:
706 5666 875 5737 quam
918 5684 1020 5725 nos
1049 5675 1465 5738 consectamur,
1500 5666 1692 5722 labore
1736 5678 1847 5721 non

176 5736 430 5809 modico
458 5736 772 5793 vetustiora
817 5741 990 5809 hujus
1016 5740 1285 5796 Ecclesia:
1316 5736 1681 5796 monumenta
1708 5749 1855 5793 con-

176 5808 481 5877 sulentes,
527 5812 585 5862 et
634 5808 866 5878 publica
898 5808 1270 5868 auctoritate
1327 5810 1638 5881 proposita,
1687 5809 1857 5878 juxta

472 5896 707 5953 PATROL.
762 5898 1030 5957 CXXVII.

1909 485 2026 552 pite
2044 482 2098 538 2.

1976 554 2030 629 8‘.
2071 554 2363 629 Discussis
2391 554 2769 629 opinionibus
2815 557 3205 626 przejudicatis
3241 561 3555 629 Pearsonii,

1907 625 2192 691 Doduelli,
2225 640 2536 695 eorumque
2571 625 2833 693 editoris,
2868 636 3167 685 convertor
3204 631 3271 685 ad
3300 625 3554 688 Anacleti

1908 702 2269 770 tempora,»et
2300 697 2600 752 historiam
2632 699 3108 770 comprobandum
3136 715 3202 755 ex
3237 702 3361 770 ipso
3388 704 3558 758 Euse-

1907 766 2025 840 bio,
2054 768 2152 840 qui
2190 768 2347 840 libro
2384 782 2468 829 III,
2494 782 2622 840 cap.
2660 767 2743 835 45,
2770 766 3023 824 ’scribit:
3056 792 3081 822 ‹‹
3110 766 3275 827 Anno
3301 773 3553 840 ejusdem

1909 838 2139 910 imperii
2174 839 2908 909 (Domitiani)duodecimo,
2940 841 3306 910 Anencletus,
3332 838 3558 899 exactis

1909 908 1966 985 in
2005 909 2347 978 Episcopatu
2369 910 2540 985 annis
2560 911 2883 985 duodecim,
2900 908 3302 985 successorem
3318 914 3561 985 reliquit

1906 979 2266 1051 Clementem.
2305 999 2329 1029 υ
2372 983 2493 1037 Duo
2536 979 2820 1035 affirmat:
2861 983 3107 1051 primum
3146 990 3251 1049 est,
3288 979 3556 1040 duoden-

1910 1050 2094 1105 nalem
2130 1052 2522 1120 episc0patum
2547 1052 2800 1107 Anacleti
2836 1050 3047 1121 pariari
3072 1068 3201 1109 cum
3226 1056 3559 1111 duodecen-

1909 1121 2006 1191 nio
2057 1122 2368 1176 Domitiani
2405 1141 2421 1187 -,
2463 1122 2706 1178 alterum
2755 1128 2862 1191 est,
2907 1124 3183 1180 Anacleto
3206 1127 3557 1183 successisse

1904 1190 2244 1247 Clementem
2290 1193 2347 1246 in
2384 1194 2717 1262 episcopatu
2745 1194 3020 1263 Romano,
3065 1210 3216 1252 anno
3248 1195 3315 1250 42
3351 1199 3557 1253 Domi-

1907 1263 2074 1335 tiani.
2109 1264 2433 1319 Secundum
2484 1264 2590 1319 hoc
2638 1278 2948 1335 negamus:
2987 1268 3235 1335 primum
3267 1267 3412 1323 illud
3444 1270 3555 1324 ad-

1908 1334 2217 1403 mittimus,
2277 1336 2371 1389 sed
2424 1335 2594 1405 paulo
2641 1336 2812 1391 aliter
2858 1351 2923 1393 ac
2976 1334 3192 1393 statuat
3238 1339 3549 1395 Eusebius.

1904 1406 2043 1477 Nam
2078 1420 2205 1459 cum
2238 1406 2539 1476 catalogis,
2566 1414 2622 1461 et
2650 1420 2779 1462 cum
2824 1409 3072 1477 picturis
3117 1408 3371 1465 basilicae
3402 1412 3557 1466 Pau—

1907 1474 2041 1530 lina:
2094 1477 2410 1532 tribuimus
2434 1474 2708 1533 Rnacleto
2747 1474 2903 1534 sedis
2952 1482 3212 1535 Romana:
3252 1494 3434 1537 annos
3466 1480 3553 1548 49,

1905 1552 1962 1622 et
1999 1554 2265 1622 praeterea
2299 1562 2519 1603 menses
2559 1550 2774 1622 decem,
2811 1557 2869 1605 et
2906 1552 3136 1619 quidem
3176 1551 3283 1607 sub
3317 1553 3560 1622 imperio

1903 1619 2218 1673 Domitiani
2244 1619 2301 1673 in
2323 1633 2435 1688 quo
2456 1621 2902 1675 consentientem
2930 1622 3201 1678 habemus
3223 1619 3556 1679 Eusebium.

1905 1689 2007 1765 ilic
2050 1691 2454 1765 tamen‘pariat
2503 1690 2752 1765 primum
2804 1692 3033 1765 imperii
3083 1694 3421 1763 Domitiani,
3458 1695 3560 1765 qui

1825 1775 1875 1834 Β
1909 1758 2022 1815 fuit
2062 1774 2188 1835 gnra:
2233 1758 2713 1835 Christiante82,
2766 1758 2901 1817 cum
2954 1764 3140 1831 primo
3188 1758 3558 1835 episcopatus

1903 1831 2204 1905 Anacleti;
2249 1844 2351 1905 nos
2404 1832 2819 1905 veroninitium
2860 1835 3127 1905 A‘Anacleti
3160 1831 3562 1905 componimus

1905 1916 2036 1975 cum
2077 1902 2247 1975 tertio
2297 1902 2524 1971 imperii
2556 1903 2893 1972 Domitiani,
2929 1906 3027 1975 qui
3063 1903 3179 1960 fuit
3220 1902 3407 1962 annus
3435 1920 3563 1962 tera:

1906 1972 2123 2027 Christi
2148 1970 2239 2041 84,
2280 1986 2312 2027 a
2357 1970 2469 2042 qua
2498 1979 2656 2042 parte
2686 1970 3027 2031 assertionis
3055 1983 3261 2032 nostra:
3289 1978 3563 2033 dissentit

1909 2044 2212 2115 Eusr'bius.
2241 2045 2424 2115 Hujus
2464 2050 2651 2099 tamen
2687 2046 2953 2101 historici
2994 2048 3213 2115 lapsum
3248 2062 3315 2103 ex
3344 2063 3565 2105 consu-

1912 2114 2030 2169 lum
2055 2114 2388 2188 nominibus
2421 2129 2712 2188 perperam
2734 2117 2806 2171 ab
2829 2131 2895 2172 eo
2927 2118 3257 2188 intellectis,
3286 2121 3381 2174 sed
3416 2126 3566 2174 recte

1913 2186 2272 2259 consignatis
2302 2187 2461 2259 apud
2511 2194 2836 2242 nostrorum
2888 2190 3217 2245 Latinorum
3246 2186 3539 2259 catalogos

1918 2232 3569 2330 causasua“meseruemus:astruas;

1916 2328 2232 2402 Domitiani
2281 2329 2526 2396 primus,
2579 2344 2643 2384 ac
2679 2330 2886 2402 tertius
2924 2328 3193 2402 signatur
3229 2332 3570 2402 consulibus

1919 2399 2238 2471 ordinariis
2273 2402 2574 2471 Domitiano
2624 2405 2673 2453 et
2703 2401 2907 2454 Sabino
2938 2420 2956 2467 ;
2990 2399 3121 2457 nam
3154 2416 3305 2457 anno
3333 2401 3405 2457 82
3430 2417 3570 2471 ape-

1922 2476 2167 2524 ruerunt
2197 2470 2479 2525 Kalendas
2507 2472 2767 2526 Januarii
2797 2474 3136 2527 Domitianus
3169 2475 3301 2528 VIII
3330 2480 3380 2528 et
3418 2470 3571 2528 Titus

1922 2542 2141 2614 Flavius
2170 2541 2445 2614 Sabinus:
2472 2542 2572 2610 qui
2601 2543 2869 2614 consules
2891 2544 3160 2613 leguntur
3186 2544 3243 2598 in
3279 2545 3573 2614 lapidibus

1922 2612 2165 2684 vetustis
2194 2614 2344 2684 apud
2379 2613 2739 2684 Panvinium,
2764 2615 2833 2684 in
2858 2612 3062 2679 FaStis,
3096 2622 3151 2670 et
3179 2612 3580 2684 apud‘Grute-

1927 2696 2051 2735 rum
2085 2680 2191 2737 fol.
2223 2682 2377 2758 68_n.
2416 2679 2730 2758 Letaan
2751 2682 2823 2738 84
2849 2685 3120 2741 Kalendis
3147 2679 3409 2758 Januarii
3440 2700 3579 2758 pro—

1925 2759 2221 2807 cesserunt
2284 2755 2627 2806 Domitianus
2682 2756 2731 2808 Χ
2783 2760 2833 2809 et
2878 2758 2939 2809 T.
2999 2758 3259 2811 Aurelius
3317 2755 3575 2823 Sabinus,

1929 2824 1987 2878 in
2010 2825 2251 2897 antiqua
2286 2825 2670 2897 inscriptigne
2695 2826 2918 2897 legendi
2947 2829 3098 2897 apud
3127 2827 3484 2885 Almeloveen
3519 2830 3580 2884 in

1927 2908 2031 2969 sua
2080 2894 2415 2969 pnmfatione
2453 2897 2522 2951 ad
2554 2894 2777 2951 Fastos'
2802 2911 2957 2953 num.
2986 2894 3077 2952 44.
3118 2899 3318 2969 Exegit
3348 2902 3578 2969 quidem

1923 2966 2089 3040 juxta
2117 2965 2427 3040 Eusebium
2463 2979 2528 3040 ac
2565 2973 2793 3040 nostros
2820 2969 3055 3040 Latinos
3097 2965 3407 3040 Anacletiis
3438 2984 3579 3040 pon-

1930 3035 2070 3110 tifex
2102 3051 2326 3110 annuos
2355 3037 2660 3110 duodecim
2687 3036 2762 3105 (et
2792 3039 3020 3107 quidem
3050 3038 3287 3110 solidos)
3317 3035 3586 3097 sub'im-

1852 3128 1900 3189 ρ
1933 3107 2091 3189 peric
2107 3108 2422 3189 pomitiani
2454 3121 2736 3189 gnquorum
2762 3110 2984 3189 primus
3005 3110 3215 3189 incidit
3238 3107 3297 3166 in
3318 3112 3588 3189 consules

1934 3179 2324 3233 Domitianum
2372 3184 2428 3231 et
2465 3177 2760 3233 Sabinum.
2792 3180 2896 3235 Sed
2928 3182 3264 3236 consulatus
3301 3182 3371 3235 ab
3401 3185 3577 3238 Euse-

1932 3247 2029 3304 bio
2055 3255 2386 3316 assumptus
2409 3246 2523 3319 fuit
2547 3249 2862 3319 Domitiani
2890 3264 2987 3305 vui
3014 3265 3144 3306 cum
3169 3252 3350 3319 priori
3376 3252 3588 3307 Sabino

1931 3332 1998 3374 ex
2030 3326 2194 3394 gente
2221 3320 2413 3394 Flavia
2432 3318 2651 3394 Christi
2681 3317 2753 3374 82
2774 3338 2789 3389 ;
2813 3320 2870 3374 in
2904 3322 3125 3394 nostris
3149 3317 3280 3394 vero
3302 3322 3584 3394 catalogis

1930 3390 2275 3465 consulatus
2300 3390 2613 3465 Domitiani
2647 3405 2682 3445 x
2712 3404 2842 3446 cum
2875 3391 3058 3465 altero
3094 3392 3307 3465 Sabino
3332 3407 3401 3449 ex
3422 3390 3588 3465 gente

1929 3460 2436 3534 AureliaChristi
2473 3458 2553 3534 84»
2599 3461 2651 3517 is
2706 3466 2794 3534 est
2852 3462 2952 3531 qui
3001 3462 3348 3534 attribuitur
3401 3458 3589 3534 p'rimo

1932 3532 2193 3587 Paschati
2228 3531 2337 3587 sub
2382 3532 2686 3587 Anacleto:
2728 3532 2951 3587 biennii
2979 3533 3306 3590 differentia
3336 3531 3589 3592 interce-

1933 3603 2121 3671 dente,
2177 3616 2356 3672 eaque
2421 3602 2657 3658 suborta
2706 3617 2775 3657 ex
2827 3604 3221 3661 similitudine
3288 3609 3586 3663 nominum

1938 3674 2575 3748 utriusqruc‘consulis,
2624 3674 2977 3748 itaindicati
3015 3677 3082 3748 inn
3102 3677 3291 3748 Fastis
3319 3679 3589 3748 anonymi

1935 3744 2280 3819 Rucherian‘i
2328 3745 2477 3812 apud
2529 3745 2848 3814 Norisium,
2882 3746 3147 3803 videndis
3187 3753 3314 3817 post
3343 3744 3590 3819 epochas

1933 3815 2448 3884 Syromacedonum
2464 3855 2477 3869 .

1936 3912 2075 3959 Anni
2325 3912 2464 3959 Anni
2905 3912 3177 3966 Kal.Jan.
3244 3916 3389 3965 ZEtas
3452 3918 3591 3969 Anni

1937 3973 2094 4022 Urbis
2317 3973 2461 4035 Cycli
2968 3976 3115 4024 Fet-ia
3241 3978 3402 4027 Luna;
3469 3979 3591 4031 Chr.

1984 4036 2073 4083 835
2141 4036 2199 4083 37
2235 4035 2533 4084 Domitiano
2568 4036 2633 4085 VI
2662 4039 2710 4085 et
2749 4035 2944 4085 Sabino
2974 4038 3127 4086 Mart.
3276 4040 3365 4089 1X.
3498 4044 3559 4091 82

1982 4098 2073 4145 836
2138 4098 2196 4145 38
2238 4099 2529 4146 Domitiano
2555 4099 2625 4147 IX
2660 4102 2710 4147 et
2744 4099 2881 4146 Rufo
2982 4100 3147 4150 Merc.
3266 4101 3388 4152 XXI
3504 4106 3564 4154 83

1988 4160 2077 4208 837
2143 4160 2203 4207 39
2235 4159 2276 4208 B
2304 4160 2600 4209 Domitiano
2621 4161 2671 4209 X
2689 4164 2737 4209 et
2759 4160 2951 4209 Sabino
2982 4162 3104 4211 Jov.
3292 4165 3360 4215 ΙΙ.
3504 4167 3562 4215 84

2011 4249 2361 4336 imposuisse
2415 4254 2606 4336 autem
2663 4248 2913 4336 Eusebio
2968 4250 3396 4336 homo‘nymiam
3450 4270 3598 4336 con-

1941 4320 2134 4375 sulum
2162 4321 2785 4395 peranachronismum
2813 4320 3395 4395 bienniicolligimus
3409 4341 3477 4383 ex
3502 4329 3601 4385 do-

1942 4392 2227 4466 cumentis
2271 4392 2561 4466 Romanis,
2616 4391 3012 4466 tribuentibus
3046 4391 3398 4466 inircatalogo
3425 4399 3599 4455 Libe—

1946 4462 2109 4517 riauo
2129 4463 2394 4517 consules
2427 4469 2741 4531 postremos
2760 4464 2917 4517 Cleto
2946 4477 3099 4531 papae
3117 4462 3509 4523 Domitianum
3540 4485 3597 4525 ix

1945 4539 2000 4587 et
2030 4532 2239 4587 Rufum
2269 4533 2487 4587 Christi
2519 4532 2590 4587 83
2623 4534 2852 4601 imperii
2877 4534 3196 4589 Domitiani
3238 4540 3589 4595 secundum:

1948 4617 2092 4674 quos
2115 4603 2729 4677 _prnoxime_excipiunt
2769 4604 3131 4677 Domitianus
3163 4619 3201 4677 _x
3238 4612 3294 4661 et
3321 4607 3593 4677 Sabinus,

1947 4675 2163 4730 nostris
2187 4675 2244 4728 in
2268 4674 2544 4744 catalogis
2568 4673 2845 4743 assignati
2881 4674 3116 4729 exordio
3143 4675 3423 4743 Anacleti,
3447 4673 3597 4738 anno

1946 4748 2118 4800 tertio
2162 4744 2387 4798 labente
2427 4744 2655 4813 imperii
2708 4744 3057 4799 Domitiani:
3103 4746 3271 4814 cujus
3317 4752 3596 4808 consula-

1946 4823 2040 4871 tus
2066 4828 2165 4869 vm
2195 4828 2323 4869 cum
2350 4813 2561 4870 Sabino
2589 4827 2730 4887 cum
2749 4814 2828 4869 sit
2859 4813 3357 4887 primusim’perii,
3384 4821 3598 4878 subse-

1946 4887 2049 4957 qui
2078 4898 2370 4954 nunquam
2394 4891 2576 4959 potest
2602 4885 3102 4959 tertiumimperii
3130 4885 3419 4959 signatum
3441 4907 3588 4950 coss.

1947 4956 2141 5012 eodem
2166 4958 2490 5024 imperatore
2516 4958 2826 5009 Domitiano
2846 4956 2899 5010 X
2929 4962 2979 5009 et
3006 4956 3230 5013 Sabino.

2016 5025 2078 5104 ξ).
2115 5027 2554 5104 Asse_rt9_igitu_r
2581 5026 2817 5082 exordio
2844 5026 3101 5104 Anacleti
3122 5028 3225 5104 die
3243 5044 3320 5104 VII
3351 5034 3597 5104 Septem-

1954 5098 2075 5153 bris
2122 5098 2258 5152 anni
2307 5096 2528 5167 83'(uti
2583 5110 2754 5167 supra
2796 5096 3146 5167 explicatum
3201 5100 3315 5158 fuit
3346 5096 3596 5164 in'notis

1951 5168 2386 5243 Chronologicis
2416 5167 2659 5243 numut)
2687 5169 2824 5243 anni
2860 5166 2944 5243 42,
2976 5182 3195 5243 menses
3216 5170 3301 5243 40,
3335 5181 3393 5231 et
3415 5176 3597 5234 dies7

1952 5241 2071 5312 sedi
2099 5240 2351 5312 ejusdem
2374 5239 2600 5312 tributi
2636 5241 2694 5312 in
2723 5239 2978 5312 picturis
3004 5239 3370 5312 Paulints,'et
3400 5248 3458 5302 in
3483 5250 3598 5305 Ca-

1952 5310 2197 5393 talogish
2245 5311 2575 5393 per‘t'ingunt
2612 5310 2698 5393 aii
2735 5310 2885 5393 diem
2920 5308 3595 5393 l3,‘1ulii_Christi96,

1953 5380 2885 5477 sonealiéeil’elﬁeeﬁt32939392.
2909 5380 3323 5477 caesariem
3350 5380 3597 5477 οεωιοεί

1954 5453 2251 5521 assignant
2290 5452 2587 5506 exordium
2642 5451 2911 5518 Evaristi,
2945 5459 3001 5507 et
3049 5454 3358 5513 Eusebium
3406 5451 3601 5519 corri-

1956 5530 2117 5594 gunt,
2149 5523 2250 5591 qui
2281 5522 2402 5577 loco
2422 5522 2670 5576 Evaristi
2693 5535 3077 5579 successorem
3101 5526 3372 5585 Anacleto
3393 5532 3607 5592 tribuit

1953 5594 2315 5649 Clementem.

2031 5666 2204 5718 Error
2240 5662 2472 5719 Eusebii
2504 5664 2563 5719 in
2599 5664 2705 5720 hac
2744 5664 2994 5721 secunda
3022 5668 3339 5726 assertione
3362 5672 3611 5732 demon-

1962 5739 2181 5810 stratur
2195 5748 2271 5810 ex_
2285 5734 2474 5810 ipsius
2494 5735 2688 5810 libris.
2712 5738 2847 5791 Nam
2872 5736 3023 5810 libro
3046 5750 3130 5807 nt,
3162 5752 3286 5810 cap.
3307 5739 3345 5799 2
3363 5747 3607 5803 scribit:

1958 5808 2101 5862 Post-
2134 5807 2294 5860 Pauli
2357 5808 2607 5876 Petrique
2682 5809 3012 5877 martyrium
3070 5807 3285 5881 primus
3361 5818 3613 5872 Ecclesia

3269 5899 3340 5959 36
