4036 6174
137 320 300 379 4433

142 469 389 511 munem
452 458 613 524 Lino,
684 458 842 516 Cleto
921 467 977 517 et
1046 463 1321 521 Clementi

136 529 279 610 suis
313 546 327 581 :
360 542 504 652 quos
560 529 778 612 idcirco
825 534 1164 590 nominatim
1198 538 1429 592 recitari
1486 542 1602 593 tum
1657 546 1804 593 tem—-

140 612 319 652 ports
398 606 617 652 ortasse
677 604 941 652 Instituit
994 605 1051 652 in
1114 608 1381 652 nranihng
1424 616 1553 652 ante.
1596 623 1804 652 (mnen—

140 602 319 675 poris
374 602 617 655 fortasse
677 602 941 659 instituit
994 605 1052 659 in
1114 608 1381 675 precibus
1423 616 1553 664 ante
1596 623 1804 665 conse—

141 671 502 751 crationem,
532 679 591 726 et
612 676 1089 731 consuetudinem
1115 671 1404 751 ostendit,
1437 694 1469 736 a
1501 681 1804 751 sequenti-

136 740 258 817 bus
291 742 565 797 aetatibus
595 752 924 817 constanter
970 750 1339 817 custoditam,
1367 740 1423 806 et
1446 752 1515 806 ad
1561 740 1665 807 nos
1694 753 1801 807 de—

138 813 421 889 rivatam,
472 827 584 889 non
638 816 781 889 sine,
815 819 1161 875 auctoritate
1189 813 1361 889 atque
1402 822 1802 879 insinuatione

138 883 466 957 utriusque
484 884 743 954 Apostoli
773 888 947 957 hujus
970 889 1233 947 Romanae
1255 883 1522 949 Ecclesia:
1553 894 1801 950 institu—

136 955 319 1021 toris,
366 956 516 1011 Petri
560 958 785 1014 scilicet
814 955 879 1014 ac
923 960 1083 1016 Pauli
1125 979 1138 1016 :
1170 977 1299 1019 cum
1328 964 1427 1020 ille
1459 965 1516 1019 in
1549 966 1799 1022 secunda

134 1026 411 1108 Epistola
441 1041 682 1110 capi-tn,
705 1030 991 1110 versiculo
1008 1035 1281 1103 secundo,
1311 1042 1561 1091 nostram
1588 1037 1799 1110 excitet

142 1099 205 1151 in
241 1099 698 1156 commonitione
742 1101 1026 1158 sinceram
1060 1099 1319 1171 mentem,
1346 1112 1409 1161 ut
1435 1124 1689 1162 memores
1712 1109 1797 1160 si—

137 1183 265 1248 mus
294 1171 691 1248 apostolorum
717 1178 1085 1248 nostrorum;
1111 1176 1204 1232 hic
1229 1191 1361 1233 vero
1412 1179 1469 1233 in
1514 1193 1639 1248 cap.
1688 1192 1792 1233 xui

137 1240 423 1327 iapistmm
451 1240 535 1327 ad
569 1242 774 1325 Hebr.,
818 1240 1403 1327 “quam‘Hieronymus
1426 1240 1672 1327 afﬁrmat
1698 1263 1795 1304 re-

140 1312 407 1387 putaria
458 1312 749 1387 plerisque
799 1312 1056 1373 dictante
1112 1312 1383 1387 Apostolo
1425 1334 1457 1375 a
1508 1321 1795 1375 Clemente

141 1382 409 1462 Romano
439 1382 846 1462 conscriptam,
897 1401 1003 1442 nos
1054 1382 1300 1462 moneat,
1338 1405 1480 1447 vers.
1504 1388 1573 1446 7:
1617 1412 1645 1439 ‹‹
1671 1393 1795 1446 Me-

141 1457 872 1533 mentotepraepositorum
921 1465 1262 1533 vestrorum,
1289 1457 1390 1533 qui
1418 1463 1582 1519 vobis
1610 1462 1789 1518 locuti

139 1532 287 1580 sunt
303 1525 541 1599 verbum
558 1528 687 1583 Dei:
718 1543 963 1599 quorum
996 1525 1285 1588 intuentes
1305 1525 1523 1590 exitum
1550 1547 1795 1589 conver—

140 1597 419 1663 sationis,
484 1597 799 1654 imitamini
846 1600 1033 1655 ﬁdem.
1064 1620 1090 1651 ι)
1123 1603 1225 1659 His
1276 1604 1426 1659 enim
1490 1606 1796 1660 communi—

139 1673 335 1721 cantes
376 1668 546 1738 (quod
608 1677 694 1726 est
747 1673 1036 1727 intuentes
1064 1675 1283 1730 exitum
1341 1677 1795 1732 conversationis

142 1738 318 1793 ﬁdem
367 1740 607 1809 imitari)
632 1748 683 1795 et
735 1746 1046 1798 memoriam
1097 1761 1281 1800 eorum
1322 1755 1635 1801 venerantes
1686 1761 1795 1803 n0-

980 331 1300 389 HISTORIA
1342 336 1433 390 DE
1472 336 1646 391 VlTlS
1684 335 1853 391 ROM.
1891 336 2092 393 PONT.
2123 366 2195 377 —
2232 338 2286 393 S.
2329 338 2750 395 ANACLETUS.

3423 310 3579 409 4434’

1404 466 1806 522 decessoribus
1833 465 1891 525 A
1916 479 2041 535 quae
2086 466 2212 523 sine
2254 467 2543 523 sacriﬁcio
2593 469 2853 538 praestari
2909 482 3020 525 non
3051 482 3469 532 consueverunt
3492 491 3562 533 ex

1913 537 2225 593 traditione
2245 537 2609 595 continenter
2634 544 2873 605 servata,
2917 546 2974 595 et
3003 541 3323 601 luculenter
3345 555 3564 605 asserta

1914 608 1972 662 in
2002 609 2366 686 sermonibus
2382 611 2588 666 Leonis
2608 612 2819 682 Magni,
2844 610 3040 686 ﬁdeles
3066 618 3431 686 convocantis
3464 632 3561 686 per

1914 685 2161 754 quatuor
2184 681 2539 754 jejuniorum
2586 681 2861 754 tempora,
2906 691 2970 738 ut
3016 684 3260 744 Sabbato
3296 688 3366 743 de
3405 681 3560 747 more

1910 750 2219 809 vigilarent
2265 752 2334 806 ad
2362 753 2416 807 S.
2453 755 2701 809 Petrum.

2034 822 2083 877 is
2130 823 2310 899 igitur
2333 823 2672 899 observatis,
2702 826 3150 899 comprobantur
3192 841 3253 883 ea
3283 844 3408 899 quae
3439 836 3555 887 tra-

1909 893 2132 948 duntur
2164 893 2269 949 hic
2319 895 2389 950 de
2416 895 2711 966 Anacleto,
2746 893 2930 966 primo
2962 893 3358 956 constructore
3388 901 3555 958 Vati—

1907 977 2063 1040 cana
2094 965 2563 1040 memoriasbeati
2595 967 2769 1040 Petri,
2800 974 2858 1023 et
2883 969 3249 1040 designatore
3274 973 3416 1027 certi
3440 973 3551 1030 loci

1906 1035 1973 1113 ad
1998 1048 2158 1113 sacra
2187 1036 2515 1093 Christiana
2540 1035 3047 1113 celebraindajuxta
3082 1054 3289 1096 morem
3307 1042 3380 1097 ab
3407 1057 3557 1113 apo-

1907 1106 2403 1182 stolisacceptum,
2437 1115 2493 1163 et
2521 1109 2589 1182 ad
2608 1123 2711 1165 nos
2732 1106 3088 1182 derivatum:
3117 1113 3286 1181 cujus
3309 1106 3553 1182 protulit

1904 1176 2247 1233 documenta
2278 1192 2519 1242 magnus
2563 1180 2876 1236 Annalium
2907 1176 3287 1240 conditor'ad
3309 1176 3547 1242 'annum

1904 1195 2247 1233 documenta
2278 1195 2365 1234 ma
2409 1195 2519 1235 nus
2563 1195 2876 1236 Annalium
2907 1196 2938 1236 c

1904 1246 2120 1304 Christi
2152 1245 2241 1319 57,
2272 1263 2331 1305 ιι.
2370 1195 2437 1304 ᾖ)
2459 1257 2517 1307 et
2544 1252 2941 1322 sequentibus.

2573 1374 2892 1432 CIACONII.

1978 1478 2149 1555 Linea
2196 1477 2246 1533 4.
2272 1509 2347 1555 έ-
2379 1481 2682 1555 Anaeletus
2730 1485 2953 1538 natione
3004 1484 3241 1540 Graecus.
3301 1486 3545 1555 Quidam

1903 1548 1990 1604 vel
2021 1550 2166 1627 vitio
2195 1552 2521 1621 scriptoris,
2550 1553 2636 1627 vel
2664 1554 2963 1627 nominum
2995 1554 3298 1627 afﬁnitate,
3320 1548 3414 1616 'vel
3432 1562 3547 1619 alia

1904 1621 2225 1692 occasione,
2269 1636 2561 1692 perperam
2593 1625 2927 1680 Anacletum
2951 1641 3081 1681 cum
3109 1627 3265 1684 Cleto
3286 1621 3547 1689 confun-

1904 1691 2051 1773 duint
2079 1710 2093 1761 ;
2123 1691 2660 1773 cumtamen_alter
2705 1696 2777 1773 ab
2803 1696 2982 1752 altero
3014 1699 3266 1773 nomine.
3292 1711 3543 1773 parente,

1905 1763 2111 1840 patria,
2146 1764 2316 1820 rebus
2357 1766 2554 1836 gestis,
2599 1768 2803 1823 mortis
2831 1780 3002 1838 anno,
3034 1775 3089 1824 et
3133 1769 3247 1840 die,
3293 1763 3545 1831 multum

141 1809 313 1890 mina
333 1812 661 1890 recitamus.
694 1814 897 1870 Verum
923 1817 993 1890 de
1018 1817 1351 1890 nominibus
1381 1819 1791 1888 apostolorum,
1827 1825 1877 1885 Β
1901 1809 2242 1890 ἆῖέέῖεῖὲρίῖί

146 1882 495 1954 pontiﬁcum
533 1891 589 1938 et
620 1891 931 1954 martyrum
964 1887 1021 1941 in
1068 1889 1255 1945 missae
1282 1882 1507 1945 actione
1537 1882 1794 1945 recitan-L

138 1953 241 2007 dis
270 1954 388 2007 erit
409 1953 792 2023 opportunior
820 1957 1050 2013 dicendi
1084 1959 1267 2016 locus.
1291 1961 1394 2016 Hic
1431 1962 1700 2017 sistimus
1732 1962 1790 2016 in

137 2023 552 2088 designatione
582 2033 635 2081 et
662 2030 1096 2085 constructione
1125 2033 1413 2088 memoriae
1441 2032 1593 2088 beati
1639 2033 1787 2088 Petri

140 2095 205 2148 in
228 2096 528 2167 iVaticano
558 2111 657 2167 per
690 2098 1048 2155 Anacletum.

214 2166 416 2241 Simon
432 2166 777 2241 Stratioltius
790 2170 956 2226 Polon
967 2186 1057 2235 us,
1071 2173 1441 2241 primicerius
1451 2175 1790 2231 Tarnovien-

137 2238 252 2307 sis,
295 2239 357 2292 in
400 2239 549 2316 Vitis
580 2241 914 2316 pontiﬁcum
966 2238 1369 2316 Romanorum.
1414 2260 1556 2316 quas
1603 2247 1790 2303 edidit

136 2323 276 2382 cum
312 2311 692 2367 conciliorum
729 2313 1008 2382 Epitome,
1041 2315 1111 2370 de
1136 2316 1406 2372 Anacleto
1431 2311 1511 2372 ita
1535 2318 1743 2375 scribit
1770 2336 1782 2372 :

142 2402 170 2433 (ι
206 2381 317 2435 Hic
346 2383 702 2460 memoriam
748 2381 897 2439 beati
950 2381 1101 2441 Petri
1156 2390 1500 2460 construxit,
1544 2390 1647 2445 hoc
1702 2396 1789 2444 est

138 2452 706 2528 quamdamaediﬁcii
733 2462 1103 2528 structuram,
1135 2472 1261 2528 quae
1286 2452 1565 2528 postea'in
1590 2460 1791 2516 Eccle—

139 2521 294 2602 siam
316 2521 791 2602 fuitconsecrata
809 2545 820 2581 :
845 2527 945 2602 ubi
967 2534 1023 2583 et
1041 2521 1167 2602 ipse
1178 2521 1442 2597 sepultus
1461 2539 1548 2587 est
1571 2532 1626 2587 in
1658 2545 1792 2602 pace

139 2597 319 2671 juxta
340 2609 551 2665 corpus
577 2596 729 2671 beati
762 2598 912 2653 Petri
944 2613 1006 2654 ιιι
1041 2596 1355 2656 IdusJulii.
1390 2620 1414 2653 ι)
1444 2603 1620 2659 Addit
1641 2596 1788 2671 iero,

143 2667 419 2744 eumdem
450 2668 913 2744 pontificemsuo
934 2671 1162 2727 decreto
1210 2674 1490 2740 sanxisse,
1524 2690 1630 2744 quo
1658 2667 1785 2742 loco,

144 2745 198 2794 et
225 2738 433 2812 quibus
473 2740 700 2812 testibus
743 2743 818 2795 sit
846 2744 1290 2812 sacriﬁcandum.
1342 2738 1566 2811 Hausit,
1600 2738 1790 2809 credo,

139 2810 498 2885 Stravoltius
532 2810 635 2866 hoc
665 2810 1080 2885 secundum'ex
1112 2815 1295 2883 prima
1322 2810 1567 2885 epistola
1591 2818 1797 2873 decre—

141 2884 252 2940 tali
273 2883 548 2957 Anacleto
563 2883 844 2957 attributa
865 2902 878 2939 :
899 2886 1069 2954 cujus
1094 2887 1152 2940 in
1181 2888 1336 2943 notis
1353 2883 1557 2944 Binius
1575 2890 1798 2957 sapien-

140 2964 235 3012 ter
266 2956 516 3026 monuit,
546 2956 603 3012 id
636 2955 828 3024 potius
852 2968 974 3011 esse
1002 2959 1366 3026 repetendum
1409 2972 1476 3015 ex
1518 2955 1733 3016 canone
1760 2958 1795 3014 9

135 3034 199 3083 et
256 3024 326 3082 40
373 3028 711 3100 apostolico.
763 3028 923 3082 Licet
946 3024 1136 3083 autem
1183 3028 1350 3085 nobis
1398 3044 1510 3086 non
1551 3037 1791 3100 constet,

136 3106 350 3156 utrum
376 3099 447 3154 ab
477 3098 759 3169 apostolis
784 3100 1003 3166 priores
1027 3100 1117 3155 illi
1149 3114 1396 3157 canones
1419 3103 1639 3158 conditi
1664 3098 1795 3159 lue-'-

1974 1906 2143 1961 Linea
2277 1936 2353 1983 -ῖ
2365 1909 2468 1962 Hic
2496 1910 2811 1983 memoriam
2841 1910 2986 1983 beati
3013 1912 3161 1966 Petri
3215 1917 3539 1983 construmit,

1899 1980 2275 2053 etcomposuit.
2309 1980 2423 2053 Hoc
2443 1984 2548 2053 est,
2567 1980 2754 2053 locum
2784 1982 3037 2051 sepulcri
3069 1984 3195 2053 ejus
3218 1980 3539 2051 exornavit,

1897 2052 1955 2102 et
1982 2050 2269 2130 seorsima
2302 2049 2463 2130 plebe
2488 2049 3063 2130 ilocaincmm‘eteriis
3091 2049 3147 2111 et
3169 2058 3408 2130 cryptis,
3439 2049 3538 2113 ubi

1899 2125 2174 2190 martyres
2212 2121 2594 2191 sepeliuntur,
2643 2123 2936 2179 distinxit.

2623 2247 2829 2304 PAGII.

1896 2353 1963 2406 In
1981 2351 2319 2425 additionem
2338 2353 2585 2409 Fabrotti
2610 2370 2678 2409 ea:
2716 2354 2991 2410 codicibus
3022 2357 3205 2425 Regio,
3263 2359 3548 2415 Mazarino

1970 2428 2023 2478 et
2072 2424 2318 2489 Thuano,
2370 2426 2523 2495 apud
2584 2441 2681 2480 nos
2737 2428 2883 2480 inter
2932 2429 3119 2482 uarias
3200 2430 3471 2486 lectiones.

1970 2531 2120 2584 Duas
2150 2532 2314 2602 etiam
2352 2532 2651 2585 decretales
2681 2533 2957 2602 epistolas,
2983 2539 3092 2590 etc.
3125 2536 3261 2591 Tres
3289 2537 3549 2594 circum—

1903 2598 2175 2680 feruntur
2202 2601 2489 2680 Anacl_eii_
2520 2598 3036 2680 papa3__'decretales
3067 2608 3347 2676 epistolae,
3398 2624 3543 2680 quas

1870 2672 2118 2749 .eruditi
2149 2673 2563 2749 supposititias
2585 2675 2872 2749 judicant.
2903 2672 3211 2733 Prima'est
3231 2680 3300 2735 ad
3333 2672 3547 2738 cm'mes

1901 2745 2203 2813 episcOpos
2230 2749 2286 2798 et
2330 2744 2544 2811 ﬁdeles,
2595 2745 2693 2800 sed
2748 2753 2988 2802 consuta
3016 2753 3103 2803 est
3148 2754 3263 2805 tam
3306 2764 3374 2806 ex
3404 2751 3550 2808 locis

1902 2815 2216 2891 §cripturaa
2242 2817 2557 2891 secundum
2584 2816 2883 2891 vulgatam
2910 2820 3251 2888 versionem,
3283 2835 3455 2891 quam
3481 2838 3549 2880 ex

1902 2886 2210 2961 Clementis
2238 2887 2308 2942 ad
2345 2888 2613 2943 Jacobum
2642 2886 2941 2961 Epistolis,
2977 2891 3060 2945 uti
3088 2904 3157 2946 ex
3185 2886 3398 2961 Ruﬁni,
3432 2896 3550 2950 Da—

1908 2958 2069 3022 masi,
2117 2958 2480 3027 aliorumque
2530 2959 2981 3014 auctoritatibus
3014 2980 3027 3026 ;
3059 2962 3310 3018 secunda
3354 2958 3443 3019 est
3478 2967 3548 3021 ad

1903 3029 2207 3107 episcopos
2233 3027 2431 3107 Italiae,
2465 3029 2524 3083 in
2557 3036 2851 3107 qua__sunt
2882 3031 3210 3107 testimonia
3249 3046 3318 3088 ex
3347 3036 3553 3107 Augu—

1905 3100 2082 3163 stino,
2115 3100 2324 3173 ldacio,
2348 3099 2625 3173 Gregorio
2653 3102 2853 3173 Magno
2877 3101 3211 3171 deprompta
3240 3123 3256 3173 ;
3285 3099 3469 3161 tertia"
3480 3108 3549 3163 ad

138 3172 290 3245 rint,
326 3182 397 3224 an
422 3171 492 3225 ab
518 3163 851 3245 apostolicae
873 3171 1033 3245 sedis
1053 3173 1426 3245 praesulibus,
1444 3175 1541 3242 qui
1574 3181 1795 3243 apostn-
1828 3163 1875 3223 C
1906 3183 2102 3225 omnes
2138 3163 2493 3245 iepiscbpos:
2514 3163 2872 3245 ag_itque‘_de
2901 3163 3266 3243 patriarcbis',
3303 3189 3550 3245 quorum

138 3244 341 3299 lorum
382 3248 604 3298 aetatem
649 3242 904 3311 proxime
934 3243 1257 3313 attigerint,
1296 3252 1350 3299 et
1380 3244 1450 3299 ab
1481 3242 1796 3313 ipso’Ana—

137 3314 298 3370 cleto
332 3319 624 3380 ;attamen
677 3319 920 3386 constat,
955 3316 1175 3383 priores
1220 3316 1643 3386 quinquaginta
1671 3330 1796 3372 esse

139 3385 624 3455 antiquissimos.
664 3384 825 3454 Quod
862 3392 1050 3440 autem
1083 3384 1288 3441 attinet
1308 3384 1793 3456 ad'reputandum

133 3455 484 3513 Anacletum
516 3461 804 3511 auctorem
863 3462 1168 3512 structura:
1199 3455 1499 3523 Vaticante,
1545 3464 1601 3514 et
1644 3460 1793 3514 Petri

139 3531 461 3595 memorias,
515 3541 580 3582 ac
618 3528 1039 3598 designationis
1066 3528 1176 3585 loci
1208 3530 1276 3583 ad
1305 3529 1654 3585 sacriﬁcium
1681 3532 1795 3585 Deo

137 3599 501 3656 offerendum
519 3613 649 3655 cum
675 3599 1006 3655 recensione
1025 3604 1145 3654 tum
1167 3599 1351 3669 ipsius
1373 3601 1645 3667 nominis,
1672 3607 1792 3656 tum

139 3672 549 3741 proximorum
576 3669 885 3740 praesulum
909 3684 973 3725 ac
997 3679 1306 3740 martyrum
1338 3670 1552 3727 ibidem
1580 3685 1708 3727 cum
1728 3685 1793 3728 eo

138 3742 596 3812 quiescentium.
631 3748 743 3797 tam
775 3743 1099 3811 proximum
1148 3741 1469 3797 habendum
1500 3750 1583 3798 est
1617 3743 1796 3799 histo-

138 3815 281 3869 rica:
327 3813 672 3869 certitudini
727 3826 897 3882 quam
953 3814 1219 3869 maxime.
1294 3815 1454 3881 Nam,
1530 3820 1591 3869 ut
1643 3813 1791 3869 infra

138 3884 402 3955 legemus
426 3899 581 3940 num.
609 3882 643 3939 6
672 3890 727 3939 et
750 3881 810 3950 Ἷ,
836 3884 1217 3953 proximusab
1243 3884 1515 3940 Anacleto
1541 3883 1794 3951 pontifex

136 3957 446 4011 Evaristus
477 3957 667 4010 diuisa
700 3956 886 4009 titulos
916 3956 1250 4024 presbyteris
1278 3958 1338 4009 in
1367 3957 1499 4009 urbe
1526 3958 1714 4025 Roma,
1738 3962 1794 4011 et

138 4027 327 4096 hujus
343 4041 642 4083 successor
665 4026 982 4081 Alexander
1003 4028 1314 4080 Passionem
1338 4028 1557 4081 Domini
1579 4029 1796 4081 miseuit

136 4101 197 4151 in
209 4099 621 4167 precationibus
642 4098 982 4152 sacerdotum
996 4098 1218 4166 quando
1233 4100 1410 4152 missae
1424 4099 1531 4152 cele
1541 4099 1791 4151 brantur.

134 4171 323 4224 Erant
350 4170 545 4240 itaque
572 4170 741 4237 tituli,
781 4181 882 4224 seu
912 4169 1034 4224 loca
1063 4173 1218 4223 certa
1260 4169 1514 4224 ecclesiae
1544 4182 1795 4223 conven-

133 4241 305 4296 tibus
317 4239 623 4311 destinata,
642 4245 815 4310 atque
831 4240 1121 4309 mysteriis
1139 4239 1444 4308 perliciend
1457 4242 1534 4308 is;
1558 4241 1607 4294 si
1627 4241 1794 4296 hosce

134 4312 355 4368 titulos
371 4311 708 4367 Evaristusd
720 4311 898 4366 ivisit.
918 4312 1435 4379 Erantprecationes
1451 4311 1793 4365 sacerdotum

130 4384 267 4438 dum
301 4387 483 4437 missa
512 4383 874 4448 celebrantur,
910 4381 966 4436 id
990 4388 1072 4437 est
1104 4382 1236 4435 Ordo
1262 4398 1482 4451 precum
1506 4387 1555 4436 et
1583 4384 1791 4436 rituum

128 4470 425 4510 sacrorum
451 4452 658 4510 canoni
704 4454 894 4508 missze
919 4454 1289 4522 respondens,
1345 4467 1473 4509 cum
1516 4453 1788 4507 memoria

128 4525 555 4596 apostolorum,
610 4526 762 4580 unde
806 4523 939 4579 illas
968 4519 1295 4596 accepimus
1326 4541 1341 4589 ;
1375 4525 1424 4579 si
1468 4523 1788 4596 Alexander
1820 4524 1868 4585 D
1896 4519 2007 4596 git_
2042 4520 2189 4575 idem
2252 4519 2439 4596 Marsa
2472 4520 2752 4596 laudatus
2779 4533 2902 4588 cap.

130 4594 382 4652 miscuit
437 4597 762 4651 Passionem
815 4596 1169 4651 Dominicam
1230 4595 1434 4650 iisdem
1495 4594 1779 4663 precibus.

127 4668 359 4738 Quidni
390 4674 578 4722 autem
612 4666 799 4722 forent
829 4667 858 4720 ‘t
885 4680 1014 4722 cum
1044 4666 1307 4722 Justinus
1339 4673 1551 4735 martyr
1588 4667 1782 4738 eodem

127 4737 393 4808 secundo
442 4739 652 4794 saeculo
710 4752 823 4808 quo
881 4739 1031 4793 vixit
1099 4739 1429 4808 Evaristus,
1477 4742 1533 4792 et
1585 4737 1784 4808 paucis

125 4813 307 4867 annis
369 4807 614 4866 inferior
663 4807 1060 4865 Tertullianus
1100 4808 1217 4879 (hic
1270 4808 1330 4863 in
1373 4807 1520 4864 libro
1559 4807 1631 4879 de,
1677 4810 1785 4863 Co—

122 4900 269 4937 rona
308 4883 522 4947 militis,
569 4894 725 4936 num.
807 4880 858 4947 6,
919 4886 976 4937 et
1042 4878 1115 4935 in
1149 4880 1493 4947 Apologetico
1540 4878 1776 4947 advers.

123 4960 301 5021 gent,
336 4967 460 5022 cap.
502 4951 555 5017 3,
614 4952 714 5007 ille
765 4952 824 5006 in
876 4952 1144 5021 Apologia
1196 4946 1248 5013 4,
1284 4964 1440 5007 num.
1493 4946 1781 5022 87)eum—

120 5026 257 5080 dem
294 5021 473 5079 ferme
508 5024 768 5079 ordinem
803 5030 1127 5079 nostrarum
1161 5036 1446 5092 synaxeon
1484 5021 1553 5077 ad
1582 5034 1779 5075 sacra-

126 5103 323 5151 menta
347 5095 737 5151 eucharistica
764 5095 1085 5165 peragenda
1108 5100 1165 5150 et
1186 5093 1555 5163 percipienda
1576 5104 1779 5147 recen-

120 5176 315 5233 seam,
346 5179 516 5237 quem
540 5165 708 5222 hodie
728 5180 1022 5222 servamus
1050 5181 1063 5219 :
1095 5165 1201 5237 ubi
1226 5165 1405 5237 etiam
1434 5177 1629 5235 preces
1655 5176 1781 5237 me-

122 5235 437 5318 morantur
482 5242 597 5291 tam
630 5243 763 5318 ante
784 5250 953 5318 quam
1009 5244 1136 5306 post
1155 5235 1499 5318 oblationem
1522 5235 1701 5318 ‘panis
1725 5240 1781 5318 et

117 5310 272 5373 vini,
304 5316 363 5363 et
417 5322 621 5364 rursus
650 5309 781 5363 alia;
801 5306 942 5364 ante
978 5307 1462 5363 consecrationem
1484 5306 1555 5362 ab
1571 5321 1637 5363 eo
1676 5306 1777 5377 qui

120 5377 416 5435 fratribus
435 5379 801 5448 praeest,aliae
830 5381 1450 5450 postconsecrationem
1483 5378 1554 5433 ab
1582 5378 1777 5433 eodem

122 5452 699 5529 pariterrecitandaa,
719 5451 928 5529 populo
942 5451 1776 5529 universoacclamanteAmen.

126 5518 307 5599 Erant
337 5522 537 5599 igitur
556 5518 823 5599 universa
852 5522 988 5587 hIBC,
1013 5529 1249 5599 eratque
1291 5523 1461 5599 locus
1481 5518 1780 5599 ante‘alios

117 5594 352 5670 titulos
355 5587 764 5670 sanctissimus
778 5607 893 5649 sem
905 5608 1013 5670 per
1028 5587 1282 5657 habitus,
1308 5594 1364 5647 id
1384 5595 1470 5670 est
1493 5602 1594 5643 con
1606 5587 1777 5670 fessio

115 5664 281 5719 beati
321 5658 923 5742 ffetri,_tr_o_p:eum_ac
976 5664 1150 5742 limen
1199 5661 1629 5742 apostolorum:
1673 5658 1774 5742 ubi

114 5748 239 5813 pou
265 5733 456 5813 solum
475 5731 712 5813 vigiliae,
741 5736 1078 5813 psalmodia,
1098 5731 1773 5813 conventusantelucani,

115 5806 396 5885 litu_rgia,
426 5802 779 5885 sacriﬁcium
827 5802 1214 5885 celebraretur
1244 5805 1375 5874 ,sed
1407 5804 1578 5885 etiam
1610 5802 1777 5857 ordi-

114 5877 399 5934 nationes
436 5877 798 5933 sacerdotum
848 5878 1195 5933 haberentur
1235 5888 1302 5931 ac
1350 5877 1773 5943 ministrorum,

1908 3254 2111 3314 nomen
2137 3241 2241 3314 hoc
2258 3246 2314 3314 et
2335 3241 2597 3311 sequenti
2617 3240 2839 3314 saeculo
2854 3243 3136 3312 ignotum.
3161 3240 3422 3314 Denique
3442 3247 3552 3302 ha-

1904 3311 2000 3367 bet
2022 3312 2415 3388 testimonium
2449 3326 2517 3388 ex
2545 3311 2796 3388 concilio
2819 3311 3069 3369 Romano
3092 3313 3201 3370 sub
3221 3311 3474 3388 Gelasio,
3500 3324 3558 3375 et

1904 3395 1972 3438 ex
1996 3383 2134 3437 aliis
2180 3382 2597 3452 posterioribus
2623 3383 2908 3438 Patribus.

1974 3452 2135 3521 Quod
2194 3457 2402 3510 attinet
2452 3454 2521 3510 ad
2580 3454 2728 3509 alias
2779 3456 3165 3511 Romanorum
3210 3458 3549 3526 pontiﬁcum

1903 3525 2214 3599 decretales
2237 3526 2521 3599 epistolas
2540 3539 2722 3599 usque
2742 3525 2810 3580 ad
2833 3527 3132 3599 Siricium,
3171 3525 3315 3599 quas
3344 3543 3413 3585 ex
3435 3531 3555 3586 Isi-

1902 3596 2031 3651 dori
2063 3598 2394 3652 Mercatoris
2414 3596 2771 3665 collectione,
2796 3596 3461 3657 conciliorum'editores
3492 3603 3552 3657 in

1903 3668 2348 3741 suasieditiones
2381 3667 2822 3741 transtulerunt,
2850 3668 2988 3723 licet
3034 3683 3114 3724 ea:
3158 3683 3358 3741 magna
3408 3686 3554 3729 con-

1903 3739 2169 3794 sensione
2192 3744 2428 3807 receptae
2464 3736 2684 3793 fuerint
2731 3739 2903 3794 etiam
2931 3744 3062 3794 ante
3085 3736 3334 3797 medium
3366 3757 3555 3800 sacu-

1904 3808 2022 3883 lurn
2051 3810 2438 3883 undecimum,
2475 3822 2589 3880 quo
2635 3808 2967 3883 publicein
3009 3811 3227 3867 scholis
3257 3822 3553 3883 coeperunt

1907 3881 2136 3935 recitari
2172 3894 2237 3950 ;a
2260 3894 2375 3951 quo
2400 3885 2652 3949 tempore
2674 3894 2786 3935 non
2817 3880 3005 3936 solum
3030 3880 3412 3951 posteriorum
3447 3886 3554 3942 Ro-

1905 3964 2201 4007 manorum
2237 3952 2574 4020 pontiﬁcum
2625 3951 2883 4020 epistolae
2934 3952 3169 4009 illarum
3199 3956 3555 4014 testimoniis

1903 4022 2292 4098 abundarunt,
2333 4024 2431 4079 sed
2462 4023 2635 4078 etiam
2683 4024 2941 4079 omnium
2986 4024 3290 4098 doctorum
3331 4028 3550 4098 scripta

1906 4092 2535 4168 ubiqueipersonarunt
2564 4112 2576 4147 :
2612 4098 2925 4168 eas‘tamen
2970 4097 3417 4168 nongenuinas,
3450 4092 3549 4155 sed

1903 4162 2316 4239 supposititias
2344 4179 2467 4239 esse
2493 4162 2825 4239 omnesjere
2844 4166 3062 4239 eruditi
3094 4162 3342 4239 ingenue
3372 4162 3549 4226 faien-

1905 4240 2021 4305 tur,
2042 4235 2193 4291 inter
2207 4251 2352 4306 quos
2377 4238 2579 4291 Petrus
2602 4236 2871 4291 deMarca
2893 4235 2997 4291 lib.
3031 4251 3097 4293 ιιι
3127 4235 3199 4294 de
3221 4240 3541 4298 Concordia

1902 4307 2211 4381 sacerdotii
2242 4316 2297 4363 et
2341 4307 2593 4381 inperii,
2626 4314 2683 4363 et
2706 4307 3167 4381 “Schelestratius
3194 4310 3257 4366 in
3301 4319 3461 4381 parte
3506 4330 3547 4368 ιι

1896 4376 2287 4448 Antiquitatts
2345 4376 2651 4435 illustrata:
2688 4379 2922 4434 dissert.
2953 4377 3008 4435 3.

1972 4449 2239 4505 Rationes
2254 4451 2533 4521 arguendi
2556 4450 2942 4518 hasepistolas
2964 4466 3031 4505 su
3078 4450 3544 4520 positionisatti-

1972 4525 2004 4591 Li
2042 4520 2189 4575 idem
2252 4523 2439 4576 Marca
2472 4520 2741 4575 laudatus
2779 4533 2902 4588 cap.
2936 4518 2998 4591 i5,
3038 4465 3073 4591 ἕ
3116 4518 3166 4574 4.
3212 4522 3421 4589 Primo,
3470 4522 3542 4577 ob

2985 4562 2998 4589 ,
3040 4536 3071 4589 9
3116 4536 3166 4574 1.
3215 4536 3421 4589 l’l‘lmO,
3470 4536 3502 4577 ο

1895 4589 2193 4645 rerborum
2218 4592 2434 4656 sordes,
2466 4605 2498 4645 a
2515 4591 2755 4645 secundi
2778 4589 2998 4655 saeculi,
3022 4589 3137 4660 quo
3160 4592 3306 4646 datae
3325 4593 3543 4648 dicun-

1895 4661 2324 4734 tur,elegantia
2353 4669 2407 4717 et
2460 4662 2645 4716 nitore
2673 4661 3247 4734 alienas.”Secundo,
3297 4662 3369 4717 ob
3399 4664 3536 4734 styli

1892 4730 2798 4805 dissimilitudinem,eteuimdem
2820 4730 3110 4805 scribendi
3125 4730 3532 4805 characterem,

1895 4804 1992 4872 qui
2023 4804 2084 4858 in
2109 4803 2380 4859 omnibus
2395 4802 2658 4872 epistolis
2687 4803 2983 4870 occurrit;
3019 4802 3098 4858 ita
3125 4809 3189 4858 ut
3211 4803 3283 4859 ab
3301 4818 3415 4860 uno
3438 4802 3539 4861 au-

1888 4880 2064 4943 ctore,
2103 4886 2216 4929 non
2259 4888 2291 4928 a
2328 4874 2576 4929 diversis
2605 4872 2977 4944 pontiﬁcibus
3027 4874 3368 4944 conscriptae
3411 4889 3536 4931 esse

1888 4942 2214 5017 videantur.
2259 4945 2449 5000 Tertio
2479 4958 2547 5017 ex
2581 4958 2700 5017 usu
2754 4942 3223 5017 frequentissimo
3260 4942 3535 5017 “Vulgata;

1886 5016 2315 5088 Scripturarum
2346 5015 2659 5072 versionis:
2684 5016 2835 5070 unde
2854 5015 2937 5088 tit,
2956 5022 3168 5088 ut_post
3204 5015 3533 5088 Hieronymi

1887 5092 2107 5143 aetatem
2151 5086 2370 5143 efﬁctas
2420 5099 2551 5158 esse
2586 5099 2814 5140 necesse
2857 5086 2952 5158 sit.
3006 5086 3247 5158 Quarto,
3300 5086 3449 5158 quod
3479 5095 3535 5144 et

1891 5159 2254 5229 Hieronymo,
2289 5158 2390 5229 qui
2443 5157 2790 5229 scriptorum
2820 5157 3343 5229 ecclesiasticorum
3368 5165 3534 5215 cata-

1889 5229 2081 5301 logum
2112 5228 2341 5301 texuit,
2399 5235 2456 5284 et
2486 5228 2815 5284 Innocentio
2856 5234 2913 5283 et
2940 5228 3135 5301 Leoni,
3193 5230 3533 5300 caeterisque

1889 5299 2282 5371 pontiﬁcibus,
2315 5299 2556 5371 quarum
2587 5311 2867 5371 germanae
2894 5299 3252 5368 epistolaead
3280 5314 3385 5356 nos
3414 5299 3537 5370 per-

1886 5369 2184 5443 venerunt,
2225 5369 2489 5443 omnino,
2512 5369 2749 5426 fuerunt
2778 5369 3102 5443 incognitae,
3132 5372 3219 5426 uti
3244 5369 3533 5443 Dionysio

1887 5444 2133 5521 Exiguo,
2164 5441 2264 5513 Qui
2303 5443 2440 5498 dum
2463 5442 2651 5521 Romae
2680 5453 2885 5521 magno
2911 5441 3108 5521 studio
3137 5447 3195 5496 et
3224 5442 3535 5521 diligentia

1890 5511 2310 5584 praeteritorum
2332 5511 2663 5584 apostolica:
2683 5511 2839 5584 sedis
2870 5512 3185 5584 praesulum
3219 5511 3538 5568 constituta

1888 5582 2213 5658 colligebat,
2236 5582 2831 5658 tempore_.lustiniani
2865 5583 3246 5658 imperatoris,
3279 5584 3540 5658 a_Siricio

1888 5652 2125 5712 initium
2178 5652 2447 5725 sumpsit.
2479 5653 2712 5725 Quinto,
2762 5667 2831 5708 ex
2868 5652 3264 5709 observatione
3299 5655 3539 5710 Antonii

1884 5728 2198 5799 Augustini
2224 5724 2669 5799 Tarraconensis
2694 5724 3139 5799 archiepiscopi,
3164 5725 3264 5795 qui
3295 5725 3353 5780 in
3385 5727 3541 5799 notis

1886 5799 1955 5854 ad
1970 5795 2221 5869 capitula
2243 5797 2486 5853 Adriani
2506 5809 2660 5866 papa:
2678 5795 2935 5869 omnium
2958 5796 3180 5869 primus
3208 5797 3533 5869 annotavit:

1889 5890 1915 5922 «
1944 5866 2070 5940 Ipsa
2120 5870 2308 5941 legum
2366 5868 2866 5941 imperatoriarum
2913 5866 3103 5940 verba,
3150 5872 3206 5924 et
3262 5881 3387 5938 qua:
3430 5866 3539 5945 sub
