  <div class='ocr_page' id='page_1' title='image "/cluster/home/n/w/nwhite01/storage/ocr_20150623/127/hvd.32044054759881/574.png"; bbox 0 0 4036 6174; ppageno 0'>
   <div class='ocr_carea' id='block_1_1' title="bbox 192 333 349 391">
    <p class='ocr_par' dir='ltr' id='par_1_1' title="bbox 192 333 349 391">
     <span class='ocr_line' id='line_1_1' title="bbox 192 333 349 391; baseline 0.013 -2"><span class='ocrx_word' id='word_1_1' title='bbox 192 333 349 391; x_wconf 78' lang='grc'><strong>4437</strong></span> 
     </span>
    </p>
   </div>
   <div class='ocr_carea' id='block_1_2' title="bbox 1053 323 2795 399">
    <p class='ocr_par' dir='ltr' id='par_1_2' title="bbox 1053 323 2795 399">
     <span class='ocr_line' id='line_1_2' title="bbox 1053 323 2795 399; baseline 0.003 -10"><span class='ocrx_word' id='word_1_2' title='bbox 1053 333 1369 391; x_wconf 82' lang='lat' dir='ltr'><em>HISTORIA</em></span> <span class='ocrx_word' id='word_1_3' title='bbox 1410 338 1499 392; x_wconf 87' lang='lat' dir='ltr'><em>DE</em></span> <span class='ocrx_word' id='word_1_4' title='bbox 1539 323 1712 394; x_wconf 67' lang='lat' dir='ltr'><strong>VITIS</strong></span> <span class='ocrx_word' id='word_1_5' title='bbox 1749 339 1914 395; x_wconf 84' lang='lat' dir='ltr'><em>ROM.</em></span> <span class='ocrx_word' id='word_1_6' title='bbox 1964 339 2159 397; x_wconf 90' lang='lat' dir='ltr'><em>PONT.</em></span> <span class='ocrx_word' id='word_1_7' title='bbox 2191 373 2263 384; x_wconf 92' lang='lat'>—</span> <span class='ocrx_word' id='word_1_8' title='bbox 2299 344 2356 399; x_wconf 89' lang='lat' dir='ltr'><em>S.</em></span> <span class='ocrx_word' id='word_1_9' title='bbox 2397 340 2795 398; x_wconf 79' lang='lat' dir='ltr'><em>EVARISTUS.</em></span> 
     </span>
    </p>
   </div>
   <div class='ocr_carea' id='block_1_3' title="bbox 3470 344 3610 403">
    <p class='ocr_par' dir='ltr' id='par_1_3' title="bbox 3470 344 3610 403">
     <span class='ocr_line' id='line_1_3' title="bbox 3470 344 3610 403; baseline 0.021 -3"><span class='ocrx_word' id='word_1_10' title='bbox 3470 344 3610 403; x_wconf 88' lang='grc'><strong>4438</strong></span> 
     </span>
    </p>
   </div>
   <div class='ocr_carea' id='block_1_4' title="bbox 453 456 3611 549">
    <p class='ocr_par' dir='ltr' id='par_1_4' title="bbox 453 456 3611 549">
     <span class='ocr_line' id='line_1_4' title="bbox 453 456 3611 549; baseline 0.004 -30"><span class='ocrx_word' id='word_1_11' title='bbox 453 456 658 519; x_wconf 83' lang='lat' dir='ltr'><em>etiam</em></span> <span class='ocrx_word' id='word_1_12' title='bbox 696 456 1013 537; x_wconf 78' lang='lat' dir='ltr'><em>sepultus</em></span> <span class='ocrx_word' id='word_1_13' title='bbox 1053 462 1153 522; x_wconf 91' lang='lat' dir='ltr'><em>est</em></span> <span class='ocrx_word' id='word_1_14' title='bbox 1189 460 1406 539; x_wconf 74' lang='lat' dir='ltr'><em>jaata</em></span> <span class='ocrx_word' id='word_1_15' title='bbox 1437 479 1686 544; x_wconf 68' lang='lat' dir='ltr'><em>corpus</em></span> <span class='ocrx_word' id='word_1_16' title='bbox 1735 465 1911 527; x_wconf 80' lang='lat' dir='ltr'><em>beati</em></span> <span class='ocrx_word' id='word_1_17' title='bbox 1934 466 2135 528; x_wconf 75' lang='lat' dir='ltr'><em>Petri</em></span> <span class='ocrx_word' id='word_1_18' title='bbox 2161 466 2241 528; x_wconf 84' lang='lat' dir='ltr'><em>in</em></span> <span class='ocrx_word' id='word_1_19' title='bbox 2272 466 2678 530; x_wconf 72' lang='lat' dir='ltr'><em>Vaticanum</em></span> <span class='ocrx_word' id='word_1_20' title='bbox 2726 481 2778 543; x_wconf 71' lang='grc' dir='ltr'><em>δ,</em></span> <span class='ocrx_word' id='word_1_21' title='bbox 2812 484 2874 525; x_wconf 87' lang='grc' dir='ltr'><em>νι</em></span> <span class='ocrx_word' id='word_1_22' title='bbox 2903 466 3065 530; x_wconf 76' lang='grc' dir='ltr'><em>Καί.</em></span> <span class='ocrx_word' id='word_1_23' title='bbox 3098 467 3517 549; x_wconf 69' lang='lat' dir='ltr'><em>Novembris,</em></span> <span class='ocrx_word' id='word_1_24' title='bbox 3544 472 3611 532; x_wconf 89' lang='lat' dir='ltr'><em>et</em></span> 
     </span>
    </p>
   </div>
   <div class='ocr_carea' id='block_1_5' title="bbox 448 554 1578 637">
    <p class='ocr_par' dir='ltr' id='par_1_5' title="bbox 448 554 1578 637">
     <span class='ocr_line' id='line_1_5' title="bbox 448 554 1578 637; baseline 0.004 -21"><span class='ocrx_word' id='word_1_25' title='bbox 448 554 739 618; x_wconf 85' lang='lat' dir='ltr'><em>cessavit</em></span> <span class='ocrx_word' id='word_1_26' title='bbox 779 556 1213 637; x_wconf 78' lang='lat' dir='ltr'><em>episcopatus</em></span> <span class='ocrx_word' id='word_1_27' title='bbox 1242 560 1387 622; x_wconf 88' lang='lat' dir='ltr'><em>dies</em></span> <span class='ocrx_word' id='word_1_28' title='bbox 1416 579 1530 620; x_wconf 73' lang='grc' dir='ltr'><strong>χιχ</strong></span> <span class='ocrx_word' id='word_1_29' title='bbox 1551 570 1578 612; x_wconf 88' lang='lat' dir='ltr'><em>b</em></span> 
     </span>
    </p>
   </div>
   <div class='ocr_carea' id='block_1_6' title="bbox 1357 710 2441 777">
    <p class='ocr_par' dir='ltr' id='par_1_6' title="bbox 1357 710 2441 777">
     <span class='ocr_line' id='line_1_6' title="bbox 1357 710 2441 777; baseline 0 -5"><span class='ocrx_word' id='word_1_30' title='bbox 1357 710 1851 776; x_wconf 81' lang='lat' dir='ltr'><em>CATALOGUS</em></span> <span class='ocrx_word' id='word_1_31' title='bbox 1880 716 2038 777; x_wconf 89' lang='lat' dir='ltr'>SUB</span> <span class='ocrx_word' id='word_1_32' title='bbox 2081 715 2441 777; x_wconf 80' lang='lat' dir='ltr'><em>LIBERIO.</em></span> 
     </span>
    </p>
   </div>
   <div class='ocr_carea' id='block_1_7' title="bbox 278 845 3606 935">
    <p class='ocr_par' dir='ltr' id='par_1_7' title="bbox 278 845 3606 935">
     <span class='ocr_line' id='line_1_7' title="bbox 278 845 3606 935; baseline 0.002 -28"><span class='ocrx_word' id='word_1_33' title='bbox 278 845 635 908; x_wconf 83' lang='lat' dir='ltr'><em>Evaristus</em></span> <span class='ocrx_word' id='word_1_34' title='bbox 682 849 882 911; x_wconf 84' lang='lat' dir='ltr'><em>annis</em></span> <span class='ocrx_word' id='word_1_35' title='bbox 938 867 1051 929; x_wconf 87' lang='lat' dir='ltr'><em>xu,</em></span> <span class='ocrx_word' id='word_1_36' title='bbox 1103 850 1449 913; x_wconf 84' lang='lat' dir='ltr'><em>mensibus</em></span> <span class='ocrx_word' id='word_1_37' title='bbox 1502 868 1611 928; x_wconf 85' lang='lat' dir='ltr'><em>vn,</em></span> <span class='ocrx_word' id='word_1_38' title='bbox 1673 850 1909 913; x_wconf 89' lang='lat' dir='ltr'><em>diebus</em></span> <span class='ocrx_word' id='word_1_39' title='bbox 1952 869 2016 929; x_wconf 85' lang='lat' dir='ltr'><em>II,</em></span> <span class='ocrx_word' id='word_1_40' title='bbox 2067 851 2198 913; x_wconf 89' lang='lat' dir='ltr'><em>fuit</em></span> <span class='ocrx_word' id='word_1_41' title='bbox 2238 850 2649 930; x_wconf 85' lang='lat' dir='ltr'><em>temporibus</em></span> <span class='ocrx_word' id='word_1_42' title='bbox 2693 852 3077 915; x_wconf 85' lang='lat' dir='ltr'><em>novissimis</em></span> <span class='ocrx_word' id='word_1_43' title='bbox 3105 852 3498 935; x_wconf 84' lang='lat' dir='ltr'><em>Domitiani,</em></span> <span class='ocrx_word' id='word_1_44' title='bbox 3539 856 3606 922; x_wconf 88' lang='lat' dir='ltr'><em>et</em></span> 
     </span>
    </p>
   </div>
   <div class='ocr_carea' id='block_1_8' title="bbox 185 944 2837 1029">
    <p class='ocr_par' dir='ltr' id='par_1_8' title="bbox 185 944 2837 1029">
     <span class='ocr_line' id='line_1_8' title="bbox 185 944 2837 1029; baseline 0.002 -23"><span class='ocrx_word' id='word_1_45' title='bbox 185 946 459 1023; x_wconf 82' lang='lat' dir='ltr'><em>Nerva,</em></span> <span class='ocrx_word' id='word_1_46' title='bbox 491 947 557 1006; x_wconf 85' lang='lat' dir='ltr'><em>et</em></span> <span class='ocrx_word' id='word_1_47' title='bbox 584 944 880 1026; x_wconf 85' lang='lat' dir='ltr'><em>Trajani,</em></span> <span class='ocrx_word' id='word_1_48' title='bbox 910 964 952 1009; x_wconf 70' lang='grc' dir='ltr'><strong>α</strong></span> <span class='ocrx_word' id='word_1_49' title='bbox 980 948 1339 1010; x_wconf 80' lang='lat' dir='ltr'><em>consulatu</em></span> <span class='ocrx_word' id='word_1_50' title='bbox 1364 948 1669 1012; x_wconf 81' lang='lat' dir='ltr'><em>Valentis</em></span> <span class='ocrx_word' id='word_1_51' title='bbox 1698 951 1763 1011; x_wconf 90' lang='lat' dir='ltr'><em>et</em></span> <span class='ocrx_word' id='word_1_52' title='bbox 1791 948 1945 1010; x_wconf 89' lang='lat' dir='ltr'><em>Veri</em></span> <span class='ocrx_word' id='word_1_53' title='bbox 1981 964 2194 1029; x_wconf 87' lang='lat' dir='ltr'><em>usque</em></span> <span class='ocrx_word' id='word_1_54' title='bbox 2232 950 2428 1011; x_wconf 84' lang='lat' dir='ltr'><em>Gallo</em></span> <span class='ocrx_word' id='word_1_55' title='bbox 2456 952 2521 1010; x_wconf 91' lang='lat' dir='ltr'><em>et</em></span> <span class='ocrx_word' id='word_1_56' title='bbox 2550 948 2837 1012; x_wconf 83' lang='lat' dir='ltr'><em>Bradua.</em></span> 
     </span>
    </p>
   </div>
   <div class='ocr_carea' id='block_1_9' title="bbox 1361 1097 2439 1144">
    <p class='ocr_par' dir='ltr' id='par_1_9' title="bbox 1361 1097 2439 1144">
     <span class='ocr_line' id='line_1_9' title="bbox 1361 1097 2439 1144; baseline -0.001 -3"><span class='ocrx_word' id='word_1_57' title='bbox 1361 1098 1645 1143; x_wconf 72' lang='lat' dir='ltr'><em>NOTUL/E</em></span> <span class='ocrx_word' id='word_1_58' title='bbox 1667 1097 2083 1144; x_wconf 77' lang='lat' dir='ltr'><em>MARGINALES</em></span> <span class='ocrx_word' id='word_1_59' title='bbox 2115 1098 2439 1143; x_wconf 79' lang='lat' dir='ltr'><em>FABRO&#39;I&#39;I‘I</em></span> 
     </span>
    </p>
   </div>
   <div class='ocr_carea' id='block_1_10' title="bbox 263 1207 1018 1274">
    <p class='ocr_par' dir='ltr' id='par_1_10' title="bbox 263 1207 1018 1274">
     <span class='ocr_line' id='line_1_10' title="bbox 263 1207 1018 1274; baseline 0.005 -12"><span class='ocrx_word' id='word_1_60' title='bbox 263 1215 299 1246; x_wconf 68' lang='grc' dir='ltr'><strong>ι</strong></span> <span class='ocrx_word' id='word_1_61' title='bbox 328 1208 606 1265; x_wconf 88' lang='lat' dir='ltr'><em>Vaticano</em></span> <span class='ocrx_word' id='word_1_62' title='bbox 625 1209 683 1265; x_wconf 87' lang='lat' dir='ltr'><em>C.</em></span> <span class='ocrx_word' id='word_1_63' title='bbox 740 1207 769 1251; x_wconf 79' lang='grc' dir='ltr'><em>ι)</em></span> <span class='ocrx_word' id='word_1_64' title='bbox 818 1210 900 1266; x_wconf 84' lang='lat' dir='ltr'><em>CB</em></span> <span class='ocrx_word' id='word_1_65' title='bbox 930 1208 1018 1274; x_wconf 86' lang='grc'><strong>48,</strong></span> 
     </span>
    </p>
   </div>
   <div class='ocr_carea' id='block_1_11' title="bbox 1568 1284 2221 1357">
    <p class='ocr_par' dir='ltr' id='par_1_11' title="bbox 1568 1284 2221 1357">
     <span class='ocr_line' id='line_1_11' title="bbox 1568 1284 2221 1357; baseline -0.002 -16"><span class='ocrx_word' id='word_1_66' title='bbox 1568 1285 1800 1341; x_wconf 79' lang='lat' dir='ltr'><em>VARLE</em></span> <span class='ocrx_word' id='word_1_67' title='bbox 1825 1284 2221 1357; x_wconf 71' lang='lat' dir='ltr'><em>LECTIONES.</em></span> 
     </span>
    </p>
   </div>
   <div class='ocr_carea' id='block_1_12' title="bbox 509 1408 1566 1479">
    <p class='ocr_par' dir='ltr' id='par_1_12' title="bbox 509 1408 1566 1479">
     <span class='ocr_line' id='line_1_12' title="bbox 509 1408 1566 1479; baseline -0.003 -15"><span class='ocrx_word' id='word_1_68' title='bbox 509 1408 680 1479; x_wconf 84' lang='lat' dir='ltr'><em>Apud</em></span> <span class='ocrx_word' id='word_1_69' title='bbox 704 1408 1016 1462; x_wconf 87' lang='lat' dir='ltr'><em>Fabrottum</em></span> <span class='ocrx_word' id='word_1_70' title='bbox 1035 1423 1102 1462; x_wconf 75' lang='lat' dir='ltr'><em>ea:</em></span> <span class='ocrx_word' id='word_1_71' title='bbox 1130 1408 1308 1463; x_wconf 82' lang='lat' dir='ltr'><em>codice</em></span> <span class='ocrx_word' id='word_1_72' title='bbox 1326 1408 1566 1463; x_wconf 75' lang='lat' dir='ltr'><em>Freheri.</em></span> 
     </span>
    </p>
   </div>
   <div class='ocr_carea' id='block_1_13' title="bbox 267 1494 1692 1566">
    <p class='ocr_par' dir='ltr' id='par_1_13' title="bbox 267 1494 1692 1566">
     <span class='ocr_line' id='line_1_13' title="bbox 267 1494 1692 1566; baseline -0.005 -8"><span class='ocrx_word' id='word_1_73' title='bbox 267 1504 433 1558; x_wconf 86' lang='lat' dir='ltr'><em>Num.</em></span> <span class='ocrx_word' id='word_1_74' title='bbox 468 1498 519 1565; x_wconf 87' lang='lat'><em>6,</em></span> <span class='ocrx_word' id='word_1_75' title='bbox 552 1500 653 1552; x_wconf 86' lang='lat' dir='ltr'><em>lin.</em></span> <span class='ocrx_word' id='word_1_76' title='bbox 685 1494 740 1563; x_wconf 77' lang='grc'><em>4,</em></span> <span class='ocrx_word' id='word_1_77' title='bbox 766 1497 963 1562; x_wconf 83' lang='lat' dir='ltr'><em>AetB,</em></span> <span class='ocrx_word' id='word_1_78' title='bbox 993 1502 1199 1552; x_wconf 85' lang='lat' dir='ltr'><em>tamen.</em></span> <span class='ocrx_word' id='word_1_79' title='bbox 1237 1498 1336 1551; x_wconf 86' lang='lat' dir='ltr'><em>lin.</em></span> <span class='ocrx_word' id='word_1_80' title='bbox 1368 1496 1402 1553; x_wconf 92' lang='lat'>6</span> <span class='ocrx_word' id='word_1_81' title='bbox 1434 1500 1506 1566; x_wconf 76' lang='grc' dir='ltr'><strong>Α,</strong></span> <span class='ocrx_word' id='word_1_82' title='bbox 1528 1499 1692 1553; x_wconf 88' lang='lat' dir='ltr'><em>duas.</em></span> 
     </span>
    </p>
   </div>
   <div class='ocr_carea' id='block_1_14' title="bbox 414 1586 1592 1654">
    <p class='ocr_par' dir='ltr' id='par_1_14' title="bbox 414 1586 1592 1654">
     <span class='ocr_line' id='line_1_14' title="bbox 414 1586 1592 1654; baseline -0.003 -10"><span class='ocrx_word' id='word_1_83' title='bbox 414 1593 501 1644; x_wconf 78' lang='lat' dir='ltr'><em>Ea:</em></span> <span class='ocrx_word' id='word_1_84' title='bbox 529 1588 709 1642; x_wconf 80' lang='lat' dir='ltr'><em>codice</em></span> <span class='ocrx_word' id='word_1_85' title='bbox 730 1589 910 1654; x_wconf 84' lang='lat' dir='ltr'><em>Regio,</em></span> <span class='ocrx_word' id='word_1_86' title='bbox 939 1587 1222 1641; x_wconf 76' lang='lat' dir='ltr'><em>Mazarino</em></span> <span class='ocrx_word' id='word_1_87' title='bbox 1253 1592 1304 1640; x_wconf 89' lang='lat' dir='ltr'><em>et</em></span> <span class='ocrx_word' id='word_1_88' title='bbox 1346 1586 1592 1640; x_wconf 77' lang='lat' dir='ltr'><em>Thuano.</em></span> 
     </span>
    </p>
   </div>
   <div class='ocr_carea' id='block_1_15' title="bbox 269 1690 1854 1763">
    <p class='ocr_par' dir='ltr' id='par_1_15' title="bbox 269 1690 1854 1763">
     <span class='ocr_line' id='line_1_15' title="bbox 269 1690 1854 1763; baseline -0.003 -10"><span class='ocrx_word' id='word_1_89' title='bbox 269 1701 394 1755; x_wconf 85' lang='lat' dir='ltr'><em>Lin.</em></span> <span class='ocrx_word' id='word_1_90' title='bbox 430 1694 484 1763; x_wconf 76' lang='grc'><strong>2,</strong></span> <span class='ocrx_word' id='word_1_91' title='bbox 540 1708 674 1751; x_wconf 90' lang='lat' dir='ltr'><em>ann.</em></span> <span class='ocrx_word' id='word_1_92' title='bbox 720 1692 773 1760; x_wconf 90' lang='lat'><em>9,</em></span> <span class='ocrx_word' id='word_1_93' title='bbox 828 1706 899 1747; x_wconf 91' lang='lat' dir='ltr'><em>m.</em></span> <span class='ocrx_word' id='word_1_94' title='bbox 951 1690 1036 1759; x_wconf 87' lang='grc'><strong>40,</strong></span> <span class='ocrx_word' id='word_1_95' title='bbox 1091 1695 1148 1750; x_wconf 89' lang='lat' dir='ltr'><em>d.</em></span> <span class='ocrx_word' id='word_1_96' title='bbox 1199 1694 1254 1750; x_wconf 69' lang='lat'><em>2.</em></span> <span class='ocrx_word' id='word_1_97' title='bbox 1300 1694 1397 1747; x_wconf 86' lang='lat' dir='ltr'><em>lin.</em></span> <span class='ocrx_word' id='word_1_98' title='bbox 1458 1692 1510 1763; x_wconf 74' lang='grc'><em>4,</em></span> <span class='ocrx_word' id='word_1_99' title='bbox 1567 1694 1854 1751; x_wconf 87' lang='lat' dir='ltr'><em>consules.</em></span> 
     </span>
    </p>
   </div>
   <div class='ocr_carea' id='block_1_16' title="bbox 199 1763 1850 1835">
    <p class='ocr_par' dir='ltr' id='par_1_16' title="bbox 199 1763 1850 1835">
     <span class='ocr_line' id='line_1_16' title="bbox 199 1763 1850 1835; baseline -0.004 -9"><span class='ocrx_word' id='word_1_100' title='bbox 199 1773 309 1826; x_wconf 84' lang='lat' dir='ltr'><em>Hic</em></span> <span class='ocrx_word' id='word_1_101' title='bbox 340 1768 564 1824; x_wconf 89' lang='lat' dir='ltr'><em>titulos.</em></span> <span class='ocrx_word' id='word_1_102' title='bbox 616 1767 714 1819; x_wconf 82' lang='lat' dir='ltr'><em>lin.</em></span> <span class='ocrx_word' id='word_1_103' title='bbox 764 1763 818 1833; x_wconf 80' lang='grc'><strong>5,</strong></span> <span class='ocrx_word' id='word_1_104' title='bbox 873 1764 1148 1821; x_wconf 83' lang='lat' dir='ltr'><em>diaconos</em></span> <span class='ocrx_word' id='word_1_105' title='bbox 1192 1765 1505 1832; x_wconf 85' lang='lat' dir='ltr'><em>ordinavit,</em></span> <span class='ocrx_word' id='word_1_106' title='bbox 1553 1769 1654 1835; x_wconf 88' lang='lat' dir='ltr'><em>qui</em></span> <span class='ocrx_word' id='word_1_107' title='bbox 1704 1773 1850 1821; x_wconf 89' lang='lat' dir='ltr'><em>cust.</em></span> 
     </span>
    </p>
   </div>
   <div class='ocr_carea' id='block_1_17' title="bbox 199 1837 1851 1939">
    <p class='ocr_par' dir='ltr' id='par_1_17' title="bbox 199 1837 1851 1939">
     <span class='ocr_line' id='line_1_17' title="bbox 199 1837 1851 1939; baseline -0.003 -43"><span class='ocrx_word' id='word_1_108' title='bbox 199 1844 310 1939; x_wconf 41' lang='lat' dir='ltr'><em>lin}</em></span> <span class='ocrx_word' id='word_1_109' title='bbox 324 1841 386 1923; x_wconf 36' lang='grc'><strong>,6,</strong></span> <span class='ocrx_word' id='word_1_110' title='bbox 409 1846 648 1939; x_wconf 38' lang='lat' dir='ltr'><em>greater</em></span> <span class='ocrx_word' id='word_1_111' title='bbox 672 1837 973 1922; x_wconf 73' lang='lat' dir='ltr'><em>stimuium</em></span> <span class='ocrx_word' id='word_1_112' title='bbox 998 1838 1279 1939; x_wconf 42' lang='lat' dir='ltr'><em>vetitatis.</em></span> <span class='ocrx_word' id='word_1_113' title='bbox 1298 1837 1609 1939; x_wconf 49' lang='lat' dir='ltr'><em>gpz.,npei</em></span> 
     </span>
    </p>
   </div>
   <div class='ocr_carea' id='block_1_18' title="bbox 199 1907 1853 1976">
    <p class='ocr_par' dir='ltr' id='par_1_18' title="bbox 199 1907 1853 1976">
     <span class='ocr_line' id='line_1_18' title="bbox 199 1907 1853 1976; baseline -0.002 -9"><span class='ocrx_word' id='word_1_114' title='bbox 199 1929 249 1967; x_wconf 90' lang='lat' dir='ltr'><em>v.</em></span> <span class='ocrx_word' id='word_1_115' title='bbox 290 1907 393 1966; x_wconf 66' lang='lat' dir='ltr'><em>lin.</em></span> <span class='ocrx_word' id='word_1_116' title='bbox 409 1907 443 1966; x_wconf 80' lang='grc'><strong>7</strong></span> <span class='ocrx_word' id='word_1_117' title='bbox 461 1915 517 1965; x_wconf 89' lang='lat' dir='ltr'><em>et</em></span> <span class='ocrx_word' id='word_1_118' title='bbox 534 1911 571 1963; x_wconf 81' lang='lat'>8</span> <span class='ocrx_word' id='word_1_119' title='bbox 592 1921 830 1964; x_wconf 89' lang='lat' dir='ltr'><em>numero</em></span> <span class='ocrx_word' id='word_1_120' title='bbox 848 1908 901 1969; x_wconf 77' lang='grc' dir='ltr'><strong>ὅ,</strong></span> <span class='ocrx_word' id='word_1_121' title='bbox 927 1907 1027 1976; x_wconf 88' lang='lat' dir='ltr'><em>qui</em></span> <span class='ocrx_word' id='word_1_122' title='bbox 1046 1910 1217 1963; x_wconf 86' lang='lat' dir='ltr'><em>etiam</em></span> <span class='ocrx_word' id='word_1_123' title='bbox 1240 1909 1515 1976; x_wconf 83' lang='lat' dir='ltr'><em>martyrio</em></span> <span class='ocrx_word' id='word_1_124' title='bbox 1541 1914 1853 1965; x_wconf 85' lang='lat' dir='ltr'><em>coronatus</em></span> 
     </span>
    </p>
   </div>
   <div class='ocr_carea' id='block_1_19' title="bbox 192 1979 1516 2051">
    <p class='ocr_par' dir='ltr' id='par_1_19' title="bbox 192 1979 1516 2051">
     <span class='ocr_line' id='line_1_19' title="bbox 192 1979 1516 2051; baseline -0.005 -10"><span class='ocrx_word' id='word_1_125' title='bbox 192 1990 309 2048; x_wconf 87' lang='lat' dir='ltr'><em>est,</em></span> <span class='ocrx_word' id='word_1_126' title='bbox 340 1988 397 2039; x_wconf 91' lang='lat' dir='ltr'><em>et</em></span> <span class='ocrx_word' id='word_1_127' title='bbox 425 1982 687 2051; x_wconf 88' lang='lat' dir='ltr'><em>sepultus</em></span> <span class='ocrx_word' id='word_1_128' title='bbox 711 1980 756 2050; x_wconf 89' lang='lat' dir='ltr'><em>j.</em></span> <span class='ocrx_word' id='word_1_129' title='bbox 784 1993 835 2035; x_wconf 91' lang='lat' dir='ltr'><em>c.</em></span> <span class='ocrx_word' id='word_1_130' title='bbox 869 1979 1018 2035; x_wconf 87' lang='lat' dir='ltr'><em>beati</em></span> <span class='ocrx_word' id='word_1_131' title='bbox 1051 1981 1109 2033; x_wconf 93' lang='lat' dir='ltr'><em>P.</em></span> <span class='ocrx_word' id='word_1_132' title='bbox 1135 1979 1194 2034; x_wconf 90' lang='lat' dir='ltr'><em>in</em></span> <span class='ocrx_word' id='word_1_133' title='bbox 1218 1979 1516 2036; x_wconf 87' lang='lat' dir='ltr'><em>Vaticano.</em></span> 
     </span>
    </p>
   </div>
   <div class='ocr_carea' id='block_1_20' title="bbox 2225 1431 3338 1500">
    <p class='ocr_par' dir='ltr' id='par_1_20' title="bbox 2225 1431 3338 1500">
     <span class='ocr_line' id='line_1_20' title="bbox 2225 1431 3338 1500; baseline 0.002 -15"><span class='ocrx_word' id='word_1_134' title='bbox 2225 1431 2396 1500; x_wconf 82' lang='lat' dir='ltr'><em>Apud</em></span> <span class='ocrx_word' id='word_1_135' title='bbox 2429 1431 2764 1485; x_wconf 83' lang='lat' dir='ltr'><em>Holsteuium</em></span> <span class='ocrx_word' id='word_1_136' title='bbox 2794 1433 2845 1486; x_wconf 88' lang='lat' dir='ltr'><em>el</em></span> <span class='ocrx_word' id='word_1_137' title='bbox 2871 1431 3338 1489; x_wconf 82' lang='lat' dir='ltr'><em>Schelestratium.</em></span> 
     </span>
    </p>
   </div>
   <div class='ocr_carea' id='block_1_21' title="bbox 2033 1551 3599 1626">
    <p class='ocr_par' dir='ltr' id='par_1_21' title="bbox 2033 1551 3599 1626">
     <span class='ocr_line' id='line_1_21' title="bbox 2033 1551 3599 1626; baseline 0.004 -19"><span class='ocrx_word' id='word_1_138' title='bbox 2033 1551 2233 1626; x_wconf 72' lang='lat' dir='ltr'><em>Lin.2.</em></span> <span class='ocrx_word' id='word_1_139' title='bbox 2257 1554 2467 1626; x_wconf 76' lang='lat' dir='ltr'><em>Cassia.</em></span> <span class='ocrx_word' id='word_1_140' title='bbox 2501 1561 2549 1609; x_wconf 89' lang='lat' dir='ltr'><em>et</em></span> <span class='ocrx_word' id='word_1_141' title='bbox 2571 1557 2711 1610; x_wconf 84' lang='lat' dir='ltr'><em>Flor.</em></span> <span class='ocrx_word' id='word_1_142' title='bbox 2746 1557 2872 1622; x_wconf 88' lang='lat' dir='ltr'><em>duo,</em></span> <span class='ocrx_word' id='word_1_143' title='bbox 2904 1570 2994 1611; x_wconf 90' lang='lat' dir='ltr'><em>an.</em></span> <span class='ocrx_word' id='word_1_144' title='bbox 3026 1558 3121 1613; x_wconf 72' lang='grc' dir='ltr'><em>ιχ.</em></span> <span class='ocrx_word' id='word_1_145' title='bbox 3177 1559 3406 1613; x_wconf 75' lang='lat' dir='ltr'><em>Floreat.</em></span> <span class='ocrx_word' id='word_1_146' title='bbox 3473 1573 3599 1626; x_wconf 87' lang='lat' dir='ltr'><em>sec.,</em></span> 
     </span>
    </p>
   </div>
   <div class='ocr_carea' id='block_1_22' title="bbox 1956 1622 3609 1694">
    <p class='ocr_par' dir='ltr' id='par_1_22' title="bbox 1956 1622 3609 1694">
     <span class='ocr_line' id='line_1_22' title="bbox 1956 1622 3609 1694; baseline 0.003 -16"><span class='ocrx_word' id='word_1_147' title='bbox 1956 1625 2189 1694; x_wconf 67' lang='lat' dir='ltr'><em>anmx.</em></span> <span class='ocrx_word' id='word_1_148' title='bbox 2247 1627 2344 1680; x_wconf 84' lang='lat' dir='ltr'><em>lin.</em></span> <span class='ocrx_word' id='word_1_149' title='bbox 2396 1622 2448 1694; x_wconf 73' lang='grc'><em>4,</em></span> <span class='ocrx_word' id='word_1_150' title='bbox 2514 1626 2607 1681; x_wconf 86' lang='lat' dir='ltr'><em>hic</em></span> <span class='ocrx_word' id='word_1_151' title='bbox 2657 1627 2881 1692; x_wconf 76' lang='lat' dir='ltr'><em>titulos,</em></span> <span class='ocrx_word' id='word_1_152' title='bbox 2926 1632 3025 1683; x_wconf 89' lang='lat' dir='ltr'><em>etc.</em></span> <span class='ocrx_word' id='word_1_153' title='bbox 3076 1630 3373 1683; x_wconf 80' lang='lat' dir='ltr'><em>Deusdedit</em></span> <span class='ocrx_word' id='word_1_154' title='bbox 3419 1630 3514 1683; x_wconf 87' lang='lat' dir='ltr'><em>lib.</em></span> <span class='ocrx_word' id='word_1_155' title='bbox 3561 1622 3609 1684; x_wconf 25' lang='lat' dir='ltr'><em>l&#39;l</em></span> 
     </span>
    </p>
   </div>
   <div class='ocr_carea' id='block_1_23' title="bbox 1956 1693 3604 1770">
    <p class='ocr_par' dir='ltr' id='par_1_23' title="bbox 1956 1693 3604 1770">
     <span class='ocr_line' id='line_1_23' title="bbox 1956 1693 3604 1770; baseline 0.004 -21"><span class='ocrx_word' id='word_1_156' title='bbox 1956 1711 2083 1770; x_wconf 74' lang='lat' dir='ltr'><em>cap.</em></span> <span class='ocrx_word' id='word_1_157' title='bbox 2111 1693 2201 1764; x_wconf 86' lang='grc'><em>76,</em></span> <span class='ocrx_word' id='word_1_158' title='bbox 2224 1697 2377 1750; x_wconf 87' lang='lat' dir='ltr'><em>inm.</em></span> <span class='ocrx_word' id='word_1_159' title='bbox 2418 1712 2463 1770; x_wconf 84' lang='lat' dir='ltr'><em>s.</em></span> <span class='ocrx_word' id='word_1_160' title='bbox 2497 1698 2804 1770; x_wconf 73' lang='lat' dir='ltr'><em>collectione</em></span> <span class='ocrx_word' id='word_1_161' title='bbox 2833 1700 2965 1753; x_wconf 83' lang='lat' dir='ltr'><em>citat</em></span> <span class='ocrx_word' id='word_1_162' title='bbox 3021 1701 3164 1754; x_wconf 88' lang='lat' dir='ltr'><em>hunc</em></span> <span class='ocrx_word' id='word_1_163' title='bbox 3215 1702 3385 1755; x_wconf 87' lang='lat' dir='ltr'><em>locum</em></span> <span class='ocrx_word' id='word_1_164' title='bbox 3429 1715 3604 1770; x_wconf 71' lang='lat' dir='ltr'><em>usque</em></span> 
     </span>
    </p>
   </div>
   <div class='ocr_carea' id='block_1_24' title="bbox 1956 1767 3598 1839">
    <p class='ocr_par' dir='ltr' id='par_1_24' title="bbox 1956 1767 3598 1839">
     <span class='ocr_line' id='line_1_24' title="bbox 1956 1767 3598 1839; baseline 0.004 -19"><span class='ocrx_word' id='word_1_165' title='bbox 1956 1768 2030 1820; x_wconf 87' lang='lat' dir='ltr'><em>ad</em></span> <span class='ocrx_word' id='word_1_166' title='bbox 2092 1770 2362 1839; x_wconf 63' lang='lat' dir='ltr'><em>ueritatis.</em></span> <span class='ocrx_word' id='word_1_167' title='bbox 2446 1769 2541 1822; x_wconf 83' lang='lat' dir='ltr'><em>lin.</em></span> <span class='ocrx_word' id='word_1_168' title='bbox 2596 1767 2649 1839; x_wconf 87' lang='lat'><em>6,</em></span> <span class='ocrx_word' id='word_1_169' title='bbox 2706 1770 2892 1836; x_wconf 84' lang='lat' dir='ltr'><em>Cass.,</em></span> <span class='ocrx_word' id='word_1_170' title='bbox 2944 1771 3134 1825; x_wconf 87' lang='lat' dir='ltr'><em>ordiu.</em></span> <span class='ocrx_word' id='word_1_171' title='bbox 3167 1772 3332 1826; x_wconf 88' lang='lat' dir='ltr'><em>duas.</em></span> <span class='ocrx_word' id='word_1_172' title='bbox 3394 1767 3598 1839; x_wconf 40' lang='lat' dir='ltr'><em>linf&#39;l,</em></span> 
     </span>
    </p>
   </div>
   <div class='ocr_carea' id='block_1_25' title="bbox 1959 1836 3597 1909">
    <p class='ocr_par' dir='ltr' id='par_1_25' title="bbox 1959 1836 3597 1909">
     <span class='ocr_line' id='line_1_25' title="bbox 1959 1836 3597 1909; baseline 0.003 -17"><span class='ocrx_word' id='word_1_173' title='bbox 1959 1838 2150 1906; x_wconf 90' lang='lat' dir='ltr'><em>presb.</em></span> <span class='ocrx_word' id='word_1_174' title='bbox 2180 1836 2233 1893; x_wconf 90' lang='lat'><em>6.</em></span> <span class='ocrx_word' id='word_1_175' title='bbox 2262 1840 2402 1894; x_wconf 80' lang='lat' dir='ltr'><em>Flor.</em></span> <span class='ocrx_word' id='word_1_176' title='bbox 2435 1855 2537 1894; x_wconf 87' lang='lat' dir='ltr'><em>sec.</em></span> <span class='ocrx_word' id='word_1_177' title='bbox 2570 1836 2644 1893; x_wconf 62' lang='lat' dir='ltr'><em>et&#39;</em></span> <span class='ocrx_word' id='word_1_178' title='bbox 2669 1840 2840 1907; x_wconf 65' lang='lat' dir='ltr'><em>Cass,</em></span> <span class='ocrx_word' id='word_1_179' title='bbox 2893 1841 3081 1909; x_wconf 89' lang='lat' dir='ltr'><em>presb.</em></span> <span class='ocrx_word' id='word_1_180' title='bbox 3108 1842 3274 1898; x_wconf 85' lang='lat' dir='ltr'><strong>XVII.</strong></span> <span class='ocrx_word' id='word_1_181' title='bbox 3338 1844 3436 1896; x_wconf 84' lang='lat' dir='ltr'><em>lin.</em></span> <span class='ocrx_word' id='word_1_182' title='bbox 3476 1836 3597 1907; x_wconf 79' lang='lat' dir='ltr'><em>ead,</em></span> 
     </span>
    </p>
   </div>
   <div class='ocr_carea' id='block_1_26' title="bbox 1957 1909 3590 1981">
    <p class='ocr_par' dir='ltr' id='par_1_26' title="bbox 1957 1909 3590 1981">
     <span class='ocr_line' id='line_1_26' title="bbox 1957 1909 3590 1981; baseline 0.003 -19"><span class='ocrx_word' id='word_1_183' title='bbox 1957 1911 2103 1981; x_wconf 51' lang='lat' dir='ltr'><em>Cass:</em></span> <span class='ocrx_word' id='word_1_184' title='bbox 2147 1915 2198 1964; x_wconf 88' lang='lat' dir='ltr'><em>et</em></span> <span class='ocrx_word' id='word_1_185' title='bbox 2224 1911 2367 1963; x_wconf 87' lang='lat' dir='ltr'><em>Flor.</em></span> <span class='ocrx_word' id='word_1_186' title='bbox 2392 1925 2516 1973; x_wconf 85' lang='lat' dir='ltr'><em>sec.,</em></span> <span class='ocrx_word' id='word_1_187' title='bbox 2554 1910 2677 1967; x_wconf 90' lang='lat' dir='ltr'><em>loca</em></span> <span class='ocrx_word' id='word_1_188' title='bbox 2736 1909 2822 1968; x_wconf 83' lang='grc'><em>45.</em></span> <span class='ocrx_word' id='word_1_189' title='bbox 2874 1912 2971 1966; x_wconf 85' lang='lat' dir='ltr'><em>lin.</em></span> <span class='ocrx_word' id='word_1_190' title='bbox 3001 1912 3054 1981; x_wconf 85' lang='lat'><em>8,</em></span> <span class='ocrx_word' id='word_1_191' title='bbox 3086 1914 3252 1981; x_wconf 84' lang='lat' dir='ltr'><em>Flor.,</em></span> <span class='ocrx_word' id='word_1_192' title='bbox 3297 1914 3590 1970; x_wconf 84' lang='lat' dir='ltr'><em>Vaticano.</em></span> 
     </span>
    </p>
   </div>
   <div class='ocr_carea' id='block_1_27' title="bbox 1954 1978 2609 2043">
    <p class='ocr_par' dir='ltr' id='par_1_27' title="bbox 1954 1978 2609 2043">
     <span class='ocr_line' id='line_1_27' title="bbox 1954 1978 2609 2043; baseline 0.009 -11"><span class='ocrx_word' id='word_1_193' title='bbox 1954 1978 2053 2033; x_wconf 84' lang='lat' dir='ltr'><em>lin.</em></span> <span class='ocrx_word' id='word_1_194' title='bbox 2076 1978 2130 2043; x_wconf 88' lang='lat'><em>9,</em></span> <span class='ocrx_word' id='word_1_195' title='bbox 2170 1982 2294 2036; x_wconf 84' lang='lat' dir='ltr'><em>Vat.</em></span> <span class='ocrx_word' id='word_1_196' title='bbox 2327 1982 2453 2038; x_wconf 83' lang='lat' dir='ltr'><strong>XVI</strong></span> <span class='ocrx_word' id='word_1_197' title='bbox 2484 1982 2609 2038; x_wconf 85' lang='lat' dir='ltr'><em>Kal.</em></span> 
     </span>
    </p>
   </div>
   <div class='ocr_carea' id='block_1_28' title="bbox 1586 2112 2201 2171">
    <p class='ocr_par' dir='ltr' id='par_1_28' title="bbox 1586 2112 2201 2171">
     <span class='ocr_line' id='line_1_28' title="bbox 1586 2112 2201 2171; baseline 0.002 -3"><span class='ocrx_word' id='word_1_198' title='bbox 1586 2112 1789 2170; x_wconf 73' lang='grc' dir='ltr'>ΝΟΤᾸΞ</span> <span class='ocrx_word' id='word_1_199' title='bbox 1817 2112 2180 2171; x_wconf 83' lang='lat' dir='ltr'><em>VARIORUM</em></span> <span class='ocrx_word' id='word_1_200' title='bbox 2188 2155 2201 2169; x_wconf 94' lang='lat'><em>.</em></span> 
     </span>
    </p>
   </div>
   <div class='ocr_carea' id='block_1_29' title="bbox 812 2220 1236 2277">
    <p class='ocr_par' dir='ltr' id='par_1_29' title="bbox 812 2220 1236 2277">
     <span class='ocr_line' id='line_1_29' title="bbox 812 2220 1236 2277; baseline -0.005 0"><span class='ocrx_word' id='word_1_201' title='bbox 812 2220 1236 2277; x_wconf 77' lang='lat' dir='ltr'><em>ALTASERRA.</em></span> 
     </span>
    </p>
   </div>
   <div class='ocr_carea' id='block_1_30' title="bbox 267 2310 1849 2383">
    <p class='ocr_par' dir='ltr' id='par_1_30' title="bbox 267 2310 1849 2383">
     <span class='ocr_line' id='line_1_30' title="bbox 267 2310 1849 2383; baseline -0.009 -7"><span class='ocrx_word' id='word_1_202' title='bbox 267 2320 445 2376; x_wconf 84' lang='lat' dir='ltr'><em>Linea</em></span> <span class='ocrx_word' id='word_1_203' title='bbox 466 2313 519 2371; x_wconf 76' lang='grc'><strong>4.</strong></span> <span class='ocrx_word' id='word_1_204' title='bbox 547 2344 623 2355; x_wconf 94' lang='grc'><strong><em>-</em></strong></span> <span class='ocrx_word' id='word_1_205' title='bbox 650 2314 751 2367; x_wconf 88' lang='lat' dir='ltr'><em>Hic</em></span> <span class='ocrx_word' id='word_1_206' title='bbox 778 2312 966 2367; x_wconf 79' lang='lat' dir='ltr'><em>titulos</em></span> <span class='ocrx_word' id='word_1_207' title='bbox 986 2313 1051 2383; x_wconf 80' lang='lat' dir='ltr'><em>in</em></span> <span class='ocrx_word' id='word_1_208' title='bbox 1072 2310 1209 2383; x_wconf 80' lang='lat' dir='ltr'><em>urbe</em></span> <span class='ocrx_word' id='word_1_209' title='bbox 1260 2313 1424 2366; x_wconf 85' lang='lat' dir='ltr'><em>Roma</em></span> <span class='ocrx_word' id='word_1_210' title='bbox 1480 2313 1673 2367; x_wconf 81' lang='lat' dir='ltr'><em>divisit</em></span> <span class='ocrx_word' id='word_1_211' title='bbox 1712 2329 1849 2383; x_wconf 82' lang='lat' dir='ltr'><em>pre-</em></span> 
     </span>
    </p>
   </div>
   <div class='ocr_carea' id='block_1_31' title="bbox 189 2381 1849 2462">
    <p class='ocr_par' dir='ltr' id='par_1_31' title="bbox 189 2381 1849 2462">
     <span class='ocr_line' id='line_1_31' title="bbox 189 2381 1849 2462; baseline -0.005 -14"><span class='ocrx_word' id='word_1_212' title='bbox 189 2392 454 2462; x_wconf 79' lang='lat' dir='ltr'><em>sbyteris.</em></span> <span class='ocrx_word' id='word_1_213' title='bbox 494 2386 796 2462; x_wconf 72' lang='lat' dir='ltr'><em>Evaristus</em></span> <span class='ocrx_word' id='word_1_214' title='bbox 822 2385 877 2437; x_wconf 90' lang='lat' dir='ltr'><em>in</em></span> <span class='ocrx_word' id='word_1_215' title='bbox 914 2381 1059 2462; x_wconf 77' lang='lat' dir='ltr'><em>urbe</em></span> <span class='ocrx_word' id='word_1_216' title='bbox 1075 2382 1288 2462; x_wconf 73' lang='lat' dir='ltr'><em>titulos</em></span> <span class='ocrx_word' id='word_1_217' title='bbox 1316 2383 1522 2462; x_wconf 75' lang='lat' dir='ltr'><em>divisit</em></span> <span class='ocrx_word' id='word_1_218' title='bbox 1552 2381 1849 2462; x_wconf 69' lang='lat' dir='ltr'><em>presbyte—</em></span> 
     </span>
    </p>
   </div>
   <div class='ocr_carea' id='block_1_32' title="bbox 194 2453 1846 2525">
    <p class='ocr_par' dir='ltr' id='par_1_32' title="bbox 194 2453 1846 2525">
     <span class='ocr_line' id='line_1_32' title="bbox 194 2453 1846 2525; baseline -0.005 -5"><span class='ocrx_word' id='word_1_219' title='bbox 194 2453 284 2520; x_wconf 76' lang='lat' dir='ltr'><em>ris</em></span> <span class='ocrx_word' id='word_1_220' title='bbox 304 2481 317 2517; x_wconf 89' lang='lat'><strong>:</strong></span> <span class='ocrx_word' id='word_1_221' title='bbox 358 2462 415 2516; x_wconf 89' lang='lat' dir='ltr'><em>id</em></span> <span class='ocrx_word' id='word_1_222' title='bbox 442 2466 548 2525; x_wconf 89' lang='lat' dir='ltr'><em>est,</em></span> <span class='ocrx_word' id='word_1_223' title='bbox 581 2455 834 2524; x_wconf 81' lang='lat' dir='ltr'><em>singulis</em></span> <span class='ocrx_word' id='word_1_224' title='bbox 860 2453 1124 2509; x_wconf 88' lang='lat' dir='ltr'><em>ecclesiis</em></span> <span class='ocrx_word' id='word_1_225' title='bbox 1152 2453 1432 2525; x_wconf 89' lang='lat' dir='ltr'><em>imposuit</em></span> <span class='ocrx_word' id='word_1_226' title='bbox 1465 2453 1846 2525; x_wconf 85' lang='lat' dir='ltr'><em>presbyteros,</em></span> 
     </span>
    </p>
   </div>
   <div class='ocr_carea' id='block_1_33' title="bbox 194 2524 1849 2591">
    <p class='ocr_par' dir='ltr' id='par_1_33' title="bbox 194 2524 1849 2591">
     <span class='ocr_line' id='line_1_33' title="bbox 194 2524 1849 2591; baseline -0.007 1"><span class='ocrx_word' id='word_1_227' title='bbox 194 2538 257 2591; x_wconf 93' lang='lat' dir='ltr'><em>in</em></span> <span class='ocrx_word' id='word_1_228' title='bbox 289 2535 379 2590; x_wconf 88' lang='lat' dir='ltr'><em>eis</em></span> <span class='ocrx_word' id='word_1_229' title='bbox 409 2524 705 2586; x_wconf 73' lang='lat' dir='ltr'><em>ordinatos</em></span> <span class='ocrx_word' id='word_1_230' title='bbox 721 2525 829 2581; x_wconf 91' lang='lat' dir='ltr'><em>sub</em></span> <span class='ocrx_word' id='word_1_231' title='bbox 849 2538 1044 2581; x_wconf 90' lang='lat' dir='ltr'><em>earum</em></span> <span class='ocrx_word' id='word_1_232' title='bbox 1071 2524 1264 2579; x_wconf 85' lang='lat' dir='ltr'><em>titulo.</em></span> <span class='ocrx_word' id='word_1_233' title='bbox 1294 2526 1556 2581; x_wconf 90' lang='lat' dir='ltr'><em>Ecclesia</em></span> <span class='ocrx_word' id='word_1_234' title='bbox 1584 2527 1849 2582; x_wconf 81' lang='lat' dir='ltr'><em>diceban-</em></span> 
     </span>
    </p>
   </div>
   <div class='ocr_carea' id='block_1_34' title="bbox 194 2595 1851 2670">
    <p class='ocr_par' dir='ltr' id='par_1_34' title="bbox 194 2595 1851 2670">
     <span class='ocr_line' id='line_1_34' title="bbox 194 2595 1851 2670; baseline -0.007 -7"><span class='ocrx_word' id='word_1_235' title='bbox 194 2615 296 2662; x_wconf 92' lang='lat' dir='ltr'><em>tur</em></span> <span class='ocrx_word' id='word_1_236' title='bbox 327 2602 509 2666; x_wconf 88' lang='lat' dir='ltr'><em>tituli,</em></span> <span class='ocrx_word' id='word_1_237' title='bbox 557 2600 692 2670; x_wconf 88' lang='lat' dir='ltr'><em>quia</em></span> <span class='ocrx_word' id='word_1_238' title='bbox 718 2610 846 2652; x_wconf 92' lang='lat' dir='ltr'><em>cum</em></span> <span class='ocrx_word' id='word_1_239' title='bbox 876 2595 1652 2670; x_wconf 71' lang='lat' dir='ltr'><em>presbyteriordinabuntur,</em></span> <span class='ocrx_word' id='word_1_240' title='bbox 1682 2599 1851 2670; x_wconf 86' lang='lat' dir='ltr'><em>ordi-</em></span> 
     </span>
    </p>
   </div>
   <div class='ocr_carea' id='block_1_35' title="bbox 196 2666 1852 2733">
    <p class='ocr_par' dir='ltr' id='par_1_35' title="bbox 196 2666 1852 2733">
     <span class='ocr_line' id='line_1_35' title="bbox 196 2666 1852 2733; baseline -0.005 0"><span class='ocrx_word' id='word_1_241' title='bbox 196 2678 360 2733; x_wconf 81' lang='lat' dir='ltr'><em>natio</em></span> <span class='ocrx_word' id='word_1_242' title='bbox 386 2673 553 2729; x_wconf 87' lang='lat' dir='ltr'><em>ﬁebat</em></span> <span class='ocrx_word' id='word_1_243' title='bbox 573 2666 679 2726; x_wconf 80' lang='lat' dir='ltr'><em>sub</em></span> <span class='ocrx_word' id='word_1_244' title='bbox 709 2681 905 2723; x_wconf 90' lang='lat' dir='ltr'><em>earum</em></span> <span class='ocrx_word' id='word_1_245' title='bbox 926 2666 1119 2722; x_wconf 87' lang='lat' dir='ltr'><em>titulo.</em></span> <span class='ocrx_word' id='word_1_246' title='bbox 1170 2666 1474 2723; x_wconf 83' lang='lat' dir='ltr'><em>Ordinatio</em></span> <span class='ocrx_word' id='word_1_247' title='bbox 1530 2666 1647 2724; x_wconf 92' lang='lat' dir='ltr'><em>non</em></span> <span class='ocrx_word' id='word_1_248' title='bbox 1682 2669 1852 2725; x_wconf 90' lang='lat' dir='ltr'><em>ﬁebat</em></span> 
     </span>
    </p>
   </div>
   <div class='ocr_carea' id='block_1_36' title="bbox 196 2738 1851 2811">
    <p class='ocr_par' dir='ltr' id='par_1_36' title="bbox 196 2738 1851 2811">
     <span class='ocr_line' id='line_1_36' title="bbox 196 2738 1851 2811; baseline -0.006 -6"><span class='ocrx_word' id='word_1_249' title='bbox 196 2751 329 2805; x_wconf 88' lang='lat' dir='ltr'><em>sine</em></span> <span class='ocrx_word' id='word_1_250' title='bbox 355 2743 551 2806; x_wconf 89' lang='lat' dir='ltr'><em>titulo,</em></span> <span class='ocrx_word' id='word_1_251' title='bbox 576 2742 632 2797; x_wconf 90' lang='lat' dir='ltr'><em>id</em></span> <span class='ocrx_word' id='word_1_252' title='bbox 654 2746 740 2796; x_wconf 90' lang='lat' dir='ltr'><em>est</em></span> <span class='ocrx_word' id='word_1_253' title='bbox 769 2740 1123 2811; x_wconf 82' lang='lat' dir='ltr'><em>ascriptione</em></span> <span class='ocrx_word' id='word_1_254' title='bbox 1149 2745 1315 2794; x_wconf 86' lang='lat' dir='ltr'><em>certa</em></span> <span class='ocrx_word' id='word_1_255' title='bbox 1337 2738 1622 2804; x_wconf 88' lang='lat' dir='ltr'><em>Ecclesia,</em></span> <span class='ocrx_word' id='word_1_256' title='bbox 1646 2741 1704 2795; x_wconf 91' lang='lat' dir='ltr'><em>in</em></span> <span class='ocrx_word' id='word_1_257' title='bbox 1738 2754 1851 2811; x_wconf 90' lang='lat' dir='ltr'><em>qua</em></span> 
     </span>
    </p>
   </div>
   <div class='ocr_carea' id='block_1_37' title="bbox 195 2810 1847 2878">
    <p class='ocr_par' dir='ltr' id='par_1_37' title="bbox 195 2810 1847 2878">
     <span class='ocr_line' id='line_1_37' title="bbox 195 2810 1847 2878; baseline -0.01 -2"><span class='ocrx_word' id='word_1_258' title='bbox 195 2821 505 2876; x_wconf 88' lang='lat' dir='ltr'><em>ordinatus</em></span> <span class='ocrx_word' id='word_1_259' title='bbox 533 2810 1140 2876; x_wconf 89' lang='lat' dir='ltr'><em>titulatusdicebatur,</em></span> <span class='ocrx_word' id='word_1_260' title='bbox 1195 2823 1317 2864; x_wconf 88' lang='lat' dir='ltr'><em>can.</em></span> <span class='ocrx_word' id='word_1_261' title='bbox 1372 2812 1669 2878; x_wconf 79' lang='lat' dir='ltr'><em>Neminem,</em></span> <span class='ocrx_word' id='word_1_262' title='bbox 1724 2810 1847 2866; x_wconf 74' lang='lat' dir='ltr'><em>can.</em></span> 
     </span>
    </p>
   </div>
   <div class='ocr_carea' id='block_1_38' title="bbox 195 2881 1850 2954">
    <p class='ocr_par' dir='ltr' id='par_1_38' title="bbox 195 2881 1850 2954">
     <span class='ocr_line' id='line_1_38' title="bbox 195 2881 1850 2954; baseline -0.007 -8"><span class='ocrx_word' id='word_1_263' title='bbox 195 2891 543 2951; x_wconf 80' lang='lat' dir='ltr'><em>Sanctorum,</em></span> <span class='ocrx_word' id='word_1_264' title='bbox 570 2882 642 2940; x_wconf 86' lang='lat'><strong>70</strong></span> <span class='ocrx_word' id='word_1_265' title='bbox 667 2884 802 2939; x_wconf 88' lang='lat' dir='ltr'><em>dist.</em></span> <span class='ocrx_word' id='word_1_266' title='bbox 851 2881 1183 2954; x_wconf 55' lang='lat' dir='ltr'><em>Augustin.</em></span> <span class='ocrx_word' id='word_1_267' title='bbox 1215 2881 1284 2935; x_wconf 90' lang='lat' dir='ltr'><em>de</em></span> <span class='ocrx_word' id='word_1_268' title='bbox 1328 2882 1474 2954; x_wconf 83' lang='lat' dir='ltr'><em>Bon.</em></span> <span class='ocrx_word' id='word_1_269' title='bbox 1526 2883 1812 2954; x_wconf 85' lang='lat' dir='ltr'><em>conjugal.</em></span> <span class='ocrx_word' id='word_1_270' title='bbox 1835 2923 1850 2949; x_wconf 89' lang='lat'><em>,</em></span> 
     </span>
    </p>
   </div>
   <div class='ocr_carea' id='block_1_39' title="bbox 195 2952 1851 3028">
    <p class='ocr_par' dir='ltr' id='par_1_39' title="bbox 195 2952 1851 3028">
     <span class='ocr_line' id='line_1_39' title="bbox 195 2952 1851 3028; baseline -0.005 -11"><span class='ocrx_word' id='word_1_271' title='bbox 195 2978 245 3018; x_wconf 92' lang='lat' dir='ltr'><em>c.</em></span> <span class='ocrx_word' id='word_1_272' title='bbox 262 2959 356 3017; x_wconf 73' lang='grc'><em>24.</em></span> <span class='ocrx_word' id='word_1_273' title='bbox 376 2980 401 3010; x_wconf 79' lang='grc' dir='ltr'>α</span> <span class='ocrx_word' id='word_1_274' title='bbox 417 2956 664 3028; x_wconf 88' lang='lat' dir='ltr'><em>Quemad</em></span> <span class='ocrx_word' id='word_1_275' title='bbox 675 2955 900 3028; x_wconf 85' lang='lat' dir='ltr'><em>modum</em></span> <span class='ocrx_word' id='word_1_276' title='bbox 915 2954 963 3028; x_wconf 87' lang='lat' dir='ltr'><em>si</em></span> <span class='ocrx_word' id='word_1_277' title='bbox 980 2952 1187 3028; x_wconf 77' lang='lat' dir='ltr'><em>ﬁatord</em></span> <span class='ocrx_word' id='word_1_278' title='bbox 1200 2953 1378 3008; x_wconf 92' lang='lat' dir='ltr'><em>inatio</em></span> <span class='ocrx_word' id='word_1_279' title='bbox 1391 2952 1529 3028; x_wconf 86' lang='lat' dir='ltr'><em>cleri</em></span> <span class='ocrx_word' id='word_1_280' title='bbox 1545 2954 1610 3008; x_wconf 89' lang='lat' dir='ltr'><em>ad</em></span> <span class='ocrx_word' id='word_1_281' title='bbox 1636 2952 1851 3028; x_wconf 80' lang='lat' dir='ltr'><em>plebem</em></span> 
     </span>
    </p>
   </div>
   <div class='ocr_carea' id='block_1_40' title="bbox 196 3023 1851 3103">
    <p class='ocr_par' dir='ltr' id='par_1_40' title="bbox 196 3023 1851 3103">
     <span class='ocr_line' id='line_1_40' title="bbox 196 3023 1851 3103; baseline -0.007 -14"><span class='ocrx_word' id='word_1_282' title='bbox 196 3023 680 3103; x_wconf 71' lang='lat' dir='ltr'><em>congregandam,</em></span> <span class='ocrx_word' id='word_1_283' title='bbox 698 3025 868 3080; x_wconf 89' lang='lat' dir='ltr'><em>etiam</em></span> <span class='ocrx_word' id='word_1_284' title='bbox 898 3027 948 3103; x_wconf 94' lang='lat' dir='ltr'><em>si</em></span> <span class='ocrx_word' id='word_1_285' title='bbox 980 3023 1164 3103; x_wconf 65' lang='lat' dir='ltr'><em>plebis</em></span> <span class='ocrx_word' id='word_1_286' title='bbox 1185 3025 1554 3103; x_wconf 71' lang='lat' dir='ltr'><em>congregatio</em></span> <span class='ocrx_word' id='word_1_287' title='bbox 1577 3039 1686 3080; x_wconf 92' lang='lat' dir='ltr'><em>non</em></span> <span class='ocrx_word' id='word_1_288' title='bbox 1706 3027 1851 3080; x_wconf 86' lang='lat' dir='ltr'><em>sub-</em></span> 
     </span>
    </p>
   </div>
   <div class='ocr_carea' id='block_1_41' title="bbox 194 3094 1853 3174">
    <p class='ocr_par' dir='ltr' id='par_1_41' title="bbox 194 3094 1853 3174">
     <span class='ocr_line' id='line_1_41' title="bbox 194 3094 1853 3174; baseline -0.006 -14"><span class='ocrx_word' id='word_1_289' title='bbox 194 3094 497 3174; x_wconf 73' lang='lat' dir='ltr'><em>sequatur,</em></span> <span class='ocrx_word' id='word_1_290' title='bbox 521 3103 709 3174; x_wconf 83' lang='lat' dir='ltr'><em>manet</em></span> <span class='ocrx_word' id='word_1_291' title='bbox 726 3105 914 3174; x_wconf 73' lang='lat' dir='ltr'><em>tamen</em></span> <span class='ocrx_word' id='word_1_292' title='bbox 934 3096 991 3149; x_wconf 91' lang='lat' dir='ltr'><em>in</em></span> <span class='ocrx_word' id='word_1_293' title='bbox 1022 3094 1144 3174; x_wconf 82' lang='lat' dir='ltr'><em>illis</em></span> <span class='ocrx_word' id='word_1_294' title='bbox 1161 3094 1503 3174; x_wconf 77' lang='lat' dir='ltr'><em>ordinandis</em></span> <span class='ocrx_word' id='word_1_295' title='bbox 1522 3109 1853 3174; x_wconf 82' lang='lat' dir='ltr'><em>sacramen-</em></span> 
     </span>
    </p>
   </div>
   <div class='ocr_carea' id='block_1_42' title="bbox 196 3167 1846 3235">
    <p class='ocr_par' dir='ltr' id='par_1_42' title="bbox 196 3167 1846 3235">
     <span class='ocr_line' id='line_1_42' title="bbox 196 3167 1846 3235; baseline -0.007 -4"><span class='ocrx_word' id='word_1_296' title='bbox 196 3167 322 3231; x_wconf 79' lang='lat' dir='ltr'><em>tum</em></span> <span class='ocrx_word' id='word_1_297' title='bbox 347 3169 759 3228; x_wconf 85' lang='lat' dir='ltr'><em>ordinationis.</em></span> <span class='ocrx_word' id='word_1_298' title='bbox 796 3185 821 3217; x_wconf 85' lang='grc'><strong>››</strong></span> <span class='ocrx_word' id='word_1_299' title='bbox 851 3167 995 3221; x_wconf 86' lang='lat' dir='ltr'><em>llinc</em></span> <span class='ocrx_word' id='word_1_300' title='bbox 1017 3167 1377 3221; x_wconf 88' lang='lat' dir='ltr'><em>ordinandus</em></span> <span class='ocrx_word' id='word_1_301' title='bbox 1406 3167 1464 3221; x_wconf 92' lang='lat' dir='ltr'><em>in</em></span> <span class='ocrx_word' id='word_1_302' title='bbox 1492 3167 1846 3235; x_wconf 84' lang='lat' dir='ltr'><em>episcopum,</em></span> 
     </span>
    </p>
   </div>
   <div class='ocr_carea' id='block_1_43' title="bbox 194 3238 1849 3311">
    <p class='ocr_par' dir='ltr' id='par_1_43' title="bbox 194 3238 1849 3311">
     <span class='ocr_line' id='line_1_43' title="bbox 194 3238 1849 3311; baseline -0.009 -9"><span class='ocrx_word' id='word_1_303' title='bbox 194 3246 452 3302; x_wconf 89' lang='lat' dir='ltr'><em>nondum</em></span> <span class='ocrx_word' id='word_1_304' title='bbox 476 3241 781 3311; x_wconf 84' lang='lat' dir='ltr'><em>presbyter,</em></span> <span class='ocrx_word' id='word_1_305' title='bbox 810 3239 973 3311; x_wconf 83' lang='lat' dir='ltr'><em>prius</em></span> <span class='ocrx_word' id='word_1_306' title='bbox 989 3238 1437 3311; x_wconf 73' lang='lat' dir='ltr'><em>ordinabaturin</em></span> <span class='ocrx_word' id='word_1_307' title='bbox 1456 3238 1849 3311; x_wconf 75' lang='lat' dir='ltr'><em>presbyterum</em></span> 
     </span>
    </p>
   </div>
   <div class='ocr_carea' id='block_1_44' title="bbox 192 3306 1849 3377">
    <p class='ocr_par' dir='ltr' id='par_1_44' title="bbox 192 3306 1849 3377">
     <span class='ocr_line' id='line_1_44' title="bbox 192 3306 1849 3377; baseline -0.006 -4"><span class='ocrx_word' id='word_1_308' title='bbox 192 3318 307 3374; x_wconf 89' lang='lat' dir='ltr'><em>sub</em></span> <span class='ocrx_word' id='word_1_309' title='bbox 329 3306 502 3370; x_wconf 78' lang='lat' dir='ltr'><em>titulo</em></span> <span class='ocrx_word' id='word_1_310' title='bbox 530 3306 695 3367; x_wconf 73' lang='lat' dir='ltr'><em>certa</em></span> <span class='ocrx_word' id='word_1_311' title='bbox 724 3309 1226 3377; x_wconf 84' lang='lat' dir='ltr'><em>Ecclesia.Regin.</em></span> <span class='ocrx_word' id='word_1_312' title='bbox 1246 3306 1297 3362; x_wconf 78' lang='lat'><em>‘2.</em></span> <span class='ocrx_word' id='word_1_313' title='bbox 1324 3308 1591 3363; x_wconf 86' lang='lat' dir='ltr'><em>Chronic.</em></span> <span class='ocrx_word' id='word_1_314' title='bbox 1624 3306 1648 3360; x_wconf 65' lang='grc' dir='ltr'><em>ξ(</em></span> <span class='ocrx_word' id='word_1_315' title='bbox 1678 3309 1849 3363; x_wconf 86' lang='lat' dir='ltr'><em>Porro</em></span> 
     </span>
    </p>
   </div>
   <div class='ocr_carea' id='block_1_45' title="bbox 188 3379 1851 3455">
    <p class='ocr_par' dir='ltr' id='par_1_45' title="bbox 188 3379 1851 3455">
     <span class='ocr_line' id='line_1_45' title="bbox 188 3379 1851 3455; baseline -0.01 -11"><span class='ocrx_word' id='word_1_316' title='bbox 188 3389 447 3444; x_wconf 81' lang='lat' dir='ltr'><em>Colonia</em></span> <span class='ocrx_word' id='word_1_317' title='bbox 476 3383 767 3455; x_wconf 80' lang='lat' dir='ltr'><em>Agripina</em></span> <span class='ocrx_word' id='word_1_318' title='bbox 798 3393 895 3455; x_wconf 64' lang='lat' dir='ltr'><em>rei:</em></span> <span class='ocrx_word' id='word_1_319' title='bbox 916 3379 1255 3455; x_wconf 76' lang='lat' dir='ltr'><em>iliiduinum</em></span> <span class='ocrx_word' id='word_1_320' title='bbox 1304 3379 1562 3455; x_wconf 78' lang='lat' dir='ltr'><em>abbatem</em></span> <span class='ocrx_word' id='word_1_321' title='bbox 1624 3393 1851 3455; x_wconf 46' lang='grc' dir='ltr'><em>βρωμο-</em></span> 
     </span>
    </p>
   </div>
   <div class='ocr_carea' id='block_1_46' title="bbox 192 3449 1847 3521">
    <p class='ocr_par' dir='ltr' id='par_1_46' title="bbox 192 3449 1847 3521">
     <span class='ocr_line' id='line_1_46' title="bbox 192 3449 1847 3521; baseline -0.008 -6"><span class='ocrx_word' id='word_1_322' title='bbox 192 3472 332 3516; x_wconf 88' lang='lat' dir='ltr'><em>nere</em></span> <span class='ocrx_word' id='word_1_323' title='bbox 359 3449 670 3512; x_wconf 70' lang='lat' dir='ltr'><em>tentavitin</em></span> <span class='ocrx_word' id='word_1_324' title='bbox 694 3451 1007 3521; x_wconf 88' lang='lat' dir='ltr'><em>pontiﬁcali</em></span> <span class='ocrx_word' id='word_1_325' title='bbox 1032 3449 1587 3520; x_wconf 85' lang='lat' dir='ltr'><em>cathedra,fecitque</em></span> <span class='ocrx_word' id='word_1_326' title='bbox 1607 3464 1639 3505; x_wconf 91' lang='lat' dir='ltr'><em>a</em></span> <span class='ocrx_word' id='word_1_327' title='bbox 1666 3452 1847 3504; x_wconf 87' lang='lat' dir='ltr'><em>Fran—</em></span> 
     </span>
    </p>
   </div>
   <div class='ocr_carea' id='block_1_47' title="bbox 190 3521 1849 3597">
    <p class='ocr_par' dir='ltr' id='par_1_47' title="bbox 190 3521 1849 3597">
     <span class='ocr_line' id='line_1_47' title="bbox 190 3521 1849 3597; baseline -0.007 -11"><span class='ocrx_word' id='word_1_328' title='bbox 190 3543 336 3586; x_wconf 91' lang='lat' dir='ltr'><em>cone</em></span> <span class='ocrx_word' id='word_1_329' title='bbox 366 3529 636 3597; x_wconf 87' lang='lat' dir='ltr'><em>episcopo</em></span> <span class='ocrx_word' id='word_1_330' title='bbox 656 3523 1010 3597; x_wconf 72' lang='lat' dir='ltr'><em>Tungrensis</em></span> <span class='ocrx_word' id='word_1_331' title='bbox 1035 3522 1312 3597; x_wconf 83' lang='lat' dir='ltr'><em>Dioecesis</em></span> <span class='ocrx_word' id='word_1_332' title='bbox 1346 3523 1403 3575; x_wconf 91' lang='lat' dir='ltr'><em>in</em></span> <span class='ocrx_word' id='word_1_333' title='bbox 1452 3521 1849 3597; x_wconf 33' lang='lat' dir='ltr'><em>Aquis—{alae</em></span> 
     </span>
    </p>
   </div>
   <div class='ocr_carea' id='block_1_48' title="bbox 1874 2224 3604 2295">
    <p class='ocr_par' dir='ltr' id='par_1_48' title="bbox 1874 2224 3604 2295">
     <span class='ocr_line' id='line_1_48' title="bbox 1874 2224 3604 2295; baseline 0.003 -18"><span class='ocrx_word' id='word_1_334' title='bbox 1874 2228 1932 2287; x_wconf 85' lang='lat' dir='ltr'><strong>A</strong></span> <span class='ocrx_word' id='word_1_335' title='bbox 1959 2237 2196 2279; x_wconf 89' lang='lat' dir='ltr'><em>censens</em></span> <span class='ocrx_word' id='word_1_336' title='bbox 2223 2224 2439 2280; x_wconf 91' lang='lat' dir='ltr'><em>clerum</em></span> <span class='ocrx_word' id='word_1_337' title='bbox 2464 2224 2673 2281; x_wconf 89' lang='lat' dir='ltr'><em>scribit</em></span> <span class='ocrx_word' id='word_1_338' title='bbox 2690 2239 2814 2282; x_wconf 88' lang='lat' dir='ltr'><em>esse</em></span> <span class='ocrx_word' id='word_1_339' title='bbox 2829 2231 3025 2295; x_wconf 83' lang='lat' dir='ltr'><em>septem</em></span> <span class='ocrx_word' id='word_1_340' title='bbox 3046 2228 3319 2294; x_wconf 85' lang='lat' dir='ltr'><em>diaconos,</em></span> <span class='ocrx_word' id='word_1_341' title='bbox 3359 2228 3604 2283; x_wconf 84' lang='lat' dir='ltr'><em>totidem-</em></span> 
     </span>
    </p>
   </div>
   <div class='ocr_carea' id='block_1_49' title="bbox 1958 2296 3603 2367">
    <p class='ocr_par' dir='ltr' id='par_1_49' title="bbox 1958 2296 3603 2367">
     <span class='ocr_line' id='line_1_49' title="bbox 1958 2296 3603 2367; baseline 0.004 -19"><span class='ocrx_word' id='word_1_342' title='bbox 1958 2310 2063 2364; x_wconf 88' lang='lat' dir='ltr'><em>que</em></span> <span class='ocrx_word' id='word_1_343' title='bbox 2090 2296 2467 2350; x_wconf 84' lang='lat' dir='ltr'><em>subdiaconos.</em></span> <span class='ocrx_word' id='word_1_344' title='bbox 2491 2298 2793 2367; x_wconf 89' lang='lat' dir='ltr'><em>Episcopis</em></span> <span class='ocrx_word' id='word_1_345' title='bbox 2821 2311 2952 2353; x_wconf 90' lang='lat' dir='ltr'><em>vero</em></span> <span class='ocrx_word' id='word_1_346' title='bbox 2995 2298 3132 2354; x_wconf 90' lang='lat' dir='ltr'><em>aliis</em></span> <span class='ocrx_word' id='word_1_347' title='bbox 3177 2299 3455 2367; x_wconf 86' lang='lat' dir='ltr'><em>speciales</em></span> <span class='ocrx_word' id='word_1_348' title='bbox 3495 2300 3603 2355; x_wconf 88' lang='lat' dir='ltr'><em>mi-</em></span> 
     </span>
    </p>
   </div>
   <div class='ocr_carea' id='block_1_50' title="bbox 1961 2368 3599 2440">
    <p class='ocr_par' dir='ltr' id='par_1_50' title="bbox 1961 2368 3599 2440">
     <span class='ocr_line' id='line_1_50' title="bbox 1961 2368 3599 2440; baseline 0.004 -20"><span class='ocrx_word' id='word_1_349' title='bbox 1961 2369 2196 2440; x_wconf 76' lang='lat' dir='ltr'><em>nistros,</em></span> <span class='ocrx_word' id='word_1_350' title='bbox 2229 2372 2285 2440; x_wconf 84' lang='lat' dir='ltr'><em>et</em></span> <span class='ocrx_word' id='word_1_351' title='bbox 2316 2369 2575 2440; x_wconf 85' lang='lat' dir='ltr'><em>comites</em></span> <span class='ocrx_word' id='word_1_352' title='bbox 2610 2368 2885 2425; x_wconf 88' lang='lat' dir='ltr'><em>diaconos</em></span> <span class='ocrx_word' id='word_1_353' title='bbox 2931 2370 3095 2425; x_wconf 91' lang='lat' dir='ltr'><em>datos</em></span> <span class='ocrx_word' id='word_1_354' title='bbox 3143 2370 3309 2425; x_wconf 89' lang='lat' dir='ltr'><em>docet</em></span> <span class='ocrx_word' id='word_1_355' title='bbox 3356 2370 3599 2440; x_wconf 87' lang='lat' dir='ltr'><em>epistola</em></span> 
     </span>
    </p>
   </div>
   <div class='ocr_carea' id='block_1_51' title="bbox 1958 2438 3603 2510">
    <p class='ocr_par' dir='ltr' id='par_1_51' title="bbox 1958 2438 3603 2510">
     <span class='ocr_line' id='line_1_51' title="bbox 1958 2438 3603 2510; baseline 0.003 -19"><span class='ocrx_word' id='word_1_356' title='bbox 1958 2438 2220 2510; x_wconf 81' lang='lat' dir='ltr'><em>Dionysii</em></span> <span class='ocrx_word' id='word_1_357' title='bbox 2260 2439 2660 2509; x_wconf 79' lang='lat' dir='ltr'><em>Alexandrini,</em></span> <span class='ocrx_word' id='word_1_358' title='bbox 2696 2441 2754 2494; x_wconf 91' lang='lat' dir='ltr'><em>in</em></span> <span class='ocrx_word' id='word_1_359' title='bbox 2778 2454 2889 2510; x_wconf 88' lang='lat' dir='ltr'><em>qua</em></span> <span class='ocrx_word' id='word_1_360' title='bbox 2908 2440 2980 2495; x_wconf 90' lang='lat' dir='ltr'><em>de</em></span> <span class='ocrx_word' id='word_1_361' title='bbox 3008 2441 3219 2497; x_wconf 83' lang='lat' dir='ltr'><em>exsilio</em></span> <span class='ocrx_word' id='word_1_362' title='bbox 3266 2450 3321 2496; x_wconf 89' lang='lat' dir='ltr'><em>et</em></span> <span class='ocrx_word' id='word_1_363' title='bbox 3363 2438 3603 2497; x_wconf 80' lang='lat' dir='ltr'><em>comiti-</em></span> 
     </span>
    </p>
   </div>
   <div class='ocr_carea' id='block_1_52' title="bbox 1961 2507 3608 2580">
    <p class='ocr_par' dir='ltr' id='par_1_52' title="bbox 1961 2507 3608 2580">
     <span class='ocr_line' id='line_1_52' title="bbox 1961 2507 3608 2580; baseline 0.004 -19"><span class='ocrx_word' id='word_1_364' title='bbox 1961 2507 2067 2563; x_wconf 88' lang='lat' dir='ltr'><em>bus</em></span> <span class='ocrx_word' id='word_1_365' title='bbox 2087 2507 2239 2578; x_wconf 82' lang='lat' dir='ltr'><em>agit:</em></span> <span class='ocrx_word' id='word_1_366' title='bbox 2272 2530 2297 2559; x_wconf 90' lang='lat'>«</span> <span class='ocrx_word' id='word_1_367' title='bbox 2323 2511 2461 2565; x_wconf 84' lang='lat' dir='ltr'><em>Veni</em></span> <span class='ocrx_word' id='word_1_368' title='bbox 2482 2512 2551 2566; x_wconf 89' lang='lat' dir='ltr'><em>ad</em></span> <span class='ocrx_word' id='word_1_369' title='bbox 2570 2507 2940 2567; x_wconf 59' lang='lat' dir='ltr'><em>zEmilia&#39;num</em></span> <span class='ocrx_word' id='word_1_370' title='bbox 2966 2525 3077 2567; x_wconf 92' lang='lat' dir='ltr'><em>non</em></span> <span class='ocrx_word' id='word_1_371' title='bbox 3099 2513 3277 2580; x_wconf 85' lang='lat' dir='ltr'><em>solus,</em></span> <span class='ocrx_word' id='word_1_372' title='bbox 3303 2513 3397 2568; x_wconf 91' lang='lat' dir='ltr'><em>sed</em></span> <span class='ocrx_word' id='word_1_373' title='bbox 3431 2513 3608 2568; x_wconf 88' lang='lat' dir='ltr'><em>comi-</em></span> 
     </span>
    </p>
   </div>
   <div class='ocr_carea' id='block_1_53' title="bbox 1957 2579 3599 2653">
    <p class='ocr_par' dir='ltr' id='par_1_53' title="bbox 1957 2579 3599 2653">
     <span class='ocr_line' id='line_1_53' title="bbox 1957 2579 3599 2653; baseline 0.005 -20"><span class='ocrx_word' id='word_1_374' title='bbox 1957 2579 2218 2653; x_wconf 77' lang='lat' dir='ltr'><em>tantibus</em></span> <span class='ocrx_word' id='word_1_375' title='bbox 2257 2594 2344 2635; x_wconf 92' lang='lat' dir='ltr'><em>me</em></span> <span class='ocrx_word' id='word_1_376' title='bbox 2397 2581 2642 2637; x_wconf 77' lang='lat' dir='ltr'><em>Maximo</em></span> <span class='ocrx_word' id='word_1_377' title='bbox 2714 2583 3192 2653; x_wconf 83' lang='lat' dir='ltr'><em>compresbytero,</em></span> <span class='ocrx_word' id='word_1_378' title='bbox 3249 2579 3305 2639; x_wconf 87' lang='lat' dir='ltr'><em>et</em></span> <span class='ocrx_word' id='word_1_379' title='bbox 3370 2585 3599 2652; x_wconf 88' lang='lat' dir='ltr'><em>Fausto,</em></span> 
     </span>
    </p>
   </div>
   <div class='ocr_carea' id='block_1_54' title="bbox 1958 2651 3605 2723">
    <p class='ocr_par' dir='ltr' id='par_1_54' title="bbox 1958 2651 3605 2723">
     <span class='ocr_line' id='line_1_54' title="bbox 1958 2651 3605 2723; baseline 0.004 -19"><span class='ocrx_word' id='word_1_380' title='bbox 1958 2651 2225 2723; x_wconf 87' lang='lat' dir='ltr'><em>Eusebio,</em></span> <span class='ocrx_word' id='word_1_381' title='bbox 2260 2659 2315 2706; x_wconf 91' lang='lat' dir='ltr'><em>et</em></span> <span class='ocrx_word' id='word_1_382' title='bbox 2342 2652 2654 2723; x_wconf 88' lang='lat' dir='ltr'><em>Chremone</em></span> <span class='ocrx_word' id='word_1_383' title='bbox 2681 2651 2944 2708; x_wconf 78' lang='lat' dir='ltr'><em>diacono.</em></span> <span class='ocrx_word' id='word_1_384' title='bbox 2974 2651 3162 2723; x_wconf 66' lang='lat' dir='ltr'><em>n&#39;Qua</em></span> <span class='ocrx_word' id='word_1_385' title='bbox 3193 2655 3384 2711; x_wconf 88' lang='lat' dir='ltr'><em>eadem</em></span> <span class='ocrx_word' id='word_1_386' title='bbox 3412 2651 3605 2711; x_wconf 56' lang='lat' dir='ltr'><em>socie-4</em></span> 
     </span>
    </p>
   </div>
   <div class='ocr_carea' id='block_1_55' title="bbox 1960 2722 3604 2796">
    <p class='ocr_par' dir='ltr' id='par_1_55' title="bbox 1960 2722 3604 2796">
     <span class='ocr_line' id='line_1_55' title="bbox 1960 2722 3604 2796; baseline 0.004 -21"><span class='ocrx_word' id='word_1_387' title='bbox 1960 2726 2047 2776; x_wconf 91' lang='lat' dir='ltr'><em>tas</em></span> <span class='ocrx_word' id='word_1_388' title='bbox 2076 2722 2289 2792; x_wconf 80' lang='lat' dir='ltr'><em>legitur</em></span> <span class='ocrx_word' id='word_1_389' title='bbox 2318 2722 2466 2778; x_wconf 83' lang='lat' dir='ltr'><em>infra</em></span> <span class='ocrx_word' id='word_1_390' title='bbox 2493 2724 2548 2778; x_wconf 91' lang='lat' dir='ltr'><em>in</em></span> <span class='ocrx_word' id='word_1_391' title='bbox 2584 2725 2907 2781; x_wconf 82' lang='lat' dir='ltr'><em>Alexandro</em></span> <span class='ocrx_word' id='word_1_392' title='bbox 2958 2722 3292 2796; x_wconf 76' lang='lat' dir='ltr'><em>martyrium</em></span> <span class='ocrx_word' id='word_1_393' title='bbox 3324 2740 3604 2783; x_wconf 88' lang='lat' dir='ltr'><em>consum-</em></span> 
     </span>
    </p>
   </div>
   <div class='ocr_carea' id='block_1_56' title="bbox 1963 2796 3607 2869">
    <p class='ocr_par' dir='ltr' id='par_1_56' title="bbox 1963 2796 3607 2869">
     <span class='ocr_line' id='line_1_56' title="bbox 1963 2796 3607 2869; baseline 0.004 -22"><span class='ocrx_word' id='word_1_394' title='bbox 1963 2801 2168 2869; x_wconf 83' lang='lat' dir='ltr'><em>mante.</em></span> <span class='ocrx_word' id='word_1_395' title='bbox 2201 2796 2467 2869; x_wconf 68' lang='lat' dir='ltr'><em>Ma_r_tyri_o</em></span> <span class='ocrx_word' id='word_1_396' title='bbox 2495 2801 2805 2869; x_wconf 73' lang='lat' dir='ltr'><em>coronatur,</em></span> <span class='ocrx_word' id='word_1_397' title='bbox 2838 2801 2887 2850; x_wconf 88' lang='lat' dir='ltr'><em>et</em></span> <span class='ocrx_word' id='word_1_398' title='bbox 2924 2812 3043 2850; x_wconf 89' lang='lat' dir='ltr'><em>cum</em></span> <span class='ocrx_word' id='word_1_399' title='bbox 3064 2813 3121 2869; x_wconf 87' lang='lat' dir='ltr'><em>eo</em></span> <span class='ocrx_word' id='word_1_400' title='bbox 3159 2799 3422 2852; x_wconf 84' lang='lat' dir='ltr'><em>Eventius</em></span> <span class='ocrx_word' id='word_1_401' title='bbox 3467 2815 3607 2869; x_wconf 79' lang='lat' dir='ltr'><em>pre-</em></span> 
     </span>
    </p>
   </div>
   <div class='ocr_carea' id='block_1_57' title="bbox 1961 2865 3608 2941">
    <p class='ocr_par' dir='ltr' id='par_1_57' title="bbox 1961 2865 3608 2941">
     <span class='ocr_line' id='line_1_57' title="bbox 1961 2865 3608 2941; baseline 0.005 -24"><span class='ocrx_word' id='word_1_402' title='bbox 1961 2865 2150 2941; x_wconf 65' lang='lat' dir='ltr'><em>sbyter</em></span> <span class='ocrx_word' id='word_1_403' title='bbox 2165 2870 2242 2941; x_wconf 29' lang='lat' dir='ltr'><em>et”</em></span> <span class='ocrx_word' id='word_1_404' title='bbox 2265 2866 2579 2941; x_wconf 74' lang='lat' dir='ltr'><em>Theodorus</em></span> <span class='ocrx_word' id='word_1_405' title='bbox 2630 2867 2915 2941; x_wconf 75' lang='lat' dir='ltr'><em>diaconus.</em></span> <span class='ocrx_word' id='word_1_406' title='bbox 2955 2868 3132 2941; x_wconf 17' lang='lat' dir='ltr'><em>“Etﬂdie</em></span> <span class='ocrx_word' id='word_1_407' title='bbox 3178 2869 3376 2923; x_wconf 90' lang='lat' dir='ltr'><em>Pontio</em></span> <span class='ocrx_word' id='word_1_408' title='bbox 3398 2865 3608 2941; x_wconf 45' lang='grc' dir='ltr'><em>Βίεν-</em></span> 
     </span>
    </p>
   </div>
   <div class='ocr_carea' id='block_1_58' title="bbox 1965 2936 3607 3009">
    <p class='ocr_par' dir='ltr' id='par_1_58' title="bbox 1965 2936 3607 3009">
     <span class='ocr_line' id='line_1_58' title="bbox 1965 2936 3607 3009; baseline 0.004 -20"><span class='ocrx_word' id='word_1_409' title='bbox 1965 2936 2152 3003; x_wconf 89' lang='lat' dir='ltr'><em>priani</em></span> <span class='ocrx_word' id='word_1_410' title='bbox 2184 2936 2431 2992; x_wconf 83' lang='lat' dir='ltr'><em>diacono</em></span> <span class='ocrx_word' id='word_1_411' title='bbox 2451 2939 2520 2992; x_wconf 91' lang='lat' dir='ltr'><em>de</em></span> <span class='ocrx_word' id='word_1_412' title='bbox 2547 2938 2730 3007; x_wconf 91' lang='lat' dir='ltr'><em>Scrip.</em></span> <span class='ocrx_word' id='word_1_413' title='bbox 2757 2938 2915 2994; x_wconf 86' lang='lat' dir='ltr'><em>Eccl.</em></span> <span class='ocrx_word' id='word_1_414' title='bbox 2950 2936 3004 3005; x_wconf 83' lang='lat'><em>5,</em></span> <span class='ocrx_word' id='word_1_415' title='bbox 3034 2939 3447 3009; x_wconf 89' lang='lat' dir='ltr'><em>Hieronymus:</em></span> <span class='ocrx_word' id='word_1_416' title='bbox 3472 2936 3607 2995; x_wconf 76' lang='lat' dir='ltr'><em>Pon-</em></span> 
     </span>
    </p>
   </div>
   <div class='ocr_carea' id='block_1_59' title="bbox 1962 3008 3607 3080">
    <p class='ocr_par' dir='ltr' id='par_1_59' title="bbox 1962 3008 3607 3080">
     <span class='ocr_line' id='line_1_59' title="bbox 1962 3008 3607 3080; baseline 0.004 -21"><span class='ocrx_word' id='word_1_417' title='bbox 1962 3010 2071 3059; x_wconf 86' lang='lat' dir='ltr'><em>tius</em></span> <span class='ocrx_word' id='word_1_418' title='bbox 2119 3008 2381 3061; x_wconf 80' lang='lat' dir='ltr'><em>diaconus</em></span> <span class='ocrx_word' id='word_1_419' title='bbox 2413 3009 2677 3076; x_wconf 73' lang='lat' dir='ltr'><em>Cypriani</em></span> <span class='ocrx_word' id='word_1_420' title='bbox 2708 3024 2879 3077; x_wconf 87' lang='lat' dir='ltr'><em>usque</em></span> <span class='ocrx_word' id='word_1_421' title='bbox 2907 3009 2983 3062; x_wconf 92' lang='lat' dir='ltr'><em>ad</em></span> <span class='ocrx_word' id='word_1_422' title='bbox 3021 3010 3163 3063; x_wconf 86' lang='lat' dir='ltr'><em>diem</em></span> <span class='ocrx_word' id='word_1_423' title='bbox 3185 3008 3461 3079; x_wconf 82' lang='lat' dir='ltr'><em>passionis</em></span> <span class='ocrx_word' id='word_1_424' title='bbox 3486 3012 3607 3080; x_wconf 86' lang='lat' dir='ltr'><em>ejus</em></span> 
     </span>
    </p>
   </div>
   <div class='ocr_carea' id='block_1_60' title="bbox 1961 3080 3606 3147">
    <p class='ocr_par' dir='ltr' id='par_1_60' title="bbox 1961 3080 3606 3147">
     <span class='ocr_line' id='line_1_60' title="bbox 1961 3080 3606 3147; baseline 0.004 -18"><span class='ocrx_word' id='word_1_425' title='bbox 1961 3094 2081 3130; x_wconf 82' lang='lat' dir='ltr'><em>cum</em></span> <span class='ocrx_word' id='word_1_426' title='bbox 2110 3081 2225 3147; x_wconf 79' lang='lat' dir='ltr'><em>ipso</em></span> <span class='ocrx_word' id='word_1_427' title='bbox 2257 3080 2514 3132; x_wconf 68' lang='lat' dir='ltr'><em>earsilium</em></span> <span class='ocrx_word' id='word_1_428' title='bbox 2537 3081 2832 3145; x_wconf 85' lang='lat' dir='ltr'><em>sustinens,</em></span> <span class='ocrx_word' id='word_1_429' title='bbox 2867 3083 3143 3147; x_wconf 81' lang='lat' dir='ltr'><em>egregium</em></span> <span class='ocrx_word' id='word_1_430' title='bbox 3178 3082 3427 3135; x_wconf 83' lang='lat' dir='ltr'><em>volumen</em></span> <span class='ocrx_word' id='word_1_431' title='bbox 3478 3086 3606 3136; x_wconf 80' lang='lat' dir='ltr'><em>vita</em></span> 
     </span>
    </p>
   </div>
   <div class='ocr_carea' id='block_1_61' title="bbox 1960 3151 3602 3221">
    <p class='ocr_par' dir='ltr' id='par_1_61' title="bbox 1960 3151 3602 3221">
     <span class='ocr_line' id='line_1_61' title="bbox 1960 3151 3602 3221; baseline 0.005 -21"><span class='ocrx_word' id='word_1_432' title='bbox 1960 3154 2009 3221; x_wconf 85' lang='lat' dir='ltr'><em>et</em></span> <span class='ocrx_word' id='word_1_433' title='bbox 2030 3152 2305 3221; x_wconf 84' lang='lat' dir='ltr'><em>passionis</em></span> <span class='ocrx_word' id='word_1_434' title='bbox 2347 3151 2611 3221; x_wconf 13' lang='lat' dir='ltr'><em>(nypriani</em></span> <span class='ocrx_word' id='word_1_435' title='bbox 2653 3151 2899 3218; x_wconf 78' lang='lat' dir='ltr'><em>reliquit.</em></span> <span class='ocrx_word' id='word_1_436' title='bbox 2930 3152 3180 3206; x_wconf 83' lang='lat' dir='ltr'><em>Novatus</em></span> <span class='ocrx_word' id='word_1_437' title='bbox 3209 3153 3602 3221; x_wconf 81' lang='lat' dir='ltr'><em>episcopatum</em></span> 
     </span>
    </p>
   </div>
   <div class='ocr_carea' id='block_1_62' title="bbox 1962 3220 3605 3278">
    <p class='ocr_par' dir='ltr' id='par_1_62' title="bbox 1962 3220 3605 3278">
     <span class='ocr_line' id='line_1_62' title="bbox 1962 3220 3605 3278; baseline 0.004 -6"><span class='ocrx_word' id='word_1_438' title='bbox 1962 3220 2241 3274; x_wconf 87' lang='lat' dir='ltr'><em>invadens</em></span> <span class='ocrx_word' id='word_1_439' title='bbox 2288 3220 2710 3275; x_wconf 88' lang='lat' dir='ltr'><em>Felicissimum</em></span> <span class='ocrx_word' id='word_1_440' title='bbox 2758 3221 3065 3275; x_wconf 88' lang='lat' dir='ltr'><em>diaconum</em></span> <span class='ocrx_word' id='word_1_441' title='bbox 3097 3228 3153 3276; x_wconf 91' lang='lat' dir='ltr'><em>et</em></span> <span class='ocrx_word' id='word_1_442' title='bbox 3181 3220 3447 3277; x_wconf 84' lang='lat' dir='ltr'><em>comitem</em></span> <span class='ocrx_word' id='word_1_443' title='bbox 3480 3224 3605 3278; x_wconf 83' lang='lat' dir='ltr'><em>ele-</em></span> 
     </span>
    </p>
   </div>
   <div class='ocr_carea' id='block_1_63' title="bbox 1959 3287 3606 3362">
    <p class='ocr_par' dir='ltr' id='par_1_63' title="bbox 1959 3287 3606 3362">
     <span class='ocr_line' id='line_1_63' title="bbox 1959 3287 3606 3362; baseline 0.003 -19"><span class='ocrx_word' id='word_1_444' title='bbox 1959 3291 2129 3359; x_wconf 85' lang='lat' dir='ltr'><em>gitex</em></span> <span class='ocrx_word' id='word_1_445' title='bbox 2174 3290 2454 3359; x_wconf 80' lang='lat' dir='ltr'><em>Cypriane</em></span> <span class='ocrx_word' id='word_1_446' title='bbox 2506 3305 2591 3360; x_wconf 89' lang='lat' dir='ltr'><em>ep.</em></span> <span class='ocrx_word' id='word_1_447' title='bbox 2650 3287 2737 3359; x_wconf 81' lang='grc'><strong>47,</strong></span> <span class='ocrx_word' id='word_1_448' title='bbox 2802 3290 2899 3347; x_wconf 89' lang='lat' dir='ltr'><em>ubi</em></span> <span class='ocrx_word' id='word_1_449' title='bbox 2947 3291 3017 3346; x_wconf 92' lang='lat' dir='ltr'><em>de</em></span> <span class='ocrx_word' id='word_1_450' title='bbox 3075 3293 3320 3347; x_wconf 83' lang='lat' dir='ltr'><em>Novato:</em></span> <span class='ocrx_word' id='word_1_451' title='bbox 3378 3296 3496 3362; x_wconf 87' lang='lat' dir='ltr'><em>Ipse</em></span> <span class='ocrx_word' id='word_1_452' title='bbox 3524 3299 3606 3348; x_wconf 89' lang='lat' dir='ltr'><em>est</em></span> 
     </span>
    </p>
   </div>
   <div class='ocr_carea' id='block_1_64' title="bbox 1958 3362 3603 3433">
    <p class='ocr_par' dir='ltr' id='par_1_64' title="bbox 1958 3362 3603 3433">
     <span class='ocr_line' id='line_1_64' title="bbox 1958 3362 3603 3433; baseline 0.004 -21"><span class='ocrx_word' id='word_1_453' title='bbox 1958 3362 2054 3429; x_wconf 85' lang='lat' dir='ltr'><em>qui</em></span> <span class='ocrx_word' id='word_1_454' title='bbox 2073 3362 2464 3415; x_wconf 82' lang='lat' dir='ltr'><em>Felicissimum</em></span> <span class='ocrx_word' id='word_1_455' title='bbox 2484 3362 2771 3416; x_wconf 80' lang='lat' dir='ltr'><em>satellitem</em></span> <span class='ocrx_word' id='word_1_456' title='bbox 2790 3377 2949 3415; x_wconf 87' lang='lat' dir='ltr'><em>suum</em></span> <span class='ocrx_word' id='word_1_457' title='bbox 2965 3363 3256 3416; x_wconf 88' lang='lat' dir='ltr'><em>diaconum</em></span> <span class='ocrx_word' id='word_1_458' title='bbox 3272 3378 3369 3418; x_wconf 85' lang='lat' dir='ltr'><em>nec</em></span> <span class='ocrx_word' id='word_1_459' title='bbox 3384 3366 3603 3433; x_wconf 82' lang='lat' dir='ltr'><em>permit-</em></span> 
     </span>
    </p>
   </div>
   <div class='ocr_carea' id='block_1_65' title="bbox 1958 3435 3603 3500">
    <p class='ocr_par' dir='ltr' id='par_1_65' title="bbox 1958 3435 3603 3500">
     <span class='ocr_line' id='line_1_65' title="bbox 1958 3435 3603 3500; baseline 0.003 -16"><span class='ocrx_word' id='word_1_460' title='bbox 1958 3437 2100 3485; x_wconf 84' lang='lat' dir='ltr'><em>tente</em></span> <span class='ocrx_word' id='word_1_461' title='bbox 2126 3448 2225 3497; x_wconf 83' lang='lat' dir='ltr'><em>me,</em></span> <span class='ocrx_word' id='word_1_462' title='bbox 2260 3450 2357 3486; x_wconf 88' lang='lat' dir='ltr'><em>nec</em></span> <span class='ocrx_word' id='word_1_463' title='bbox 2380 3436 2600 3496; x_wconf 81' lang='lat' dir='ltr'><em>sciente,</em></span> <span class='ocrx_word' id='word_1_464' title='bbox 2622 3449 2721 3486; x_wconf 88' lang='lat' dir='ltr'><em>sua</em></span> <span class='ocrx_word' id='word_1_465' title='bbox 2745 3436 2983 3500; x_wconf 76' lang='lat' dir='ltr'><em>factione</em></span> <span class='ocrx_word' id='word_1_466' title='bbox 3026 3439 3076 3487; x_wconf 78' lang='lat' dir='ltr'><em>et</em></span> <span class='ocrx_word' id='word_1_467' title='bbox 3131 3435 3424 3488; x_wconf 79' lang='lat' dir='ltr'><em>ambitione</em></span> <span class='ocrx_word' id='word_1_468' title='bbox 3465 3450 3603 3489; x_wconf 86' lang='lat' dir='ltr'><em>con-</em></span> 
     </span>
    </p>
   </div>
   <div class='ocr_carea' id='block_1_66' title="bbox 1955 3504 3603 3574">
    <p class='ocr_par' dir='ltr' id='par_1_66' title="bbox 1955 3504 3603 3574">
     <span class='ocr_line' id='line_1_66' title="bbox 1955 3504 3603 3574; baseline 0.004 -20"><span class='ocrx_word' id='word_1_469' title='bbox 1955 3504 2154 3555; x_wconf 78' lang='lat' dir='ltr'><em>stituit.</em></span> <span class='ocrx_word' id='word_1_470' title='bbox 2170 3504 2312 3559; x_wconf 91' lang='lat' dir='ltr'><em>Hinc</em></span> <span class='ocrx_word' id='word_1_471' title='bbox 2326 3506 2381 3558; x_wconf 91' lang='lat' dir='ltr'><em>in</em></span> <span class='ocrx_word' id='word_1_472' title='bbox 2400 3504 2547 3559; x_wconf 92' lang='lat' dir='ltr'><em>libro</em></span> <span class='ocrx_word' id='word_1_473' title='bbox 2586 3504 2903 3560; x_wconf 90' lang='lat' dir='ltr'><em>Pontiﬁcali</em></span> <span class='ocrx_word' id='word_1_474' title='bbox 2919 3505 3175 3567; x_wconf 85' lang='lat' dir='ltr'><em>additur,</em></span> <span class='ocrx_word' id='word_1_475' title='bbox 3189 3513 3401 3574; x_wconf 89' lang='lat' dir='ltr'><em>septem</em></span> <span class='ocrx_word' id='word_1_476' title='bbox 3419 3508 3603 3567; x_wconf 73' lang='lat' dir='ltr'><em>Roma</em></span> 
     </span>
    </p>
   </div>
   <div class='ocr_carea' id='block_1_67' title="bbox 192 3574 3604 3669">
    <p class='ocr_par' dir='ltr' id='par_1_67' title="bbox 192 3574 3604 3669">
     <span class='ocr_line' id='line_1_67' title="bbox 192 3574 3604 3669; baseline 0 0"><span class='ocrx_word' id='word_1_477' title='bbox 192 3574 1001 3669; x_wconf 56' lang='grc' dir='ltr'><em>ῖῖόῖπὲἑὶἷίιέῗῦιῖιἙίξῗὶίῖίέιῖίξ</em></span> <span class='ocrx_word' id='word_1_478' title='bbox 1038 3574 1125 3669; x_wconf 58' lang='grc' dir='ltr'><em>δᾲς</em></span> <span class='ocrx_word' id='word_1_479' title='bbox 1138 3574 1150 3576; x_wconf 49' lang='grc'><strong><em>“</em></strong></span> <span class='ocrx_word' id='word_1_480' title='bbox 1163 3574 1402 3669; x_wconf 7' lang='lat' dir='ltr'><em>“Wlfﬂin”</em></span> <span class='ocrx_word' id='word_1_481' title='bbox 1452 3574 1636 3669; x_wconf 46' lang='lat' dir='ltr'><em>eam</em></span> <span class='ocrx_word' id='word_1_482' title='bbox 1664 3574 1842 3669; x_wconf 52' lang='grc' dir='ltr'><em>,Ρέιὲί</em></span> <span class='ocrx_word' id='word_1_483' title='bbox 1882 3606 1927 3663; x_wconf 92' lang='lat' dir='ltr'>B</span> <span class='ocrx_word' id='word_1_484' title='bbox 1954 3574 2122 3669; x_wconf 58' lang='lat'><em>9}}???</em></span> <span class='ocrx_word' id='word_1_485' title='bbox 2131 3576 2670 3669; x_wconf 53' lang='lat' dir='ltr'><em>&quot;..9i.°9.&quot;§£‘.‘:}199§.3.</em></span> <span class='ocrx_word' id='word_1_486' title='bbox 2683 3575 3604 3669; x_wconf 55' lang='lat' dir='ltr'><em>.E‘jiisffiﬁ‘ffT‘.-‘EPisfﬁPuﬂ&#39;B&quot;</em></span> 
     </span>
    </p>
   </div>
   <div class='ocr_carea' id='block_1_68' title="bbox 195 3663 1839 3743">
    <p class='ocr_par' dir='ltr' id='par_1_68' title="bbox 195 3663 1839 3743">
     <span class='ocr_line' id='line_1_68' title="bbox 195 3663 1839 3743; baseline -0.007 -14"><span class='ocrx_word' id='word_1_487' title='bbox 195 3663 863 3743; x_wconf 21' lang='lat' dir='ltr'><em>pra-dictam‘etr‘opolisi</em></span> <span class='ocrx_word' id='word_1_488' title='bbox 885 3683 911 3713; x_wconf 85' lang='lat'>»</span> <span class='ocrx_word' id='word_1_489' title='bbox 938 3663 1142 3743; x_wconf 75' lang='lat' dir='ltr'><em>&#39;i‘ituii,</em></span> <span class='ocrx_word' id='word_1_490' title='bbox 1174 3677 1318 3743; x_wconf 64' lang='lat' dir='ltr'><em>quos</em></span> <span class='ocrx_word' id='word_1_491' title='bbox 1338 3663 1635 3743; x_wconf 78' lang='lat' dir='ltr'><em>Evaristus</em></span> <span class='ocrx_word' id='word_1_492' title='bbox 1664 3664 1839 3743; x_wconf 81' lang='lat' dir='ltr'><em>insti-</em></span> 
     </span>
    </p>
   </div>
   <div class='ocr_carea' id='block_1_69' title="bbox 192 3735 1844 3810">
    <p class='ocr_par' dir='ltr' id='par_1_69' title="bbox 192 3735 1844 3810">
     <span class='ocr_line' id='line_1_69' title="bbox 192 3735 1844 3810; baseline -0.006 -11"><span class='ocrx_word' id='word_1_493' title='bbox 192 3735 331 3810; x_wconf 75' lang='lat' dir='ltr'><em>init,</em></span> <span class='ocrx_word' id='word_1_494' title='bbox 365 3746 502 3797; x_wconf 84' lang='lat' dir='ltr'><em>sunt</em></span> <span class='ocrx_word' id='word_1_495' title='bbox 522 3738 682 3794; x_wconf 89' lang='lat' dir='ltr'><em>tituli</em></span> <span class='ocrx_word' id='word_1_496' title='bbox 710 3735 1051 3810; x_wconf 81' lang='lat' dir='ltr'><em>cardinales,</em></span> <span class='ocrx_word' id='word_1_497' title='bbox 1078 3735 1134 3790; x_wconf 89' lang='lat' dir='ltr'><em>id</em></span> <span class='ocrx_word' id='word_1_498' title='bbox 1163 3741 1249 3789; x_wconf 83' lang='lat' dir='ltr'><em>est</em></span> <span class='ocrx_word' id='word_1_499' title='bbox 1279 3735 1547 3789; x_wconf 86' lang='lat' dir='ltr'><em>Ecclesia</em></span> <span class='ocrx_word' id='word_1_500' title='bbox 1579 3736 1844 3802; x_wconf 85' lang='lat' dir='ltr'><em>ascripta</em></span> 
     </span>
    </p>
   </div>
   <div class='ocr_carea' id='block_1_70' title="bbox 197 3806 1844 3884">
    <p class='ocr_par' dir='ltr' id='par_1_70' title="bbox 197 3806 1844 3884">
     <span class='ocr_line' id='line_1_70' title="bbox 197 3806 1844 3884; baseline -0.006 -16"><span class='ocrx_word' id='word_1_501' title='bbox 197 3806 546 3884; x_wconf 86' lang='lat' dir='ltr'><em>presbyteris</em></span> <span class='ocrx_word' id='word_1_502' title='bbox 567 3806 986 3884; x_wconf 86' lang='lat' dir='ltr'><em>cardinaiibus,</em></span> <span class='ocrx_word' id='word_1_503' title='bbox 1012 3818 1255 3884; x_wconf 77' lang='lat' dir='ltr'><em>quarum</em></span> <span class='ocrx_word' id='word_1_504' title='bbox 1280 3818 1682 3884; x_wconf 84' lang='lat' dir='ltr'><em>nu_merus__per_</em></span> <span class='ocrx_word' id='word_1_505' title='bbox 1709 3813 1844 3884; x_wconf 88' lang='lat' dir='ltr'><em>t_em_-</em></span> 
     </span>
    </p>
   </div>
   <div class='ocr_carea' id='block_1_71' title="bbox 196 3876 1842 3956">
    <p class='ocr_par' dir='ltr' id='par_1_71' title="bbox 196 3876 1842 3956">
     <span class='ocr_line' id='line_1_71' title="bbox 196 3876 1842 3956; baseline -0.006 -16"><span class='ocrx_word' id='word_1_506' title='bbox 196 3876 334 3956; x_wconf 80' lang='lat' dir='ltr'><em>pora</em></span> <span class='ocrx_word' id='word_1_507' title='bbox 366 3876 648 3956; x_wconf 78' lang='lat' dir='ltr'><em>adauctus</em></span> <span class='ocrx_word' id='word_1_508' title='bbox 672 3887 778 3956; x_wconf 83' lang='lat' dir='ltr'><em>est.</em></span> <span class='ocrx_word' id='word_1_509' title='bbox 799 3880 1058 3956; x_wconf 60' lang='lat' dir='ltr'><em>Anastas.</em></span> <span class='ocrx_word' id='word_1_510' title='bbox 1089 3877 1147 3930; x_wconf 91' lang='lat' dir='ltr'><em>in</em></span> <span class='ocrx_word' id='word_1_511' title='bbox 1166 3876 1431 3956; x_wconf 80' lang='lat' dir='ltr'><em>Marcello</em></span> <span class='ocrx_word' id='word_1_512' title='bbox 1456 3895 1467 3930; x_wconf 88' lang='lat'><strong>:</strong></span> <span class='ocrx_word' id='word_1_513' title='bbox 1497 3896 1521 3927; x_wconf 83' lang='lat'>«</span> <span class='ocrx_word' id='word_1_514' title='bbox 1547 3879 1619 3956; x_wconf 78' lang='lat' dir='ltr'><em>Et</em></span> <span class='ocrx_word' id='word_1_515' title='bbox 1633 3877 1842 3956; x_wconf 78' lang='lat' dir='ltr'><em>viginti</em></span> 
     </span>
    </p>
   </div>
   <div class='ocr_carea' id='block_1_72' title="bbox 192 3947 1847 4027">
    <p class='ocr_par' dir='ltr' id='par_1_72' title="bbox 192 3947 1847 4027">
     <span class='ocr_line' id='line_1_72' title="bbox 192 3947 1847 4027; baseline -0.006 -15"><span class='ocrx_word' id='word_1_516' title='bbox 192 3947 456 4027; x_wconf 75' lang='lat' dir='ltr'><em>quinque</em></span> <span class='ocrx_word' id='word_1_517' title='bbox 478 3952 683 4027; x_wconf 85' lang='lat' dir='ltr'><em>titulos</em></span> <span class='ocrx_word' id='word_1_518' title='bbox 703 3952 759 4027; x_wconf 87' lang='lat' dir='ltr'><em>in</em></span> <span class='ocrx_word' id='word_1_519' title='bbox 784 3949 924 4005; x_wconf 91' lang='lat' dir='ltr'><em>urbe</em></span> <span class='ocrx_word' id='word_1_520' title='bbox 941 3949 1114 4003; x_wconf 79' lang='lat' dir='ltr'><em>Roma</em></span> <span class='ocrx_word' id='word_1_521' title='bbox 1133 3947 1442 4027; x_wconf 73' lang='lat' dir='ltr'><em>constituit</em></span> <span class='ocrx_word' id='word_1_522' title='bbox 1458 3948 1623 4027; x_wconf 89' lang='lat' dir='ltr'><em>quasi</em></span> <span class='ocrx_word' id='word_1_523' title='bbox 1638 3947 1847 4027; x_wconf 80' lang='lat' dir='ltr'><em>diace-</em></span> 
     </span>
    </p>
   </div>
   <div class='ocr_carea' id='block_1_73' title="bbox 190 4019 1842 4097">
    <p class='ocr_par' dir='ltr' id='par_1_73' title="bbox 190 4019 1842 4097">
     <span class='ocr_line' id='line_1_73' title="bbox 190 4019 1842 4097; baseline -0.005 -15"><span class='ocrx_word' id='word_1_524' title='bbox 190 4019 304 4095; x_wconf 74' lang='lat' dir='ltr'><em>ses,</em></span> <span class='ocrx_word' id='word_1_525' title='bbox 336 4019 566 4097; x_wconf 71' lang='lat' dir='ltr'><em>propter</em></span> <span class='ocrx_word' id='word_1_526' title='bbox 592 4024 938 4097; x_wconf 87' lang='lat' dir='ltr'><em>baptismum</em></span> <span class='ocrx_word' id='word_1_527' title='bbox 962 4026 1018 4075; x_wconf 88' lang='lat' dir='ltr'><em>et</em></span> <span class='ocrx_word' id='word_1_528' title='bbox 1056 4019 1451 4097; x_wconf 70' lang='lat' dir='ltr'><em>paenitentiam</em></span> <span class='ocrx_word' id='word_1_529' title='bbox 1507 4020 1842 4097; x_wconf 80' lang='lat' dir='ltr'><em>multorum,</em></span> 
     </span>
    </p>
   </div>
   <div class='ocr_carea' id='block_1_74' title="bbox 193 4090 1845 4169">
    <p class='ocr_par' dir='ltr' id='par_1_74' title="bbox 193 4090 1845 4169">
     <span class='ocr_line' id='line_1_74' title="bbox 193 4090 1845 4169; baseline -0.005 -16"><span class='ocrx_word' id='word_1_530' title='bbox 193 4090 301 4169; x_wconf 79' lang='lat' dir='ltr'><em>qui</em></span> <span class='ocrx_word' id='word_1_531' title='bbox 328 4090 812 4153; x_wconf 38' lang='lat' dir='ltr'><em>converteba‘ntur</em></span> <span class='ocrx_word' id='word_1_532' title='bbox 835 4105 902 4147; x_wconf 82' lang='lat' dir='ltr'><em>ex</em></span> <span class='ocrx_word' id='word_1_533' title='bbox 925 4091 1185 4162; x_wconf 81' lang='lat' dir='ltr'><em>paganis,</em></span> <span class='ocrx_word' id='word_1_534' title='bbox 1214 4096 1269 4145; x_wconf 90' lang='lat' dir='ltr'><em>et</em></span> <span class='ocrx_word' id='word_1_535' title='bbox 1296 4096 1525 4161; x_wconf 88' lang='lat' dir='ltr'><em>propter</em></span> <span class='ocrx_word' id='word_1_536' title='bbox 1578 4090 1845 4161; x_wconf 85' lang='lat' dir='ltr'><em>sepultu-</em></span> 
     </span>
    </p>
   </div>
   <div class='ocr_carea' id='block_1_75' title="bbox 193 4176 1721 4243">
    <p class='ocr_par' dir='ltr' id='par_1_75' title="bbox 193 4176 1721 4243">
     <span class='ocr_line' id='line_1_75' title="bbox 193 4176 1721 4243; baseline 0.013 -19"><span class='ocrx_word' id='word_1_537' title='bbox 193 4184 288 4225; x_wconf 90' lang='lat' dir='ltr'><em>ras</em></span> <span class='ocrx_word' id='word_1_538' title='bbox 316 4176 712 4243; x_wconf 48' lang='lat' dir='ltr'><em>martyrum-3,D</em></span> <span class='ocrx_word' id='word_1_539' title='bbox 831 4239 840 4243; x_wconf 87' lang='lat'>_</span> <span class='ocrx_word' id='word_1_540' title='bbox 983 4234 1019 4243; x_wconf 82' lang='lat'><em>..</em></span> <span class='ocrx_word' id='word_1_541' title='bbox 1519 4236 1551 4243; x_wconf 90' lang='lat'><em>..</em></span> <span class='ocrx_word' id='word_1_542' title='bbox 1712 4233 1721 4243; x_wconf 95' lang='lat'><em>.</em></span> 
     </span>
    </p>
   </div>
   <div class='ocr_carea' id='block_1_76' title="bbox 268 4234 1845 4305">
    <p class='ocr_par' dir='ltr' id='par_1_76' title="bbox 268 4234 1845 4305">
     <span class='ocr_line' id='line_1_76' title="bbox 268 4234 1845 4305; baseline -0.007 -9"><span class='ocrx_word' id='word_1_543' title='bbox 268 4243 437 4296; x_wconf 87' lang='lat' dir='ltr'><em>Linea</em></span> <span class='ocrx_word' id='word_1_544' title='bbox 537 4269 604 4278; x_wconf 88' lang='lat'><strong><em>—</em></strong></span> <span class='ocrx_word' id='word_1_545' title='bbox 629 4239 699 4291; x_wconf 88' lang='lat' dir='ltr'><em>Et</em></span> <span class='ocrx_word' id='word_1_546' title='bbox 726 4239 925 4305; x_wconf 85' lang='lat' dir='ltr'><em>septem</em></span> <span class='ocrx_word' id='word_1_547' title='bbox 960 4234 1214 4287; x_wconf 87' lang='lat' dir='ltr'><em>diaconos</em></span> <span class='ocrx_word' id='word_1_548' title='bbox 1272 4236 1570 4300; x_wconf 84' lang='lat' dir='ltr'><em>constituit,</em></span> <span class='ocrx_word' id='word_1_549' title='bbox 1623 4234 1721 4302; x_wconf 89' lang='lat' dir='ltr'><em>qui</em></span> <span class='ocrx_word' id='word_1_550' title='bbox 1740 4248 1845 4286; x_wconf 87' lang='lat' dir='ltr'><em>cu—</em></span> 
     </span>
    </p>
   </div>
   <div class='ocr_carea' id='block_1_77' title="bbox 190 4306 1843 4378">
    <p class='ocr_par' dir='ltr' id='par_1_77' title="bbox 190 4306 1843 4378">
     <span class='ocr_line' id='line_1_77' title="bbox 190 4306 1843 4378; baseline -0.005 -12"><span class='ocrx_word' id='word_1_551' title='bbox 190 4313 465 4366; x_wconf 83' lang='lat' dir='ltr'><em>stodirent</em></span> <span class='ocrx_word' id='word_1_552' title='bbox 494 4312 799 4378; x_wconf 84' lang='lat' dir='ltr'><em>episcopum</em></span> <span class='ocrx_word' id='word_1_553' title='bbox 838 4306 1246 4378; x_wconf 68' lang='lat' dir='ltr'><em>praedicantem,</em></span> <span class='ocrx_word' id='word_1_554' title='bbox 1272 4310 1494 4374; x_wconf 83' lang='lat' dir='ltr'><em>prapter</em></span> <span class='ocrx_word' id='word_1_555' title='bbox 1514 4306 1725 4378; x_wconf 82' lang='lat' dir='ltr'><em>stylum</em></span> <span class='ocrx_word' id='word_1_556' title='bbox 1743 4319 1843 4378; x_wconf 74' lang='lat' dir='ltr'><em>ce—</em></span> 
     </span>
    </p>
   </div>
   <div class='ocr_carea' id='block_1_78' title="bbox 190 4376 1841 4445">
    <p class='ocr_par' dir='ltr' id='par_1_78' title="bbox 190 4376 1841 4445">
     <span class='ocr_line' id='line_1_78' title="bbox 190 4376 1841 4445; baseline -0.005 -7"><span class='ocrx_word' id='word_1_557' title='bbox 190 4387 400 4437; x_wconf 84' lang='lat' dir='ltr'><em>ritatis.</em></span> <span class='ocrx_word' id='word_1_558' title='bbox 434 4376 958 4437; x_wconf 44' lang='lat' dir='ltr'><em>Eat—constitutione</em></span> <span class='ocrx_word' id='word_1_559' title='bbox 990 4377 1233 4431; x_wconf 83' lang='lat' dir='ltr'><em>Evaristi</em></span> <span class='ocrx_word' id='word_1_560' title='bbox 1253 4383 1463 4445; x_wconf 88' lang='lat' dir='ltr'><em>septem</em></span> <span class='ocrx_word' id='word_1_561' title='bbox 1491 4376 1721 4430; x_wconf 86' lang='lat' dir='ltr'><em>diaconi</em></span> <span class='ocrx_word' id='word_1_562' title='bbox 1744 4376 1841 4430; x_wconf 88' lang='lat' dir='ltr'><em>de-</em></span> 
     </span>
    </p>
   </div>
   <div class='ocr_carea' id='block_1_79' title="bbox 188 4446 1845 4521">
    <p class='ocr_par' dir='ltr' id='par_1_79' title="bbox 188 4446 1845 4521">
     <span class='ocr_line' id='line_1_79' title="bbox 188 4446 1845 4521; baseline -0.006 -11"><span class='ocrx_word' id='word_1_563' title='bbox 188 4458 538 4510; x_wconf 88' lang='lat' dir='ltr'><em>bentastare</em></span> <span class='ocrx_word' id='word_1_564' title='bbox 557 4453 827 4521; x_wconf 86' lang='lat' dir='ltr'><em>episcopo</em></span> <span class='ocrx_word' id='word_1_565' title='bbox 871 4448 1606 4521; x_wconf 14' lang='lat' dir='ltr'><em>pradicanti,iutcustodes</em></span> <span class='ocrx_word' id='word_1_566' title='bbox 1643 4446 1845 4521; x_wconf 80' lang='lat' dir='ltr'><em>habeat</em></span> 
     </span>
    </p>
   </div>
   <div class='ocr_carea' id='block_1_80' title="bbox 185 4518 1844 4590">
    <p class='ocr_par' dir='ltr' id='par_1_80' title="bbox 185 4518 1844 4590">
     <span class='ocr_line' id='line_1_80' title="bbox 185 4518 1844 4590; baseline -0.007 -9"><span class='ocrx_word' id='word_1_567' title='bbox 185 4530 252 4581; x_wconf 85' lang='lat' dir='ltr'><em>ad</em></span> <span class='ocrx_word' id='word_1_568' title='bbox 264 4540 475 4581; x_wconf 89' lang='lat' dir='ltr'><em>versus</em></span> <span class='ocrx_word' id='word_1_569' title='bbox 493 4518 858 4590; x_wconf 84' lang='lat' dir='ltr'><em>insidiantes,</em></span> <span class='ocrx_word' id='word_1_570' title='bbox 877 4526 934 4575; x_wconf 92' lang='lat' dir='ltr'><em>et</em></span> <span class='ocrx_word' id='word_1_571' title='bbox 949 4525 1119 4574; x_wconf 86' lang='lat' dir='ltr'><em>testes</em></span> <span class='ocrx_word' id='word_1_572' title='bbox 1133 4518 1394 4590; x_wconf 85' lang='lat' dir='ltr'><em>veritatis</em></span> <span class='ocrx_word' id='word_1_573' title='bbox 1422 4519 1564 4585; x_wconf 84' lang='lat' dir='ltr'><em>prad</em></span> <span class='ocrx_word' id='word_1_574' title='bbox 1578 4519 1736 4572; x_wconf 85' lang='lat' dir='ltr'><em>icata</em></span> <span class='ocrx_word' id='word_1_575' title='bbox 1752 4518 1844 4590; x_wconf 83' lang='lat' dir='ltr'><em>ad-</em></span> 
     </span>
    </p>
   </div>
   <div class='ocr_carea' id='block_1_81' title="bbox 186 4588 1847 4662">
    <p class='ocr_par' dir='ltr' id='par_1_81' title="bbox 186 4588 1847 4662">
     <span class='ocr_line' id='line_1_81' title="bbox 186 4588 1847 4662; baseline -0.005 -11"><span class='ocrx_word' id='word_1_576' title='bbox 186 4612 397 4654; x_wconf 90' lang='lat' dir='ltr'><em>versus</em></span> <span class='ocrx_word' id='word_1_577' title='bbox 419 4598 769 4651; x_wconf 88' lang='lat' dir='ltr'><em>detractores</em></span> <span class='ocrx_word' id='word_1_578' title='bbox 792 4588 942 4662; x_wconf 86' lang='lat' dir='ltr'><em>can.,</em></span> <span class='ocrx_word' id='word_1_579' title='bbox 969 4592 1213 4656; x_wconf 80' lang='lat' dir='ltr'><em>Diaconi,</em></span> <span class='ocrx_word' id='word_1_580' title='bbox 1247 4588 1317 4644; x_wconf 84' lang='lat'><em>93</em></span> <span class='ocrx_word' id='word_1_581' title='bbox 1335 4590 1479 4662; x_wconf 72' lang='lat' dir='ltr'><em>dist.</em></span> <span class='ocrx_word' id='word_1_582' title='bbox 1498 4591 1577 4662; x_wconf 84' lang='lat' dir='ltr'><em>Ex</em></span> <span class='ocrx_word' id='word_1_583' title='bbox 1609 4588 1847 4662; x_wconf 82' lang='lat' dir='ltr'><em>synodo-</em></span> 
     </span>
    </p>
   </div>
   <div class='ocr_carea' id='block_1_82' title="bbox 188 4659 1843 4734">
    <p class='ocr_par' dir='ltr' id='par_1_82' title="bbox 188 4659 1843 4734">
     <span class='ocr_line' id='line_1_82' title="bbox 188 4659 1843 4734; baseline -0.005 -11"><span class='ocrx_word' id='word_1_584' title='bbox 188 4670 449 4724; x_wconf 79' lang='lat' dir='ltr'><em>Romana</em></span> <span class='ocrx_word' id='word_1_585' title='bbox 475 4668 668 4723; x_wconf 90' lang='lat' dir='ltr'><em>habita</em></span> <span class='ocrx_word' id='word_1_586' title='bbox 693 4666 801 4721; x_wconf 91' lang='lat' dir='ltr'><em>sub</em></span> <span class='ocrx_word' id='word_1_587' title='bbox 827 4659 1431 4734; x_wconf 8' lang='lat' dir='ltr'><em>Gregoriorepiscopus</em></span> <span class='ocrx_word' id='word_1_588' title='bbox 1451 4660 1619 4734; x_wconf 81' lang='lat' dir='ltr'><em>debet</em></span> <span class='ocrx_word' id='word_1_589' title='bbox 1637 4659 1843 4714; x_wconf 81' lang='lat' dir='ltr'><em>habere</em></span> 
     </span>
    </p>
   </div>
   <div class='ocr_carea' id='block_1_83' title="bbox 183 4732 1844 4809">
    <p class='ocr_par' dir='ltr' id='par_1_83' title="bbox 183 4732 1844 4809">
     <span class='ocr_line' id='line_1_83' title="bbox 183 4732 1844 4809; baseline -0.007 -14"><span class='ocrx_word' id='word_1_590' title='bbox 183 4743 438 4796; x_wconf 87' lang='lat' dir='ltr'><em>clericos</em></span> <span class='ocrx_word' id='word_1_591' title='bbox 471 4741 528 4794; x_wconf 90' lang='lat' dir='ltr'><em>in</em></span> <span class='ocrx_word' id='word_1_592' title='bbox 554 4740 773 4809; x_wconf 90' lang='lat' dir='ltr'><em>privato</em></span> <span class='ocrx_word' id='word_1_593' title='bbox 796 4732 1094 4800; x_wconf 84' lang='lat' dir='ltr'><em>famulatu,</em></span> <span class='ocrx_word' id='word_1_594' title='bbox 1120 4732 1216 4809; x_wconf 10' lang='lat' dir='ltr'><em>&#39;iut‘</em></span> <span class='ocrx_word' id='word_1_595' title='bbox 1247 4738 1421 4809; x_wconf 69' lang='lat' dir='ltr'><em>testes</em></span> <span class='ocrx_word' id='word_1_596' title='bbox 1468 4732 1670 4809; x_wconf 80' lang='lat' dir='ltr'><em>habeat</em></span> <span class='ocrx_word' id='word_1_597' title='bbox 1699 4744 1844 4786; x_wconf 92' lang='lat' dir='ltr'><em>con-</em></span> 
     </span>
    </p>
   </div>
   <div class='ocr_carea' id='block_1_84' title="bbox 182 4801 1844 4887">
    <p class='ocr_par' dir='ltr' id='par_1_84' title="bbox 182 4801 1844 4887">
     <span class='ocr_line' id='line_1_84' title="bbox 182 4801 1844 4887; baseline -0.007 -20"><span class='ocrx_word' id='word_1_598' title='bbox 182 4801 708 4887; x_wconf 26' lang='lat' dir='ltr'><em>versat_ionis_,‘ca‘n.</em></span> <span class='ocrx_word' id='word_1_599' title='bbox 754 4809 900 4887; x_wconf 74' lang='lat' dir='ltr'><em>Cura</em></span> <span class='ocrx_word' id='word_1_600' title='bbox 919 4808 1160 4887; x_wconf 78' lang='lat' dir='ltr'><em>pastoris</em></span> <span class='ocrx_word' id='word_1_601' title='bbox 1185 4803 1361 4887; x_wconf 64' lang='lat' dir='ltr'><em>9,_qu.</em></span> <span class='ocrx_word' id='word_1_602' title='bbox 1385 4801 1438 4859; x_wconf 85' lang='lat'><em>7.</em></span> <span class='ocrx_word' id='word_1_603' title='bbox 1463 4806 1587 4887; x_wconf 40' lang='lat' dir='ltr'><em>.Imo</em></span> <span class='ocrx_word' id='word_1_604' title='bbox 1617 4816 1844 4887; x_wconf 35' lang='lat' dir='ltr'><em>excant-</em></span> 
     </span>
    </p>
   </div>
   <div class='ocr_carea' id='block_1_85' title="bbox 182 4875 1844 4950">
    <p class='ocr_par' dir='ltr' id='par_1_85' title="bbox 182 4875 1844 4950">
     <span class='ocr_line' id='line_1_85' title="bbox 182 4875 1844 4950; baseline -0.006 -13"><span class='ocrx_word' id='word_1_605' title='bbox 182 4883 504 4938; x_wconf 83' lang='lat' dir='ltr'><em>stitutione</em></span> <span class='ocrx_word' id='word_1_606' title='bbox 523 4875 685 4936; x_wconf 80' lang='lat' dir='ltr'><em>Lucii</em></span> <span class='ocrx_word' id='word_1_607' title='bbox 707 4875 1084 4950; x_wconf 79' lang='lat' dir='ltr'><em>episcopusin</em></span> <span class='ocrx_word' id='word_1_608' title='bbox 1104 4880 1261 4933; x_wconf 89' lang='lat' dir='ltr'><em>omni</em></span> <span class='ocrx_word' id='word_1_609' title='bbox 1282 4875 1405 4933; x_wconf 91' lang='lat' dir='ltr'><em>loco</em></span> <span class='ocrx_word' id='word_1_610' title='bbox 1425 4876 1578 4931; x_wconf 89' lang='lat' dir='ltr'><em>circa</em></span> <span class='ocrx_word' id='word_1_611' title='bbox 1599 4887 1659 4929; x_wconf 91' lang='lat' dir='ltr'><em>se</em></span> <span class='ocrx_word' id='word_1_612' title='bbox 1676 4875 1844 4928; x_wconf 63' lang='lat' dir='ltr'><em>decet</em></span> 
     </span>
    </p>
   </div>
   <div class='ocr_carea' id='block_1_86' title="bbox 1955 3643 3604 3717">
    <p class='ocr_par' dir='ltr' id='par_1_86' title="bbox 1955 3643 3604 3717">
     <span class='ocr_line' id='line_1_86' title="bbox 1955 3643 3604 3717; baseline 0.004 -20"><span class='ocrx_word' id='word_1_613' title='bbox 1955 3643 3028 3717; x_wconf 89' lang='lat' dir='ltr'><em>istiusmodicomitatudiaconaliapud</em></span> <span class='ocrx_word' id='word_1_614' title='bbox 3042 3643 3374 3717; x_wconf 75' lang='lat' dir='ltr'><em>episcopum</em></span> <span class='ocrx_word' id='word_1_615' title='bbox 3406 3650 3604 3704; x_wconf 88' lang='lat' dir='ltr'><em>Roma-</em></span> 
     </span>
    </p>
   </div>
   <div class='ocr_carea' id='block_1_87' title="bbox 1955 3716 3601 3790">
    <p class='ocr_par' dir='ltr' id='par_1_87' title="bbox 1955 3716 3601 3790">
     <span class='ocr_line' id='line_1_87' title="bbox 1955 3716 3601 3790; baseline 0.004 -21"><span class='ocrx_word' id='word_1_616' title='bbox 1955 3728 2091 3790; x_wconf 79' lang='lat' dir='ltr'><em>num</em></span> <span class='ocrx_word' id='word_1_617' title='bbox 2130 3716 2384 3790; x_wconf 89' lang='lat' dir='ltr'><em>loquitur</em></span> <span class='ocrx_word' id='word_1_618' title='bbox 2406 3718 2929 3790; x_wconf 86' lang='lat' dir='ltr'><em>llegesippus.dum</em></span> <span class='ocrx_word' id='word_1_619' title='bbox 2964 3716 3140 3790; x_wconf 14' lang='lat' dir='ltr'><em>referti</em></span> <span class='ocrx_word' id='word_1_620' title='bbox 3163 3716 3326 3772; x_wconf 84' lang='lat' dir='ltr'><em>suam</em></span> <span class='ocrx_word' id='word_1_621' title='bbox 3358 3721 3426 3774; x_wconf 90' lang='lat' dir='ltr'><em>ad</em></span> <span class='ocrx_word' id='word_1_622' title='bbox 3456 3732 3601 3790; x_wconf 86' lang='lat' dir='ltr'><em>apo-</em></span> 
     </span>
    </p>
   </div>
   <div class='ocr_carea' id='block_1_88' title="bbox 1953 3787 3597 3860">
    <p class='ocr_par' dir='ltr' id='par_1_88' title="bbox 1953 3787 3597 3860">
     <span class='ocr_line' id='line_1_88' title="bbox 1953 3787 3597 3860; baseline 0.003 -21"><span class='ocrx_word' id='word_1_623' title='bbox 1953 3787 2191 3842; x_wconf 89' lang='lat' dir='ltr'><em>stolicas</em></span> <span class='ocrx_word' id='word_1_624' title='bbox 2207 3789 2599 3856; x_wconf 84' lang='lat' dir='ltr'><em>inspiciendas</em></span> <span class='ocrx_word' id='word_1_625' title='bbox 2620 3788 2903 3844; x_wconf 86' lang='lat' dir='ltr'><em>Ecclesias</em></span> <span class='ocrx_word' id='word_1_626' title='bbox 2927 3788 3460 3860; x_wconf 82' lang='lat' dir='ltr'><em>peregrinationem.</em></span> <span class='ocrx_word' id='word_1_627' title='bbox 3485 3787 3597 3847; x_wconf 79' lang='lat' dir='ltr'><em>Ro-</em></span> 
     </span>
    </p>
   </div>
   <div class='ocr_carea' id='block_1_89' title="bbox 1951 3860 3601 3931">
    <p class='ocr_par' dir='ltr' id='par_1_89' title="bbox 1951 3860 3601 3931">
     <span class='ocr_line' id='line_1_89' title="bbox 1951 3860 3601 3931; baseline 0.004 -22"><span class='ocrx_word' id='word_1_628' title='bbox 1951 3873 2096 3910; x_wconf 85' lang='lat' dir='ltr'><em>mam</em></span> <span class='ocrx_word' id='word_1_629' title='bbox 2124 3874 2243 3912; x_wconf 83' lang='lat' dir='ltr'><em>cum</em></span> <span class='ocrx_word' id='word_1_630' title='bbox 2271 3862 2552 3925; x_wconf 80' lang='lat' dir='ltr'><em>venissem,</em></span> <span class='ocrx_word' id='word_1_631' title='bbox 2577 3862 2756 3913; x_wconf 79' lang='lat' dir='ltr'><em>mansi</em></span> <span class='ocrx_word' id='word_1_632' title='bbox 2776 3860 2857 3912; x_wconf 83' lang='lat' dir='ltr'><em>ibi</em></span> <span class='ocrx_word' id='word_1_633' title='bbox 2902 3860 3055 3928; x_wconf 88' lang='lat' dir='ltr'><em>apud</em></span> <span class='ocrx_word' id='word_1_634' title='bbox 3097 3862 3401 3929; x_wconf 79' lang='lat' dir='ltr'><em>Anicetum,</em></span> <span class='ocrx_word' id='word_1_635' title='bbox 3444 3863 3601 3931; x_wconf 81' lang='lat' dir='ltr'><em>cujus</em></span> 
     </span>
    </p>
   </div>
   <div class='ocr_carea' id='block_1_90' title="bbox 1953 3931 3600 3988">
    <p class='ocr_par' dir='ltr' id='par_1_90' title="bbox 1953 3931 3600 3988">
     <span class='ocr_line' id='line_1_90' title="bbox 1953 3931 3600 3988; baseline 0.004 -6"><span class='ocrx_word' id='word_1_636' title='bbox 1953 3933 2082 3983; x_wconf 87' lang='lat' dir='ltr'><em>tunc</em></span> <span class='ocrx_word' id='word_1_637' title='bbox 2121 3931 2382 3984; x_wconf 85' lang='lat' dir='ltr'><em>diaconus</em></span> <span class='ocrx_word' id='word_1_638' title='bbox 2422 3936 2542 3985; x_wconf 86' lang='lat' dir='ltr'><em>erat</em></span> <span class='ocrx_word' id='word_1_639' title='bbox 2582 3931 2925 3985; x_wconf 84' lang='lat' dir='ltr'><em>Eleutherus.</em></span> <span class='ocrx_word' id='word_1_640' title='bbox 2979 3932 3106 3985; x_wconf 86' lang='lat' dir='ltr'><em>Post</em></span> <span class='ocrx_word' id='word_1_641' title='bbox 3152 3932 3359 3986; x_wconf 87' lang='lat' dir='ltr'><em>obitum</em></span> <span class='ocrx_word' id='word_1_642' title='bbox 3406 3933 3600 3988; x_wconf 84' lang='lat' dir='ltr'><em>deinde</em></span> 
     </span>
    </p>
   </div>
   <div class='ocr_carea' id='block_1_91' title="bbox 1953 4003 3597 4071">
    <p class='ocr_par' dir='ltr' id='par_1_91' title="bbox 1953 4003 3597 4071">
     <span class='ocr_line' id='line_1_91' title="bbox 1953 4003 3597 4071; baseline 0.003 -17"><span class='ocrx_word' id='word_1_643' title='bbox 1953 4003 2169 4054; x_wconf 85' lang='lat' dir='ltr'><em>Aniceti</em></span> <span class='ocrx_word' id='word_1_644' title='bbox 2242 4017 2515 4056; x_wconf 84' lang='lat' dir='ltr'><em>successor</em></span> <span class='ocrx_word' id='word_1_645' title='bbox 2556 4004 2726 4068; x_wconf 79' lang='lat' dir='ltr'><em>Soter,</em></span> <span class='ocrx_word' id='word_1_646' title='bbox 2780 4017 2939 4070; x_wconf 89' lang='lat' dir='ltr'><em>quem</em></span> <span class='ocrx_word' id='word_1_647' title='bbox 2986 4004 3194 4071; x_wconf 74' lang='lat' dir='ltr'><em>eacepit</em></span> <span class='ocrx_word' id='word_1_648' title='bbox 3251 4003 3597 4059; x_wconf 71' lang='lat' dir='ltr'><em>Eleuther-us.</em></span> 
     </span>
    </p>
   </div>
   <div class='ocr_carea' id='block_1_92' title="bbox 1952 4072 3600 4145">
    <p class='ocr_par' dir='ltr' id='par_1_92' title="bbox 1952 4072 3600 4145">
     <span class='ocr_line' id='line_1_92' title="bbox 1952 4072 3600 4145; baseline 0.004 -20"><span class='ocrx_word' id='word_1_649' title='bbox 1952 4072 2037 4145; x_wconf 10' lang='lat' dir='ltr'><em>Exi</em></span> <span class='ocrx_word' id='word_1_650' title='bbox 2058 4072 2431 4128; x_wconf 84' lang='lat' dir='ltr'><em>diaconorum</em></span> <span class='ocrx_word' id='word_1_651' title='bbox 2465 4073 2795 4128; x_wconf 89' lang='lat' dir='ltr'><em>istiusmodi</em></span> <span class='ocrx_word' id='word_1_652' title='bbox 2814 4073 3088 4145; x_wconf 86' lang='lat' dir='ltr'><em>comitatu</em></span> <span class='ocrx_word' id='word_1_653' title='bbox 3110 4072 3511 4145; x_wconf 89' lang='lat' dir='ltr'><em>deligebantur</em></span> <span class='ocrx_word' id='word_1_654' title='bbox 3528 4075 3600 4130; x_wconf 93' lang='lat' dir='ltr'><em>ab</em></span> 
     </span>
    </p>
   </div>
   <div class='ocr_carea' id='block_1_93' title="bbox 1952 4144 3602 4214">
    <p class='ocr_par' dir='ltr' id='par_1_93' title="bbox 1952 4144 3602 4214">
     <span class='ocr_line' id='line_1_93' title="bbox 1952 4144 3602 4214; baseline 0.003 -17"><span class='ocrx_word' id='word_1_655' title='bbox 1952 4144 2259 4214; x_wconf 84' lang='lat' dir='ltr'><em>episcOpis,</em></span> <span class='ocrx_word' id='word_1_656' title='bbox 2291 4146 2389 4214; x_wconf 89' lang='lat' dir='ltr'><em>qui</em></span> <span class='ocrx_word' id='word_1_657' title='bbox 2419 4144 2839 4200; x_wconf 85' lang='lat' dir='ltr'><em>ecclesiasticas</em></span> <span class='ocrx_word' id='word_1_658' title='bbox 2867 4144 3097 4199; x_wconf 86' lang='lat' dir='ltr'><em>chartas</em></span> <span class='ocrx_word' id='word_1_659' title='bbox 3134 4144 3445 4210; x_wconf 83' lang='lat' dir='ltr'><em>deferrent,</em></span> <span class='ocrx_word' id='word_1_660' title='bbox 3498 4152 3602 4202; x_wconf 89' lang='lat' dir='ltr'><em>aut</em></span> 
     </span>
    </p>
   </div>
   <div class='ocr_carea' id='block_1_94' title="bbox 1953 4216 3603 4285">
    <p class='ocr_par' dir='ltr' id='par_1_94' title="bbox 1953 4216 3603 4285">
     <span class='ocr_line' id='line_1_94' title="bbox 1953 4216 3603 4285; baseline 0.004 -18"><span class='ocrx_word' id='word_1_661' title='bbox 1953 4218 2268 4271; x_wconf 89' lang='lat' dir='ltr'><em>constituta</em></span> <span class='ocrx_word' id='word_1_662' title='bbox 2284 4218 2712 4271; x_wconf 87' lang='lat' dir='ltr'><em>denuntiarent.</em></span> <span class='ocrx_word' id='word_1_663' title='bbox 2738 4217 2880 4270; x_wconf 85' lang='lat' dir='ltr'><em>Hinc</em></span> <span class='ocrx_word' id='word_1_664' title='bbox 2900 4217 3113 4285; x_wconf 84' lang='lat' dir='ltr'><em>sapius</em></span> <span class='ocrx_word' id='word_1_665' title='bbox 3142 4217 3197 4270; x_wconf 93' lang='lat' dir='ltr'><em>in</em></span> <span class='ocrx_word' id='word_1_666' title='bbox 3217 4216 3482 4285; x_wconf 87' lang='lat' dir='ltr'><em>epistolis</em></span> <span class='ocrx_word' id='word_1_667' title='bbox 3510 4218 3603 4273; x_wconf 89' lang='lat' dir='ltr'><em>de-</em></span> 
     </span>
    </p>
   </div>
   <div class='ocr_carea' id='block_1_95' title="bbox 1952 4287 3597 4359">
    <p class='ocr_par' dir='ltr' id='par_1_95' title="bbox 1952 4287 3597 4359">
     <span class='ocr_line' id='line_1_95' title="bbox 1952 4287 3597 4359; baseline 0.003 -20"><span class='ocrx_word' id='word_1_668' title='bbox 1952 4288 2265 4343; x_wconf 87' lang='lat' dir='ltr'><em>cretalibus</em></span> <span class='ocrx_word' id='word_1_669' title='bbox 2286 4292 2803 4343; x_wconf 88' lang='lat' dir='ltr'><em>commemorantur</em></span> <span class='ocrx_word' id='word_1_670' title='bbox 2822 4288 3040 4359; x_wconf 84' lang='lat' dir='ltr'><em>diaconi</em></span> <span class='ocrx_word' id='word_1_671' title='bbox 3065 4287 3130 4341; x_wconf 87' lang='lat' dir='ltr'><em>de</em></span> <span class='ocrx_word' id='word_1_672' title='bbox 3161 4289 3344 4355; x_wconf 86' lang='lat' dir='ltr'><em>late-re,</em></span> <span class='ocrx_word' id='word_1_673' title='bbox 3367 4302 3467 4343; x_wconf 90' lang='lat' dir='ltr'><em>seu</em></span> <span class='ocrx_word' id='word_1_674' title='bbox 3495 4290 3597 4359; x_wconf 91' lang='lat' dir='ltr'><em>qui</em></span> 
     </span>
    </p>
   </div>
   <div class='ocr_carea' id='block_1_96' title="bbox 1956 4358 3601 4429">
    <p class='ocr_par' dir='ltr' id='par_1_96' title="bbox 1956 4358 3601 4429">
     <span class='ocr_line' id='line_1_96' title="bbox 1956 4358 3601 4429; baseline 0.002 -18"><span class='ocrx_word' id='word_1_675' title='bbox 1956 4359 2252 4426; x_wconf 89' lang='lat' dir='ltr'><em>pontiﬁcio</em></span> <span class='ocrx_word' id='word_1_676' title='bbox 2301 4359 2603 4414; x_wconf 87' lang='lat' dir='ltr'><em>famulatui</em></span> <span class='ocrx_word' id='word_1_677' title='bbox 2647 4358 3062 4414; x_wconf 83' lang='lat' dir='ltr'><em>deserviebant.</em></span> <span class='ocrx_word' id='word_1_678' title='bbox 3107 4360 3437 4429; x_wconf 88' lang='lat' dir='ltr'><em>Designatio</em></span> <span class='ocrx_word' id='word_1_679' title='bbox 3483 4358 3601 4415; x_wconf 82' lang='lat' dir='ltr'><em>hac</em></span> 
     </span>
    </p>
   </div>
   <div class='ocr_carea' id='block_1_97' title="bbox 1956 4430 3597 4498">
    <p class='ocr_par' dir='ltr' id='par_1_97' title="bbox 1956 4430 3597 4498">
     <span class='ocr_line' id='line_1_97' title="bbox 1956 4430 3597 4498; baseline 0.002 -15"><span class='ocrx_word' id='word_1_680' title='bbox 1956 4430 2265 4498; x_wconf 90' lang='lat' dir='ltr'><em>putabatur</em></span> <span class='ocrx_word' id='word_1_681' title='bbox 2290 4432 2630 4486; x_wconf 88' lang='lat' dir='ltr'><em>necessaria.</em></span> <span class='ocrx_word' id='word_1_682' title='bbox 2664 4430 2823 4485; x_wconf 89' lang='lat' dir='ltr'><em>Unde</em></span> <span class='ocrx_word' id='word_1_683' title='bbox 2869 4431 3190 4485; x_wconf 86' lang='lat' dir='ltr'><em>Eunomius</em></span> <span class='ocrx_word' id='word_1_684' title='bbox 3218 4431 3597 4486; x_wconf 86' lang='lat' dir='ltr'><em>haresiarcha</em></span> 
     </span>
    </p>
   </div>
   <div class='ocr_carea' id='block_1_98' title="bbox 1953 4501 3591 4573">
    <p class='ocr_par' dir='ltr' id='par_1_98' title="bbox 1953 4501 3591 4573">
     <span class='ocr_line' id='line_1_98' title="bbox 1953 4501 3591 4573; baseline 0 -18"><span class='ocrx_word' id='word_1_685' title='bbox 1953 4501 2021 4555; x_wconf 89' lang='lat' dir='ltr'><em>ad</em></span> <span class='ocrx_word' id='word_1_686' title='bbox 2051 4504 2275 4573; x_wconf 88' lang='lat' dir='ltr'><em>negotia</em></span> <span class='ocrx_word' id='word_1_687' title='bbox 2295 4503 2660 4558; x_wconf 89' lang='lat' dir='ltr'><em>dissolvenda</em></span> <span class='ocrx_word' id='word_1_688' title='bbox 2684 4501 3248 4573; x_wconf 83' lang='lat' dir='ltr'><em>primodiaconatum</em></span> <span class='ocrx_word' id='word_1_689' title='bbox 3274 4513 3591 4573; x_wconf 77' lang='lat' dir='ltr'><em>assumens,</em></span> 
     </span>
    </p>
   </div>
   <div class='ocr_carea' id='block_1_99' title="bbox 1956 4569 3590 4643">
    <p class='ocr_par' dir='ltr' id='par_1_99' title="bbox 1956 4569 3590 4643">
     <span class='ocr_line' id='line_1_99' title="bbox 1956 4569 3590 4643; baseline -0.001 -16"><span class='ocrx_word' id='word_1_690' title='bbox 1956 4569 2291 4643; x_wconf 74' lang='lat' dir='ltr'><em>legationem</em></span> <span class='ocrx_word' id='word_1_691' title='bbox 2321 4573 2557 4643; x_wconf 81' lang='lat' dir='ltr'><em>perfecit</em></span> <span class='ocrx_word' id='word_1_692' title='bbox 2581 4587 2646 4643; x_wconf 71' lang='lat' dir='ltr'><em>ex</em></span> <span class='ocrx_word' id='word_1_693' title='bbox 2680 4569 3081 4642; x_wconf 84' lang='lat' dir='ltr'><em>Philostorgio.</em></span> <span class='ocrx_word' id='word_1_694' title='bbox 3110 4571 3148 4631; x_wconf 81' lang='grc' dir='ltr'><em>Ι,</em></span> <span class='ocrx_word' id='word_1_695' title='bbox 3185 4584 3262 4637; x_wconf 83' lang='grc' dir='ltr'><em>ιν,</em></span> <span class='ocrx_word' id='word_1_696' title='bbox 3294 4584 3345 4626; x_wconf 91' lang='lat' dir='ltr'><em>c.</em></span> <span class='ocrx_word' id='word_1_697' title='bbox 3373 4569 3427 4643; x_wconf 62' lang='grc' dir='ltr'><strong>ξ,</strong></span> <span class='ocrx_word' id='word_1_698' title='bbox 3464 4569 3590 4643; x_wconf 80' lang='lat' dir='ltr'><em>pag.</em></span> 
     </span>
    </p>
   </div>
   <div class='ocr_carea' id='block_1_100' title="bbox 1952 4641 3593 4712">
    <p class='ocr_par' dir='ltr' id='par_1_100' title="bbox 1952 4641 3593 4712">
     <span class='ocr_line' id='line_1_100' title="bbox 1952 4641 3593 4712; baseline -0.001 -13"><span class='ocrx_word' id='word_1_699' title='bbox 1952 4641 2055 4699; x_wconf 57' lang='lat'><em>63&#39;:</em></span> <span class='ocrx_word' id='word_1_700' title='bbox 2080 4667 2105 4697; x_wconf 81' lang='grc' dir='ltr'>α</span> <span class='ocrx_word' id='word_1_701' title='bbox 2121 4646 2258 4700; x_wconf 89' lang='lat' dir='ltr'><em>Cum</em></span> <span class='ocrx_word' id='word_1_702' title='bbox 2282 4641 2597 4700; x_wconf 88' lang='lat' dir='ltr'><em>Eunomius</em></span> <span class='ocrx_word' id='word_1_703' title='bbox 2613 4642 2760 4697; x_wconf 86' lang='lat' dir='ltr'><em>fama</em></span> <span class='ocrx_word' id='word_1_704' title='bbox 2777 4641 3091 4712; x_wconf 87' lang='lat' dir='ltr'><em>accepisset</em></span> <span class='ocrx_word' id='word_1_705' title='bbox 3105 4655 3169 4696; x_wconf 90' lang='lat' dir='ltr'><em>ea</em></span> <span class='ocrx_word' id='word_1_706' title='bbox 3187 4654 3313 4711; x_wconf 89' lang='lat' dir='ltr'><em>qua</em></span> <span class='ocrx_word' id='word_1_707' title='bbox 3328 4654 3361 4695; x_wconf 93' lang='lat' dir='ltr'><em>a</em></span> <span class='ocrx_word' id='word_1_708' title='bbox 3376 4641 3593 4697; x_wconf 90' lang='lat' dir='ltr'><em>Basilio</em></span> 
     </span>
    </p>
   </div>
   <div class='ocr_carea' id='block_1_101' title="bbox 1953 4712 3592 4784">
    <p class='ocr_par' dir='ltr' id='par_1_101' title="bbox 1953 4712 3592 4784">
     <span class='ocr_line' id='line_1_101' title="bbox 1953 4712 3592 4784; baseline -0.001 -14"><span class='ocrx_word' id='word_1_709' title='bbox 1953 4715 2100 4771; x_wconf 89' lang='lat' dir='ltr'><em>facta</em></span> <span class='ocrx_word' id='word_1_710' title='bbox 2132 4715 2384 4783; x_wconf 89' lang='lat' dir='ltr'><em>fuerunt,</em></span> <span class='ocrx_word' id='word_1_711' title='bbox 2418 4716 2782 4771; x_wconf 86' lang='lat' dir='ltr'><em>Antiochiam</em></span> <span class='ocrx_word' id='word_1_712' title='bbox 2830 4715 3116 4784; x_wconf 82' lang='lat' dir='ltr'><em>prolectus</em></span> <span class='ocrx_word' id='word_1_713' title='bbox 3167 4712 3592 4768; x_wconf 89' lang='lat' dir='ltr'><em>ordinationem</em></span> 
     </span>
    </p>
   </div>
   <div class='ocr_carea' id='block_1_102' title="bbox 1949 4787 3591 4858">
    <p class='ocr_par' dir='ltr' id='par_1_102' title="bbox 1949 4787 3591 4858">
     <span class='ocr_line' id='line_1_102' title="bbox 1949 4787 3591 4858; baseline 0.003 -18"><span class='ocrx_word' id='word_1_714' title='bbox 1949 4788 2177 4842; x_wconf 85' lang='lat' dir='ltr'><em>diaconi</em></span> <span class='ocrx_word' id='word_1_715' title='bbox 2204 4788 2480 4856; x_wconf 88' lang='lat' dir='ltr'><em>suscepit,</em></span> <span class='ocrx_word' id='word_1_716' title='bbox 2514 4787 2848 4858; x_wconf 83' lang='lat' dir='ltr'><em>legatusque</em></span> <span class='ocrx_word' id='word_1_717' title='bbox 2868 4787 2935 4841; x_wconf 88' lang='lat' dir='ltr'><em>ad</em></span> <span class='ocrx_word' id='word_1_718' title='bbox 2958 4787 3357 4842; x_wconf 87' lang='lat' dir='ltr'><em>Constantium</em></span> <span class='ocrx_word' id='word_1_719' title='bbox 3378 4789 3591 4845; x_wconf 88' lang='lat' dir='ltr'><em>missus</em></span> 
     </span>
    </p>
   </div>
   <div class='ocr_carea' id='block_1_103' title="bbox 1950 4862 2661 4933">
    <p class='ocr_par' dir='ltr' id='par_1_103' title="bbox 1950 4862 2661 4933">
     <span class='ocr_line' id='line_1_103' title="bbox 1950 4862 2661 4933; baseline -0.013 -15"><span class='ocrx_word' id='word_1_720' title='bbox 1950 4876 2063 4933; x_wconf 90' lang='lat' dir='ltr'><em>quo</em></span> <span class='ocrx_word' id='word_1_721' title='bbox 2087 4863 2311 4917; x_wconf 89' lang='lat' dir='ltr'><em>decreta</em></span> <span class='ocrx_word' id='word_1_722' title='bbox 2339 4862 2600 4917; x_wconf 87' lang='lat' dir='ltr'><em>solveret.</em></span> <span class='ocrx_word' id='word_1_723' title='bbox 2636 4878 2661 4909; x_wconf 71' lang='grc' dir='ltr'><em>ι»</em></span> 
     </span>
    </p>
   </div>
   <div class='ocr_carea' id='block_1_104' title="bbox 184 4930 3594 5025">
    <p class='ocr_par' dir='ltr' id='par_1_104' title="bbox 184 4930 3594 5025">
     <span class='ocr_line' id='line_1_104' title="bbox 184 4930 3594 5025; baseline 0 0"><span class='ocrx_word' id='word_1_724' title='bbox 184 4930 1084 5025; x_wconf 56' lang='grc' dir='ltr'><em>ῐιέίῐιὲἱέἇῖιίῖεῗδὶέἐῦἧέἱὸἕῖἑῖ</em></span> <span class='ocrx_word' id='word_1_725' title='bbox 1114 4930 1260 5007; x_wconf 32' lang='lat' dir='ltr'><em>trs—5&#39;</em></span> <span class='ocrx_word' id='word_1_726' title='bbox 1282 4930 1562 5025; x_wconf 60' lang='grc' dir='ltr'><em>ἆίὲιὲιόηοδ</em></span> <span class='ocrx_word' id='word_1_727' title='bbox 1616 4952 1843 5025; x_wconf 65' lang='lat' dir='ltr'><em>propter</em></span> <span class='ocrx_word' id='word_1_728' title='bbox 1873 4954 1922 5017; x_wconf 75' lang='grc' dir='ltr'><strong>Ο</strong></span> <span class='ocrx_word' id='word_1_729' title='bbox 1956 4930 2481 5025; x_wconf 52' lang='grc' dir='ltr'><em>,ίῈζφέἶὲῗἏδείὲίὲἓἯ</em></span> <span class='ocrx_word' id='word_1_730' title='bbox 2496 4930 3594 5025; x_wconf 44' lang='lat' dir='ltr'><em>Refii‘iiif£9.93???..‘I&#39;.‘F“.?!i&quot;lﬁi9§&#39;</em></span> 
     </span>
    </p>
   </div>
   <div class='ocr_carea' id='block_1_105' title="bbox 179 5019 1846 5089">
    <p class='ocr_par' dir='ltr' id='par_1_105' title="bbox 179 5019 1846 5089">
     <span class='ocr_line' id='line_1_105' title="bbox 179 5019 1846 5089; baseline -0.006 -8"><span class='ocrx_word' id='word_1_731' title='bbox 179 5027 592 5083; x_wconf 90' lang='lat' dir='ltr'><em>testimonium</em></span> <span class='ocrx_word' id='word_1_732' title='bbox 611 5019 1090 5089; x_wconf 77' lang='lat' dir='ltr'><em>ecclesiasticum,</em></span> <span class='ocrx_word' id='word_1_733' title='bbox 1118 5037 1250 5078; x_wconf 91' lang='lat' dir='ltr'><em>can.</em></span> <span class='ocrx_word' id='word_1_734' title='bbox 1305 5022 1580 5085; x_wconf 85' lang='lat' dir='ltr'><em>Jubemus,</em></span> <span class='ocrx_word' id='word_1_735' title='bbox 1616 5019 1681 5073; x_wconf 87' lang='lat' dir='ltr'><em>de</em></span> <span class='ocrx_word' id='word_1_736' title='bbox 1709 5032 1846 5073; x_wconf 88' lang='lat' dir='ltr'><em>con-</em></span> 
     </span>
    </p>
   </div>
   <div class='ocr_carea' id='block_1_106' title="bbox 177 5092 1555 5169">
    <p class='ocr_par' dir='ltr' id='par_1_106' title="bbox 177 5092 1555 5169">
     <span class='ocr_line' id='line_1_106' title="bbox 177 5092 1555 5169; baseline -0.004 -17"><span class='ocrx_word' id='word_1_737' title='bbox 177 5115 350 5164; x_wconf 59' lang='lat' dir='ltr'><em>sema,</em></span> <span class='ocrx_word' id='word_1_738' title='bbox 406 5099 548 5154; x_wconf 89' lang='lat' dir='ltr'><em>dist.</em></span> <span class='ocrx_word' id='word_1_739' title='bbox 578 5095 628 5169; x_wconf 89' lang='grc'><em>4,</em></span> <span class='ocrx_word' id='word_1_740' title='bbox 663 5098 734 5153; x_wconf 89' lang='lat' dir='ltr'><em>de</em></span> <span class='ocrx_word' id='word_1_741' title='bbox 755 5110 868 5168; x_wconf 90' lang='lat' dir='ltr'><em>quo</em></span> <span class='ocrx_word' id='word_1_742' title='bbox 884 5103 942 5152; x_wconf 90' lang='lat' dir='ltr'><em>et</em></span> <span class='ocrx_word' id='word_1_743' title='bbox 963 5098 1224 5150; x_wconf 89' lang='lat' dir='ltr'><em>Anastas.</em></span> <span class='ocrx_word' id='word_1_744' title='bbox 1262 5094 1322 5149; x_wconf 92' lang='lat' dir='ltr'><em>in</em></span> <span class='ocrx_word' id='word_1_745' title='bbox 1358 5092 1555 5149; x_wconf 90' lang='lat' dir='ltr'><em>Lucio.</em></span> 
     </span>
    </p>
   </div>
   <div class='ocr_carea' id='block_1_107' title="bbox 875 5203 1167 5261">
    <p class='ocr_par' dir='ltr' id='par_1_107' title="bbox 875 5203 1167 5261">
     <span class='ocr_line' id='line_1_107' title="bbox 875 5203 1167 5261; baseline -0.007 -2"><span class='ocrx_word' id='word_1_746' title='bbox 875 5203 1167 5261; x_wconf 83' lang='lat' dir='ltr'><em>BENCINI.</em></span> 
     </span>
    </p>
   </div>
   <div class='ocr_carea' id='block_1_108' title="bbox 261 5294 1840 5367">
    <p class='ocr_par' dir='ltr' id='par_1_108' title="bbox 261 5294 1840 5367">
     <span class='ocr_line' id='line_1_108' title="bbox 261 5294 1840 5367; baseline -0.004 -12"><span class='ocrx_word' id='word_1_747' title='bbox 261 5300 442 5355; x_wconf 86' lang='lat' dir='ltr'><em>Linea</em></span> <span class='ocrx_word' id='word_1_748' title='bbox 474 5296 527 5354; x_wconf 84' lang='lat'><em>5.</em></span> <span class='ocrx_word' id='word_1_749' title='bbox 547 5327 621 5337; x_wconf 94' lang='lat'><strong>—</strong></span> <span class='ocrx_word' id='word_1_750' title='bbox 647 5297 858 5367; x_wconf 82' lang='lat' dir='ltr'><em>Septem</em></span> <span class='ocrx_word' id='word_1_751' title='bbox 889 5296 1144 5350; x_wconf 86' lang='lat' dir='ltr'><em>diaconos</em></span> <span class='ocrx_word' id='word_1_752' title='bbox 1170 5297 1468 5350; x_wconf 84' lang='lat' dir='ltr'><em>constituit.</em></span> <span class='ocrx_word' id='word_1_753' title='bbox 1528 5294 1840 5349; x_wconf 67' lang='lat' dir='ltr'><em>Numerium</em></span> 
     </span>
    </p>
   </div>
   <div class='ocr_carea' id='block_1_109' title="bbox 175 5368 1841 5448">
    <p class='ocr_par' dir='ltr' id='par_1_109' title="bbox 175 5368 1841 5448">
     <span class='ocr_line' id='line_1_109' title="bbox 175 5368 1841 5448; baseline -0.005 -20"><span class='ocrx_word' id='word_1_754' title='bbox 175 5378 241 5428; x_wconf 87' lang='lat' dir='ltr'><em>et</em></span> <span class='ocrx_word' id='word_1_755' title='bbox 279 5369 715 5448; x_wconf 77' lang='lat' dir='ltr'><em>institutionem</em></span> <span class='ocrx_word' id='word_1_756' title='bbox 739 5368 1332 5448; x_wconf 77' lang='lat' dir='ltr'><em>ordinavitpontifex,</em></span> <span class='ocrx_word' id='word_1_757' title='bbox 1388 5375 1475 5448; x_wconf 35' lang='lat' dir='ltr'><em>ut“</em></span> <span class='ocrx_word' id='word_1_758' title='bbox 1499 5373 1585 5448; x_wconf 79' lang='lat' dir='ltr'><em>tot</em></span> <span class='ocrx_word' id='word_1_759' title='bbox 1631 5372 1841 5448; x_wconf 77' lang='lat' dir='ltr'><em>essent,</em></span> 
     </span>
    </p>
   </div>
   <div class='ocr_carea' id='block_1_110' title="bbox 178 5438 1847 5513">
    <p class='ocr_par' dir='ltr' id='par_1_110' title="bbox 178 5438 1847 5513">
     <span class='ocr_line' id='line_1_110' title="bbox 178 5438 1847 5513; baseline -0.006 -14"><span class='ocrx_word' id='word_1_760' title='bbox 178 5444 295 5513; x_wconf 88' lang='lat' dir='ltr'><em>qui</em></span> <span class='ocrx_word' id='word_1_761' title='bbox 324 5441 565 5511; x_wconf 86' lang='lat' dir='ltr'><em>speciali</em></span> <span class='ocrx_word' id='word_1_762' title='bbox 580 5440 981 5513; x_wconf 89' lang='lat' dir='ltr'><em>sollicitudine</em></span> <span class='ocrx_word' id='word_1_763' title='bbox 998 5441 1262 5513; x_wconf 82' lang='lat' dir='ltr'><em>adessent</em></span> <span class='ocrx_word' id='word_1_764' title='bbox 1280 5438 1637 5513; x_wconf 74' lang='lat' dir='ltr'><em>pontiﬁcisni</em></span> <span class='ocrx_word' id='word_1_765' title='bbox 1652 5438 1847 5490; x_wconf 88' lang='lat' dir='ltr'><em>iniste-</em></span> 
     </span>
    </p>
   </div>
   <div class='ocr_carea' id='block_1_111' title="bbox 176 5508 1845 5581">
    <p class='ocr_par' dir='ltr' id='par_1_111' title="bbox 176 5508 1845 5581">
     <span class='ocr_line' id='line_1_111' title="bbox 176 5508 1845 5581; baseline -0.006 -11"><span class='ocrx_word' id='word_1_766' title='bbox 176 5508 305 5570; x_wconf 66' lang='lat' dir='ltr'><em>fio.</em></span> <span class='ocrx_word' id='word_1_767' title='bbox 325 5508 616 5567; x_wconf 81' lang='lat' dir='ltr'><em>Numerus</em></span> <span class='ocrx_word' id='word_1_768' title='bbox 637 5513 875 5581; x_wconf 89' lang='lat' dir='ltr'><em>respicit</em></span> <span class='ocrx_word' id='word_1_769' title='bbox 890 5511 1314 5567; x_wconf 88' lang='lat' dir='ltr'><em>institutionem</em></span> <span class='ocrx_word' id='word_1_770' title='bbox 1332 5517 1544 5576; x_wconf 79' lang='lat' dir='ltr'><em>septem</em></span> <span class='ocrx_word' id='word_1_771' title='bbox 1563 5508 1845 5581; x_wconf 87' lang='lat' dir='ltr'><em>diacono—</em></span> 
     </span>
    </p>
   </div>
   <div class='ocr_carea' id='block_1_112' title="bbox 181 5578 1844 5659">
    <p class='ocr_par' dir='ltr' id='par_1_112' title="bbox 181 5578 1844 5659">
     <span class='ocr_line' id='line_1_112' title="bbox 181 5578 1844 5659; baseline -0.007 -18"><span class='ocrx_word' id='word_1_772' title='bbox 181 5600 323 5641; x_wconf 88' lang='lat' dir='ltr'><em>rum</em></span> <span class='ocrx_word' id='word_1_773' title='bbox 356 5578 773 5659; x_wconf 66' lang='lat' dir='ltr'><em>apostolicam;</em></span> <span class='ocrx_word' id='word_1_774' title='bbox 812 5584 1195 5659; x_wconf 84' lang='lat' dir='ltr'><em>ministerium</em></span> <span class='ocrx_word' id='word_1_775' title='bbox 1231 5593 1360 5635; x_wconf 85' lang='lat' dir='ltr'><em>vero</em></span> <span class='ocrx_word' id='word_1_776' title='bbox 1395 5578 1695 5659; x_wconf 73' lang='lat' dir='ltr'><em>specialem</em></span> <span class='ocrx_word' id='word_1_777' title='bbox 1720 5579 1844 5659; x_wconf 77' lang='lat' dir='ltr'><em>soi-</em></span> 
     </span>
    </p>
   </div>
   <div class='ocr_carea' id='block_1_113' title="bbox 177 5650 1844 5722">
    <p class='ocr_par' dir='ltr' id='par_1_113' title="bbox 177 5650 1844 5722">
     <span class='ocr_line' id='line_1_113' title="bbox 177 5650 1844 5722; baseline -0.008 -9"><span class='ocrx_word' id='word_1_778' title='bbox 177 5650 567 5713; x_wconf 84' lang='lat' dir='ltr'><em>licitudinem</em></span> <span class='ocrx_word' id='word_1_779' title='bbox 599 5655 657 5709; x_wconf 91' lang='lat' dir='ltr'><em>in</em></span> <span class='ocrx_word' id='word_1_780' title='bbox 690 5650 974 5722; x_wconf 81' lang='lat' dir='ltr'><em>diaconis,</em></span> <span class='ocrx_word' id='word_1_781' title='bbox 1006 5655 1275 5721; x_wconf 81' lang='lat' dir='ltr'><em>episcopo</em></span> <span class='ocrx_word' id='word_1_782' title='bbox 1308 5650 1606 5704; x_wconf 86' lang='lat' dir='ltr'><em>servitium</em></span> <span class='ocrx_word' id='word_1_783' title='bbox 1668 5650 1844 5703; x_wconf 81' lang='lat' dir='ltr'><em>exhi-</em></span> 
     </span>
    </p>
   </div>
   <div class='ocr_carea' id='block_1_114' title="bbox 176 5721 1845 5785">
    <p class='ocr_par' dir='ltr' id='par_1_114' title="bbox 176 5721 1845 5785">
     <span class='ocr_line' id='line_1_114' title="bbox 176 5721 1845 5785; baseline -0.005 0"><span class='ocrx_word' id='word_1_784' title='bbox 176 5727 490 5785; x_wconf 86' lang='lat' dir='ltr'><em>bentibus.</em></span> <span class='ocrx_word' id='word_1_785' title='bbox 524 5728 600 5781; x_wconf 91' lang='lat' dir='ltr'><em>De</em></span> <span class='ocrx_word' id='word_1_786' title='bbox 622 5739 861 5781; x_wconf 91' lang='lat' dir='ltr'><em>numero</em></span> <span class='ocrx_word' id='word_1_787' title='bbox 890 5727 1264 5781; x_wconf 88' lang='lat' dir='ltr'><em>diaconorum</em></span> <span class='ocrx_word' id='word_1_788' title='bbox 1299 5721 1562 5775; x_wconf 88' lang='lat' dir='ltr'><em>Ecclesia</em></span> <span class='ocrx_word' id='word_1_789' title='bbox 1580 5722 1845 5776; x_wconf 81' lang='lat' dir='ltr'><em>Romana</em></span> 
     </span>
    </p>
   </div>
   <div class='ocr_carea' id='block_1_115' title="bbox 178 5793 1839 5867">
    <p class='ocr_par' dir='ltr' id='par_1_115' title="bbox 178 5793 1839 5867">
     <span class='ocr_line' id='line_1_115' title="bbox 178 5793 1839 5867; baseline -0.004 -13"><span class='ocrx_word' id='word_1_790' title='bbox 178 5797 788 5855; x_wconf 87' lang='lat' dir='ltr'><em>meminitCornelius</em></span> <span class='ocrx_word' id='word_1_791' title='bbox 819 5799 876 5852; x_wconf 91' lang='lat' dir='ltr'><em>in</em></span> <span class='ocrx_word' id='word_1_792' title='bbox 908 5797 1159 5867; x_wconf 71' lang='lat' dir='ltr'><em>epistola</em></span> <span class='ocrx_word' id='word_1_793' title='bbox 1179 5794 1244 5848; x_wconf 88' lang='lat' dir='ltr'><em>ad</em></span> <span class='ocrx_word' id='word_1_794' title='bbox 1278 5794 1506 5867; x_wconf 71' lang='lat' dir='ltr'><em>Fabium</em></span> <span class='ocrx_word' id='word_1_795' title='bbox 1528 5793 1839 5867; x_wconf 78' lang='lat' dir='ltr'><em>Antioche-</em></span> 
     </span>
    </p>
   </div>
   <div class='ocr_carea' id='block_1_116' title="bbox 174 5861 1848 5942">
    <p class='ocr_par' dir='ltr' id='par_1_116' title="bbox 174 5861 1848 5942">
     <span class='ocr_line' id='line_1_116' title="bbox 174 5861 1848 5942; baseline -0.005 -13"><span class='ocrx_word' id='word_1_796' title='bbox 174 5884 361 5942; x_wconf 87' lang='lat' dir='ltr'><em>num,</em></span> <span class='ocrx_word' id='word_1_797' title='bbox 384 5870 536 5940; x_wconf 87' lang='lat' dir='ltr'><em>apud</em></span> <span class='ocrx_word' id='word_1_798' title='bbox 556 5869 771 5926; x_wconf 86' lang='lat' dir='ltr'><em>Euseb.</em></span> <span class='ocrx_word' id='word_1_799' title='bbox 810 5869 848 5924; x_wconf 93' lang='lat' dir='ltr'><em>l.</em></span> <span class='ocrx_word' id='word_1_800' title='bbox 884 5861 958 5939; x_wconf 70' lang='lat' dir='ltr'><em>v1,</em></span> <span class='ocrx_word' id='word_1_801' title='bbox 991 5881 1043 5923; x_wconf 92' lang='lat' dir='ltr'><em>c.</em></span> <span class='ocrx_word' id='word_1_802' title='bbox 1097 5863 1185 5937; x_wconf 72' lang='lat' dir='ltr'><em>l3,</em></span> <span class='ocrx_word' id='word_1_803' title='bbox 1217 5879 1338 5936; x_wconf 87' lang='lat' dir='ltr'><em>pag.</em></span> <span class='ocrx_word' id='word_1_804' title='bbox 1371 5861 1495 5934; x_wconf 74' lang='grc'><strong>244,</strong></span> <span class='ocrx_word' id='word_1_805' title='bbox 1528 5866 1586 5919; x_wconf 89' lang='lat' dir='ltr'><em>in</em></span> <span class='ocrx_word' id='word_1_806' title='bbox 1616 5878 1729 5936; x_wconf 90' lang='lat' dir='ltr'><em>qua</em></span> <span class='ocrx_word' id='word_1_807' title='bbox 1752 5878 1848 5921; x_wconf 86' lang='lat' dir='ltr'><em>re—</em></span> 
     </span>
    </p>
   </div>
   <div class='ocr_carea' id='block_1_117' title="bbox 1955 5003 3595 5075">
    <p class='ocr_par' dir='ltr' id='par_1_117' title="bbox 1955 5003 3595 5075">
     <span class='ocr_line' id='line_1_117' title="bbox 1955 5003 3595 5075; baseline 0.001 -15"><span class='ocrx_word' id='word_1_808' title='bbox 1955 5007 2225 5075; x_wconf 80' lang='lat' dir='ltr'><em>primitur</em></span> <span class='ocrx_word' id='word_1_809' title='bbox 2251 5005 2545 5061; x_wconf 86' lang='lat' dir='ltr'><em>diaconale</em></span> <span class='ocrx_word' id='word_1_810' title='bbox 2574 5004 2744 5058; x_wconf 85' lang='lat' dir='ltr'><em>hocce</em></span> <span class='ocrx_word' id='word_1_811' title='bbox 2769 5003 3157 5075; x_wconf 82' lang='lat' dir='ltr'><em>ministerium</em></span> <span class='ocrx_word' id='word_1_812' title='bbox 3183 5021 3197 5059; x_wconf 92' lang='lat'><strong>:</strong></span> <span class='ocrx_word' id='word_1_813' title='bbox 3229 5005 3333 5058; x_wconf 88' lang='lat' dir='ltr'><em>Hic</em></span> <span class='ocrx_word' id='word_1_814' title='bbox 3378 5021 3595 5075; x_wconf 80' lang='lat' dir='ltr'><em>praece-</em></span> 
     </span>
    </p>
   </div>
   <div class='ocr_carea' id='block_1_118' title="bbox 1946 5074 3592 5147">
    <p class='ocr_par' dir='ltr' id='par_1_118' title="bbox 1946 5074 3592 5147">
     <span class='ocr_line' id='line_1_118' title="bbox 1946 5074 3592 5147; baseline 0.002 -18"><span class='ocrx_word' id='word_1_815' title='bbox 1946 5074 2034 5147; x_wconf 80' lang='lat' dir='ltr'><em>pit</em></span> <span class='ocrx_word' id='word_1_816' title='bbox 2082 5082 2145 5130; x_wconf 88' lang='lat' dir='ltr'><em>ut</em></span> <span class='ocrx_word' id='word_1_817' title='bbox 2196 5077 2302 5130; x_wconf 88' lang='lat' dir='ltr'><em>duo</em></span> <span class='ocrx_word' id='word_1_818' title='bbox 2350 5077 2656 5145; x_wconf 75' lang='lat' dir='ltr'><em>presbyteri</em></span> <span class='ocrx_word' id='word_1_819' title='bbox 2702 5079 2753 5128; x_wconf 86' lang='lat' dir='ltr'><em>et</em></span> <span class='ocrx_word' id='word_1_820' title='bbox 2797 5080 2904 5127; x_wconf 74' lang='lat' dir='ltr'><em>tres</em></span> <span class='ocrx_word' id='word_1_821' title='bbox 2941 5074 3161 5128; x_wconf 86' lang='lat' dir='ltr'><em>diaconi</em></span> <span class='ocrx_word' id='word_1_822' title='bbox 3187 5076 3248 5129; x_wconf 84' lang='lat' dir='ltr'><em>in</em></span> <span class='ocrx_word' id='word_1_823' title='bbox 3288 5074 3437 5131; x_wconf 85' lang='lat' dir='ltr'><em>omni</em></span> <span class='ocrx_word' id='word_1_824' title='bbox 3480 5077 3592 5132; x_wconf 89' lang='lat' dir='ltr'><em>loco</em></span> 
     </span>
    </p>
   </div>
   <div class='ocr_carea' id='block_1_119' title="bbox 1952 5147 3595 5218">
    <p class='ocr_par' dir='ltr' id='par_1_119' title="bbox 1952 5147 3595 5218">
     <span class='ocr_line' id='line_1_119' title="bbox 1952 5147 3595 5218; baseline 0.001 -16"><span class='ocrx_word' id='word_1_825' title='bbox 1952 5151 2257 5218; x_wconf 85' lang='lat' dir='ltr'><em>episcopum</em></span> <span class='ocrx_word' id='word_1_826' title='bbox 2278 5164 2387 5202; x_wconf 90' lang='lat' dir='ltr'><em>non</em></span> <span class='ocrx_word' id='word_1_827' title='bbox 2412 5148 2941 5215; x_wconf 76' lang='lat' dir='ltr'><em>desererentpropter</em></span> <span class='ocrx_word' id='word_1_828' title='bbox 2960 5147 3324 5218; x_wconf 82' lang='lat' dir='ltr'><em>testimonium</em></span> <span class='ocrx_word' id='word_1_829' title='bbox 3353 5148 3595 5203; x_wconf 87' lang='lat' dir='ltr'><em>ecclesia-</em></span> 
     </span>
    </p>
   </div>
   <div class='ocr_carea' id='block_1_120' title="bbox 1952 5217 3594 5275">
    <p class='ocr_par' dir='ltr' id='par_1_120' title="bbox 1952 5217 3594 5275">
     <span class='ocr_line' id='line_1_120' title="bbox 1952 5217 3594 5275; baseline 0.001 -1"><span class='ocrx_word' id='word_1_830' title='bbox 1952 5217 2165 5274; x_wconf 80' lang='lat' dir='ltr'><em>sticum.</em></span> <span class='ocrx_word' id='word_1_831' title='bbox 2197 5220 2346 5275; x_wconf 92' lang='lat' dir='ltr'><em>Olim</em></span> <span class='ocrx_word' id='word_1_832' title='bbox 2394 5220 2546 5274; x_wconf 90' lang='lat' dir='ltr'><em>enim</em></span> <span class='ocrx_word' id='word_1_833' title='bbox 2590 5218 2853 5274; x_wconf 90' lang='lat' dir='ltr'><em>diaconis</em></span> <span class='ocrx_word' id='word_1_834' title='bbox 2898 5217 3227 5273; x_wconf 67' lang='lat' dir='ltr'><em>concredita</em></span> <span class='ocrx_word' id='word_1_835' title='bbox 3269 5224 3388 5274; x_wconf 88' lang='lat' dir='ltr'><em>erat</em></span> <span class='ocrx_word' id='word_1_836' title='bbox 3420 5218 3594 5275; x_wconf 84' lang='lat' dir='ltr'><em>solli-</em></span> 
     </span>
    </p>
   </div>
   <div class='ocr_carea' id='block_1_121' title="bbox 1953 5289 3587 5361">
    <p class='ocr_par' dir='ltr' id='par_1_121' title="bbox 1953 5289 3587 5361">
     <span class='ocr_line' id='line_1_121' title="bbox 1953 5289 3587 5361; baseline -0.001 -15"><span class='ocrx_word' id='word_1_837' title='bbox 1953 5292 2170 5361; x_wconf 88' lang='lat' dir='ltr'><em>citudo,</em></span> <span class='ocrx_word' id='word_1_838' title='bbox 2194 5304 2305 5347; x_wconf 89' lang='lat' dir='ltr'><em>non</em></span> <span class='ocrx_word' id='word_1_839' title='bbox 2324 5291 2509 5346; x_wconf 90' lang='lat' dir='ltr'><em>solum</em></span> <span class='ocrx_word' id='word_1_840' title='bbox 2527 5290 2755 5345; x_wconf 89' lang='lat' dir='ltr'><em>chartas</em></span> <span class='ocrx_word' id='word_1_841' title='bbox 2768 5289 3188 5345; x_wconf 89' lang='lat' dir='ltr'><em>ecclesiasticas</em></span> <span class='ocrx_word' id='word_1_842' title='bbox 3203 5291 3587 5361; x_wconf 88' lang='lat' dir='ltr'><em>custodiendi,</em></span> 
     </span>
    </p>
   </div>
   <div class='ocr_carea' id='block_1_122' title="bbox 1952 5361 3587 5433">
    <p class='ocr_par' dir='ltr' id='par_1_122' title="bbox 1952 5361 3587 5433">
     <span class='ocr_line' id='line_1_122' title="bbox 1952 5361 3587 5433; baseline 0 -16"><span class='ocrx_word' id='word_1_843' title='bbox 1952 5377 2143 5418; x_wconf 86' lang='lat' dir='ltr'><em>verum</em></span> <span class='ocrx_word' id='word_1_844' title='bbox 2172 5364 2341 5419; x_wconf 89' lang='lat' dir='ltr'><em>etiam</em></span> <span class='ocrx_word' id='word_1_845' title='bbox 2369 5361 2657 5433; x_wconf 87' lang='lat' dir='ltr'><em>dirigendi</em></span> <span class='ocrx_word' id='word_1_846' title='bbox 2696 5366 2821 5433; x_wconf 80' lang='lat' dir='ltr'><em>acta</em></span> <span class='ocrx_word' id='word_1_847' title='bbox 2849 5361 2907 5433; x_wconf 89' lang='lat' dir='ltr'><em>in</em></span> <span class='ocrx_word' id='word_1_848' title='bbox 2924 5361 3178 5431; x_wconf 84' lang='lat' dir='ltr'><em>synodis,</em></span> <span class='ocrx_word' id='word_1_849' title='bbox 3210 5367 3266 5414; x_wconf 90' lang='lat' dir='ltr'><em>et</em></span> <span class='ocrx_word' id='word_1_850' title='bbox 3293 5362 3587 5433; x_wconf 85' lang='lat' dir='ltr'><em>epistolas.</em></span> 
     </span>
    </p>
   </div>
   <div class='ocr_carea' id='block_1_123' title="bbox 1955 5431 3586 5502">
    <p class='ocr_par' dir='ltr' id='par_1_123' title="bbox 1955 5431 3586 5502">
     <span class='ocr_line' id='line_1_123' title="bbox 1955 5431 3586 5502; baseline 0 -13"><span class='ocrx_word' id='word_1_851' title='bbox 1955 5448 2023 5489; x_wconf 93' lang='lat' dir='ltr'><em>ne</em></span> <span class='ocrx_word' id='word_1_852' title='bbox 2050 5434 2168 5489; x_wconf 91' lang='lat' dir='ltr'><em>ulla</em></span> <span class='ocrx_word' id='word_1_853' title='bbox 2190 5434 2414 5489; x_wconf 78' lang='lat' dir='ltr'><em>falsitas</em></span> <span class='ocrx_word' id='word_1_854' title='bbox 2435 5431 2533 5488; x_wconf 81' lang='lat' dir='ltr'><em>aut</em></span> <span class='ocrx_word' id='word_1_855' title='bbox 2554 5431 2922 5500; x_wconf 74' lang='lat' dir='ltr'><em>interpolatin</em></span> <span class='ocrx_word' id='word_1_856' title='bbox 2948 5434 3341 5487; x_wconf 83' lang='lat' dir='ltr'><em>interveniret.</em></span> <span class='ocrx_word' id='word_1_857' title='bbox 3381 5432 3586 5502; x_wconf 90' lang='lat' dir='ltr'><em>Quare,</em></span> 
     </span>
    </p>
   </div>
   <div class='ocr_carea' id='block_1_124' title="bbox 1951 5503 3595 5573">
    <p class='ocr_par' dir='ltr' id='par_1_124' title="bbox 1951 5503 3595 5573">
     <span class='ocr_line' id='line_1_124' title="bbox 1951 5503 3595 5573; baseline -0.001 -11"><span class='ocrx_word' id='word_1_858' title='bbox 1951 5516 2006 5562; x_wconf 91' lang='lat' dir='ltr'><em>et</em></span> <span class='ocrx_word' id='word_1_859' title='bbox 2030 5506 2426 5572; x_wconf 89' lang='lat' dir='ltr'><em>custodiendo,</em></span> <span class='ocrx_word' id='word_1_860' title='bbox 2457 5510 2514 5559; x_wconf 90' lang='lat' dir='ltr'><em>et</em></span> <span class='ocrx_word' id='word_1_861' title='bbox 2545 5503 2823 5558; x_wconf 88' lang='lat' dir='ltr'><em>ﬁrmando</em></span> <span class='ocrx_word' id='word_1_862' title='bbox 2856 5509 3148 5573; x_wconf 83' lang='lat' dir='ltr'><em>praerant,</em></span> <span class='ocrx_word' id='word_1_863' title='bbox 3180 5510 3351 5572; x_wconf 86' lang='lat' dir='ltr'><em>atque</em></span> <span class='ocrx_word' id='word_1_864' title='bbox 3372 5504 3443 5559; x_wconf 88' lang='lat' dir='ltr'><em>ab</em></span> <span class='ocrx_word' id='word_1_865' title='bbox 3479 5505 3595 5561; x_wconf 90' lang='lat' dir='ltr'><em>iis-</em></span> 
     </span>
    </p>
   </div>
   <div class='ocr_carea' id='block_1_125' title="bbox 1953 5575 3590 5648">
    <p class='ocr_par' dir='ltr' id='par_1_125' title="bbox 1953 5575 3590 5648">
     <span class='ocr_line' id='line_1_125' title="bbox 1953 5575 3590 5648; baseline 0.002 -20"><span class='ocrx_word' id='word_1_866' title='bbox 1953 5580 2077 5632; x_wconf 86' lang='lat' dir='ltr'><em>dem</em></span> <span class='ocrx_word' id='word_1_867' title='bbox 2106 5590 2372 5648; x_wconf 82' lang='lat' dir='ltr'><em>germana</em></span> <span class='ocrx_word' id='word_1_868' title='bbox 2420 5575 2754 5648; x_wconf 87' lang='lat' dir='ltr'><em>compilatio</em></span> <span class='ocrx_word' id='word_1_869' title='bbox 2783 5582 2838 5629; x_wconf 86' lang='lat' dir='ltr'><em>et</em></span> <span class='ocrx_word' id='word_1_870' title='bbox 2881 5576 3119 5648; x_wconf 83' lang='lat' dir='ltr'><em>indubia</em></span> <span class='ocrx_word' id='word_1_871' title='bbox 3173 5575 3590 5648; x_wconf 79' lang='lat' dir='ltr'><em>postulabatur,</em></span> 
     </span>
    </p>
   </div>
   <div class='ocr_carea' id='block_1_126' title="bbox 1954 5645 3594 5719">
    <p class='ocr_par' dir='ltr' id='par_1_126' title="bbox 1954 5645 3594 5719">
     <span class='ocr_line' id='line_1_126' title="bbox 1954 5645 3594 5719; baseline 0 -16"><span class='ocrx_word' id='word_1_872' title='bbox 1954 5645 2192 5718; x_wconf 78' lang='lat' dir='ltr'><em>actaque</em></span> <span class='ocrx_word' id='word_1_873' title='bbox 2215 5648 2286 5702; x_wconf 88' lang='lat' dir='ltr'><em>ab</em></span> <span class='ocrx_word' id='word_1_874' title='bbox 2311 5647 2385 5701; x_wconf 90' lang='lat' dir='ltr'><em>iis</em></span> <span class='ocrx_word' id='word_1_875' title='bbox 2415 5663 2443 5701; x_wconf 91' lang='lat' dir='ltr'><em>s</em></span> <span class='ocrx_word' id='word_1_876' title='bbox 2472 5647 2740 5715; x_wconf 71' lang='lat' dir='ltr'><em>discripta</em></span> <span class='ocrx_word' id='word_1_877' title='bbox 2765 5646 3102 5719; x_wconf 79' lang='lat' dir='ltr'><em>auctoritate</em></span> <span class='ocrx_word' id='word_1_878' title='bbox 3135 5645 3440 5714; x_wconf 86' lang='lat' dir='ltr'><em>pollebant.</em></span> <span class='ocrx_word' id='word_1_879' title='bbox 3471 5645 3594 5719; x_wconf 51' lang='lat' dir='ltr'><em>0p;-</em></span> 
     </span>
    </p>
   </div>
   <div class='ocr_carea' id='block_1_127' title="bbox 1957 5716 3593 5789">
    <p class='ocr_par' dir='ltr' id='par_1_127' title="bbox 1957 5716 3593 5789">
     <span class='ocr_line' id='line_1_127' title="bbox 1957 5716 3593 5789; baseline 0 -14"><span class='ocrx_word' id='word_1_880' title='bbox 1957 5716 2116 5775; x_wconf 81' lang='lat' dir='ltr'><em>tatus</em></span> <span class='ocrx_word' id='word_1_881' title='bbox 2132 5726 2256 5773; x_wconf 90' lang='lat' dir='ltr'><em>acta</em></span> <span class='ocrx_word' id='word_1_882' title='bbox 2283 5719 2565 5774; x_wconf 89' lang='lat' dir='ltr'><em>Citrensis</em></span> <span class='ocrx_word' id='word_1_883' title='bbox 2584 5718 2787 5789; x_wconf 85' lang='lat' dir='ltr'><em>synodi</em></span> <span class='ocrx_word' id='word_1_884' title='bbox 2845 5716 3212 5787; x_wconf 77' lang='lat' dir='ltr'><em>probaturus,</em></span> <span class='ocrx_word' id='word_1_885' title='bbox 3264 5716 3593 5775; x_wconf 70' lang='lat' dir='ltr'><em>eorumdem</em></span> 
     </span>
    </p>
   </div>
   <div class='ocr_carea' id='block_1_128' title="bbox 1954 5788 3596 5859">
    <p class='ocr_par' dir='ltr' id='par_1_128' title="bbox 1954 5788 3596 5859">
     <span class='ocr_line' id='line_1_128' title="bbox 1954 5788 3596 5859; baseline -0.001 -13"><span class='ocrx_word' id='word_1_886' title='bbox 1954 5793 2272 5855; x_wconf 81' lang='lat' dir='ltr'><em>veritatem,</em></span> <span class='ocrx_word' id='word_1_887' title='bbox 2306 5791 2778 5857; x_wconf 80' lang='lat' dir='ltr'><em>identitatemque</em></span> <span class='ocrx_word' id='word_1_888' title='bbox 2811 5790 2951 5859; x_wconf 89' lang='lat' dir='ltr'><em>petit</em></span> <span class='ocrx_word' id='word_1_889' title='bbox 2979 5802 3046 5843; x_wconf 84' lang='lat' dir='ltr'><em>ex</em></span> <span class='ocrx_word' id='word_1_890' title='bbox 3068 5788 3303 5844; x_wconf 86' lang='lat' dir='ltr'><em>Diaconi</em></span> <span class='ocrx_word' id='word_1_891' title='bbox 3332 5789 3596 5845; x_wconf 90' lang='lat' dir='ltr'><em>subscri-</em></span> 
     </span>
    </p>
   </div>
   <div class='ocr_carea' id='block_1_129' title="bbox 1958 5859 3596 5933">
    <p class='ocr_par' dir='ltr' id='par_1_129' title="bbox 1958 5859 3596 5933">
     <span class='ocr_line' id='line_1_129' title="bbox 1958 5859 3596 5933; baseline -0.001 -15"><span class='ocrx_word' id='word_1_892' title='bbox 1958 5861 2399 5933; x_wconf 81' lang='lat' dir='ltr'><em>ptionibus(l.l,</em></span> <span class='ocrx_word' id='word_1_893' title='bbox 2434 5876 2565 5933; x_wconf 89' lang='lat' dir='ltr'><em>pag.</em></span> <span class='ocrx_word' id='word_1_894' title='bbox 2625 5859 2748 5932; x_wconf 74' lang='lat'><em>46):</em></span> <span class='ocrx_word' id='word_1_895' title='bbox 2784 5861 2872 5930; x_wconf 86' lang='lat' dir='ltr'><em>Hi,</em></span> <span class='ocrx_word' id='word_1_896' title='bbox 2899 5868 2956 5916; x_wconf 90' lang='lat' dir='ltr'><em>et</em></span> <span class='ocrx_word' id='word_1_897' title='bbox 2978 5860 3190 5929; x_wconf 87' lang='lat' dir='ltr'><em>cateri,</em></span> <span class='ocrx_word' id='word_1_898' title='bbox 3234 5873 3379 5931; x_wconf 90' lang='lat' dir='ltr'><em>quos</em></span> <span class='ocrx_word' id='word_1_899' title='bbox 3426 5862 3596 5930; x_wconf 86' lang='lat' dir='ltr'><em>prin—</em></span> 
     </span>
    </p>
   </div>
  </div>
