4036 6174
224 294 367 352 ΗΜ

1080 297 1398 359 HISTORIA
1432 300 1523 356 DE
1562 298 1735 353 VITIS
1772 297 1940 355 ROM.
1984 298 2182 355 PONT.
2207 329 2280 339 —
2318 296 2374 354 S.
2414 297 2808 355 EVABISTUS.

3496 294 3636 354 4442

214 418 397 494 eham
437 419 680 494 turbare
709 425 918 494 posset,
962 423 1079 479 nisi
1120 424 1356 493 provide
1395 423 1873 494 distingueretur.
1904 419 1961 477 A
1988 420 2055 475 ad
2095 418 2362 494 fundatas
2402 420 2635 494 inAsia
2660 406 2937 494 ecclesias
2965 420 3281 494 visitandas
3315 426 3379 494 et
3411 421 3631 494 conﬁr-

216 490 394 565 Apud
428 504 647 565 omnes,
670 493 727 545 in
757 492 1016 560 confesso
1046 490 1150 561 est,
1193 495 1263 549 ab
1293 490 1680 565 apostolorum
1714 498 1878 565 atate

220 561 535 617 inductum
568 563 954 635 fuissehujus
987 561 1357 635 providentia
1398 566 1647 631 modum,
1681 570 1745 619 ut
1779 562 1877 635 ubi

218 636 545 707 necessitas
561 634 872 707 Christiani
890 634 1084 705 populi
1109 644 1361 707 posceret
1375 637 1701 692 subsidium
1715 634 1879 707 eoad-

210 704 461 791 jutoris,
486 703 903 791 sublegeretur‘
922 703 1244 791 episcopus,
1276 709 1376 791 qui
1409 708 1605 791 munia
1637 704 1878 791 pontiﬁ-

215 775 375 829 calia
404 784 691 847 exerceret
711 775 980 847 tanquam
1009 775 1262 834 vicarius
1291 775 1347 833 in
1375 778 1615 834 ecclesia
1638 791 1743 832 suo
1771 789 1877 845 pa-

218 852 387 901 store
413 846 668 902 nondum
703 846 955 904 viduata.
993 850 1195 904 Linum
1227 858 1282 905 et
1305 851 1523 905 Cletum
1550 864 1581 904 a
1615 848 1875 918 principe

216 918 624 986 apostolorum
653 920 734 973 ita
764 920 1062 976 ordinatos
1092 918 1272 977 fuisse
1301 920 1418 977 fere
1450 920 1702 977 universi
1731 933 1876 975 con—

218 990 511 1063 sentiunt,
547 995 611 1044 ut
656 990 911 1063 insnotis
947 992 1375 1063 chronologicis
1412 992 1479 1047 ad
1513 992 1641 1047 Liui
1686 991 1873 1063 Vitam

216 1074 402 1128 supra
448 1060 741 1115 observavi
773 1079 785 1114 :
819 1061 875 1117 id
923 1070 1209 1119 asserente
1232 1060 1423 1119 'etiam
1462 1072 1693 1119 auctore
1733 1061 1869 1116 libri

214 1130 582 1203 Pontiﬁcalis
606 1136 726 1187 tum
752 1132 811 1186 in
834 1130 867 1187 4
886 1147 1041 1189 num.
1069 1134 1396 1203 Clementis,
1419 1139 1540 1191 tum
1570 1135 1626 1189 in
1660 1146 1874 1203 prace—

214 1200 499 1277 dentibus
527 1203 927 1277 ex_co(_lic_ibus
956 1206 1153 1277 Regio,
1196 1200 1507 1273 Mazarino,
1539 1218 1604 1260 ac
1631 1200 1870 1277 Thuano

212 1273 403 1346 editis
430 1280 580 1346 tomo
601 1275 623 1328 I
644 1272 741 1346 tot.
771 1272 826 1337 2,
855 1282 911 1330 et
935 1272 1066 1332 ante
1094 1277 1257 1332 illum
1286 1272 1501 1333 Ruﬁno
1520 1276 1866 1346 presbytero,

213 1345 347 1417 sive
366 1358 431 1417 eo
453 1345 553 1414 qui
576 1344 685 1417 sub
705 1345 897 1401 Ruﬁni
924 1349 1153 1403 nomine
1173 1348 1310 1404 latet
1328 1350 1493 1417 juxta
1513 1344 1870 1417 Schelestraf-

216 1415 371 1489 tium
397 1412 559 1489 (pag.
581 1412 683 1470 436
710 1417 997 1489 Αηιὶᾳιιίῐ.
1033 1420 1268 1489 Eccles.,
1302 1412 1536 1475 d'issert.
1567 1416 1622 1486 2,
1654 1431 1776 1486 cap.
1813 1415 1864 1485 l,

216 1432 371 1469 uum
397 1432 486 1484 (pa
532 1457 544 1467 .
581 1432 683 1470 wn
710 1432 997 1487 Anllqmt.
1033 1432 1268 1489 nectes,
1302 1432 1536 1475 dissert.
1567 1432 1622 1486 2,
1654 1432 1776 1486 cap.
1813 1432 1864 1485 ιι,

215 1483 366 1561 nat)
395 1487 465 1541 ad
492 1432 680 1542 tibros
710 1488 1182 1558 Recognitionum
1217 1510 1229 1545 :
1265 1492 1434 1561 cujus
1472 1489 1864 1561 testimonium

215 1556 468 1630 relatum
518 1571 747 1630 quoque
788 1573 820 1614 a
856 1556 914 1613 P.
957 1561 1282 1618 Christiano
1327 1556 1484 1630 Lupo
1529 1563 1586 1616 in
1633 1575 1754 1629 cap.
1798 1558 1868 1613 32

211 1627 564 1723 Tertulliani
598 1630 681 1723 de.
706 1631 1245 1723 Prascriptuharet.
1280 1627 1559 1723 pagz'526,
1593 1627 1717 1714 tale
1739 1637 1827 1723 est
1842 1650 1861 1723 Ξ

215 1719 244 1773 (ί
278 1700 622 1773 Accepimus
645 1702 879 1772 (inquit)
904 1705 1054 1773 quod
1081 1704 1254 1759 Linus
1272 1700 1329 1759 et
1352 1700 1606 1759 Clemens
1634 1703 1694 1757 in
1726 1702 1867 1757 urbe

213 1770 399 1825 Roma
432 1771 650 1826 fuerint
680 1770 1087 1899 guidem'ante
1128 1776 1469 1831 Clementem
1514 1775 1768 1844 episcopi
1804 1776 1860 1829 in
1895 1798 1944 1857 Β

213 1841 363 1896 urbe
392 1842 586 1899 Roma.
619 1857 678 1898 se
760 1847 1070 1899 superstite
1116 1848 1297 1899 Petro.
1346 1854 1409 1899 ut
1440 1847 1525 1899 illi
1559 1846 1864 1899 eoiscooa—

213 1841 363 1896 urbe
392 1842 586 1911 Roma,
619 1841 714 1899 sed
760 1847 1070 1914 superstite
1116 1848 1297 1917 Petro,
1346 1854 1409 1902 ut
1440 1847 1525 1901 illi
1551 1841 1864 1916 episcopa—

212 1919 316 1987 tus
346 1928 542 1987 curam
575 1924 853 1985 gererent,
887 1917 1009 1985 ipse
1042 1931 1171 1973 vero
1212 1918 1569 1986 apostolatus
1600 1917 1862 1987 impleret

211 1983 492 2059 oﬁicium.
527 2004 553 2059 gi
583 1983 641 2039 S.
683 1983 1086 2056 Ephiphanius
1123 1990 1191 2045 ad
1230 1983 1488 2045 haresim
1516 1987 1607 2059 ‘27,
1647 1983 1769 2058 cap.
1803 1988 1856 2056 6,

211 2055 356 2130 licet
405 2055 743 2113 hasitando’
770 2055 962 2127 potius
1004 2073 1172 2130 quam
1220 2060 1553 2116 afﬁrmando
1597 2055 1862 2116 enuntiet

206 2127 557 2183 Clementem
584 2143 616 2184 a
642 2130 804 2186 Petro
828 2127 1085 2199 apostolo
1111 2139 1503 2188 consecratum
1532 2131 1713 2187 fuisse
1731 2134 1863 2200 epi—

208 2212 455 2285 scopum
489 2216 503 2269 ;
536 2204 782 2285 attamen
818 2207 973 2285 certo
1014 2202 1236 2285 deﬁnit,
1271 2218 1500 2285 causam
1545 2204 1859 2285 legitimam

209 2268 429 2344 fuisse,
448 2272 597 2344 unde
623 2280 853 2341 possent
873 2273 1196 2329 viventibus
1214 2268 1493 2344 apostolis
1517 2268 1627 2330 alii
1648 2275 1865 2330 subro-

208 2342 433 2417 gariad
463 2342 638 2417 hujus
657 2344 1022 2413 episcopatus
1049 2342 1286 2401 Romani
1313 2360 1507 2402 curam
1536 2347 1859 2417 gerendam,

211 2414 371 2487 quod
395 2413 616 2487 scilicet
639 2432 818 2468 carere
840 2418 1082 2485 epiSCOpo
1104 2418 1273 2471 Roma
1293 2434 1400 2472 non
1415 2413 1612 2487 possE't,
1643 2419 1862 2487 quando

210 2485 539 2558 diuturnior
591 2502 740 2539 mora
796 2492 911 2558 erat
956 2490 1215 2557 apostolis
1275 2485 1669 2558 protrahenda
1706 2495 1863 2543 ecetra

213 2556 437 2629 Urbem.
472 2556 796 2629 Quanquam
831 2556 954 2627 (ait)
980 2556 1065 2613 uel
1093 2560 1194 2613 hac
1229 2556 1443 2615 ratione
1474 2566 1732 2629 poterant
1770 2564 1861 2615 vi-

206 2628 466 2681 ventibus
503 2628 681 2681 adhuc
720 2630 999 2696 apostolis,
1030 2632 1186 2684 Petro
1228 2633 1431 2686 scilicet
1458 2628 1508 2686 et
1535 2634 1723 2698 Paulo,
1758 2634 1863 2686 alii

207 2698 524 2766 subrogari,
550 2700 693 2767 quod
712 2701 874 2754 iidem
898 2702 987 2754 illi
1004 2702 1353 2771 praedicandi
1376 2706 1660 2771 Evangelii
1676 2707 1860 2770 gratia

205 2772 272 2823 in
303 2771 447 2823 alias
478 2771 635 2825 urbes
664 2788 727 2825 ac
760 2774 1006 2840 regiones
1046 2777 1434 2843 profectionem
1479 2778 1811 2843 susciperent
1837 2793 1856 2843 ;

208 2856 401 2915 carere
453 2847 632 2895 autem
674 2846 916 2913 episcopo
969 2846 1136 2899 Roma
1178 2861 1287 2898 non
1322 2852 1517 2914 posset.
1576 2847 1857 2915 Siquidem

206 2913 422 2966 Paulus
464 2915 523 2966 in
561 2915 889 2983 Hispaniam
921 2919 1188 2984 peruenit.
1227 2913 1420 2970 Petrus
1449 2934 1571 2971 vero
1606 2913 1851 2984 Pontum,

206 2989 261 3038 et
290 2985 617 3055 Bithyniam
635 3001 998 3055 saepenumero
1023 2991 1359 3055 peragravit.
1389 2989 1553 3044 Card.
1577 2990 1857 3045 Baronius

206 3055 280 3110 ad
312 3068 527 3109 annum
558 3053 648 3125 o9,
684 3053 841 3112 num.
876 3055 965 3125 43,
997 3053 1239 3113 afﬁrmat
1271 3060 1414 3115 hanc
1438 3074 1562 3116 esse
1592 3075 1857 3116 commu~

204 3139 342 3181 nem
373 3126 707 3183 Latinorum
738 3131 1103 3196 sententiam,
1137 3131 1342 3185 Linum
1378 3131 1606 3187 scilicet
1637 3139 1691 3186 et
1721 3132 1855 3186 Cle—

206 3204 335 3252 tum
370 3204 487 3252 tum
521 3204 772 3266 tempore
807 3201 953 3255 Petri
988 3202 1161 3263 sedis,
1200 3215 1297 3270 per
1329 3202 1505 3270 hujus
1532 3203 1851 3257 absentiam

205 3282 448 3325 munere
498 3270 792 3337 pontiﬁcio
839 3270 1066 3327 functos
1114 3271 1314 3341 fuisse,
1364 3282 1428 3327 ut
1467 3274 1847 3342 coadjulores,

202 3346 330 3394 tum
388 3348 513 3409 post
561 3343 897 3411 martyrium
942 3344 1089 3398 Petri
1143 3344 1385 3399 alterum
1438 3352 1564 3412 post
1606 3345 1849 3400 alterum

201 3425 393 3485 usque
421 3413 487 3466 ad
522 3412 743 3467 obitum
774 3415 1032 3485 tenuisse
1065 3416 1374 3470 maximum
1407 3416 1799 3484 pontiﬁcatum
1831 3434 1846 3485 ;

199 3483 547 3556 Clementem
580 3498 729 3553 vero,
763 3484 869 3539 etsi
898 3500 930 3540 a
961 3487 1182 3540 vivente
1223 3490 1387 3542 Petro
1412 3483 1593 3542 fuerit
1621 3483 1850 3556 episcoé

204 3567 314 3623 pus
347 3555 613 3609 Romana
642 3556 909 3610 Ecclesia
942 3557 1273 3625 praelectus
1302 3565 1357 3612 et
1387 3558 1707 3626 ordinatus,
1745 3559 1851 3614 hoc

206 3634 396 3699 tamen
432 3639 663 3699 munere
700 3635 900 3696 Sponte
937 3629 1218 3684 cessisse:
1254 3630 1339 3683 uti
1385 3630 1454 3684 ad
1487 3630 1849 3699 singulorum

206 3696 370 3751 Vitas
400 3696 570 3768 paulo
599 3705 731 3753 ante
763 3700 1149 3755 meminimus.
1184 3699 1319 3768 Qua
1348 3701 1483 3755 dum
1517 3696 1609 3755 hic
1641 3701 1847 3766 recolo,

203 3768 388 3822 nolim
418 3767 617 3823 referri
640 3770 708 3825 ad
732 3767 1217 3839 comprobandam
1235 3772 1439 3829 seriem
1466 3773 1853 3827 successionis

207 3839 388 3893 trium
425 3839 666 3895 istorum
717 3843 1050 3910 pontiﬁcum
1095 3843 1153 3896 in
1186 3843 1318 3897 sede
1353 3845 1619 3907 Romana,
1659 3845 1754 3899 sed
1785 3858 1852 3899 eo

204 3910 457 3965 consilio
491 3912 586 3965 hic
617 3914 977 3969 memoranda
1008 3914 1172 3983 duxi,
1209 3920 1269 3968 ut
1300 3917 1675 3982 ostenderem,
1708 3929 1852 3970 con-

201 3982 571 4037 suetudinem
630 3983 774 4038 hanc
830 3991 1109 4054 receptam
1162 3982 1355 4041 fuisse
1410 3985 1482 4041 ab
1535 3987 1851 4055 apostolica

198 4058 388 4127 atate,
424 4062 488 4108 ut
510 4063 838 4110 censeretur
869 4057 1207 4127 gravissima
1229 4070 1401 4112 causa
1426 4058 1494 4113 ad
1518 4060 1846 4127 episcopum

199 4125 521 4198 adjutorem
544 4125 948 4182 assumendum
979 4128 1037 4182 in
1063 4129 1309 4183 Ecclesia
1334 4142 1440 4184 suo
1469 4125 1691 4198 pastore
1718 4125 1852 4185 non-

196 4196 336 4271 dum
362 4196 615 4266 viduata,
645 4200 957 4266 prasertim
979 4212 1110 4254 vero
1134 4202 1192 4253 in
1215 4214 1277 4255 ea
1299 4215 1426 4270 qua
1450 4196 1519 4256 ex
1542 4201 1850 4271 pracipuis

200 4266 530 4342 haberetur,
562 4276 618 4323 et
638 4271 991 4342 nominatim
1027 4271 1085 4325 in
1116 4266 1365 4326 Romana
1393 4266 1649 4328 omnium
1682 4266 1849 4342 prin-

195 4338 454 4413 cipe,_ac
501 4340 793 4410 magistra,
840 4343 889 4396 si
933 4342 1203 4411 proprius
1249 4343 1504 4411 ejusdem
1547 4338 1850 4413 episcopus

197 4409 537 4478 praevideret
563 4409 624 4465 se
650 4409 988 4481 impeditum
1018 4409 1092 4468 iri
1123 4409 1457 4470 necessitate
1485 4409 1846 4471 ineluctabili

194 4481 267 4535 ad
314 4482 499 4555 totius
539 4482 861 4539 Christiani
910 4485 1107 4555 populi
1153 4484 1365 4541 bonum
1408 4487 1648 4554 directa,
1690 4500 1722 4542 a
1753 4488 1844 4542 sui

196 4554 506 4619 prasentia
531 4555 867 4622 prastanda,
901 4554 1067 4611 itaut
1086 4557 1316 4611 diutius
1341 4565 1635 4613 arceretur
1654 4572 1686 4613 a
1709 4573 1846 4613 cura

195 4622 414 4678 Urbani
447 4625 806 4698 episcopatus
837 4642 933 4696 per
962 4628 1215 4696 seipsum
1246 4632 1508 4698 gerenda.
1544 4631 1601 4684 Id
1631 4644 1764 4684 vero
1786 4631 1846 4684 in

194 4696 715 4771 persecutionibus
736 4711 844 4771 non
875 4700 1047 4771 semel
1080 4696 1361 4767 contigit:
1397 4701 1519 4755 sive
1547 4708 1847 4771 cogeretur

191 4767 510 4841 episcopus
546 4768 621 4841 ab
674 4768 819 4824 Urbe
864 4770 1149 4839 exsulare,
1202 4767 1677 4841 quemadmodum
1736 4773 1846 4827 sub

188 4836 441 4914 Claudio
458 4839 733 4914 principe
752 4841 887 4896 dum
917 4836 1265 4911 pellerentur
1291 4843 1493 4911 Judai,
1522 4846 1846 4914 remigran—

189 4909 336 4984 dum
382 4906 500 4984 fuit
541 4906 713 4965 etiam
760 4906 930 4967 Petro‘
957 4914 1014 4967 in
1061 4915 1295 4984 Asiam;
1329 4915 1449 4969 sive
1484 4906 1845 4970 'arctiovribus

189 4978 453 5056 vinculis
476 4980 554 5056 ita
574 4986 1087 5056 constringeretur,
1110 4991 1173 5040 ut
1188 4978 1386 5041 adesse
1404 4988 1641 5041 minime
1662 4993 1850 5056 posset

187 5051 448 5128 maximo
483 5052 539 5106 in
586 5051 927 5110 discrimine
970 5056 1241 5112 ﬁdelibus
1282 5051 1713 5128 conﬁrmandis,
1745 5065 1846 5113 aut

188 5121 951 5201 inini_strorum__sac_roru_m
997 5129 1263 5201 supplere
1314 5143 1633 5201 numerum,
1679 5121 1847 5201 quem

186 5192 1573 5269 pluribuscadibusimminuissetpersecutorum
1605 5192 1844 5259 savitia.

186 5268 254 5319 In
290 5265 544 5356 Romana
573 5281 703 5323 vero
727 5265 1193 5356 .sede,‘u_n.iversi
1234 5274 1474 5356 Domini
1511 5277 1704 5356 gregis
1734 5289 1845 5356 cu—

188 5349 316 5414 ram
345 5337 658 5414 complexa,
692 5341 742 5394 si
769 5341 1072 5409 apostolici
1106 5345 1361 5398 muneris
1389 5337 1643 5401 ofﬁciunt
1670 5346 1843 5414 hujus

187 5413 485 5484 pastorem
529 5410 642 5465 alio
672 5419 934 5467 avocaret
964 5414 1031 5467 ad
1065 5416 1326 5484 corporis
1356 5415 1534 5471 totius
1568 5410 1837 5471 unitatem

186 5478 489 5549 tuendam,
522 5487 625 5535 aut
647 5485 1095 5540 connectendum
1122 5478 1379 5541 ordinem
1405 5500 1535 5541 cum
1563 5489 1725 5542 novis
1747 5501 1841 5542 re-

187 5548 481 5626 gionibus
532 5552 639 5607 ﬁde
691 5554 1023 5626 illustratis,
1081 5557 1196 5611 sive
1249 5558 1636 5626 illustrandis,
1697 5559 1838 5615 hanc

186 5621 369 5696 etiam
410 5635 636 5696 causam
682 5621 1032 5696 Epiphanius
1065 5628 1235 5683 duxit
1278 5627 1538 5683 idoneam
1573 5621 1639 5684 ad
1677 5631 1840 5684 vica-

188 5693 347 5770 rium
369 5694 700 5770 episcopum
730 5693 975 5753 Romano
997 5699 1387 5765 tribuendum,
1408 5701 1665 5770 exemplo
1686 5702 1835 5757 Petri

188 5763 525 5839 fundatoris
558 5763 703 5838 {qui
747 5770 945 5825 Linum
984 5779 1039 5825 et
1077 5770 1293 5825 Cletum
1334 5763 1625 5839 adjutores
1662 5776 1833 5829 adhi-

188 5836 329 5892 buit
356 5850 455 5906 per
479 5840 571 5895 sul
600 5836 921 5897 absentiam
944 5841 1015 5897 ab
1047 5840 1211 5912 Urbe,
1241 5836 1469 5914 quando
1493 5846 1838 5902 avocabatur

1989 492 2243 555 mandas,
2266 493 2385 548 sive
2409 493 2580 547 etiam
2607 492 2675 547 ad
2706 505 2878 547 novas
2901 491 3197 560 erigendas
3224 504 3322 559 per
3345 489 3630 548 Occiden-

1987 568 2119 631 tem,
2155 565 2239 617 uti
2272 563 2676 634 comprobatur
2719 563 3077 634 singularum
3123 575 3191 617 ex
3221 561 3545 632 originibus
3572 572 3629 619 et

1987 635 2379 691 monimentis.

2055 705 2306 761 Tertium
2328 719 2459 763 vero
2477 710 2650 774 caput
2668 719 2736 760 ex
2760 709 3004 775 utroque
3027 705 3364 773 pracedenti
3385 705 3629 761 descen—

1982 774 2125 829 dens
2149 778 2259 831 erit
2283 796 2297 847 ;
2324 785 2388 833 ut
2415 778 2471 832 in
2500 777 2631 832 sede
2658 774 3244 847 Romana’aliquando
3269 791 3399 834 cum
3427 777 3627 833 eveni-

1987 853 2088 915 ret,
2125 850 2438 917 prasertim
2466 847 2714 904 fervente
2741 848 3151 917 persecutione,
3183 854 3246 902 ut
3271 849 3320 903 is
3345 849 3445 918 qui
3468 848 3626 904 vica-

1986 917 2111 973 rius
2139 926 2194 974 et
2236 920 2539 989 coadjutor
2581 919 2960 975 adhibebatur
3006 918 3257 987 pontiﬁci
3289 917 3628 975 in’vinculis

1982 989 2231 1060 detento,
2265 992 2384 1046 sive
2414 991 2470 1045 in
2506 991 2736 1061 longum
2774 990 3047 1061 exsilium
3093 997 3240 1059 acto,
3291 997 3419 1060 post
3451 991 3628 1060 hujus

1983 1069 2218 1116 mortem
2240 1062 2379 1117 cleri
2407 1060 2642 1118 Romani
2669 1060 2962 1133 suffragiis
2988 1062 3107 1131 ipse
3126 1075 3425 1133 successor
3439 1061 3628 1133 elige—

1982 1140 2163 1204 retur,
2209 1133 2421 1202 duplex
2463 1133 2677 1203 epocba
2722 1131 3067 1203 episcopalis
3104 1132 3381 1204 signanda
3429 1131 3624 1202 fuerit,

1979 1203 2369 1260 ordinationis
2398 1218 2531 1267 una,
2565 1205 2951 1260 successionis
2989 1203 3169 1259 altera
3200 1222 3212 1258 :
3249 1204 3626 1274 quemadmo-

1977 1274 2115 1328 dum
2146 1275 2206 1329 in
2229 1276 2425 1331 Eradii
2450 1275 2829 1346 cooptatione.
2854 1275 3237 1346 Hipponensis
3265 1274 3507 1331 ecclesia
3532 1275 3625 1330 si-

1977 1345 2174 1414 gnavit
2204 1360 2303 1416 per
2324 1346 2590 1402 consules
2613 1346 2883 1416 epocham
2912 1345 3126 1416 prioris
3149 1346 3395 1416 exordii,
3424 1359 3624 1417 nempe

1976 1417 2401 1487 designationis
2436 1424 2570 1473 rata
2603 1418 2812 1473 habita
2854 1418 3140 1487 adjutoris
3173 1419 3229 1472 in
3262 1418 3618 1487 episcopatu,

1979 1488 2147 1555 paulo
2202 1495 2330 1559 post
2383 1490 2677 1554 adjectura
2733 1502 2902 1544 aram
2961 1490 3197 1545 alteram
3255 1489 3623 1558 episcopatus

1976 1559 2359 1628 Hipponensis
2400 1561 2590 1629 adepti
2630 1560 2701 1614 ab
2730 1560 2940 1615 Eradio
2972 1561 3032 1615 in
3073 1560 3455 1616 successione.
3486 1559 3622 1629 Qua

1976 1644 2104 1683 cum
2140 1631 2220 1685 ita
2249 1632 2389 1699 sint,
2428 1632 2805 1701 consequitur
2834 1640 2898 1686 ut
2941 1632 3316 1687 admittamus
3346 1645 3458 1687 non
3498 1646 3624 1688 esse

1974 1701 2169 1772 statim
2204 1704 2547 1771 rejiciendos
2577 1703 2934 1769 consulatus,
2972 1704 3070 1772 qui
3099 1704 3346 1758 vetustis
3371 1704 3432 1758 in
3458 1710 3621 1758 cata-

1976 1771 2124 1843 logis
2167 1775 2432 1829 Romana
2484 1773 2750 1829 Ecclesia
2797 1771 3066 1830 attributi
3124 1773 3397 1845 leguntur
3445 1775 3620 1831 initio

1975 1845 2437 1915 uniuscujusque
2489 1845 2777 1913 pontiﬁcis
2810 1864 2824 1915 ;
2860 1846 2974 1899 nisi
3021 1846 3353 1901 constiterit
3389 1847 3620 1902 eosdem

1970 1917 2235 1971 consules
2273 1918 2534 1986 componi
2578 1918 2816 1971 minime
2859 1930 3042 1985 posse,
3091 1924 3192 1972 aut
3229 1930 3356 1972 cum
3403 1918 3618 1987 epocha

1970 1987 2375 2059 ordinationis,
2411 1988 2639 2057 quando
2671 1988 2721 2043 is
2750 1988 3189 2043 consecrabatur
3218 1989 3525 2059 episcopus
3547 1989 3618 2045 ad

1972 2058 2173 2113 vicarii
2206 2072 2415 2114 munus
2438 2059 2813 2115 exercendum
2844 2059 2953 2115 sub
2978 2060 3201 2115 vivente
3227 2058 3495 2129 pontiﬁce
3522 2075 3621 2130 per

1970 2141 2097 2202 eum
2129 2130 2451 2198 adjuvaado
2477 2149 2491 2199 ;
2521 2136 2623 2187 aut
2651 2144 2780 2186 cum
2811 2145 2923 2186 ara
2956 2133 3336 2202 successionis,
3387 2134 3618 2202 quando

1974 2199 2122 2255 idem
2154 2202 2478 2270 ordinatus,
2513 2203 2613 2269 qui
2654 2202 2908 2257 vicarius
2940 2201 3128 2258 fuerat
3166 2199 3467 2259 constante
3497 2206 3616 2261 vita

1972 2272 2264 2343 pontiﬁcis
2296 2275 2638 2343 cooptantis,
2677 2279 2802 2341 post
2834 2274 3024 2343 hujus.
3047 2281 3283 2330 mortem
3313 2274 3454 2330 cleri
3488 2276 3618 2331 suf—

1972 2342 2194 2469 gratgius
2221 2342 2507 2401 Romanus
2528 2343 2784 2415 pontifex
2807 2342 3095 2402 demortui
3117 2359 3414 2402 successor
3433 2346 3619 2419 elige-

2012 2428 2041 2469 a
2077 2431 2164 2469 ur.

2012 2421 2164 2470 atur.

2042 2487 2493 2560 Temperandum
2525 2489 2720 2560 itaque
2749 2490 3004 2545 sentiant
3030 2488 3102 2544 ab
3131 2489 3452 2546 acrimonia
3482 2491 3618 2547 cul—

1973 2559 2161 2631 pandi
2189 2560 2523 2630 quicunque
2560 2559 2899 2617 succensent
2928 2561 3317 2631 scriptoribus
3350 2562 3622 2618 Historia

1971 2629 2299 2699 pontiﬁcia,
2326 2629 2676 2687 vicariorum
2700 2647 2868 2688 aram
2895 2629 3397 2699 distinguentibus
3422 2646 3455 2689 a
3479 2648 3621 2690 suc-

1966 2674 3455 2775 ξὲἑὲῖὶῖῃῖῗὲιιίἐὲἷῖιῖἱοῖἰῖιῖᾚιῖαῐὶῖζ’ἐῗιῖιόἱὶοιοςῖἑ
3473 2674 3622 2761 E51")-

1967 2770 2110 2844 lesto
2151 2770 2383 2843 ingenio
2424 2776 2793 2844 conquirant.
2837 2776 3097 2832 Vicarios
3141 2788 3252 2831 non
3293 2770 3466 2832 semel
3510 2778 3621 2834 ad—

1968 2842 2593 2917 liibitosperspicuum
2632 2852 2720 2902 est
2751 2861 2820 2902 ex
2865 2847 2987 2917 ipsa
3034 2847 3182 2903 Petri
3224 2847 3614 2905 institutione.

1968 2914 2140 2969 Usum
2173 2915 2407 2972 illorum
2441 2930 2552 2972 non
2579 2914 2943 2987 antiquatum
2963 2918 3180 2973 evincit
3206 2918 3522 2987 disciplina
3544 2921 3615 2976 ad

1968 2998 2070 3058 nos
2104 2999 2285 3055 usque
2307 2987 2579 3056 perducta
2607 3006 2619 3042 :
2651 2988 2787 3043 licet
2810 2989 3065 3058 episcopi
3093 2987 3487 3045 suburbicarii
3518 3004 3619 3047 sex

1968 3056 2118 3110 inter
2146 3058 2470 3129 cardinales
2503 3065 2623 3113 tum
2666 3056 3021 3129 antiquitus,
3052 3065 3173 3114 tum
3207 3060 3378 3116 hodie
3408 3074 3617 3117 nume-

1884 3138 1932 3204 ρ
1966 3132 2182 3181 rentur.
2207 3128 2462 3204 Epochas
2482 3128 2967 3204 ordinationis,et
2983 3130 3138 3204 sedis
3158 3131 3375 3204 adepta
3395 3134 3615 3203 signari

1962 3199 2327 3271 consuevisse
2361 3199 2477 3268 jam
2521 3201 2927 3271 demonstravi.
2968 3202 3112 3269 Quis
3155 3199 3350 3271 itaque
3390 3199 3616 3259 recuset

1964 3269 2020 3322 in
2054 3270 2346 3343 veteribus
2379 3270 2761 3343 monumentis
2790 3284 2855 3325 ea
2888 3269 3311 3343 recognoscere,
3348 3287 3475 3343 qua
3508 3288 3613 3342 pro

1959 3341 2375 3396 consuetudine
2391 3341 2624 3396 illorum
2639 3348 2953 3411 temporum
2970 3341 3145 3397 inseri
3163 3341 3433 3399 debuisse
3449 3341 3615 3401 nemo

1960 3412 2296 3484 negaverit?
2320 3414 2637 3484 Prasertim
2664 3426 2791 3467 cum
2821 3413 2967 3467 nihil
2994 3414 3301 3468 adversans
3329 3415 3613 3484 apostoli-

1959 3484 2047 3538 cis
2093 3482 2319 3551 legibus
2367 3482 2615 3539 inferant
2662 3485 3054 3553 c00ptationes
3100 3482 3498 3554 episcOporum
3551 3488 3611 3544 in

1959 3554 2210 3608 vicarios
2262 3555 2404 3609 citra
2459 3555 2846 3610 conditionem
2903 3555 3111 3611 futura
3165 3558 3597 3614 successionis:

1963 3638 2134 3704 quam
2185 3627 2446 3704 studiose
2503 3625 2708 3704 vitavit
2751 3626 3002 3704 Ecclesia
3042 3629 3297 3704 ltomana
3331 3646 3346 3698 ;
3379 3630 3606 3704 etiamsi

1962 3695 2229 3765 facilitas,
2253 3706 2319 3770 _et
2347 3698 2564 3770 abusus
2592 3698 2933 3770 designandi
2965 3700 3264 3770 episcopos
3293 3695 3405 3755 nOn
3435 3701 3613 3770 adju-

1961 3775 2112 3823 tores
2141 3768 2324 3837 modo,
2358 3768 2453 3823 sed
2486 3782 2846 3823 successores
2878 3769 2956 3824 ita
2987 3769 3337 3838 obrepsisset
3366 3771 3423 3827 in
3450 3768 3613 3827 Afri-

1960 3852 2133 3894 canas
2161 3839 2434 3913 ecclesias
2474 3846 2637 3913 atate
2665 3840 2999 3913 Augustini,
3036 3851 3098 3895 ut
3130 3848 3437 3898 memorata
3467 3844 3613 3913 Hip-

1966 3911 2298 4035 po‘nensium
2328 3917 2484 3983 gesta
2510 3912 2658 3967 inter
2685 3913 2868 3967 sancti
2902 3912 3158 3968 doctoris
3181 3913 3455 3983 epistolas
3482 3911 3611 3971 ma-

1966 3995 2021 4035 m
2054 3996 2114 4035 es
2145 3996 2216 4035 an
2251 4023 2263 4035 .

1964 3982 2263 4037 nifestant.

2030 4053 2241 4109 Tribus
2269 4054 2421 4110 hisce
2448 4053 2741 4124 capitibus
2767 4056 3128 4124 constitutis,
3156 4057 3479 4126 expeditior
3501 4059 3612 4114 erit

1962 4138 2297 4198 progressus
2320 4126 2387 4181 ad
2416 4126 2774 4196 sequentium
2810 4127 3138 4196 pontiﬁcum
3164 4133 3419 4198 tempora
3439 4129 3616 4185 stabi-

1960 4197 2151 4252 lienda
2195 4211 2262 4252 ex
2306 4198 2574 4268 genuinis
2609 4199 2975 4254 documentis
3018 4201 3282 4255 Romana
3321 4200 3606 4257 Ecclesia.

1960 4270 2337 4341 Experiamur
2369 4270 2426 4324 in
2459 4270 2737 4340 Evaristo,
2778 4272 2948 4340 cujus
2980 4272 3244 4341 martyrii
3274 4271 3423 4327 diem
3456 4272 3613 4329 refe—

1962 4347 2096 4395 runt
2120 4340 2428 4396 Tabularia
2459 4341 2726 4397 Ecclesia
2756 4342 3041 4400 Romana.
3074 4340 3141 4397 et
3160 4349 3413 4399 veterum
3452 4347 3611 4400 Mar—

1960 4384 2234 4482 tyrologia
2272 4384 2428 4467 inde“
2442 4384 2668 4481 sumpta
2698 4414 2768 4469 ad
2801 4384 2948 4469 diem
2978 4384 3049 4469 26
3077 4413 3359 4483 Octobris,
3391 4384 3606 4471 annutn

1959 4496 2087 4538 vero
2108 4483 2351 4554 catalogi
2377 4483 2585 4539 Liberii
2604 4490 2660 4539 et
2681 4484 2886 4540 Felicis
2910 4486 2979 4539 1V
2999 4485 3067 4539 ad
3091 4486 3359 4539 consules
3377 4485 3606 4541 Gallum

1958 4563 2012 4609 et
2039 4556 2338 4619 Braduam,
2374 4570 2475 4609 seu
2503 4569 2716 4610 annum
2742 4556 2959 4610 Christi
2995 4554 3113 4610 108.
3143 4556 3447 4611 Terminus
3470 4570 3603 4612 con-

1962 4626 2225 4680 ﬁrmatur
2264 4640 2331 4680 ex
2377 4626 2549 4681 initio
2595 4626 2904 4681 Alexandri
2958 4625 3328 4693 successoris,
3376 4627 3604 4697 signato

1958 4712 2109 4753 coss.
2132 4697 2297 4752 Tullo
2323 4704 2378 4750 et
2407 4697 2612 4758 Palma,
2646 4697 3066 4765 pertinentibus
3091 4697 3158 4751 ad
3194 4710 3411 4752 annum
3435 4698 3602 4754 Chri-

1959 4771 2033 4823 sti
2070 4766 2187 4823 409.
2222 4769 2398 4822 tidem
2440 4768 2705 4837 catalogi,
2743 4769 2980 4836 pictura
3004 4768 3058 4823 S.
3094 4768 3277 4835 Pauli,
3318 4774 3376 4824 et
3402 4777 3604 4826 catera

1955 4841 2294 4895 documenta
2342 4838 2579 4909 collecta
2628 4838 2686 4892 in
2737 4839 3158 4909 l’rolegomenis
3212 4840 3387 4909 hujus
3437 4844 3602 4909 tomi,

1956 4910 2053 4966 fol.
2087 4908 2177 4978 89,
2209 4908 2541 4964 attribuunt
2578 4909 2835 4965 Evaristo
2864 4908 3021 4966 sedis
3047 4908 3393 4980 episcopalis
3422 4908 3603 4968 annos

1957 4983 2248 5048 tredecim,
2285 4994 2506 5053 menses
2534 4988 2770 5053 septem,
2802 4982 2935 5053 dies
2956 4982 3374 5053 duosslncidet
3408 4985 3602 5053 itaque

1955 5054 2258 5109 exordium
2287 5048 2620 5107 Evaristi‘in
2647 5048 2861 5107 annum
2882 5052 3098 5108 Christi
3124 5051 3214 5122 95,
3241 5055 3378 5109 etin
3406 5048 3600 5110 Martii

1955 5126 2107 5181 diem
2132 5123 2203 5180 25
2230 5124 2515 5193 signatam
2545 5130 2601 5178 et
2632 5131 2905 5179 sacratam
2938 5125 3110 5180 etiam
3140 5126 3471 5196 antiquitus
3497 5130 3601 5182 In-

1954 5199 2268 5252 carnatione
2295 5200 2347 5248 et
2373 5196 2631 5249 Passione
2671 5197 2906 5260 Domini,
2955 5197 3192 5321 «Luemad
3204 5198 3432 5253 modum
3463 5211 3600 5321 sre-

1954 5274 2144 5321 ctatur
2188 5266 2371 5321 incisa
2416 5268 2474 5321 in
2524 5280 2839 5321 marmorea
2882 5273 2974 5321 cat
3017 5268 3154 5321 edra
3199 5269 3255 5321 S.
3301 5269 3484 5321 lliouo
3511 5270 3593 5321 vti

1954 5274 2144 5324 ctatur
2188 5266 2371 5322 incisa
2416 5268 2474 5321 in
2524 5280 2839 5339 marmorea
2882 5266 3154 5339 cathedra
3199 5269 3255 5323 S.
3301 5266 3593 5339 Hippolyti

1952 5339 2205 5410 episcoiii
2236 5345 2292 5413 et
2322 5338 2589 5413 martyris
2631 5351 2781 5413 anno
2822 5338 3008 5408 primo
3045 5338 3233 5394 Severi
3262 5338 3599 5413 Alexandri,

1950 5427 1981 5468 e
2010 5412 2332 5467 cameterio
2361 5411 2414 5464 S.
2448 5410 2746 5464 Laurentii
2790 5416 2951 5464 extra
2987 5424 3179 5465 muros
3218 5410 3446 5481 effossa,
3477 5419 3536 5467 et
3565 5410 3599 5469 a

1952 5483 2217 5554 pluribus
2245 5481 2399 5536 edita
2423 5486 2595 5554 atque
2626 5481 2936 5554 illustrata,
2968 5482 3137 5549 cujus
3167 5489 3361 5551 typum
3391 5482 3600 5539 affere—

1950 5552 2077 5611 mus
2118 5555 2175 5608 in
2224 5553 2376 5607 notis
2422 5553 2490 5606 ad
2545 5554 2726 5607 Vitam
2770 5554 2822 5607 S.
2870 5552 3138 5608 Victoris.
3185 5554 3461 5609 Consules
3507 5557 3600 5612 si~

1949 5636 2185 5698 gnantes
2208 5637 2421 5678 annum
2455 5638 2581 5698 ara
2611 5624 2826 5679 Christi
2860 5625 3184 5698 communis
3212 5624 3283 5681 95
3311 5633 3450 5681 sunt
3478 5630 3597 5681 Do-

1944 5694 2207 5753 initianus
2246 5708 2364 5749 xvn
2405 5700 2455 5749 et
2492 5696 2775 5750 Clemens:
2808 5697 2906 5766 qui
2948 5694 3287 5752 tribuuntur
3325 5699 3598 5768 postremi

1946 5767 2216 5825 Anacleto
2261 5768 2520 5836 proximo
2560 5768 2883 5823 decessori:
2921 5767 3401 5837 quemadmodum
3447 5772 3599 5825 Eva-

1948 5840 2078 5897 risti
2098 5839 2450 5896 successoris
2468 5840 2706 5895 exordio
2724 5839 3096 5911 assignantur
3119 5841 3366 5910 proximi
3391 5842 3596 5899 Valens
