4036 6174
433 278 572 336 4443
662 282 669 289 ’

1659 281 2016 338 ANASTASII
2074 279 2616 337 BIBLIOTHECARII

3710 277 3843 336 4444

425 412 481 460 et
528 404 703 461 Vetus
741 404 956 462 Christi
1002 404 1091 462 96.
1135 407 1217 462 Ab
1265 409 1351 463 his
1393 414 1579 463 tamen
1623 408 1963 463 consulibus
2006 406 2074 461 ad
2104 406 2162 465 A
2194 406 2463 461 tredecim
2495 407 2733 474 solidos,
2767 406 2903 460 licet
2930 418 3097 460 teram
3128 405 3427 460 annalium
3468 403 3845 475 pontiﬁcatus

421 489 571 533 coss.
603 477 832 532 Gallum
873 485 930 532 et
960 480 1235 535 Braduam
1270 493 1381 534 non
1419 480 1552 534 anni
1588 478 1673 547 43,
1707 480 1802 534 sed
1848 477 1914 532 42
1943 485 2079 547 tan:

423 549 719 619 tummodo
741 557 1136 604 numerantur.
1168 550 1235 604 Ut
1258 550 1437 619 igitur
1460 546 1682 605 summa
1703 563 1982 605 annorum
2014 546 2079 603 43

424 618 643 685 integra
666 620 763 688 sit,
791 622 1112 676 necessario
1132 618 1497 676 asserendum
1529 620 1725 687 fuerit,
1758 620 2077 675 Evaristum

424 689 752 761 ordinatum
797 688 979 745 fuisse
1022 692 1352 761 episcopum
1383 691 1454 745 ab
1497 692 1767 761 Anacleto
1794 705 1956 761 anno
1984 689 2075 759 95,

427 774 542 829 quo
590 760 803 816 Pascha
851 760 1233 817 celebraverat
1274 764 1370 817 die
1408 763 1699 817 Dominica
1743 760 1814 816 99
1866 762 2073 819 Martii.

425 831 751 902 Domitiano
773 846 892 887 xvu
911 833 1265 889 etClemente
1284 834 1646 902 consulibus,
1671 834 1817 902 quad
1830 833 2075 888 rimestri

428 900 544 957 fere
575 903 762 971 spatio
798 910 1102 974 antequam
1148 905 1268 974 ipse
1312 906 1583 974 martyrio
1622 900 1960 974 afﬁceretur.
1994 906 2074 958 Ex

424 986 491 1027 eo
521 986 671 1045 anno
701 973 1084 1045 siordinatus
1115 975 1288 1031 fuerit
1312 973 1614 1045 episcopus
1643 976 1739 1030 die
1766 973 1837 1030 25
1862 974 2074 1043 Martii,

426 1044 816 1100 anniversario
875 1048 1295 1102 incarnationis
1347 1052 1404 1101 et
1441 1047 1735 1102 Passionis
1770 1046 2077 1101 Dominicze

421 1114 589 1184 (apud
618 1116 985 1172 Christianos
1011 1118 1221 1173 celebri
1269 1118 1441 1173 etiam
1484 1124 1647 1173 aetate
1689 1120 1744 1172 S.
1780 1116 2074 1186 Hippolyti

423 1186 1059 1258 acATertulliani;cum
1104 1188 1159 1243 in
1206 1202 1483 1243 marmore
1511 1196 1568 1243 et
1610 1189 1769 1258 cyclo
1818 1188 2074 1242 Paschali

422 1256 605 1328 illius,
657 1259 829 1325 hujus
875 1272 1006 1314 vero
1054 1260 1113 1314 in
1159 1260 1393 1328 scriptis
1438 1260 1545 1314 sub
1593 1256 1791 1314 Severo
1836 1266 2079 1328 utroque

424 1325 864 1384 facto’illustris
907 1329 1202 1395 habeatur)
1240 1325 1307 1385 ad
1341 1330 1489 1384 diem
1529 1328 1600 1385 26
1641 1331 1908 1385 Octobris
1939 1325 2076 1383 anni

428 1395 550 1465 408,
582 1406 807 1455 constat
836 1414 1056 1455 summa
1103 1415 1383 1456 annorum
1422 1399 1505 1469 43,
1544 1403 1823 1456 mensium
1859 1399 1913 1465 7,
1945 1400 2080 1454 die—

424 1483 553 1523 rum
580 1469 634 1543 ‘2,
666 1471 918 1543 Evaristo
943 1471 1219 1526 attributa
1249 1474 1304 1525 in
1333 1472 1691 1527 documentis
1718 1472 1989 1543 genuinis
2015 1485 2079 1526 ac

425 1541 841 1596 vetustissimis
896 1544 1157 1597 Romana:
1206 1543 1491 1609 Ecclesiaa,
1549 1541 1738 1612 supra
1777 1542 2075 1598 indicatis.

425 1611 754 1696 Anacletus,
771 1613 1119 1696 ipa.ulo.po_st
1142 1615 1430 1696 quaesitus
1460 1614 1527 1668 ad
1562 1611 2080 1696 necemumartyrio

424 1690 734 1738 coronatur
760 1681 896 1739 Julii
928 1684 1021 1739 die
1047 1681 1101 1753 7,
1141 1681 1341 1740 iisdem
1388 1685 1729 1740 consulibus
1774 1681 2081 1739 Domitiano

2193 477 2427 532 Romani
2478 478 2548 532 ab
2595 478 2791 533 eodem
2837 478 3090 545 suscepit
3143 475 3391 531 referant
3439 476 3515 531 de
3576 489 3739 530 more
3782 477 3842 531 ad

2190 554 2414 616 tempus
2442 549 2711 604 Paschale
2741 549 2880 602 anni
2911 546 2981 602 96
3013 548 3122 601 rite
3152 548 3565 618 consignatum
3599 547 3845 600 consuli.

2193 619 2288 671 bus
2327 622 2515 674 Vetere
2544 625 2596 673 et
2630 620 2853 674 Valente
2888 618 2946 673 in
2982 618 3186 674 iisdem
3220 619 3522 687 calalogis.

2621 738 2677 780 Εὖ
2687 738 2863 780 ΗΞΒΕΜ
2895 737 3046 780 ΝΟΤΕ
3078 736 3381 779 Ηιετοθιιωε
3391 765 3404 777 .

2263 834 2430 888 Linea
2474 829 2527 886 4.
2581 862 2653 871 -
2698 834 2802 886 Hic
2855 832 3044 885 titulos
3101 834 3160 884 in
3223 832 3356 885 urbe
3415 834 3596 887 Roma
3667 831 3849 883 divisit

2183 906 2533 975 presbyteris.
2559 904 2733 974 Quos,
2761 903 3009 973 inquies,
3036 902 3241 975 titulos
3260 902 3289 956 ‘?
3309 904 3683 975 Domesticas
3703 903 3852 957 sciii~

2187 973 2275 1031 eet
2323 976 2595 1030 ecclesias
2653 973 2943 1044 hospitum
2996 988 3061 1029 ac
3107 973 3539 1042 discipulorum
3602 975 3755 1027 Petri
3800 982 3853 1027 et

2188 1047 2386 1101 Pauli:
2419 1060 2563 1116 quas
2591 1048 2660 1101 ad
2692 1054 3008 1100 conventus
3051 1044 3309 1100 ﬁdelium
3342 1052 3401 1099 et
3430 1058 3693 1113 synaxes
3725 1058 3851 1112 per-

2186 1119 2433 1187 agendas
2476 1117 2879 1172 concedebant.
2928 1117 3071 1173 Puta
3117 1116 3492 1171 domesticam
3545 1116 3852 1187 ecclesiam

2188 1186 2394 1243 Priscm
2425 1194 2479 1243 et
2510 1187 2751 1258 Aquilte,
2787 1201 2956 1257 quam
2983 1187 3039 1242 S.
3074 1188 3285 1258 Paulus
3318 1193 3604 1241 memorat
3639 1186 3703 1240 in
3736 1187 3856 1255 Epi-

2188 1259 2331 1314 stola
2363 1260 2429 1313 ad
2466 1256 2621 1314 Rom.
2665 1272 2791 1326 cap.
2823 1272 2943 1325 xvr,
2976 1273 3121 1315 vers.
3157 1256 3210 1329 3,
3246 1259 3566 1312 Romanum
3614 1258 3854 1311 titulum

2190 1332 2340 1385 inter
2365 1331 2809 1400 antiquissimos
2831 1331 3002 1384 etiam
3030 1343 3182 1386 nunc
3208 1329 3485 1383 celebrem
3520 1328 3592 1400 in,
3612 1329 3858 1383 Aventi-

2194 1415 2301 1469 no;
2341 1399 2565 1456 Lucina:
2596 1401 2867 1467 senioris,
2901 1403 3291 1469 apostolorum
3326 1400 3550 1468 pariter
3584 1399 3855 1465 hostiitai,

2194 1443 2362 1526 hodie
2382 1443 2617 1526 titulum
2652 1473 2819 1541 primi
2850 1443 3164 1542 presbyteri
3188 1443 3509 1526 cardinalis
3534 1490 3551 1535 ς
3578 1443 3859 1525 Pudentis

2193 1543 2251 1597 in
2280 1545 2404 1597 vico
2437 1544 2706 1611 Patricio,
2743 1542 2839 1597 ubi
2878 1545 3114 1599 Paulum
3150 1542 3471 1611 baptizasse
3505 1552 3702 1595 vetera
3736 1556 3859 1595 mo-

2192 1615 2446 1668 nimenta
2492 1621 2821 1680 testantur;
2849 1613 3161 1669 Clementis
3203 1614 3269 1667 ad
3315 1613 3544 1667 radices
3582 1613 3759 1668 Caelii
3802 1616 3856 1667 in

2193 1692 2427 1753 paterna
2464 1684 2630 1739 illius
2669 1685 2962 1753 pontificis
2998 1687 3168 1740 domo
3198 1684 3284 1754 (ut
3328 1683 3545 1749 ferunt)
3576 1685 3683 1753 qui
3720 1684 3861 1737 Lino

426 1766 548 1838 xvn
586 1759 637 1808 et
666 1755 1081 1838 Clementezqui
1121 1757 1382 1838 ejusdem.
1407 1758 1529 1838 sedi
1556 1757 1687 1838 jure
1704 1757 2083 1838 assignantur
2112 1773 2160 1832 Β
2193 1756 2509 1838 successit:
2542 1757 2795 1838 Claudite
2828 1770 3057 1838 quoque
3085 1756 3253 1838 aedes,
3286 1761 3343 1838 et
3377 1754 3762 1838 il_l.oru_m_qui
3790 1756 3861 1810 de

428 1828 726 1898 postremi.
755 1826 976 1881 Sederit
1000 1826 1193 1898 itaque
1224 1830 1518 1883 Evaristus
1544 1830 1660 1882 Ana
1674 1828 1799 1883 cleti
1828 1827 2082 1882 vicarius

426 1896 495 1950 ad
527 1908 646 1951 eam
675 1897 863 1953 diem:
893 1901 991 1967 qui
1021 1896 1230 1954 deinde
1252 1913 1283 1954 a
1307 1900 1461 1953 clero
1492 1900 1742 1953 Romano
1773 1905 1900 1967 post
1932 1899 2080 1951 Eva-

428 1967 555 2022 risti
589 1970 925 2039 martyrium
956 1968 1172 2025 electus
1201 1983 1520 2035 successor,
1552 1970 1943 2038 pontiﬁcatum
1971 1972 2080 2023 Ro-

430 2051 659 2123 manum
686 2053 792 2123 suo
827 2041 1057 2095 nomine
1086 2042 1346 2123 gesserit.
1371 2042 1716 2123 etprimu-m
1735 2041 2079 2123 Pascha‘ce-

428 2108 737 2165 lebraverit
764 2123 915 2167 anno
943 2108 1203 2181 proximo
1230 2108 1603 2181 (Christi-96),
1638 2113 1864 2166 Valente
1895 2116 1943 2165 et
1970 2112 2084 2165 Ve—

428 2185 538 2252 tere
567 2194 712 2235 coss.
750 2182 815 2236 ili
846 2196 977 2238 vero
1007 2184 1276 2238 consules
1304 2185 1557 2252 ejusdem
1587 2184 1707 2238 sedi
1738 2183 1939 2237 merito
1967 2182 2084 2237 tri-

429 2250 691 2324 buuntur
714 2253 883 2321 primi
910 2254 965 2324 in
990 2254 1299 2324 catal0gis;
1322 2250 1449 2309 eum
1473 2268 1754 2309 annorum
1779 2253 2085 2323 pontiﬁca-

425 2320 573 2376 lium
604 2320 814 2395 epocha
858 2323 1139 2380 referatur
1181 2320 1249 2381 ad
1289 2320 1521 2395 tempus
1546 2320 1833 2390 Paschaie,
1881 2325 1965 2379 uti
1996 2338 2083 2379 su-

428 2406 529 2463 pra
555 2393 780 2467 ostendi
809 2394 867 2448 in
898 2396 1053 2467 notis
1085 2393 1520 2467 chronologicis
1544 2398 1613 2451 ad
1646 2401 1701 2450 S.
1742 2397 1985 2452 Petrum.
2018 2397 2086 2449 Et

432 2466 491 2520 in
540 2465 1217 2539 prologoantiquissimi
1258 2465 1503 2539 cata'iogi
1548 2468 1732 2523 aetatis
1775 2467 2086 2539 Liberianze

428 2543 630 2607 auctor
660 2536 937 2592 distincte
970 2544 1213 2607 moneat,
1248 2552 1307 2593 se
1338 2536 1474 2593 inde
1505 2552 1821 2599 numerare,
1864 2538 2087 2592 scilicet

427 2606 498 2662 ab
551 2608 897 2662 Ascensione
950 2609 1176 2663 Domini
1232 2609 1290 2663 in
1339 2609 1702 2665 successione
1749 2608 2084 2677 pontiﬁcum

426 2683 557 2746 quot
585 2680 748 2731 annis
780 2680 905 2745 quis
944 2682 1193 2747 praefuit.
1241 2680 1550 2747 Repetatur
1591 2694 1659 2735 ex
1692 2680 1896 2734 iisdem
1930 2680 2086 2734 notis

425 2748 855 2818 chronologicis
884 2762 1077 2815 supra,
1110 2749 1208 2804 ubi
1241 2751 1359 2804 ait:
1394 2752 1695 2818 Imperantc
1730 2752 1940 2805 Tiberio
1963 2751 2086 2804 ϐω-

425 2835 547 2873 sare
574 2834 771 2887 passus
814 2825 893 2873 est
922 2821 1179 2873 Dominus
1217 2825 1399 2875 noster
1432 2822 1595 2876 JESUS
1632 2824 1913 2876 CHRISTUS
1941 2822 2087 2875 duo-

428 2892 526 2944 bus
573 2890 812 2945 Geminis
860 2892 1194 2953 consulibus,
1246 2905 1349 2946 Vili
1400 2894 1528 2945 Kal.
1579 2894 1793 2961 Aprilis
1827 2911 1843 2957 ,·
1875 2899 1925 2946 et
1962 2899 2084 2962 post

423 2977 710 3017 ascensum
742 2961 859 3029 ejus
891 2962 1235 3017 beatissimus
1262 2965 1455 3017 Petrus
1498 2966 1865 3034 episcopatum
1894 2961 2084 3018 susce-

417 3035 526 3103 pit.
584 3034 674 3087 Ea:
722 3047 827 3101 quo
874 3038 1106 3102 tempore
1150 3050 1251 3103 per
1295 3038 1684 3088 successionem
1732 3036 2075 3105 dispositum,

2191 1828 2358 1882 domo
2399 1826 2642 1881 Caesaris
2687 1834 2869 1893 erant,
2913 1827 2982 1881 ab
3013 1826 3282 1896 Apostolo
3326 1827 3576 1880 indicati
3608 1826 3757 1880 dum
3792 1840 3860 1880 ex

2193 1898 2339 1952 Urbe
2358 1899 2426 1952 ad
2460 1897 2855 1966 Philippenses
2880 1899 3181 1954 scriberet.
3211 1898 3311 1952 liis
3335 1897 3478 1952 adde
3500 1897 3715 1951 domos
3745 1897 3861 1950 mi-

2194 1969 2362 2023 litum
2397 1968 2801 2035 Romanorum,
2834 1969 2954 2023 sive
2986 1983 3182 2024 eorum
3218 1969 3316 2038 qui
3354 1969 3412 2022 iu
3445 1968 3760 2021 Palaestina
3789 1968 3857 2022 ad

2194 2040 2355 2094 ﬁdem
2388 2041 2648 2094 conversi
2682 2054 2808 2094 cum
2842 2042 3179 2095 centurione
3207 2038 3562 2109 evangelico,
3595 2038 3689 2092 vel
3724 2053 3854 2093 cum

2189 2111 2456 2165 Cornelio
2485 2111 2824 2166 centurione
2865 2111 3125 2165 cohortis
3157 2108 3377 2165 italicai
3400 2109 3688 2177 baptizati
3726 2108 3859 2164 fue-

2193 2189 2323 2237 rant
2346 2196 2379 2237 a
2406 2183 2568 2237 Petro
2594 2182 2871 2251 apostolo,
2900 2188 2958 2236 et
2981 2182 3229 2237 subinde
3258 2182 3499 2235 revocati
3536 2182 3597 2235 in
3629 2181 3861 2235 italiam

2194 2268 2296 2308 sua
2329 2266 2459 2307 cum
2494 2252 2719 2324 legione
2748 2252 2857 2308 sub
2897 2253 3265 2322 principibus
3305 2252 3443 2307 Caio
3471 2259 3529 2307 et
3559 2252 3818 2306 Claudio
3846 2271 3861 2319 ς

2195 2325 2317 2380 sive
2356 2324 2528 2379 etiam
2559 2323 2783 2393 Romae,
2835 2325 3172 2391 Antiochiae,
3222 2325 3278 2378 in
3320 2323 3453 2378 Asia
3498 2324 3752 2388 minori,
3804 2324 3862 2377 in

2195 2397 2437 2463 Graecia,
2469 2396 2859 2463 apostolorum
2904 2396 3074 2464 Petri,
3111 2395 3292 2459 Pauli,
3328 2394 3602 2449 Barnaba:
3637 2395 3866 2462 praedi-

2196 2468 2422 2521 catione
2450 2466 2744 2521 Christum
2777 2465 3041 2534 professi,
3071 2474 3127 2521 et
3158 2466 3213 2521 in
3243 2465 3443 2520 Urbem
3473 2467 3700 2520 reversi
3737 2468 3862 2520 suis

2196 2552 2323 2591 cum
2356 2539 2694 2593 doctoribus
2725 2538 2821 2592 hic
2854 2538 3247 2592 morabantur.
3279 2537 3435 2591 Adde
3456 2550 3605 2606 quos
3630 2537 3866 2590 indicat

2198 2608 2594 2664 Florentinius
2623 2610 2678 2663 in
2706 2608 2858 2663 notis
2884 2609 2951 2663 ad
2986 2623 3155 2663 suum
3184 2607 3662 2677 Martyrologium
3696 2609 3868 2661 auti—

2195 2694 2370 2750 quum
2428 2680 2549 2734 Kal.
2603 2681 2847 2748 Augusti
2902 2693 2969 2734 ex
3019 2679 3352 2734 testimonio
3395 2679 3865 2750 gravissmorum

2195 2759 2492 2805 auctorum
2553 2750 2879 2816 Ambrosii,
2956 2751 3332 2808 Theodoreti.
3402 2750 3862 2818 Theophyiacti,

2192 2821 2548 2889 (Ecumenii,
2614 2822 2905 2876 Primasii.
2977 2823 3222 2877 Recense
3282 2821 3505 2877 Judaaos
3566 2821 3776 2875 Roma:
3837 2834 3864 2875 a

2196 2893 2369 2948 Paulo
2411 2892 2575 2947 ﬁdem
2607 2894 2836 2947 edoctos
2869 2907 2967 2962 per
2996 2893 3296 2948 biennium
3340 2894 3395 2947 in
3424 2906 3531 2947 suo
3563 2892 3864 2946 conducto

2193 2964 2479 3034 (Actorum
2527 2977 2734 3031 xxvm,
2775 2962 2864 3032 94,
2909 2962 2999 3034 29)
3041 2964 3140 3019 ubi
3187 2965 3508 3019 diaconiam
3555 2965 3612 3017 S.
3664 2965 3864 3017 Maria

2196 3035 2255 3088 in
2285 3037 2375 3089 via
2406 3037 2537 3090 Lata
2563 3037 2921 3103 postmodum
2952 3041 3193 3090 erectam
3223 3036 3573 3103 scriptorum
3601 3048 3865 3089 consen-

424 3106 548 3174 quis
587 3106 881 3173 episcOpus,
921 3111 973 3158 et
1006 3110 1137 3174 quot
1168 3108 1331 3160 annis
1358 3107 1604 3176 praefuit,
1647 3107 1731 3160 vel
1764 3122 1868 3176 quo
1904 3109 2081 3176 impe—
2112 3116 2160 3177 ι]
2193 3121 2293 3160 sus
2321 3107 2532 3160 tradit:
2563 3119 2783 3162 necnon
2815 3106 3091 3176 reliquos,
3128 3106 3228 3176 qui
3259 3112 3386 3175 post
3414 3106 3865 3177 Hierosolymo-

423 3181 603 3231 rante.

495 3248 680 3303 Causa
712 3246 761 3301 si
792 3246 1129 3318 requiratur
1159 3248 1463 3318 c00ptandi
1487 3249 1820 3318 episcopum
1848 3250 1903 3303 in
1925 3249 2084 3316 adju-

424 3324 624 3383 torem,
654 3331 757 3373 seu
786 3318 1068 3373 vicarium
1103 3317 1353 3374 fervente
1384 3317 1780 3388 persecutione
1811 3321 2084 3375 Domitia-

428 3390 509 3457 ni,
542 3389 759 3444 similis
787 3389 1185 3458 assignabitur
1219 3391 1307 3445 illi
1343 3405 1467 3460 quae
1504 3394 1724 3446 Petrum
1772 3391 2081 3460 impulerat

423 3461 491 3515 ad
530 3461 735 3516 Linum
776 3460 855 3514 ita
888 3461 1273 3517 ordinandum
1304 3469 1357 3516 et
1394 3462 1818 3530 praeﬁciendum
1852 3462 2081 3531 quando

424 3532 548 3598 ipse
573 3545 701 3587 cum
730 3532 944 3586 Iudaeis
973 3532 1116 3586 ilrbe
1137 3532 1528 3601 expellebatur
1553 3533 1661 3589 sub
1680 3534 1958 3601 Claudio;
1983 3539 2082 3588 aut

422 3604 595 3658 etiam
642 3603 811 3658 alteri
852 3617 980 3672 qua:
1023 3605 1243 3659 Nerone
1287 3605 1345 3658 in
1389 3605 1754 3660 Christianos
1792 3605 2079 3673 saeviente,

422 3680 480 3728 et
520 3676 743 3729 Petrum
782 3675 951 3728 morti
1000 3676 1256 3743 proxime
1285 3676 1605 3745 addicente,
1639 3676 1899 3731 eumdem
1937 3689 2083 3744 apo—

425 3747 635 3800 stolum
676 3746 864 3801 suasit
911 3751 973 3799 ut
1013 3745 1354 3800 Clementem
1405 3748 1701 3801 ordinaret
1746 3748 2079 3815 episcolium

423 3821 480 3870 et
509 3829 895 3871 successorem
948 3815 1275 3885 eligendum
1328 3820 1749 3879 commendaret
1790 3817 2076 3884 Ecclesim,

425 3886 655 3941 etiamsi
704 3887 882 3958 Linus
922 3894 977 3940 et
1019 3886 1232 3951 Cletus,
1281 3889 1561 3943 vicariatu
1603 3890 1719 3958 jam
1771 3889 2077 3956 perfuncti,

427 3961 620 4010 essent
649 3957 838 4011 adhuc
878 3958 1240 4025 superstites.
1278 3958 1467 4013 Prima
1502 3957 1770 4015 illamtas
1812 3960 2080 4013 Ecclesiae

428 4028 694 4081 Romana:
716 4025 951 4081 fovenda
978 4035 1100 4081 erat
1129 4029 1420 4084 institutis
1442 4033 1697 4085 virorum
1726 4031 2083 4097 apostolico~

428 4111 579 4165 rum,
613 4099 713 4168 qui
746 4097 1059 4165 plurimum
1092 4102 1527 4156 consuevissent
1571 4115 1696 4155 cum
1735 4104 1893 4155 Petro
1926 4101 2081 4156 sedis

352 4226 359 4237 ,
431 4168 607 4242 istius
633 4167 971 4242 fundatore.
997 4168 1346 4242 Ostendendi
1380 4180 1559 4236 erant,
1585 4181 1641 4225 et
1667 4173 1831 4242 quasi
1874 4173 2082 4227 candi-

429 4238 966 4312 dati‘snccessionis
994 4240 1051 4292 in
1085 4240 1376 4312 publicum
1406 4238 1725 4297 deducendi
1757 4256 1789 4297 a
1823 4244 2083 4312 principe

429 4309 582 4383 sacri
623 4311 1161 4383 senat_us,pejusque
1204 4310 1481 4383 suffragio
1524 4309 1979 4375 commendandi,
2015 4309 2086 4369 ne

429 4380 742 4453 schismata
770 4379 938 4435 facile
964 4379 1585 4453 suborirenturfquale
1603 4384 1865 4439 Corinthi
1889 4387 2086 4440 conti-

430 4454 535 4523 git,
592 4451 691 4506 ubi
741 4454 1059 4521 praesertim
1104 4451 1451 4509 convocatio
1485 4462 1668 4511 cretus
1714 4456 1977 4512 Ecclesia:
2021 4464 2085 4511 in

2194 3190 2318 3232 rum
2377 3178 2669 3232 excidium
2720 3191 2750 3231 a
2793 3178 2923 3232 Tito
2980 3179 3210 3232 Romam
3268 3177 3551 3245 perducti,
3607 3176 3702 3230 vei
3756 3176 3863 3231 sub

2192 3250 2369 3302 Nerva
2392 3249 2653 3317 principe
2672 3248 2915 3303 revocati
2931 3248 3276 3304 domesticas
3289 3248 3566 3303 ecclesias
3582 3248 3864 3302 inTraus-

2195 3319 2443 3374 tiberina
2486 3319 2719 3389 regione
2749 3319 3020 3375 fidelibus
3049 3319 3404 3389 aperiebant.
3448 3319 3723 3388 Denique
3755 3321 3862 3374 ad-

2191 3390 2373 3444 denda
2400 3390 2681 3444 nobilium
2711 3391 3095 3445 Romanorum
3121 3390 3446 3458 domicilia,
3471 3390 3575 3459 qui
3599 3391 3860 3459 equestri

2194 3461 2317 3515 loco
2341 3462 2485 3530 nati,
2512 3468 2612 3515 aut
2631 3462 2803 3516 etiam
2826 3475 2894 3516 ex
2922 3461 3127 3517 ordine
3151 3462 3440 3517 senatorio
3464 3462 3532 3516 ad
3557 3461 3857 3515 Christum

2194 3535 2377 3587 vocati
2411 3532 2922 3603 (quandoquidem,
2956 3539 3013 3587 et
3039 3532 3300 3587 Clemens
3331 3534 3486 3587 inter
3515 3533 3857 3587 consulares

2194 3603 2301 3658 sub
2328 3605 2653 3658 Domitiano
2679 3604 2893 3657 Christi
2922 3611 3139 3673 martyr
3157 3603 3390 3659 effectus
3415 3604 3524 3673 est)
3550 3604 3708 3658 inter
3739 3603 3858 3657 fra—

2192 3680 2308 3729 tres
2331 3674 2776 3729 recensebantur
2796 3675 2905 3729 sub
2929 3676 3260 3730 consecutis
3283 3675 3656 3744 principibus
3681 3677 3855 3729 Nerva

2191 3752 2247 3800 et
2266 3747 2540 3812 Trajano:
2569 3747 2738 3814 cujus
2764 3760 2914 3801 anno
2940 3744 3005 3800 44
3030 3748 3202 3801 etiam
3230 3747 3287 3800 in
3313 3747 3639 3815 provinciis
3663 3753 3857 3801 tantus

2190 3816 2653 3872 Christianorum
2691 3831 2970 3871 numerus
3002 3817 3262 3885 ﬂorebat,
3298 3824 3580 3887 quantum
3611 3818 3855 3872 demon-

2191 3895 2379 3942 strant
2412 3887 2617 3943 litterae
2647 3888 2899 3943 celebres
2944 3888 3200 3957 ejusdem
3239 3890 3546 3957 principis,
3584 3895 3646 3943 et
3681 3888 3852 3942 Plinii

2194 3960 2561 4030 proconsulis
2596 3959 2952 4030 inBithynia
2983 3960 3154 4028 epist.
3187 3958 3257 4015 93
3286 3967 3342 4015 et
3369 3974 3528 4030 seqq.
3582 3960 3723 4014 libri
3754 3961 3856 4014 de—

2192 4032 2352 4085 cimi.
2384 4029 2799 4099 Praifulgebant
2826 4044 2958 4086 vero
2988 4032 3136 4086 inter
3167 4033 3405 4089 nrimos.
3434 4046 3501 4085 ac
3529 4031 3854 4100 praecipuos

2193 4102 2437 4168 nobiles,
2462 4115 2526 4155 ac
2546 4102 2700 4156 cives
2718 4103 3000 4159 Romanos
3020 4103 3075 4156 in
3100 4102 3247 4157 Urbe
3261 4103 3556 4157 Christum
3579 4102 3854 4169 colentes,

2192 4174 2417 4242 equites
2445 4172 2535 4226 illi
2562 4173 2899 4239 Ctesariani,
2924 4174 3023 4242 qui
3053 4173 3284 4228 verbum
3316 4175 3412 4228 Dei
3439 4174 3606 4228 Petro
3629 4186 3854 4227 annuu-

2194 4246 2374 4299 tiante
2395 4246 2576 4311 palam
2599 4252 2969 4312 susceperant
2990 4258 3058 4299 ex
3080 4258 3175 4298 seu
3210 4247 3367 4299 entia
3385 4244 3701 4299 Clementis
3728 4245 3857 4298 Ale-

2194 4316 2487 4381 xandrini,
2516 4322 2572 4369 et
2597 4315 2838 4369 alterius
2861 4317 3051 4383 gravis
3071 4317 3329 4370 auctoris
3351 4322 3434 4385 (ut
3462 4316 3857 4370 Florentinius

2196 4399 2367 4455 supra
2395 4386 2664 4441 laudatus
2687 4386 2925 4456 indicat)
2946 4388 3209 4451 impressi
3235 4389 3429 4441 tomol
3456 4386 3601 4440 Bibl.
3634 4389 3855 4441 Patrum

2198 4459 2266 4512 ad
2316 4458 2524 4511 calcem
2574 4458 2970 4513 commentarii
3027 4459 3085 4511 in
3140 4458 3378 4527 primam
3430 4458 3750 4526 Epistolam
3801 4458 3854 4509 Β.

426 4507 569 4599 astu
595 4507 1018 4599 persecutionis
1057 4507 1393 4599 difﬁciliset
1415 4507 1664 4599 periculi
1691 4507 2085 4596 piem-tatis:
2114 4507 2168 4566 D
2200 4507 2562 4582 ὗὲιιτῖέῖίῖὑὶ
2581 4507 3858 4599 immissa-.1,'aon'ma'uiiayasais.

429 4596 620 4651 batur.
654 4596 885 4650 Beatum
907 4596 1037 4650 vitaz
1063 4610 1296 4651 cursum
1318 4598 1620 4652 claudente
1644 4600 1904 4655 Evaristo
1938 4614 2088 4656 anno

428 4667 647 4724 Christi
683 4663 805 4737 408,
835 4667 1064 4736 Trajani
1101 4665 1185 4735 42,
1218 4681 1381 4723 nemo
1413 4670 1527 4738 jam
1563 4678 1859 4738 supererat
1887 4685 1957 4726 ex
1988 4685 2090 4727 or-

432 4739 653 4811 dinatis
681 4750 713 4792 a
743 4739 904 4793 Petro
937 4739 997 4792 in
1029 4739 1281 4811 Ecclesia
1314 4740 1563 4795 Romana
1593 4743 1883 4810 episcopis
1913 4743 2091 4811 adju-

433 4809 682 4877 toribus,
705 4822 835 4865 cum
858 4811 1034 4864 trium
1060 4810 1292 4865 illorum
1319 4809 1668 4867 novissimus
1690 4809 1946 4869 Clemens
1970 4809 2091 4869 ter-

432 4884 518 4938 tio
545 4881 776 4950 Trajani
808 4894 959 4935 anno
983 4881 1100 4950 jam
1131 4882 1489 4937 decessisset.
1524 4883 1834 4938 Anacletus
1863 4898 1895 4939 a
1929 4886 2089 4941 Petro

436 4952 668 5024 quidem
702 4952 994 5024 presbyter
1022 4954 1325 5008 ordinatus
1353 4952 1429 5022 (et
1452 4967 1516 5009 ea
1547 4953 1791 5009 fortasse
1815 4955 1885 5009 de
1915 4970 2088 5011 causa

434 5023 566 5095 post
609 5025 835 5091 Linum,
874 5023 1237 5095 Clementem,
1274 5030 1330 5079 et
1357 5024 1578 5079 Cletum
1623 5025 1779 5080 sedis
1826 5027 2091 5082 Romanae

436 5094 745 5165 episcopus
773 5094 989 5167 auclero
1018 5094 1255 5167 electus,
1289 5108 1353 5150 ac
1383 5096 1608 5151 caeteris
1639 5097 1929 5167 praelatus)
1958 5100 2090 5167 epi-

432 5180 670 5235 scopum
716 5165 1010 5237 ordinavit
1054 5166 1402 5233 Evaristum,
1453 5173 1510 5222 et
1553 5168 1769 5223 vicaria
1813 5165 2090 5237 potestate

436 5234 645 5307 augere
686 5234 889 5309 voluit,
933 5243 999 5291 ut
1035 5240 1280 5309 quodam
1329 5237 1600 5305 pastorali
1647 5234 1933 5309 tyrocinio
1972 5242 2088 5309 jam

434 5309 749 5382 exercitum
798 5308 866 5382 ad
919 5307 1261 5382 pascendum
1318 5310 1508 5382 totius
1548 5307 1816 5382 Ecclesia:
1865 5307 2089 5382 gregem

366 5382 373 5385 '
438 5380 762 5435 ostenderet
801 5378 1064 5451 _Romano
1111 5379 1263 5451 clero
1316 5381 1578 5449 expedite
1624 5378 1994 5451 eligendtim.‘
2027 5392 2093 5437 ac

435 5453 657 5503 caeteris
674 5448 983 5518 praeferend
997 5463 1086 5504 um
1104 5448 1408 5505 ditiicillint
1421 5453 1469 5505 is
1489 5461 1593 5505 tem
1606 5448 1842 5520 poribus
1863 5453 2088 5507 illarum

440 5521 697 5587 priorum
724 5521 1203 5587 persecutionum.
1234 5522 1430 5577 Plures
1458 5525 1635 5592 igitur
1656 5524 1928 5578 suberant
1948 5537 2089 5578 cau-

439 5604 529 5662 sae
562 5603 666 5662 cur
706 5593 1017 5659 episcopus
1062 5592 1365 5647 ordinatus
1409 5593 1703 5662 habeatur,
1745 5602 1799 5649 et
1839 5595 2090 5649 vicarius

440 5659 742 5714 adhibitus
783 5662 1055 5716 Anacleio
1105 5664 1399 5717 Evaristus
1433 5678 1528 5731 per
1556 5659 1769 5719 annuin
1802 5664 1892 5731 95,
1924 5674 2092 5720 ante—

442 5742 615 5798 quam
644 5732 971 5803 succederet
1000 5734 1267 5801 coadjuto
1299 5748 1403 5788 suo
1429 5735 1746 5803 decedenti,
1779 5736 2092 5792 aﬂirmetur

439 5796 509 5854 ex
546 5796 845 5865 ratalogis,
887 5802 1033 5854 miro
1069 5796 1352 5859 consensu
1389 5804 1441 5858 ei
1479 5796 1873 5863 tribuentibus
1908 5820 2090 5864 annos

2198 4599 2380 4654 tionis
2420 4600 2704 4664 meminit,
2745 4601 2840 4655 sed
2879 4603 3102 4655 Petrum
3139 4615 3170 4655 a
3209 4601 3558 4655 Caesarianis
3595 4606 3853 4669 rogatum

2198 4670 2413 4725 eisdem
2444 4670 2809 4740 Evangelium
2837 4685 2867 4725 a
2894 4672 2958 4724 D.
2996 4672 3182 4726 Marco
3208 4675 3489 4740 scriptum
3516 4671 3752 4726 dedisse
3783 4672 3856 4724 ita

2200 4747 2462 4796 testatur.
2493 4742 2718 4797 Marcus
2748 4742 2895 4796 Petri
2922 4749 3170 4797 sectator
3197 4743 3378 4811 palam
3410 4744 3765 4810 praedicante
3793 4743 3851 4794 D.

2201 4815 2362 4867 Petro
2390 4813 2757 4883 Evangeiium
2782 4814 2977 4883 Romm
3001 4827 3191 4868 coram
3212 4812 3858 4883 quibusdamCaasareis

2198 4882 2519 4953 equitibus,
2556 4882 2627 4938 et
2678 4882 2850 4939 multa
2895 4884 3112 4939 Christi
3171 4884 3505 4939 testimonia
3560 4882 3854 4951 ferentem,

2200 4955 2432 5024 penitus
2457 4954 2527 5009 ab
2562 4956 2647 5009 eis
2684 4961 2745 5008 ut
2776 4961 3008 5023 possent
3034 4968 3159 5025 qua:
3187 4954 3538 5010 dicebantur
3570 4957 3855 5009 memoria:

2196 5026 2605 5093 commendari,
2630 5025 2953 5094 scripsitex
2973 5025 3065 5081 his
3079 5026 3467 5097 Evangelium,
3489 5027 3644 5097 quod
3666 5038 3859 5080 secun-

2197 5098 2332 5153 dum
2367 5098 2616 5151 Marcum
2650 5103 2904 5151 vocatur.
2944 5114 2969 5145 ι)
3002 5097 3141 5151 Tum
3173 5097 3373 5152 subdit
3412 5098 3851 5151 Florentinius:

2202 5188 2228 5221 ct
2259 5169 2368 5223 Hos
2399 5173 2588 5222 autem
2615 5168 2979 5239 Caesarianos
2998 5169 3220 5237 equites
3248 5168 3307 5222 in
3336 5182 3583 5233 quorum
3614 5170 3853 5239 gratiam

2201 5241 2405 5294 Petrus
2427 5238 2724 5310 apostolus
2748 5238 3118 5310 Evangelium
3136 5239 3396 5310 dictavit,
3420 5253 3489 5294 cu
3503 5254 3553 5293 m
3572 5238 3693 5308 jam
3714 5239 3858 5310 tide-

2203 5310 2284 5366 les
2321 5316 2377 5365 et
2418 5307 2651 5379 perfecti
2689 5310 2851 5364 valde
2881 5307 3091 5381 essent,
3139 5307 3433 5379 probabile
3475 5312 3651 5366 etiam
3698 5309 3857 5364 valde

2200 5388 2304 5445 est,
2339 5381 2629 5450 propriam
2660 5393 2725 5435 ac
2756 5393 2868 5434 non
2903 5380 3069 5447 longe
3097 5394 3129 5435 a
3162 5381 3441 5436 Palatinis
3480 5382 3712 5439 aedibus
3739 5381 3847 5435 do—

2207 5468 2354 5507 mum
2388 5460 2444 5507 et
2473 5453 2770 5507 ecclesiam
2807 5451 3101 5508 habuisse.
3134 5469 3160 5501 ››

2270 5526 2408 5578 Cum
2456 5525 2638 5593 igitur
2684 5522 2932 5577 Ecclesia
2968 5527 3233 5583 liomana,
3284 5524 3495 5577 misum
3532 5525 3592 5578 in
3626 5524 3850 5579 modum

2199 5603 2367 5649 aucta
2407 5597 2515 5650 sub
2549 5593 2883 5664 pontiﬁcatu
2924 5596 3191 5653 Evaristi,
3237 5596 3379 5648 satis
3409 5596 3728 5651 abundaret
3751 5594 3851 5647 do-

2202 5666 2393 5719 mibus
2418 5668 2655 5731 civrum,
2689 5666 2892 5737 positis
2922 5667 2979 5719 in
3011 5680 3353 5735 unaquaque
3377 5666 3554 5720 Urbis
3584 5668 3847 5737 regione;

2200 5743 2255 5791 et
2285 5749 2414 5790 cum
2449 5750 2722 5791 numerus
2750 5734 2821 5790 25
2851 5734 3328 5806 presbytertwum,
3359 5738 3525 5791 Petro
3554 5734 3851 5791 mandante

2200 5821 2231 5861 a
2260 5806 2419 5861 Cleto
2461 5807 2755 5877 impletus,
2807 5806 3082 5877 probatus
3119 5814 3269 5861 esset
3299 5806 3408 5862 sub
3450 5806 3721 5863 Anacleto
3748 5818 3852 5873 per
