4024 6176
331 364 473 423 4445

1132 370 1455 431 HISTORIA
1491 371 1582 426 DE
1624 369 1794 427 VITIS
1832 369 2000 426 ROM.
2040 370 2239 427 PONT.
2269 402 2338 413 —
2389 373 2445 428 S.
2487 375 2938 432 ALEXANDER.

3594 379 3732 436 4446

327 491 654 565 ministeria
694 492 948 561 plurium
990 508 1271 550 annorum
1298 512 1313 562 ς
1341 506 1643 565 successor
1678 490 1977 565 Evaristus
2006 491 2058 548 A
2086 491 2287 565 stylum
2315 494 2563 565 ueritatis
2585 492 2956 565 (interpretor
2977 497 3371 553 addiscendum
3392 502 3452 553 in
3476 503 3731 555 ministe-

327 563 569 632 putavit,
595 560 718 619 tuto
737 567 1001 621 concredi
1032 580 1196 635 posse
1216 560 1469 635 singulis
1502 562 1847 635 presbyteris
1872 560 1977 613 do-

324 648 437 686 mos
458 647 565 707 seu
585 636 790 707 titulos,
819 634 1071 706 singulis
1096 638 1154 692 in
1183 634 1518 707 regiombus
1535 634 1783 688 Urbanis
1806 634 1970 689 sitos.

325 718 439 773 quo
463 703 693 759 facilior
713 713 861 761 esset
884 703 1139 763 ﬁdelium
1158 703 1472 764 conventus
1491 706 1560 760 ad
1572 717 1822 775 synaxes
1842 716 1976 770 per—-

322 775 592 850 agendas,
638 782 695 850 et
735 778 820 850 ad
851 778 1075 850 reliqua
1117 779 1447 834 Christiana
1494 773 1655 850 sacra
1700 773 1973 850 frequen-

325 846 519 920 tanda,
548 848 744 903 eodem
772 848 935 920 plane
964 846 1104 910 ritu.
1127 858 1297 920 atque
1323 848 1602 917 exemplo,
1633 860 1746 916 quo
1766 846 1976 920 Hiero-

321 916 565 990 solymis
588 919 832 985 apostoli
858 927 985 989 post
1004 916 1264 990 apposita
1282 920 1377 975 die
1405 916 1512 975 una
1535 919 1844 971 animarum
1867 917 1974 969 tria

318 988 501 1041 millia
541 988 672 1057 (Act
715 1004 755 1044 ιι
804 988 943 1045 vers.
992 988 1057 1046 44
1082 988 1155 1045 ἐτ
1203 990 1290 1062 46)
1331 991 1574 1059 quotidie
1612 990 1973 1058 perdurantes

318 1061 660 1114 unanimiter
689 1064 750 1114 in
790 1064 1002 1131 templo,
1037 1068 1088 1117 et
1115 1064 1435 1129 frangentes
1465 1074 1622 1117 amca
1663 1072 1838 1114 DOMOS
1864 1074 1973 1127 pa—

317 1145 459 1195 nem,
502 1132 788 1186 sumebant
817 1134 994 1187 cibum
1023 1149 1143 1189 cum
1180 1134 1544 1187 exsultatione
1574 1153 1588 1186 :
1619 1137 1677 1187 et
1702 1134 1971 1185 Actorum

316 1213 375 1252 ν.
420 1198 490 1255 42
521 1221 534 1256 :
570 1201 728 1256 Omni
766 1204 853 1258 die
892 1220 1002 1258 non
1045 1206 1330 1259 cessabant
1371 1206 1431 1257 in
1470 1204 1682 1273 templo,
1730 1206 1781 1255 et
1817 1212 1972 1255 CIRCA

316 1285 499 1327 DOMOS
537 1273 798 1339 docentes,
843 1279 893 1329 et
935 1277 1384 1342 anngelizantes
1427 1274 1701 1329 Christum
1743 1275 1970 1325 Jesum:

316 1351 378 1416 et
402 1345 589 1416 Actor.
625 1358 678 1398 ιν
715 1345 1003 1416 plerisque
1027 1346 1096 1401 ad
1122 1347 1416 1401 Christum
1444 1344 1703 1400 conversi
1733 1356 1843 1398 non
1870 1356 1971 1397 so—

317 1415 441 1469 lum
487 1414 798 1471 oderebant
844 1414 1046 1472 do'mos
1087 1418 1155 1473 ad
1214 1417 1560 1486 peragendas
1608 1427 1870 1486 synaxes,
1916 1418 1971 1486 et

315 1494 632 1559 conventus
658 1485 899 1559 fratrum
926 1507 941 1558 ;
974 1489 1070 1544 sed
1102 1484 1271 1544 etiam
1300 1484 1404 1559 (ibi
1433 1501 1576 1542 vers.
1604 1484 1693 1553 34)
1718 1484 1968 1539 studiosi

315 1558 673 1627 Evangelica:
724 1558 1098 1628 perfectionis
1141 1564 1403 1629 quotquot
1434 1573 1768 1628 possessores
1798 1571 1970 1621 agro-

311 1643 461 1694 rum,
495 1634 592 1682 aut
625 1630 901 1684 domo-rum
931 1636 1106 1698 erant,
1140 1632 1431 1685 uendentes
1461 1630 1763 1697 offerebant
1790 1629 1970 1695 pretia

315 1715 520 1765 eorum,
553 1716 674 1769 qua:
696 1702 1090 1769 vendebantur,
1122 1707 1172 1755 et
1189 1702 1469 1771 ponebant
1492 1706 1618 1754 ante
1643 1700 1807 1768 pedes
1828 1713 1971 1766 apo-

310 1772 598 1824 stolorum.
643 1773 1004 1826 Dividebatur
1050 1779 1231 1827 autem
1270 1774 1524 1837 singulis,
1574 1776 1735 1840 prout
1777 1772 1970 1837 cuique

2084 562 2167 641 rio
2193 564 2666 641 praedicationis);
2695 562 2899 641 in'quo
2938 567 3163 623 scilicet
3205 570 3527 641 ministerio
3557 572 3728 626 etiam

2086 632 2359 715 diaconos
2398 632 2649 715 exerceri
2695 651 2762 715 ex
2805 632 2998 695 'oﬂicio
3044 652 3169 715 non
3196 640 3368 715 semel
3413 641 3727 715 oportebat;

2084 716 2228 770 quos
2251 705 2310 758 in
2335 705 2702 762 ordinatione
2730 709 2807 763 ita
2837 717 3024 765 monet
3045 711 3297 766 Ecclesia
3325 705 3522 766 Latina
3549 731 3561 766 :
3594 705 3732 766 Dia-4

2084 788 2276 855 conum
2301 782 2505 855 oportet
2528 781 2844 855 ministrare
2872 782 2946 855 ad
2971 783 3166 855 altare,
3201 783 3478 852 baptizare
3503 788 3553 836 et
3575 798 3734 851 prae-

2084 844 2288 926 dicare.
2316 849 2393 901 Ex
2422 849 2870 926 primisseptem
2891 844 3227 926 Stephanus
3248 844 3647 923 protomartyr,
3677 857 3733 907 et

2086 915 2391 994 Philippus
2428 915 2760 976 viventibus
2799 915 3313 994 etiam'apostolis,
3357 915 3579 993 quanta
3602 938 3730 979 cum

2084 985 2633 1064 laudm—quantoque
2663 994 2987 1050 animarum
3027 985 3221 1050 fructu
3271 985 3728 1064 prae-dicaverint,

2082 1058 2220 1137 Acta
2248 1058 2563 1137 apestolica
2609 1065 2754 1119 satis
2798 1065 3219 1121 demonstrant.
3257 1058 3504 1122 Docente
3546 1058 3733 1137 igitur

2088 1128 2303 1197 plebem
2353 1132 2642 1205 pontiﬁce,
2698 1149 2859 1191 nemo
2908 1151 2938 1191 e
2986 1139 3312 1205 septenario
3354 1128 3732 1193 diaconﬁrum

2084 1214 2322 1256 numero
2376 1202 2574 1260 abesse
2625 1205 2919 1262 debuerat.
2982 1202 3243 1263 Universi
3301 1210 3529 1264 adstare
3576 1208 3730 1276 jussi

2082 1280 2235 1354 sunt,
2268 1278 2537 1354 tanquam
2564 1276 2841 1354 discipuli
2870 1292 2901 1334 a
2926 1278 3159 1354 doctore
3189 1278 3471 1354 formandi
3501 1279 3569 1333 ad
3605 1292 3733 1354 ma-

2081 1347 2383 1422 gisterium
2406 1347 2687 1422 veritatis,
2711 1350 2949 1422 ejusque
2969 1350 3201 1420 stylum,
3223 1357 3286 1405 ut
3307 1351 3431 1422 pari,
3450 1364 3577 1405 cum
3600 1349 3728 1417 ﬁde,

2081 1414 2475 1495 simplicitate,
2498 1432 2564 1495 ac
2579 1419 2612 1473 d
2624 1414 2715 1489 ign
2727 1414 2873 1495 i'tate'
2889 1414 3067 1475 Verb'u
3079 1435 3125 1495 m
3150 1414 3244 1477 Dei
3269 1414 3499 1491 populis
3514 1434 3624 1495 ann
3636 1414 3734 1495 un-

2080 1490 2338 1563 tiarent_:
2372 1490 2603 1563 quando
2662 1492 2963 1546 mandante
3014 1490 3306 1563 epis‘COpo,
3352 1490 3459 1547 aut
3506 1492 3730 1561 Spiritu

2082 1562 2286 1637 sancto
2300 1557 2537 1637 jubente
2570 1575 2667 1628 per
2694 1576 2828 1617 suos
2852 1557 3231 1637 priapo—sitos,
3251 1557 3308 1619 et
3336 1564 3449 1637 ipsi
3466 1557 3561 1637 Aad'
3582 1576 3733 1637 prte-

2080 1628 2287 1709 dicand
2302 1643 2391 1709 um
2427 1632 2812 1709 mitterentur.
2840 1628 3145 1709 Quomodo
3163 1628 3313 1709 enim
3344 1628 3734 1709 audient'sine

2082 1699 2429 1776 praedicante
2450 1702 2477 1754 ‘2
2505 1708 2608 1756 aut
2638 1699 2927 1776 (quomodo
2975 1706 3388 1776 praedicabunt,
3435 1706 3551 1760 nisi
3590 1706 3733 1759 mit—

2082 1775 2280 1846 tantur
2295 1772 2322 1824 ἱ)
2337 1771 2522 1839 Quare
2542 1780 2598 1828 et
2616 1771 2924 1841 Apostolus
2943 1771 3326 1845 Timotheum,
3352 1771 3519 1846 quem
3547 1777 3731 1845 primo

314 1857 454 1919 opus
477 1847 613 1919 erat.
643 1844 947 1919 Haac‘intra
968 1858 1179 1919 annum
1207 1857 1240 1898 a
1264 1842 1733 1919 Chris_t_i_Domi_ni
1765 1848 1963 1919 morte,
2000 1859 2051 1919 Β
2081 1840 2387 1919 diaconum
2419 1858 2609 1919 suum,
2637 1840 2845 1919 deinde
2875 1847 3284 1918 presbyterum,
3312 1840 3727 1917 et'episcepum

312 1919 377 1967 et
397 1912 466 1966 ab
486 1915 733 1969 adventu
757 1915 942 1969 divini
969 1915 1225 1984 Spiritus
1252 1921 1406 1985 gesta
1434 1913 1840 1982 Hierosolymis
1871 1925 1971 1966 sa—

316 1985 401 2039 tis
421 1985 711 2053 evincunt,
740 1992 1019 2055 quantum
1046 1988 1343 2049 domorum,
1374 1991 1429 2039 et
1461 1985 1796 2039 incrementi
1826 1985 1970 2036 titu—

314 2057 498 2109 lorum
524 2058 776 2124 potuerit
802 2058 861 2112 in
889 2059 1035 2112 Urbe
1058 2058 1193 2112 addi
1225 2057 1555 2111 Christiano
1580 2055 1778 2120 coetui,
1806 2055 1853 2122 ej
1866 2069 1968 2108 us—

311 2128 447 2182 dem
478 2126 732 2195 Spiritus
755 2131 936 2184 sancti
968 2130 1153 2198 gratia
1178 2129 1490 2197 aspirante,
1523 2127 1833 2198 eodemque
1861 2126 1969 2179 Pe—

315 2200 820 2271 troiaununtiante
860 2195 1149 2271 magnalia
1177 2195 1278 2254 Dei
1315 2212 1424 2271 per
1442 2211 1623 2253 annos
1651 2195 1722 2253 25
1751 2197 1966 2271 quibus

314 2270 650 2326 cathedram
698 2266 1006 2326 Romanam
1044 2272 1240 2326 vivens
1271 2266 1480 2337 tenuit,
1512 2275 1568 2324 et
1600 2283 1698 2338 per
1726 2266 1964 2322 totidem

312 2350 751 2411 consequentes,
775 2350 831 2397 et
854 2343 1004 2413 quod
1034 2342 1291 2397 excurrit
1319 2354 1500 2410 usque
1525 2341 1599 2413 ad
1620 2340 1962 2404 Evaristum,

313 2413 538 2484 quibus
568 2427 667 2483 per
690 2412 1051 2470 successores
1082 2414 1228 2469 hanc
1259 2414 1443 2483 ipsam
1474 2412 1787 2468 Ecclesium
1818 2413 1968 2467 rexit

312 2492 377 2542 et
411 2486 766 2555 prepagavit.

394 2557 566 2611 Linea
596 2557 649 2611 5.
683 2586 756 2596 -
782 2559 853 2610 Et
881 2562 1081 2627 septem
1122 2557 1377 2610 diaconos
1408 2557 1705 2621 constituit,
1741 2557 1837 2624 qui
1865 2570 1967 2609 cu-

310 2628 587 2683 stodirent
614 2631 919 2698 episcoPum
940 2629 1331 2698 praedicantem
1344 2632 1568 2696 propter
1586 2629 1788 2695 stylum
1816 2628 1970 2679 veri-

312 2703 473 2754 tatis.
516 2699 618 2753 llic
664 2713 937 2755 numerus
977 2701 1353 2754 diaconorum
1396 2700 1659 2754 Romanae
1704 2698 1969 2753 Ecclesia:

312 2772 650 2841 assignatus
667 2785 697 2824 a
721 2772 882 2826 Petro
905 2769 1415 2841 fundatore(supra
1435 2784 1590 2824 num.
1615 2767 1775 2841 i)qui
1795 2770 1967 2824 etiam

316 2843 380 2897 in
416 2840 928 2912 Hierosolymitana
973 2842 1333 2897 constitutus
1372 2840 1559 2897 fuerat
1587 2840 1659 2895 ab
1701 2842 1968 2895 universo

314 2920 474 2969 coetu
526 2913 841 2984 apostolico
887 2915 1176 2981 (Actorum
1226 2912 1325 2982 v1),
1383 2912 1969 2984 quemadmodumiet

314 2998 545 3040 summa
573 2983 644 3040 25
675 2984 1133 3054 presbyterorum
1164 2985 1402 3054 totidem
1432 2983 1659 3039 vicibus
1697 2983 1971 3039 sacerdo-

314 3055 539 3137 talibus
573 3052 966 3137 (adnumeratia
993 3052 1224 3137 cum‘24
1255 3055 1501 3137 reliquis
1531 3056 1708 3137 etiam
1733 3054 1855 3137 vice
1889 3055 1970 3137 il_-_

317 3128 462 3189 lius,
494 3124 590 3196 qui
626 3127 882 3198 vicarius
926 3126 1223 3198 legebatur
1266 3124 1476 3182 sum‘mi
1512 3124 1842 3196 pontiﬁcis),
1881 3125 1968 3179 uti

316 3212 498 3292 supra
532 3199 753 3292 dictum
797 3197 925 3292 tui‘tﬂ
953 3197 1226 3292 i'n‘notis'
1249 3198 1875 3292 historicisnadmt'itanli
1910 3198 1967 3251 S.
1998 3229 2046 3292 Ο

314 3270 490 3332 Cleti,
528 3268 841 3324 ministerii
876 3268 1179 3323 levitarum
1213 3269 1273 3323 in
1308 3269 1518 3338 templo
1549 3269 1803 3334 Domini,
1830 3269 1968 3323 dum

308 3341 643 3396 Judteorum
686 3340 936 3407 populus
977 3340 1078 3395 Dei
1117 3340 1425 3395 Ecclesium
1473 3340 1883 3408 constituebat,
1917 3346 1972 3394 et

311 3412 706 3467 Christianam
751 3411 1054 3481 ﬁgurabat.
1088 3411 1384 3481 Duplicari
1428 3419 1611 3466 tamen
1648 3410 1866 3480 placuit
1910 3411 1968 3464 in

317 3484 430 3537 hac
464 3483 737 3552 primaria
767 3483 910 3537 Novi
942 3483 1195 3537 Foederis
1242 3483 1512 3552 Ecclesia,
1547 3482 1777 3551 quando
1808 3483 1971 3535 n0vis

313 3553 776 3621 accessionibus,
818 3560 874 3608 et
917 3554 1146 3622 quidem
1198 3554 1463 3608 maximis
1502 3562 1670 3607 aucta
1709 3558 1812 3620 est,
1856 3559 1970 3622 tam

318 3621 1063 3694 presbyteroscardinales,
1107 3638 1171 3679 ac
1213 3625 1416 3679 titulos
1456 3626 1758 3693 Romanos,
1799 3636 1867 3677 ex
1902 3621 1974 3677 25

315 3693 423 3767 Qui
473 3693 638 3765 prius
685 3693 915 3751 fuerant
958 3694 1337 3764 ampliﬁcatos
1382 3696 1449 3750 ad
1501 3695 1967 3765 Quinquaginta;

314 3781 493 3837 quam
541 3768 815 3821 diaconos
858 3767 1201 3833 cardinales,
1250 3769 1574 3835 septenario
1619 3780 1815 3820 eorum
1858 3779 1972 3819 nu-

315 3836 478 3893 rnero
503 3836 578 3892 ab
612 3837 704 3891 his
734 3848 947 3907 septem
980 3838 1243 3906 adaucto,
1277 3839 1378 3907 qui
1415 3837 1677 3892 Ecclesia:
1708 3838 1974 3891 Romanae

312 3923 549 3964 sacrum
581 3909 887 3980 collegium
916 3910 1226 3964 constituit
1258 3922 1369 3964 una
1399 3923 1527 3964 cum
1557 3922 1654 3963 sex
1684 3908 1974 3980 episcopis

312 3977 770 4035 suburbicariis.
800 3980 974 4035 Addit
996 3980 1351 4051 Biographus
1378 3982 1665 4034 decretum
1696 3977 1876 4034 fuisse
1902 3977 1972 4051 ab

311 4052 601 4119 Evaristo,
633 4058 697 4106 ut
719 4052 1051 4121 episcopum
1078 4049 1479 4120 praedicantem
1506 4057 1715 4119 septem
1741 4049 1971 4105 diaconi

317 4123 689 4179 custodirent
724 4128 954 4192 propter
982 4124 1184 4191 stylum
1213 4124 1482 4176 veritatis.
1530 4124 1740 4177 Prteter
1770 4134 1974 4176 causas

315 4195 562 4262 decreti,
596 4194 892 4263 expositas
935 4194 1006 4248 ab
1035 4195 1346 4259 Altaserra,
1382 4194 1526 4248 hanc
1570 4193 1800 4247 videtur
1829 4206 1975 4247 con-

315 4273 515 4321 textus
555 4266 832 4333 indicare,
866 4271 930 4320 ut
958 4266 1227 4335 episcopo
1272 4266 1605 4334 praedicanti
1646 4265 1844 4319 adesse
1885 4270 1976 4319 te—

316 4337 819 4392 neanturdiaconi
850 4343 1084 4405 septem,
1117 4337 1172 4392 id
1203 4343 1289 4391 est
1325 4344 1606 4407 quthuot
1634 4336 1689 4390 in
1722 4335 1973 4391 Ecclesia

315 4418 463 4465 tunc
512 4408 791 4478 temporis
839 4408 1338 4464 numerabantur:
1372 4413 1428 4463 et
1473 4408 1706 4478 quidem
1749 4415 1974 4479 prapter

1415 4789 1571 4860 VII.

2081 1912 2734 1989 ordinavitadjutorem,
2767 1918 2844 1972 ita
2872 1912 3092 1973 monuit
3125 1912 3376 1989 Epistola
3402 1912 3450 1974 Il
3473 1912 3661 1987 capite
3688 1931 3727 1985 ι,

2078 1983 2279 2039 versic.
2320 1983 2440 2049 423,
2473 1987 2609 2041 dum
2641 1983 2761 2042 ait:
2792 1990 3040 2043 Formam
3066 1983 3202 2043 habe
3229 2006 3489 2045 sanorum
3532 1983 3733 2043 uerbo?-

2076 2070 2217 2130 Cum,
2268 2072 2389 2124 quae
2428 2073 2463 2110 a
2500 2073 2582 2112 me
2627 2059 2837 2113 audisti
2882 2062 2943 2114 in
2978 2061 3102 2130 ﬁde,
3152 2066 3203 2117 et
3247 2064 3307 2116 in
3341 2061 3629 2116 dilectione
3672 2061 3730 2113 in

2078 2123 2293 2180 Christo
2324 2129 2468 2181 Jesu.

2741 2201 3063 2259 CIACONII.

2149 2288 2320 2364 Linea
2352 2286 2403 2344 4.
2439 2321 2514 2331 —-
2539 2292 2640 2345 Hic
2670 2294 2854 2347 titulos
2883 2295 2943 2347 in
2972 2296 3104 2348 urbe
3148 2297 3314 2350 Roma
3362 2295 3555 2348 divisit
3588 2309 3728 2364 pre—

2075 2360 2307 2436 sbyteris
2332 2380 2348 2425 ,-
2367 2368 2439 2436 ut
2460 2365 2863 2436 unusquisque
2892 2380 3010 2420 sua:
3034 2367 3294 2434 parmcite
3317 2360 3608 2436 terminis,
3627 2379 3728 2420 cae-

2077 2432 2334 2501 terisque
2356 2432 2659 2504 limitibus
2688 2432 3170 2504 distingueretur.

2152 2503 2321 2577 Linea
2350 2502 2402 2559 5.
2435 2535 2509 2543 -
2535 2509 2604 2560 Et
2632 2512 2833 2576 septem
2872 2502 3129 2562 diaconos
3157 2510 3459 2572 constituit,
3498 2510 3597 2577 qui
3625 2524 3729 2562 cu-

2077 2574 2343 2628 stodirent
2372 2574 3084 2647 episcopum—praedicantem
3107 2585 3328 2648 propter
3353 2574 3556 2646 stylum
3576 2581 3728 2633 veri-

2078 2647 2227 2719 tutis,
2279 2649 2441 2716 quasi
2496 2662 2640 2702 verae
2688 2651 2967 2704 doctrinm
3018 2647 3236 2719 testes;
3273 2664 3339 2705 ne
3383 2650 3454 2704 ab
3500 2650 3728 2705 aemulis

2077 2716 2346 2790 episcopo
2384 2719 2717 2786 praedicanti
2766 2721 3196 2788 imponerentur
3226 2716 3483 2788 errores,
3529 2723 3631 2790 qui
3676 2723 3728 2777 ei

2076 2788 2524 2859 ascriberentur,
2559 2804 2703 2860 quos
2736 2797 2919 2846 tamen
2957 2793 3078 2861 ipse
3110 2807 3223 2849 non
3249 2788 3653 2849 commisisset.

2802 2899 3002 2956 PAGII.

2150 2988 2323 3043 Linea
2361 2984 2413 3041 4.
2450 3017 2519 3026 —-
2555 2989 2656 3041 Hic
2699 2989 2886 3042 titulos
2927 2992 2986 3042 in
3028 2990 3161 3042 urbe
3200 2991 3385 3055 Roma,
3431 2997 3537 3044 etc.
3587 2990 3734 3045 Sunt

2081 3062 2181 3129 qui
2230 3059 2492 3129 Evaristo
2542 3059 2823 3129 originem
2874 3061 3331 3115 consecrationis
3382 3061 3728 3128 templorum

2080 3128 2400 3197 ascribunt,
2424 3130 2517 3183 sed
2545 3128 2723 3183 multo
2743 3132 2963 3185 certius
2982 3138 3068 3186 est
3090 3132 3472 3199 apostolicum
3502 3132 3735 3187 institu-

2083 3207 2199 3256 tum
2233 3213 2378 3270 esse,
2413 3200 2562 3269 quod
2593 3213 2622 3254 e
2654 3201 2838 3254 Veteri
2879 3203 3238 3256 Testamento
3284 3203 3351 3257 ad
3387 3204 3626 3269 Novum,
3661 3203 3734 3256 ab

2080 3271 2359 3341 apostolis
2386 3272 2454 3325 ad
2489 3285 2850 3325 successores
2875 3274 3180 3338 emanavit,
3216 3286 3383 3341 quem
3414 3273 3590 3327 ritum
3621 3286 3737 3327 ser-

2080 3345 2233 3398 vavit
2275 3341 2549 3396 Ecclesia.
2600 3342 2780 3396 totius
2818 3341 3077 3397 Orientis
3118 3350 3173 3396 et
3210 3341 3543 3398 Occidentis
3586 3356 3735 3399 con-

2080 3429 2273 3478 sensu,
2334 3413 2446 3467 nisi
2504 3413 2767 3467 dicamus
2821 3427 2949 3468 cum
3005 3415 3291 3470 cardinali
3351 3415 3501 3469 Bona
3555 3413 3659 3468 lib.
3716 3430 3730 3469 ι

2081 3487 2208 3540 Rer.
2266 3486 2511 3555 Liturg,
2588 3498 2710 3551 cap.
2769 3481 2858 3551 30,
2923 3499 2975 3539 n.
3038 3484 3089 3549 3,
3153 3485 3223 3539 ab
3281 3486 3385 3540 hoc
3458 3485 3732 3541 Pontiﬁce

2081 3559 2299 3626 scripto
2334 3556 2775 3626 promulgatum,
2812 3558 2961 3625 quod
2990 3559 3108 3612 sola
3136 3557 3448 3611 traditione
3474 3556 3544 3610 ab
3566 3563 3730 3611 ante-

2082 3627 2411 3683 cessoribus
2466 3633 2777 3695 acceperat.
2836 3630 2952 3681 Aut
2996 3626 3140 3682 forte
3189 3628 3349 3681 addit
3395 3627 3463 3681 ad
3518 3634 3733 3682 veteres

2082 3700 2474 3767 cmremonias,
2513 3705 2575 3752 ut
2606 3697 2733 3752 sine
2776 3702 2965 3753 missae
2998 3699 3286 3753 sacriﬁcio
3330 3697 3588 3753 basilica:
3619 3712 3764 3754 non-

2082 3777 2578 3836 consecrarentur,
2614 3775 2678 3823 ut
2707 3783 2774 3824 ex
2807 3769 2911 3824 illo
2946 3769 3201 3824 referunt
3231 3782 3513 3824 canonum
3557 3769 3732 3826 colle-

2076 3848 2279 3907 ctores.
2298 3842 2432 3894 Nam
2453 3841 2601 3909 quod
2622 3840 2807 3910 aliqui
2833 3841 3096 3896 scribunt
3112 3846 3244 3895 ante
3265 3842 3571 3907 imperium
3595 3842 3737 3897 Con-

2086 3912 2327 3977 stantini
2343 3913 2526 3982 Magni
2548 3912 2735 3967 nullas
2749 3910 2930 3967 fuisse
2947 3913 3326 3973 Ecclesiarum
3341 3912 3734 3968 dedicationes

2087 3993 2318 4064 propter
2344 3991 2555 4037 metum
2588 3985 3032 4064 persecutionis,
3056 3984 3110 4038 id
3135 3985 3224 4064 _de_
3242 3983 3608 4064 publicis,et
3633 3999 3734 4064 so-

2086 4054 2394 4120 lemnibus,
2426 4067 2535 4108 non
2568 4068 2699 4109 vero
2728 4056 2798 4109 de
2827 4056 3068 4124 privatis
3094 4062 3149 4110 et
3175 4055 3319 4110 clam
3354 4058 3602 4124 peractis
3636 4055 3734 4109 in-

2084 4126 2459 4197 ielligendum
2481 4126 2776 4197 existimat
2794 4127 2942 4181 Bona
2962 4127 3249 4189 laudatus,
3272 4128 3421 4195 apud
3442 4140 3609 4196 quem
3631 4127 3732 4181 hac

2084 4208 2154 4263 de
2185 4195 2243 4252 re
2276 4197 2460 4266 plura.
2496 4198 2571 4250 De
2603 4195 3003 4252 benedictione
3032 4212 3098 4253 ac
3135 4195 3503 4253 dedicatione
3532 4197 3728 4253 Eccle-

2085 4279 2303 4334 siarum
2336 4268 2609 4338 legendus
2637 4268 2807 4323 etiam
2836 4269 3171 4324 Edmundus
3197 4271 3447 4325 Martene
3469 4269 3568 4324 lib.
3604 4284 3640 4323 ιι
3664 4269 3735 4324 de

2085 4340 2652 4466 iAntiqgﬁnﬁcclesiaa
2680 4340 2911 4397 [litibus
2940 4354 3064 4411 cap.
3091 4338 3179 4412 l3,
3207 4340 3307 4396 ubi
3333 4341 3498 4412 plura
3524 4344 3735 4412 singu-

2107 4428 2232 4466 ﬂl‘la
2440 4452 2450 4465 α

2086 4421 2232 4475 laria
2264 4417 2450 4466 habet.

1639 4788 2015 4859 SANCTUS
2086 4786 2599 4856 ALEXANDER
2616 4831 2637 4852 .

1365 5021 1545 5066 ANNO
1616 5021 1872 5065 CHRISTI
1945 5007 2082 5078 121,
2138 5020 2407 5063 ADRIANI
2450 5020 2589 5063 1MP.
2636 5004 2701 5062 2.

565 5362 614 5424 7
672 5361 1103 5442 Alexander,
1185 5362 1463 5425 natione
1551 5364 1941 5439 Romanus,
2024 5377 2105 5423 ea
2177 5365 2387 5442 patre
2468 5362 2860 5426 Alexandro
2890 5412 2910 5442 ,
2993 5365 3072 5427 de
3152 5363 3426 5445 regione
3505 5362 3733 5442 Caput

478 5461 728 5537 Tauri,
762 5462 932 5523 sedit
961 5480 1174 5524 annos
1208 5465 1374 5537 octo,
1407 5476 1670 5523 menses
1710 5460 2031 5539 quinque,
2076 5458 2216 5522 dies
2248 5460 2413 5522 duos
2440 5472 2491 5521 ει.
2528 5463 2698 5524 Fuit
2728 5465 2953 5524 autem
2983 5461 3392 5542 temporibus
3429 5460 3732 5540 Trajani

479 5577 695 5640 usque
746 5563 837 5623 ad
890 5561 1271 5647 Heliadum
1311 5560 1339 5602 υ
1381 5562 1446 5621 et
1504 5562 1794 5622 Veterem
1835 5569 1879 5616 ο.
1928 5556 1957 5598 ά
1995 5559 2165 5633 llic,
2177 5560 2566 5641 passionem
2610 5561 2888 5623 Domini
2944 5563 3219 5623 miscuit
3269 5561 3346 5622 iu
3382 5561 3732 5642 precatio-

1455 5700 1732 5743 NOTULzE
1780 5700 2199 5743 MARGINALES
2247 5701 2595 5744 FABROTTI.

386 5822 417 5851 ει
449 5814 506 5877 Β,
549 5825 643 5863 an.
685 5805 769 5875 40,
818 5821 900 5880 m._
937 5807 990 5880 5,
1022 5810 1081 5864 d.
1113 5807 1202 5865 20.
1236 5808 1261 5849 b
1287 5813 1346 5872 Β,
1382 5825 1415 5862 a
1445 5808 1589 5863 Coss.
1629 5807 1828 5862 Aviola
1866 5812 1916 5862 et
1952 5809 2137 5862 Pansa
2176 5808 2251 5862 ad
2296 5808 2633 5864 Catullinum
2662 5814 2713 5865 et
2750 5811 2986 5880 Aprum.
3015 5821 3042 5852 ο
3068 5811 3124 5873 C,
3172 5817 3228 5866 et
3267 5812 3385 5866 Vel.
3436 5809 3723 5866 consules.

302 5879 347 5920 δ
375 5882 517 5938 Vide
546 5884 677 5937 Bar.
710 5896 840 5933 ann.
880 5878 1001 5935 432.
