4036 6174
1625 326 1982 383 ANASTASII
2032 326 2140 382 BIB
2145 325 2580 384 LIOTHECARII
3661 329 3686 386 4
3699 329 3804 387 448

547 471 698 517 nem
779 455 1206 518 sacerdotum
1230 503 1251 533 ,
1319 451 1588 534 quando
1664 451 1887 514 missae
1956 449 2397 514 celebrantur.
2477 454 2828 532 Martyrio
2905 459 3272 518 coronatur
3303 503 3319 534 ,
3382 460 3448 518 et
3511 471 3669 518 cum
3737 472 3808 516 eo

464 551 504 612 5
547 552 892 614 Eoentius
945 551 1308 631 presbyter
1371 554 1435 612 et
1505 549 1889 612 Theodorus
1960 550 2288 612 diaconus
2338 560 2390 610 ⁸.
2445 549 2474 591 b
2523 553 2662 614 Hic
2723 552 3087 615 constituit
3151 569 3399 633 aquam
3465 553 3811 633 aspersio—

547 650 656 712 nis
721 667 871 712 cum
919 649 1066 712 sale
1129 649 1428 712 benedici
1480 649 1558 711 in
1623 647 2039 710 habitaculis
2092 647 2459 726 hominum,
2523 651 2662 712 Hic
2720 648 2888 732 fecit
2953 650 3421 713 ordinationes
3484 655 3631 714 tres
3695 666 3815 730 per

546 763 846 810 mensem
915 747 1339 810 Decembrem
1402 768 1417 825 ;
1464 745 1898 827 presbyteros
1973 762 2090 808 sea:
2113 795 2134 824 ,
2219 748 2534 811 diaconos
2611 749 2821 825 duos,
2907 749 3248 830 episcopos
3318 767 3448 833 per
3529 749 3816 812 diversa

549 845 695 909 loca
750 862 1026 909 numero
1085 863 1152 905 v.
1225 845 1358 920 Qui
1413 844 1619 907 etiam
1676 844 1994 925 sepultus
2049 848 2152 907 est
2209 846 2327 908 cia
2392 846 2863 922 Numentana,
2931 846 3048 910 ubi
3106 846 3484 910 decollatus
3539 851 3672 926 est,
3735 846 3816 908 ab

549 944 711 1006 urbe
765 947 975 1008 Roma
1033 961 1169 1004 non
1216 943 1442 1022 longe,
1509 941 1847 1006 milliario
1903 961 2018 1022 v11,
2075 944 2314 1024 quinto
2363 945 2606 1009 Nonas
2654 945 2857 1023 Maii,
2908 948 2974 1008 et
3029 945 3319 1008 cessauit
3368 946 3820 1026 episcopatus

433 1043 506 1103 10
543 1042 688 1105 dies
731 1057 932 1102 xxxv
965 1051 992 1080 ο

393 327 529 386 4447

1548 1183 2039 1247 CATALOGUS
2078 1185 2236 1248 SUB
2276 1185 2634 1248 LIBERIO.

621 1314 997 1379 Alexander
1035 1316 1236 1378 annis
1267 1318 1543 1398 septem,
1586 1316 1933 1380 mensibus
1965 1315 2248 1396 duobus,
2293 1317 2404 1380 die
2432 1336 2588 1381 uno.
2622 1319 2778 1382 Fuit
2813 1317 3224 1400 temporibus
3256 1317 3542 1398 Trajani
3572 1331 3617 1376 a
3646 1333 3823 1379 con-

545 1413 773 1475 sulatu
811 1414 1059 1476 Palmm
1100 1417 1165 1476 et
1215 1413 1418 1494 Tulli,
1466 1431 1680 1496 usque
1730 1415 1993 1478 Eliano
2036 1420 2102 1480 et
2138 1419 2394 1479 Vetere.

1520 1565 1800 1610 NOTUL/E
1849 1565 2265 1611 MARGINALES
2317 1567 2658 1612 FABROTTI.

453 1693 484 1722 α
505 1683 568 1748 B,
603 1681 848 1739 Evenius
875 1688 934 1738 et
960 1682 1293 1740 Theodulus
1323 1683 1660 1755 presbyteri.
1695 1683 1724 1725 b
1754 1685 1892 1741 Vide
1921 1685 2052 1738 Bar.
2087 1685 2198 1738 loco
2228 1686 2320 1738 cit.
2354 1699 2379 1727 ο
2406 1685 2509 1740 CB.
2536 1684 2625 1743 25.

1759 1838 1989 1894 νΑΒΙλΕ
2025 1837 2420 1896 LECTIONES.

657 1953 829 2024 Apud
857 1954 1175 2009 Fabrottum
1203 1971 1270 2009 ca-
1299 1954 1478 2010 codice
1516 1955 1754 2012 Freheri.
2141 1955 2502 2012 sacerdotum
2534 1972 2590 2028 q.
2625 1957 2802 2012 missa
2847 1956 3189 2013 celebratur.
3225 1956 3325 2010 lin.
3356 1953 3413 2022 5,
3449 1951 3820 2010 Theodotus.

450 2061 615 2116 Num.
645 2057 700 2129 7,
735 2061 836 2115 lin.
865 2058 920 2116 2.
955 2063 1019 2124 Β,
1057 2059 1140 2116 46.

615 2168 704 2221 Ea:
731 2168 910 2222 codice
938 2170 1120 2237 Regio,
1153 2170 1437 2224 Mazarino
1468 2174 1519 2223 et
1551 2169 1794 2223 Timauo.

453 2274 617 2345 Num.
655 2269 712 2343 '7,
753 2275 853 2328 lin.
883 2273 938 2337 2,
981 2289 1075 2331 an.
1111 2273 1198 2339 40,
1244 2290 1314 2331 m.
1358 2272 1414 2343 '7,
1443 2277 1501 2332 d.
1535 2272 1594 2329 44
1644 2275 1830 2344 (Maz.,
1867 2275 1925 2330 d.
1956 2273 2027 2345 2).

383 2343 515 2400 Fuit
541 2349 726 2400 autem
758 2351 1008 2414 tempore
1033 2348 1124 2401 Tr.
1162 2361 1226 2402 ιι.
1256 2361 1307 2402 a.
1341 2349 1406 2402 ll.
1436 2354 1490 2402 et
1517 2347 1582 2401 V.
1610 2343 1900 2403 cOnsules.
1930 2343 2033 2402 Hic

388 2416 561 2488 misc.
581 2429 728 2484 pass.
757 2418 915 2474 Dom.
949 2421 1007 2472 in
1035 2419 1444 2487 praedicatione
1468 2433 1586 2474 sac.
1615 2433 1671 2488 q.
1697 2432 1770 2474 m.
1801 2418 1906 2488 cel.
1931 2419 2033 2473 Hic

383 2487 693 2542 constituit
743 2502 950 2558 aquam
999 2490 1341 2558 sparsionis.
1401 2491 1499 2544 lin.
1550 2487 1777 2558 8,’loca
1831 2487 1884 2544 5.
1929 2491 2033 2544 Hic

385 2559 672 2630 martyrio,
699 2568 1008 2616 coronatus
1034 2567 1139 2626 est,
1173 2568 1230 2616 et
1260 2576 1390 2616 cum
1433 2575 1499 2617 eo
1533 2563 1635 2616 Eu.
1687 2575 1772 2630 pr.
1804 2567 1861 2616 et
1901 2575 2030 2616 cum

385 2573 661 2682 mariirio
699 2573 1008 2616 coronatus
1034 2573 1139 2626 εει,
1173 2573 1230 2616 et
1260 2576 1390 2616 cum
1433 2575 1499 2617 eo
1533 2573 1635 2616 Eu.
1687 2575 1772 2630 pr.
1804 2573 1861 2616 et
1901 2575 2030 2616 cum

383 2641 450 2683 eo
491 2629 533 2682 T
577 2629 816 2702 eodotus
859 2631 1008 2702 diac.
1041 2632 1420 2702 sepultusque
1461 2638 1550 2688 est
1581 2633 1639 2686 in
1670 2633 1759 2687 via
1792 2635 2036 2687 Numen-

386 2705 536 2754 tana.
575 2700 674 2754 lin.
710 2699 796 2772 4ο,
827 2703 884 2758 d.
919 2700 1009 2758 2:5.

813 2792 902 2844 Ea:
937 2791 1118 2845 codice
1148 2792 1370 2846 Thuano
1399 2793 1592 2846 altero.

456 2877 580 2930 Lin.
608 2873 662 2948 2,
695 2890 826 2934 ann.
874 2877 961 2949 40,
1005 2893 1079 2934 ιιι.
1127 2877 1184 2951 7,
1224 2880 1282 2936 d.
1325 2878 1417 2948 26,
1465 2880 1526 2935 in
1571 2878 2037 2950 prtedicationem

1708 3023 1955 3088 NOTJE
1998 3017 2468 3085 VARIORUM.

2053 3154 2114 3214 A
2209 3151 2380 3207 Linea
2418 3148 2470 3206 5.
2516 3180 2588 3189 —
2624 3150 2728 3202 Hic
2765 3148 3044 3202 constituit
3085 3163 3285 3217 aquam
3313 3147 3656 3216 aspersionis
3691 3161 3826 3199 cras

2136 3223 2256 3277 sale
2303 3222 2546 3276 benedici
2573 3222 2632 3274 in
2669 3219 2997 3274 habitaculis
3040 3221 3335 3273 hominum.
3377 3220 3457 3274 Ex
3499 3218 3826 3273 constitu-

2137 3296 2294 3349 tione
2331 3292 2641 3348 Alexandri
2678 3304 2828 3362 aqua
2859 3291 2984 3362 sale
3018 3289 3314 3347 benedicta
3352 3304 3462 3346 non
3505 3289 3701 3362 modo,
3738 3290 3831 3359 in,

2137 3365 2412 3431 Ecclesia,
2441 3364 2536 3420 sed
2570 3370 2628 3418 et
2655 3363 2712 3418 in
2739 3361 2960 3417 uadibus
2993 3363 3344 3432 privatorum
3376 3362 3577 3416 haberi
3607 3361 3821 3416 debet-

2407 2099 2580 2168 Apud
2607 2101 2950 2154 Holstem'um
2979 2104 3030 2153 et
3057 2099 3524 2156 Schelestratium.

2214 2225 2338 2278 Lin.
2378 2221 2432 2289 2,
2486 2225 2612 2278 Vat.
2655 2223 2805 2279 Cass.
2847 2229 2899 2279 et
2938 2224 3046 2277 duo
3078 2224 3223 2278 Flor.
3256 2236 3351 2278 an.
3378 2221 3456 2293 X,
3493 2235 3655 2278 men.
3693 2223 3816 2293 VI].

2142 2297 2242 2350 lin.
2295 2293 2349 2365 3,
2405 2295 2547 2350 Flor.
2607 2298 2733 2351 Vat.
2783 2301 2833 2349 et
2876 2295 3052 2357 Cass.,
3107 2291 3530 2364 praedicatione.
3565 2295 3698 2365 Διὶινι.
3755 2291 3811 2362 ι,

2143 2369 2286 2422 Flor.
2332 2363 2456 2437 duo,
2513 2369 2640 2422 Vat.
2687 2373 2736 2422 et
2779 2368 2950 2434 Cass.,
2997 2363 3346 2423 Theodotus.
3396 2367 3496 2421 lin.
3553 2363 3612 2437 9,
3661 2365 3824 2420 deest

2142 2443 2202 2493 in
2232 2440 2377 2493 Flor.
2410 2436 2464 2508 2,
2500 2451 2610 2494 non
2644 2437 2829 2510 longe.

2464 2581 2635 2652 Apud
2663 2582 2887 2635 Peniam
2918 2596 2985 2634 ea:
3013 2579 3191 2634 codice
3221 2579 3468 2634 Caucasi.

2217 2729 2338 2784 Lin.
2381 2724 2435 2788 2,
2471 2725 2622 2781 sedit
2650 2738 2784 2780 ann.
2819 2737 2946 2791 vni,
2979 2724 3052 2778 Μ.
3096 2737 3197 2788 vn,
3228 2723 3354 2795 dies
3398 2737 3461 2779 ιι.
3507 2724 3618 2778 lin.
3664 2725 3732 2795 5,
3765 2734 3825 2782 et

2143 2782 2480 2857 Theodorus
2515 2797 2666 2852 diac.
2704 2803 2813 2852 etc.
2849 2782 3556 2865 ibi'aquam's'parsionis.
3605 2782 3732 2850 (in:
3763 2797 3822 2866 8,

2147 2872 2412 2943 sepultus
2441 2878 2528 2924 est
2560 2869 2620 2924 in
2650 2869 2743 2923 via
2771 2869 3152 2923 Nomentana.

893 3156 937 3210 A
977 3157 1514 3214 SCHELESTRATE.

773 3311 924 3354 NOTAE
968 3314 1023 3355 1N
1060 3315 1281 3356 TEXTUM
1319 3317 1623 3358 ANASTASH.

453 3429 530 3484 De
571 3430 808 3506 Eventio
851 3441 905 3489 et
939 3435 1254 3504 Theodulo,
1297 3437 1397 3506 qui
1438 3450 1568 3492 cum
1611 3435 1668 3490 S.
1708 3434 2030 3492 Alexandro

384 3501 917 3578 martyriipalmam
939 3507 1129 3576 adepti
1153 3501 1419 3578 sunt,'ita
1443 3507 1698 3578 referunt
1718 3507 2028 3562 Alexandri

382 3572 518 3652 Acta
545 3590 556 3626 :
596 3593 621 3652 ει
655 3573 881 3652 Vadens
898 3572 1190 3652 autemlS.
1225 3572 1511 3649 Severina)
1544 3579 1604 3652 in
1635 3579 1878 3652 septimo
1909 3578 2032 3632 mil-

385 3642 555 3720 liaria
579 3644 650 3700 de
682 3647 820 3720 urbe
852 3649 1026 3704 Roma
1057 3642 1148 3704 via
1178 3642 1530 3706 Nomentana
1565 3650 1622 3705 in
1654 3642 1869 3720 praedio
1899 3663 2026 3714 suo,

381 3714 436 3768 S.
481 3716 870 3790 Alexandrum
910 3727 965 3774 et
1002 3721 1056 3775 S.
1103 3723 1398 3776 Eventium
1448 3736 1561 3777 uno
1604 3714 1796 3790 posuit
1837 3733 2032 3774 monu-

385 3789 680 3861 mento,_S.
719 3790 858 3844 Vero
887 3791 1242 3847 Theodulum
1277 3793 1335 3847 in
1367 3792 1486 3848 alio
1518 3789 1644 3848 loco
1679 3791 1963 3861 sepelivit.
2001 3809 2026 3840 υ

383 3855 473 3931 Ex
499 3857 711 3931 q_u_ibus
749 3867 916 3931 patet,
951 3875 1063 3917 non
1103 3863 1486 3918 Theodorum.
1529 3864 1613 3918 vel
1652 3855 2025 3931 Theodotum,

382 3926 476 4004 sed
519 3928 904 4004 Theodolum,
930 3938 995 3987 ut
1027 3933 1194 3988 habet
1233 3937 1522 3990 secundus
1550 3935 1873 4004 Catalogus.
1907 3926 2032 3988 esse

384 3995 703 4078 legendu
719 3995 1062 4078 71Elianus
1077 4005 1342 4078 etvetus,
1361 4005 1698 4078 subquibus
1715 3995 2033 4078 Alexander

383 4065 600 4124 ob’iisse
622 4070 864 4145 dicitur.
895 4075 1162 4131 consules
1191 4065 1428 4134 fuerunt
1453 4065 1603 4132 anno
1632 4075 1754 4145 416,
1783 4086 1839 4132 et
1863 4077 2031 4145 juxta

386 4150 596 4223 morem
622 4140 796 4223 hujus
817 4144 1073 4223 gatalogi
1100 4147 1329 4217 (Felicis
1348 4151 1455 4223 IV),
1479 4149 1683 4223 annod
1696 4140 1927 4223 untax'at
1952 4161 2032 4223 se-

383 4211 582 4288 quenti
613 4211 761 4267 obiit
798 4211 1136 4284 Alexander,
1185 4234 1298 4288 quo
1329 4211 1500 4274 etiam
1539 4219 1690 4275 obiit
1727 4219 2028 4287 Trajanus,

385 4287 554 4362 prout
597 4289 882 4362 testantur
910 4289 1048 4362 Acta
1087 4287 1394 4345 Alexandri
1431 4290 1522 4344 his
1553 4290 1742 4345 verbis
1770 4307 1783 4344 :
1817 4311 1842 4341 ‹‹
1876 4291 2030 4344 Nutu

384 4352 483 4405 Dei
515 4353 710 4409 eodem
741 4371 891 4414 anno
921 4357 1230 4416 defunctus
1260 4369 1347 4416 est
1375 4362 1676 4429 Trajanus.
1709 4379 1735 4410 n

1001 4503 1308 4558 ALTASER
1317 4504 1408 4559 BA

455 4646 626 4720 Linea
653 4644 707 4701 3.
733 4675 806 4686 —
826 4649 924 4720 Hic
959 4649 1273 4702 Passionem
1313 4649 1530 4702 Domini
1573 4649 1790 4704 miscuit
1823 4651 1881 4703 in
1909 4668 2030 4720 pre-

383 4719 646 4773 cationem
665 4719 1020 4783 sacerdotum,
1049 4720 1272 4788 quando
1289 4722 1470 4774 missae
1497 4721 1860 4775 celebrantur.
1889 4719 2028 4778 Con-

383 4790 650 4846 stitutum
679 4789 749 4844 de
781 4791 1052 4846 memoria
1082 4791 1372 4846 Passionis
1394 4791 1609 4846 Christi
1641 4792 1697 4846 in
1731 4793 1916 4848 missae
1945 4809 2031 4850 sa-

381 4860 602 4937 criﬁcio
624 4860 991 4937 celebranda.
1010 4876 1119 4937 non
1147 4868 1234 4917 est
1256 4862 1903 4937 propriumAlexandri,
1929 4867 2024 4921 sed

385 4933 577 5002 potius
626 4931 812 5000 ipsius
860 4931 1100 5004 Christi,
1149 4931 1278 4988 cum
1326 4931 1595 5004 praecepit
1636 4935 1916 5002 apostolis
1965 4944 2028 4992 ut

384 5004 842 5076 quotiescunque
892 5003 1163 5075 facerent,
1216 5003 1338 5059 hoc
1369 5012 1456 5060 est
1503 5007 1912 5072 sacriﬁcarent,
1963 5008 2024 5062 in

381 5075 506 5145 ejus
556 5075 884 5130 memoriam
918 5083 1191 5146 agerent:
1221 5077 1333 5146 Hoc
1369 5079 1536 5144 facite
1569 5078 1626 5130 in
1665 5094 1839 5132 meam
1876 5095 2026 5132 com-

379 5148 814 5217 memorationem
856 5145 989 5214 (Luc
1029 5146 1194 5217 XXII).
1236 5145 1372 5214 Quae
1411 5147 1579 5203 verba
1619 5155 1852 5205 secutus
1890 5151 2030 5205 Pau-

383 5219 476 5273 lus
502 5216 580 5287 (Π
609 5217 728 5271 Cor.
763 5218 834 5287 1):
867 5216 1312 5286 Quotiescunque,
1360 5218 1575 5288 inquit,
1621 5221 2025 5276 manducabitis

375 5305 574 5358 panem
611 5289 772 5354 hunc,
817 5293 867 5342 et
905 5291 1125 5343 calicem
1171 5290 1381 5354 bibatis,
1423 5295 1647 5344 mortem
1683 5292 1900 5344 Domini
1931 5309 2028 5346 an-

381 5360 728 5426 nuntiabitis,
764 5361 929 5414 donec
957 5363 1158 5415 veniat.
1192 5361 1460 5416 Memoria
1490 5362 1780 5416 Passionis
1804 5363 2022 5418 Christi

384 5429 550 5516 ﬁebat
579 5430 763 5516 semel
785 5432 843 5486 in
869 5445 1038 5516 anno.
1068 5433 1532 5516 Augustinuscde
1552 5433 1824 5516 Tempore
1851 5448 2022 5490 serm.

386 5499 519 5574 illi;
554 5503 804 5574 «Passio
833 5509 1043 5560 autem.
1079 5499 1218 5573 quia
1251 5517 1364 5558 uno
1392 5505 1488 5560 die
1519 5499 1754 5574 legitur,
1791 5519 1902 5560 non
1931 5521 2022 5560 so-

382 5572 462 5627 let
502 5571 636 5640 legi,
684 5575 796 5627 nisi
823 5571 1138 5629 secundum
1183 5575 1528 5630 Matlhaaum.
1559 5571 1859 5632 Volucrum
1905 5577 2018 5632 ali-

379 5644 631 5716 quando,
651 5650 822 5716 utper
838 5645 1102 5716 singulos
1117 5659 1298 5700 annos
1314 5647 1524 5700 secund
1539 5661 1626 5701 um
1651 5661 1845 5703 omnes
1863 5662 2026 5704 evan-

380 5713 616 5789 gelistas
659 5714 832 5789 etiam
857 5713 1072 5789 ‘Pa'ssio
1121 5716 1425 5786 legeretur.
1474 5718 1703 5772 Factum
1751 5727 1878 5789 est;
1914 5733 2024 5776 non

380 5781 696 5906 suggerunt
719 5781 978 5839 homines
1005 5802 1128 5855 qua:
1153 5781 1592 5857 cbnsueverunt,
1621 5795 1675 5842 et
1706 5781 2024 5858 perturbati

382 5868 451 5906 SI]
527 5892 539 5904 .
579 5867 606 5900 λ)

382 5866 539 5910 sunt.
579 5867 606 5900 υ

2138 3450 2264 3492 can.
2301 3439 2538 3505 Aquam,
2575 3435 2642 3487 de
2679 3434 3006 3499 Consecrat.,
3041 3435 3180 3488 dist.
3214 3433 3267 3488 8.
3307 3435 3476 3488 Usum
3505 3447 3686 3502 aqua:
3725 3433 3794 3486 lu

2139 3507 2359 3570 stralis,
2395 3520 2497 3562 seu
2527 3506 2840 3560 benedictae
2872 3505 2930 3559 in
2962 3505 3236 3566 Ecclesia,
3266 3505 3604 3574 apostolicae
3636 3505 3814 3558 iusti-

2141 3580 2387 3635 tutionis
2402 3591 2526 3633 esse
2548 3577 2725 3632 tradit
2747 3579 2958 3632 Auctor
2971 3578 3212 3632 Constit.
3235 3576 3538 3646 apostolic.
3563 3575 3672 3630 lib.
3703 3589 3809 3646 vn:

2139 3665 2262 3720 cap.
2288 3647 2375 3705 44.
2403 3651 2662 3705 Eamdem
2685 3648 2938 3720 etiamin
2961 3647 3182 3704 aedibus
3203 3647 3573 3720 singulorum
3599 3646 3808 3701 baberl

2140 3719 2347 3777 statuit
2368 3721 2706 3784 Alexander,
2734 3733 2843 3774 non
2867 3719 2968 3775 abs
2991 3733 3190 3786 causa,
3215 3721 3352 3790 quia
3375 3719 3610 3789 sparsio
3636 3732 3812 3786 aqua:

2141 3793 2453 3848 benedicta:
2497 3791 2644 3846 valet
2683 3791 2751 3845 ad
2793 3791 3070 3846 arcendus
3107 3792 3413 3858 daemones,
3456 3792 3808 3845 avertendas

2141 3864 2498 3919 calamitates
2527 3862 2757 3932 frugum
2788 3869 2844 3916 et
2873 3869 3148 3928 segetum,
3179 3869 3236 3917 et
3265 3861 3528 3917 vitandos
3567 3868 3808 3915 noctur-

2143 3950 2246 3991 nos
2293 3942 2556 3991 terrores.
2604 3933 2908 3988 Marcellus
2950 3935 3257 4004 episcopus
3299 3934 3697 4002 Apamirensis
3745 3935 3801 3986 in

2139 4007 2298 4078 Syria
2328 4020 2526 4076 sparsa
2555 4018 2704 4078 aqua
2740 4005 3048 4078 benedicta,
3067 4003 3667 4078 fugavitdzemonem,
3695 4005 3800 4073 qui

2140 4075 2259 4133 fani
2285 4075 2439 4134 Jovis
2464 4076 2812 4133 eversionem
2844 4075 3208 4145 impediebat.
3237 4076 3567 4132 Thcodoril.
3605 4075 3714 4129 lib.
3745 4089 3802 4144 ν,

2140 4163 2262 4218 cap.
2292 4147 2354 4204 24
2386 4169 2398 4204 :
2437 4149 2751 4217 ’Λπέδραμεν
2778 4146 2804 4198 ὁ
2826 4149 3018 4217 δαίμων
3043 4145 3130 4200 οὐκ
3157 4145 3364 4218 ἐνεγκὼν
3393 4146 3482 4213 τὴν
3508 4152 3602 4198 τοῦ
3620 4147 3805 4207 55:10;

2142 4222 2443 4290 προσϐολήν.
2501 4219 2745 4286 Aufugit
2791 4219 3016 4286 daemon,
3074 4235 3184 4272 non
3233 4223 3415 4287 ferens
3463 4223 3576 4271 vim
3636 4235 3806 4286 aqua

2145 4289 2402 4361 (aper-sae.
2441 4294 2732 4346 Damones
2763 4289 2873 4361 qui
2905 4304 3054 4361 aegro
3089 4290 3465 4351 insultabant,
3493 4290 3810 4356 sparsioue

2142 4360 2304 4432 aqua:
2335 4363 2646 4418 benedicta:
2677 4360 2875 4431 pulsos
2902 4360 3114 4432 ﬁnarrat
3145 4364 3347 4417 Petrus
3387 4361 3805 4417 Cluniacensis

2143 4429 2213 4490 de
2243 4434 2504 4490 Miracul.
2539 4433 2644 4488 lib.
2675 4429 2710 4497 ἱ,
2745 4445 2867 4502 cap.
2901 4429 2937 4487 7
2964 4452 2974 4487 :
3012 4455 3036 4483 (ι
3069 4433 3225 4488 Unde
3255 4434 3370 4488 alta
3399 4445 3534 4487 voce
3564 4435 3798 4488 socium

2141 4507 2390 4575 Ulivum,
2422 4513 2485 4561 ut
2510 4512 2790 4576 surgeret,
2817 4505 3154 4573 inclamans,
3188 4519 3285 4559 vas
3306 4503 3642 4576 quodforte
3664 4520 3800 4560 cum

2140 4591 2288 4646 aqua
2321 4575 2636 4632 benedicta"
2657 4577 2714 4630 in
2748 4577 3009 4643 proximo
3037 4576 3412 4645 dependebat,
3446 4575 3556 4630 ﬁde
3591 4575 3803 4643 plenus

2139 4649 2367 4716 arripit,
2393 4656 2447 4704 et
2469 4647 2854 4703 santiﬁcatum
2882 4649 3224 4704 elementum
3250 4649 3359 4702 huc
3385 4646 3648 4716 illucque
3667 4662 3800 4703 cono

2141 4719 2380 4774 ﬁdenter
2407 4733 2731 4789 aspergens,
2761 4719 2953 4774 omnia
2997 4720 3163 4774 illius
3195 4718 3512 4774 habitaculi
3557 4722 3679 4774 loca
3715 4722 3800 4774 in~

2140 4789 2353 4845 fundit.
2392 4809 2418 4840 »
2453 4793 2520 4845 Ει
2562 4790 2752 4846 infra:
2787 4810 2813 4841 ‹‹
2844 4789 3070 4859 Quibus
3101 4791 3331 4860 penitus
3360 4805 3515 4860 aegro
3546 4795 3650 4861 qui
3687 4793 3797 4846 hoc

2137 4861 2298 4917 solus
2324 4863 2590 4918 cernebat
2621 4861 2960 4917 testiﬁcante
2989 4863 3263 4924 exclusis,
3297 4867 3353 4916 et
3385 4862 3487 4916 ille
3516 4877 3548 4917 a
3574 4865 3798 4918 dieme—

2141 4946 2272 4988 num
2317 4933 2682 4990 infestatione
2726 4933 3008 4989 liberatus
3049 4942 3154 5003 est,
3197 4941 3253 4988 et
3287 4939 3571 5002 quantum
3611 4937 3677 4990 ad
3719 4937 3798 4989 si-

2139 5006 2300 5060 milia
2334 5007 2516 5060 valeat
2558 5004 2833 5060 salutaris
2870 5018 3034 5074 aqua)
3063 5019 3192 5060 cum
3236 5004 3345 5060 ﬁde
3375 5009 3663 5074 aspersio,
3698 5008 3798 5061 de-

2136 5085 2512 5139 monstratum
2551 5081 2657 5131 est.
2707 5096 2732 5125 ο
2774 5076 3000 5131 Cladem
3045 5076 3396 5131 locustarum
3438 5080 3794 5132 vastantium

2136 5157 2350 5221 segetes
2380 5161 2528 5218 aqua
2554 5147 2853 5221 benedicta
2886 5161 2984 5216 per
3011 5161 3182 5221 agros
3206 5161 3409 5221 sparsa
3436 5151 3646 5204 avertit
3681 5154 3797 5204 Ste-

2136 5217 2362 5290 plfanus
2378 5217 2450 5274 VI
2466 5218 2738 5288 pontifex.
2764 5221 3026 5290 Anastas.
3047 5217 3106 5274 in
3127 5220 3253 5286 ejus
3273 5217 3388 5272 Vit.
3413 5236 3426 5271 :
3453 5239 3480 5271 et
3500 5221 3788 5282 Surrexit.

2135 5289 2189 5348 et
2205 5304 2408 5360 aquam
2434 5291 2686 5360 propriis
2708 5289 2974 5345 manibus
2997 5290 3358 5357 benedicens,
3380 5292 3732 5346 mansionari
3743 5296 3794 5347 is

2137 5362 2407 5433 praecepit
2430 5363 2630 5416 dicens
2649 5380 2662 5415 :
2679 5361 2919 5433 Tollite,
2942 5367 3000 5416 et
3019 5361 3266 5432 singulis
3285 5360 3651 5427 distribuite,
3681 5377 3798 5420 mo—

2139 5432 2335 5490 nentes
2363 5440 2426 5489 ut
2454 5433 2512 5488 in
2537 5432 2765 5488 nomine
2787 5434 3016 5487 Domini
3044 5447 3214 5504 agros
3240 5447 3379 5488 suos
3404 5433 3790 5502 circumeant,

2136 5512 2194 5585 et
2224 5507 2369 5585 hanc
2397 5519 2602 5585 aquam
2628 5510 2902 5585 spargant
2934 5517 3032 5585 per
3055 5511 3183 5585 sata
3197 5511 3260 5585 _et
3285 5504 3794 5585 vineas,_petentes

2135 5577 2388 5633 divinum
2420 5576 2527 5631 sibi
2551 5576 2885 5646 suffragium
2909 5583 2966 5630 et
2985 5576 3338 5631 subsidium.
3365 5595 3392 5624 υ
3418 5577 3570 5644 Quin
3598 5579 3794 5632 Ansel-

2139 5664 2188 5704 m
2201 5663 2266 5702 us
2281 5648 2456 5702 abbas
2477 5646 3010 5702 inCantuariensem
3029 5647 3530 5717 archiepiscOpum
3548 5649 3788 5717 electus,

2136 5727 2190 5774 et
2215 5721 2285 5774 ad
2320 5720 2629 5773 Ecclesiam
2665 5725 2882 5786 raptus,
2919 5718 3220 5773 electionis
3253 5719 3616 5788 impatientia
3650 5733 3790 5788 pene

2136 5789 2438 5860 exanimis,
2471 5803 2620 5860 aqua
2645 5789 2938 5845 benedicta
2965 5803 3217 5858 aspersa,
3251 5797 3306 5845 et
3336 5797 3465 5856 pota
3493 5792 3687 5846 statim
3714 5792 3784 5844 ad

2135 5860 2393 5918 animum
2415 5859 2606 5916 rediit.
2629 5861 2816 5917 Testis
2837 5861 2959 5932 ipse
2977 5861 3079 5916 lib.
3108 5873 3196 5930 ill,
3221 5861 3386 5930 epist.
3419 5861 3440 5916 l
3461 5863 3530 5918 ad
3556 5862 3778 5918 fratres.
