4036 6174
492 321 622 379 4454

492 442 635 500 hanc
659 460 940 520 summam
958 448 1191 519 tribuit,
1208 455 1274 506 ut
1300 451 1446 505 infra
1463 452 2136 520 expendam,computata

487 519 786 591 vacatione
816 519 992 591 sedis.
1052 522 1259 576 Verum
1310 536 1437 576 cum
1471 522 1715 591 cataIOgi
1771 519 2048 588 universi,
2082 528 2138 575 et

489 584 765 661 lectiones
787 590 1063 659 antiquae,
1095 604 1160 647 ac
1210 593 1450 661 picturae
1493 594 1547 647 S.
1591 584 1752 648 Pauli
1786 607 1968 648 annos
1997 584 2135 647 Ale-

488 660 700 734 xandri
730 672 1033 717 numerent
1056 660 1245 718 decem
1288 663 1514 734 (praeter
1551 665 1782 719 unicum
1812 664 2131 734 catalogum

488 730 727 807 biberii,
760 734 858 801 qui
891 739 1101 801 septem
1148 730 1444 807 assignat),
1493 735 1723 807 videtur
1763 735 1977 807 epocha
2006 730 2132 807 ista

490 801 680 856 decem
725 816 1004 859 annorum
1037 807 1215 869 repeti
1245 801 1451 861 debere
1493 820 1559 861 ex
1600 801 1965 861 ordinatione
1994 805 2133 859 Ale-

490 874 697 928 xandri
729 874 796 927 ad
831 876 1222 947 episcopatum
1255 894 1267 930 :
1311 891 1435 947 quae
1488 884 1782 946 prOpterea
1825 876 2039 931 incidet
2072 877 2130 931 in

490 952 829 1018 autumnum
844 947 980 1001 anni
1003 945 1123 1002 406.
1149 950 1201 1003 ls
1227 945 1880 1017 eratTrajanidecimus,
1903 947 2132 1018 quando

492 1016 813 1088 persecutio
847 1020 1016 1072 tertia
1049 1032 1251 1074 vexare
1280 1016 1529 1088 caeperat
1555 1016 1939 1087 Christianos,
1975 1024 2041 1073 ut
2063 1032 2129 1073 ex

488 1086 705 1158 litteris
719 1088 890 1143 Plinii
915 1088 983 1143 ad
998 1086 1988 1158 Trajanumconstarejamdiximus.
2010 1092 2132 1145 Non

485 1157 684 1231 deerat
711 1160 906 1229 itaque
929 1157 1122 1229 causa,
1146 1176 1251 1216 cur
1288 1163 1599 1227 Evaristus,
1627 1163 1946 1231 exemplum
1979 1174 2135 1217 secu-

488 1234 582 1301 tus
598 1229 690 1283 sui
708 1232 1025 1286 decessoris
1050 1233 1329 1301 Anacleti,
1359 1234 1637 1288 vicarium
1656 1229 1987 1301 episcopum
2017 1232 2131 1287 sibi

486 1299 673 1354 Romae
690 1301 1047 1373 sublegentis
1068 1304 1123 1357 in
1145 1299 1539 1373 perseeutione
1566 1299 1880 1359 Domitiani
1905 1311 1960 1357 et
1980 1305 2135 1358 Prin-

484 1372 635 1440 cipis
682 1372 1074 1443 apostblorum
1112 1372 1168 1430 in
1223 1377 1541 1431 Neroniana
1574 1374 1963 1429 consecrantis
2000 1374 2134 1429 Cle—

488 1451 752 1512 mentem,
787 1460 990 1501 manus
1018 1453 1074 1500 et
1102 1447 1223 1515 ipse
1256 1448 1574 1516 imponeret
1604 1447 1943 1503 Alexandro.
1979 1452 2129 1501 utex

486 1517 814 1587 presbytero
840 1518 1135 1572 ordinaret
1161 1520 1489 1588 episcopum
1508 1519 1829 1586 adjutorem
1854 1531 2043 1584 suum,
2073 1523 2130 1571 et

483 1588 761 1643 vicarium
787 1589 844 1643 in
865 1588 1009 1642 Urbe
1036 1608 1047 1643 :
1086 1591 1254 1657 cujus
1274 1591 1343 1644 ad
1372 1590 1697 1644 cathedram
1722 1596 1777 1643 et
1801 1592 2127 1644 successio-

484 1672 609 1714 nem
641 1660 785 1714 Cleri
817 1658 1112 1732 suffragiis
1131 1661 1339 1716 deinde
1359 1667 1591 1715 vocatus
1617 1660 1823 1716 diebus
1852 1660 2130 1729 proximis

482 1746 510 1783 a
543 1732 815 1801 martyrio
876 1733 1141 1802 Evaristi,
1179 1746 1377 1787 novam
1415 1733 1685 1801 epocham
1720 1732 1875 1786 sedis
1914 1732 2131 1802 adeptae

484 1802 796 1871 inchoavit,
816 1811 962 1858 recte
975 1805 1253 1873 signatam
1273 1804 1329 1857 in
1346 1804 1602 1873 catalogo
1618 1803 1917 1857 Liberiano
1942 1802 2129 1856 Palma

481 1879 538 1927 et
561 1874 727 1929 Tullo
780 1875 1120 1930 consulibus
1167 1875 1401 1944 (Christi
1458 1873 1577 1943 409)
1617 1875 1846 1943 quando
1880 1875 2128 1943 primum

485 1945 752 2000 l‘aschale
783 1952 1007 2016 tempus
1029 1947 1121 2001 sui
1156 1945 1524 2016 pontiﬁcatus
1552 1947 1664 2014 ipsi
1698 1945 2125 2000 numerabatur.

550 2016 665 2071 Cur
711 2023 899 2073 autem
954 2018 1249 2088 catalogus
1305 2018 1645 2073 Liberianus
1704 2017 1892 2087 signet
1948 2030 2128 2088 annos

481 2094 713 2157 septem.
742 2103 807 2144 ac
834 2102 1052 2145 menses
1082 2087 1248 2156 duos,
1280 2089 1506 2144 caeteris
1539 2088 1808 2144 omnibus
1830 2087 2127 2155 catalogis.

479 2168 534 2212 et
558 2160 858 2215 codicibus
885 2161 1225 2216 decennium
1259 2160 1671 2224 tribuentibus,
1719 2168 1771 2213 et
1804 2158 2126 2214 Pontiﬁcali

482 2236 674 2286 nostro
704 2234 1031 2286 octennium
1075 2234 1431 2300 decernente,
1465 2233 1546 2287 ita
1591 2231 1956 2286 statuendum
1987 2243 2129 2284 cen-

480 2315 594 2357 seo.
629 2303 872 2357 Pictura:
904 2304 1156 2358 basdicae
1202 2305 1256 2358 S.
1313 2304 1493 2367 Pauli,
1523 2303 1766 2373 catatogi
1807 2307 2128 2373 veteres,‘et

478 2375 822 2429 Lectionarii
866 2376 1094 2429 codices
1120 2376 1375 2429 universi
1409 2374 1678 2430 concordi
1708 2371 1944 2429 numero
1976 2371 2129 2427 refe-

482 2447 681 2501 rebant
732 2459 911 2501 annos
959 2460 1016 2513 x,
1055 2459 1275 2501 menses
1306 2460 1405 2515 vn,
1448 2453 1503 2501 et
1540 2447 1667 2501 dies
1692 2460 1752 2514 ιι,
1783 2446 1869 2500 vel
1902 2459 1984 2499 ιιι.
2012 2446 2127 2498 Su—

482 2519 674 2587 spicor
700 2517 1056 2572 membranas
1098 2518 1378 2571 Bucherio
1415 2524 1750 2572 memoratas
1771 2516 1916 2587 (quae
1942 2516 2125 2571 unicae

481 2590 618 2644 olim
648 2597 909 2658 spectatae
927 2594 1062 2643 sunt
1078 2589 1422 2643 Leunclavio
1439 2589 1772 2643 exhibentes
1801 2588 2119 2655 cataIOgum

475 2660 717 2725 Liberii,
741 2665 798 2714 et
823 2659 993 2714 hodie
1033 2666 1253 2714 tantum
1288 2661 1345 2712 in
1376 2660 1658 2728 exemplis
1691 2658 2123 2727 praeservantur)

479 2733 702 2788 eosdem
760 2743 1029 2785 numeros
1080 2729 1433 2785 exhibuisse.
1492 2731 1591 2783 Sed
1654 2730 1797 2784 vitio
1819 2730 2121 2784 vetustatis

482 2804 724 2859 fortasse
746 2802 972 2856 detrita:
1001 2802 1057 2855 in
1086 2815 1152 2855 eo
1184 2814 1367 2855 versu.
1403 2801 1711 2855 Alexandri
1744 2801 2014 2869 epocham
2041 2802 2122 2854 in-

479 2876 728 2930 dicante.
763 2874 956 2928 minus
998 2873 1288 2927 evidentes
1316 2873 1538 2926 litteras
1568 2884 1848 2926 annorum
1902 2872 2122 2926 indices

481 2944 822 3001 retinebant.
853 2944 1039 3012 Quare
1090 2957 1364 2998 numerus
1430 2943 1710 2997 mensium
1741 2957 1818 2997 νιι
1852 2944 1907 2996 in
1934 2942 2120 2997 locum

478 3029 783 3080 annorum,
813 3022 1163 3070 etnumerus
1185 3015 1407 3069 dierum
1430 3028 1492 3068 ιιι
1538 3016 1592 3068 in
1629 3012 1812 3069 locum
1840 3015 2119 3068 mensium

479 3102 517 3143 ιι
551 3102 579 3141 a
621 3087 975 3155 descriptore
1023 3086 1521 3153 transponebatur,
1567 3092 1846 3139 reservata
1903 3085 2123 3141 unitate

478 3165 762 3250 postrema
792 3158 1048 3250 perinde.
1070 3171 1135 3211 ac
1184 3158 1248 3250 si.
1276 3170 1338 3211 ea
1370 3156 1490 3238 sola
1518 3156 1583 3210 ad
1639 3157 1766 3211 dies
1790 3157 2119 3250 pertineret.
2154 3190 2197 3250 Ο

477 3227 645 3285 Nulla
692 3237 842 3284 certe
894 3227 1124 3283 facilior
1169 3235 1253 3283 est
1306 3229 1531 3283 occasio
1567 3228 1930 3295 promovendi
1962 3236 2124 3283 notas

484 3301 806 3357 numerales
838 3301 896 3354 in
936 3300 1173 3355 classem
1230 3301 1587 3368 proximam:
1629 3301 1941 3367 praesertim
1992 3313 2119 3354 cum

477 3386 625 3442 saepe
669 3372 986 3441 contingat,
1018 3379 1080 3427 ut
1125 3372 1182 3426 in
1229 3372 1506 3441 cataIOgis
1566 3372 1816 3438 scriptor
1841 3372 2124 3442 exprimat

476 3440 834 3499 solummodo
876 3440 1196 3497 numerales
1245 3440 1494 3509 notas'x,
1537 3455 1638 3507 vn,
1669 3456 1752 3507 ιιι,
1786 3440 2111 3510 qubnsini—

478 3516 560 3570 tio
586 3514 831 3581 catalogi
862 3514 1245 3568 indicationes
1265 3514 1539 3582 appositae
1566 3526 1764 3575 annos,
1800 3526 2037 3579 menses,
2058 3526 2123 3567 ac

477 3587 605 3641 dies
626 3586 1072 3656 distinguendos
1100 3585 1511 3656 signiﬁcarent.
1560 3584 1768 3638 Vitiata
1804 3584 1986 3656 igitur
2011 3598 2123 3653 prae

477 3664 757 3712 vetustate
816 3655 1179 3725 membrana,
1212 3658 1290 3710 ita
1334 3663 1399 3710 ut
1446 3662 1803 3710 evanesceret
1863 3655 2051 3709 littera
2086 3668 2120 3708 x

481 3729 653 3783 index
694 3740 999 3785 annorum.
1054 3734 1355 3796 sequentes
1408 3728 1569 3795 sigla:
1624 3740 1720 3795 v11,
1748 3740 1871 3795 quae
1905 3739 2123 3781 menses

480 3799 835 3865 indicabant,
885 3810 916 3850 a
973 3799 1329 3866 descriptore
1384 3798 1537 3851 inter
1582 3798 1816 3852 annales
1856 3811 2125 3851 numeros

479 3870 821 3925 suntrelatae
854 3886 869 3937 ς
897 3875 953 3921 et
974 3875 1388 3937 consequentes
1430 3872 1680 3922 unitates
1716 3882 1799 3929 ill,
1838 3882 1962 3937 quae
1991 3868 2125 3922 die-

480 3954 603 3995 rum
624 3940 841 3994 indices
865 3952 988 3992 esse
1017 3939 1351 4005 debuerant,
1382 3937 1616 3993 fuerunt
1646 3940 1942 3994 mensibus
1966 3939 2127 3993 attri-

480 4011 631 4066 butae
659 4028 670 4063 :
700 4010 821 4064 sive
845 4010 1013 4063 etiam
1043 4010 1244 4064 divisae
1271 4010 1338 4079 (si
1383 4008 1528 4064 forte
1556 4019 1837 4079 postrema
1870 4011 2065 4064 unitas
2094 4022 2126 4063 a

477 4082 706 4136 duabus
739 4080 1211 4149 praecedentibus,
1240 4081 1409 4149 paulo
1427 4082 1738 4135 distantior
1754 4080 2063 4150 apparebat
2087 4094 2127 4134 ιι

440 4168 444 4174 ’
482 4152 520 4222 ι)
551 4159 614 4207 ut
652 4152 780 4206 duae
830 4151 1051 4219 priores
1098 4166 1197 4220 pro
1243 4152 1557 4219 mensibus,
1594 4158 1873 4220 postrema
1906 4166 2006 4220 pro
2035 4152 2131 4206 die

477 4223 854 4291 acciperetur.
884 4222 1024 4276 Cum
1050 4223 1234 4292 igitur
1264 4222 1543 4290 scriptum
1574 4223 1781 4277 fuisset
1813 4223 2132 4275 Alewander

478 4295 539 4360 X,
622 4294 872 4359 VII,III,
940 4294 995 4347 in
1061 4292 1407 4347 membranis
1468 4294 1861 4363 autOgraphis.
1925 4307 2133 4348 evane—

478 4373 672 4420 scente
699 4365 846 4435 sigla
872 4378 929 4430 ιι,
953 4377 983 4419 a
1013 4365 1365 4432 descriptore
1396 4365 1679 4419 redditum
1709 4370 1795 4419 est
1822 4366 2136 4420 Alexander

482 4438 600 4503 VII,
654 4438 725 4501 II,
777 4438 824 4490 Ι.
880 4437 1081 4491 Verum
1128 4438 1364 4505 picturae
1414 4436 1754 4505 superstites
1803 4437 1860 4491 iu
1894 4436 2135 4492 basilica

482 4510 535 4563 S.
570 4508 757 4575 Pauli,
788 4522 913 4578 quae
963 4516 1151 4562 notam
1201 4509 1518 4563 evidentem
1568 4507 1790 4578 denarii
1821 4508 2133 4563 ostendunt

484 4582 543 4636 in
571 4582 703 4635 sede
730 4577 1031 4641 annorum,
1053 4588 1107 4635 et
1136 4580 1448 4634 ternarium
1479 4593 1541 4634 ιιι
1572 4577 2127 4649 manifestnmexpri-

482 4653 722 4707 muntin
756 4652 981 4706 dierum
1007 4652 1175 4719 serie,
1209 4650 1595 4706 retinentibus
1618 4653 1900 4705 mensium
1931 4665 2128 4707 nume-

482 4737 609 4778 rum
650 4736 729 4776 νιι
779 4724 929 4777 inter
963 4730 1265 4793 utramque
1297 4736 1577 4777 summam
1607 4722 1908 4778 codicibus
1940 4723 2130 4778 tribus

482 4796 703 4851 Italicis
758 4795 1194 4862 vetustissimis,
1245 4793 1502 4865 catalogo
1548 4794 1757 4849 Felicis
1788 4796 1855 4848 IV
1888 4802 1943 4849 et
1970 4808 2125 4849 com-

482 4866 752 4937 pluribus
802 4867 942 4921 aliis
1010 4879 1185 4934 supra
1236 4866 1435 4921 relatis
1502 4867 1653 4920 inter
1708 4865 2128 4937 Prolegomena,

481 4936 791 4994 Ostendunt
836 4938 1144 5008 genuinam
1174 4936 1476 4992 lectionem
1505 4937 1760 4991 tribuere
1811 4936 2131 5008 Alexandro

480 5023 661 5065 annos
719 5023 777 5077 x,
828 5007 1049 5063 menses
1116 5022 1213 5078 vn,
1246 5009 1371 5064 dies
1403 5023 1488 5079 ιιι,
1532 5021 1599 5063 ex
1631 5022 1743 5077 quo
1767 5007 1837 5064 ad
1869 5008 2128 5063 ordinem

479 5079 857 5150 episcopalem
902 5086 1196 5149 promotus
1245 5080 1378 5135 fuit.

550 5149 893 5207 Octennium
928 5165 1057 5206 vero
1075 5151 1231 5205 sedis
1260 5153 1523 5206 Romanae
1550 5150 1620 5206 ab
1650 5149 1939 5205 Anastasii
1962 5150 2130 5206 codi-

480 5222 647 5279 cibus
677 5222 1034 5293 assignatum
1048 5222 1370 5278 Alexandro
1386 5237 1515 5277 cum
1536 5221 1833 5276 mensibus
1850 5222 2126 5291 quinque,

481 5302 536 5349 et
562 5294 772 5349 diebus
816 5293 1046 5348 duobus
1088 5301 1211 5361 post
1240 5295 1592 5349 vacationem
1624 5293 1780 5348 sedis
1804 5294 2027 5348 dierum
2064 5293 2130 5348 49

483 5379 514 5419 a
544 5372 723 5421 morte
768 5365 1015 5420 Evaristi
1047 5377 1371 5433 expressam
1407 5366 1464 5419 in
1522 5366 1625 5420 hac
1656 5364 1927 5425 sectione,
1980 5372 2129 5419 recte

485 5439 744 5504 pariatur
794 5450 923 5491 cum
956 5435 1171 5505 epocha
1201 5437 1510 5507 utriusque
1566 5436 1848 5507 martyrii.
1886 5436 1941 5490 Si
1975 5437 2126 5507 enim

486 5508 780 5561 Evaristus
811 5522 910 5575 pro
957 5508 1187 5561 Christo
1221 5505 1453 5562 necatus
1483 5517 1567 5561 est
1598 5505 1748 5563 anno
1780 5506 1895 5562 408.
1942 5508 2037 5561 die
2059 5505 2129 5560 26

482 5578 749 5647 Octobris
792 5593 901 5646 qua
928 5581 1161 5647 colitur,
1205 5586 1260 5632 et
1297 5582 1427 5633 inde
1458 5584 1678 5633 vacatio
1705 5581 1859 5633 sedis
1901 5580 2124 5631 dierum

486 5646 552 5720 49
578 5648 844 5720 perducta
868 5648 981 5702 fuit
1002 5652 1068 5705 ad
1093 5652 1242 5706 diem
1272 5648 1337 5704 44
1359 5651 1692 5705 Novembris
1722 5652 2124 5720 assignandam

482 5717 766 5797 electionih
786 5718 1091 5797 Alexandri
1112 5724 1172 5797 in
1199 5723 1513 5797 Romanum
1536 5717 1900 5797 pontiﬁcem;
1937 5722 2127 5789 potuit

485 5788 663 5843 istius
693 5785 1003 5860 ἐγορόνισμος
1046 5792 1233 5857 perﬁci
1259 5785 1556 5846 Dominicai
1589 5792 1768 5860 prima
1789 5785 2079 5846 Adventus
2108 5807 2121 5856 ;

484 5872 613 5930 quae
636 5855 833 5912 eodem
861 5868 1009 5911 anno
1033 5855 1243 5916 incidit
1274 5864 1333 5917 in
1366 5864 1517 5918 diem
1550 5855 1953 5918 3'Decembris.
1988 5855 2124 5918 lnde

1713 328 2069 384 ANASTASII
2136 327 2681 385 BIBLIOTHECARII

3675 341 3776 399 H52

2165 450 2221 511 Α
2250 461 2384 523 vero
2416 450 2484 505 ad
2530 451 2681 523 diem
2711 447 2746 504 3
2774 449 2910 504 Maii
2960 451 3093 523 anni
3125 448 3243 520 447,
3277 453 3524 523 martyrio
3541 457 3777 517 Alexandri

2247 520 2551 603 celebrem,
2603 522 2794 603 ﬂuunt
2836 522 3141 603 annivin,
3174 538 3384 579 menses
3415 520 3459 595 ἧι,
3487 528 3659 585 etdies
3678 533 3778 603 duo,

2246 593 2295 645 si
2328 599 2732 663 computentur
2766 594 3008 647 extremi
3042 593 3571 663 hujusmetsummae.

2315 662 2500 735 Quare
2536 669 2761 735 constat
2790 664 2939 718 ratio
2988 662 3287 735 utriusque
3312 667 3516 735 epochae
3539 670 3590 723 in
3614 671 3658 726 S.
3685 673 3783 729 Ale-

2241 734 2480 807 xandro,
2504 734 2894 807 ordinationis
2925 735 3149 790 scilicet
3168 734 3235 791 ad
3262 734 3631 807 episcopatum,
3654 750 3697 797 et
3716 758 3782 799 en-

2245 802 2562 877 thronismi
2582 806 2660 877 ad
2692 805 2994 859 Romanam
3041 807 3249 873 sedem,
3280 802 3343 862 ex
3389 802 3505 877 ﬁde,
3527 802 3783 870 testimonio

2241 882 2297 927 et
2325 876 2631 949 concordia
2652 876 2937 949 codicum,
2971 890 3036 931 ac
3067 880 3541 949 monimentorum,
3561 884 3602 936 si
3624 889 3782 939 statua-

2244 950 2339 1021 t_ur
2368 946 2425 1021 Β.
2473 947 2792 1021 Alexander
2821 948 3126 1021 ordinatus
3149 950 3441 1018 episcOpus
3482 946 3780 1021 ccadjutorS.

2243 1017 2489 1090 gy'aristi
2520 1017 2643 1090 sub
2690 1017 2938 1090 initium
2987 1017 3397 1090 persecutionis
3434 1017 3632 1090 Trajani
3678 1038 3783 1080 anno

2241 1087 2457 1164 Christi
2508 1085 2766 1164 107,_di_e
2794 1085 3094 1164 Dominica
3131 1088 3203 1145 29
3245 1085 3568 1164 Septembris
3594 1112 3604 1147 :
3629 1101 3673 1149 et
3698 1102 3784 1164 post

2243 1157 2478 1230 obitum,
2503 1160 2749 1230 Evaristi
2784 1162 3057 1230 martyrio
3096 1157 3347 1217 coronati
3392 1163 3480 1218 die
3505 1161 3567 1219 26
3589 1157 3785 1221 Octobris

2241 1243 2391 1285 anno
2424 1229 2526 1286 408
2571 1232 2802 1286 dicatur
2844 1229 3061 1288 electus
3097 1246 3389 1288 successor
3404 1235 3492 1288 die
3519 1232 3576 1289 44
3606 1235 3785 1290 Novem—

2242 1299 2383 1367 bris,
2415 1308 2471 1356 et
2494 1303 2550 1356 in
2572 1301 3012 1371 pontiﬁciasede
3038 1304 3351 1360 collocatus
3372 1305 3459 1360 die
3483 1301 3515 1360 3
3536 1306 3784 1362 Decembris

2240 1372 2492 1439 ejusdem
2526 1375 2662 1427 anni
2694 1372 2813 1429 408.
2848 1375 2985 1427 Nam
3017 1389 3044 1427 a
3068 1376 3166 1430 die
3187 1377 3551 1430 ordinationis
3578 1378 3620 1431 si
3638 1390 3785 1432 nume-

2242 1450 2442 1498 rentur
2492 1445 2629 1499 anni
2661 1446 2851 1499 decem
2903 1445 3100 1513 solidi,
3146 1461 3362 1502 menses
3400 1450 3784 1515 septem.acdies

2242 1520 2375 1581 tres,
2406 1523 2545 1584 quot
2563 1516 2807 1585 legimus
2830 1517 2886 1570 in
2914 1516 3166 1584 picturis
3188 1519 3433 1572 basilicae
3455 1519 3506 1573 S.
3531 1519 3662 1573 Pauli
3685 1521 3785 1585 ;erit

2240 1587 2523 1641 terminus
2538 1600 2774 1641 summa:
2803 1587 2929 1641 dies
2958 1586 2993 1640 ‘2
3024 1589 3160 1643 Maii
3202 1590 3336 1643 anni
3366 1586 3457 1643 447
3481 1603 3589 1643 aere
3613 1591 3783 1656 Christi,

2240 1662 2296 1710 et
2320 1656 2444 1729 dies
2474 1658 2732 1725 proxima
2756 1656 2791 1713 3
2820 1659 2954 1712 Maii
2988 1656 3168 1714 fuerit
3200 1660 3324 1715 dies
3348 1660 3696 1729 depositionis.
3716 1661 3784 1714 Al-

2240 1728 2424 1800 terius
2445 1735 2633 1783 autem
2664 1729 2892 1800 epochae
2916 1743 2948 1783 a
2976 1730 3356 1786 collocatione
3382 1728 3437 1785 in
3467 1731 3785 1800 pontiﬁciase—

2162 1818 2214 1878 Β
2239 1798 2308 1878 de
2349 1798 2597 1878 Romana
2629 1799 2724 1878 die
2753 1797 2788 1855 3
2808 1800 3137 1878 Decembris
3165 1803 3301 1878 anni
3354 1797 3600 1878 408_ipos_t
3618 1809 3783 1878 mortem

2238 1870 2577 1943 decessoris,
2626 1877 2683 1925 et
2712 1884 2874 1926 suam
2901 1871 3281 1943 eiectionem),
3311 1887 3430 1943 quae
3457 1875 3508 1928 in
3532 1873 3656 1928 libro
3676 1873 3782 1927 Ana-

2239 1941 2429 2001 stasii.
2457 1949 2515 1995 et
2541 1942 2600 2024 in
2631 1943 2888 2025 catalogo
2935 1939 2968 1997 7
2992 1939 3561 2025 Colbertino‘sinatur
3580 1957 3781 2025 annorum

2240 2025 2360 2085 viti,
2394 2013 2675 2085 mensium
2701 2027 2753 2083 v,
2781 2013 3007 2069 dierum
3040 2028 3104 2084 ιι,
3136 2016 3386 2071 rationes
3432 2017 3781 2085 parianturcum

2240 2083 2702 2157 hocintervallo
2757 2086 3051 2157 temporis,
3096 2083 3167 2141 et
3214 2083 3537 2142 consulibus
3556 2084 3783 2157 assignans

2240 2154 2427 2230 hocin
2456 2155 2607 2211 libro
2634 2154 2975 2227 Pontiﬁcali,
3006 2170 3180 2228 quam
3209 2158 3269 2213 in
3297 2158 3582 2230 Catalogis,
3609 2154 3783 2212 etlibris

2237 2227 2579 2282 Lectionem.

2655 2312 2893 2354 EJUSDEM
2941 2314 3097 2355 NOTIE
3154 2315 3468 2357 HISTOBICE.

2308 2368 2479 2425 Linea
2502 2367 2555 2424 3.
2590 2400 2658 2409 -—
2687 2372 2787 2424 Hic
2824 2374 3133 2442 passionem
3188 2376 3401 2426 Domini
3434 2375 3785 2441 miscuitinpre—

2237 2444 2446 2494 cationc
2482 2442 2821 2496 sacerdotum
2873 2445 3094 2512 quando
3130 2448 3318 2498 missa:
3344 2445 3660 2499 celebrantur.
3687 2445 3785 2496 Prae-

2234 2512 2469 2581 cipuum
2501 2512 2802 2583 religionis
2826 2515 3067 2581 cultum,
3113 2530 3319 2585 nempe
3343 2516 3649 2571 sacriﬁcium
3672 2513 3785 2579 reSpi

2233 2584 2397 2638 ciunt
2466 2585 2648 2652 prima
2740 2586 3120 2642 Romanorum
3226 2584 3543 2655 pantiﬁcum
3610 2586 3782 2641 decreta.

2230 2654 3251 2727 Ministeriumrsacerdotaleattendit
3275 2660 3460 2714 Petrus
3491 2660 3540 2713 in
3557 2656 3788 2727 promotio-

2232 2739 2300 2780 ne
2353 2727 2477 2799 Lini
2518 2735 2573 2781 et
2610 2726 2755 2781 Cleti
2801 2730 2869 2784 ad
2929 2730 3197 2784 ordinem
3261 2726 3597 2799 episcopatus
3638 2732 3784 2797 (supra,

2231 2810 2390 2852 num.
2424 2794 2493 2867 4).
2519 2800 2826 2872 Numerum
2874 2794 3337 2872 presbyterorum
3377 2794 3566 2872 viginti
3606 2794 3786 2872 qumque

2230 2882 2297 2943 ex
2327 2876 2605 2938 praecepto
2649 2870 2901 2943 ejusdem
2943 2871 3138 2926 Cletus
3194 2870 3458 2927 instituit
3492 2874 3659 2943 (num.
3698 2870 3784 2931 30)-

2232 2941 2513 2995 Diaconos
2563 2948 2776 3009 septem
2807 2942 3076 3012 episcOpo
3108 2944 3359 2998 solemni
3389 2941 3506 2999 ritu
3533 2954 3664 3012 sacra
3698 2951 3784 3008 pero

2233 3012 2446 3081 agenti,
2489 3017 2541 3067 et
2587 3012 2822 3067 verbum
2864 3015 2962 3068 Dei
3009 3011 3448 3070 administranti
3487 3011 3783 3082 apostolorum

2233 3082 2785 3158 exemploattribuit
2817 3085 3141 3158 Evaristus(
3177 3100 3329 3158 num.
3356 3085 3442 3158 6).
3470 3083 3786 3141 Gradibussa-

2233 3154 2476 3226 cerdotii
2502 3154 2581 3226 ita
2607 3157 2952 3222 procuratis,
2971 3157 3089 3211 loca
3104 3154 3418 3212 sacriﬁciis
3442 3164 3577 3226 apta,
3600 3161 3644 3209 et
3666 3162 3783 3220 syna-

2232 3224 2407 3298 xibus
2424 3224 2680 3298 ﬁdelium
2695 3226 3057 3282 destinavitA
3071 3241 3180 3283 nac
3192 3229 3336 3284 ietus
3352 3231 3407 3283 in
3424 3224 3783 3298 Vaticanomun.

2231 3292 2301 3361 5).
2338 3296 2634 3369 Evaristus
2662 3297 2720 3350 in
2752 3298 3143 3369 titulis(num.
3188 3299 3241 3369 6)
3284 3301 3645 3355 :decessorum
3668 3292 3785 3369 vesti-

2233 3370 2325 3436 gia
2345 3367 2619 3441 relegens,
2647 3366 3130 3441 etapostolomm,
3162 3366 3265 3440 qui
3290 3372 3498 3441 publice
3515 3377 3559 3423 et
3568 3383 3649 3438 per
3662 3366 3783 3441 domos

2234 3451 2429 3506 panem
2472 3436 2844 3509 frangebant,
2905 3448 2969 3495 ut
3029 3436 3232 3497 ﬁdeles
3273 3436 3637 3511 perseverantes
3658 3436 3782 3511 esset"

2232 3505 2565 3583 unanimiter
2615 3505 2674 3583 ἶη
2719 3513 2988 3577 fractione
3004 3514 3195 3581 panis,
3235 3505 3289 3567 et
3329 3515 3559 3567 dontm’na
3588 3505 3783 3583 apostolo-

2232 3595 2375 3633 rum.
2396 3580 2705 3649 Ministris,
2724 3590 2779 3636 et
2802 3583 2946 3638 locis
2979 3584 3055 3637 ita
3078 3585 3422 3640 constitutis
3437 3592 3487 3638 et
3506 3580 3781 3652 enumeratis

2236 3664 2464 3726 precum
2485 3666 2727 3726 quoque
2751 3660 3037 3709 certarum
3080 3657 3237 3711 ratio
3287 3670 3385 3726 per
3407 3667 3628 3710 summos
3652 3652 3782 3726 ponti-

2237 3723 2371 3775 lices
2400 3723 2666 3777 ordinata
2692 3733 2778 3779 est
2802 3726 2869 3780 ad
2904 3726 3265 3781 sacriﬁcium
3287 3721 3614 3782 adhibenda.
3652 3721 3782 3773 00mi-

2236 3794 2422 3848 nicam
2451 3796 2827 3861 precationem
2852 3798 3143 3863 apostolos
3173 3801 3289 3866 jam
3315 3802 3572 3853 docuerat
3596 3789 3780 3848 sacerdos

2238 3867 2295 3918 in
2316 3872 2589 3920 aeternum
2611 3866 2879 3922 Christus
2897 3870 3202 3923 Dominus.
3231 3872 3311 3925 Ad
3340 3870 3523 3925 haecin
3554 3866 3629 3920 sui
3649 3869 3782 3915 memo-

2238 3939 2378 3990 riam
2418 3949 2486 4012 ea
2530 3936 2803 4012 facienda
2848 3948 3213 4012 praeceperat,
3280 3957 3401 4012 quae
3445 3940 3541 4010 ipsi
3593 3938 3638 3991 in
3683 3937 3784 4012 uel}?

2239 4008 2623 4077 praestitisset.
2671 4005 2883 4064 Paulus
2934 4005 3236 4079 apostolus
3288 4005 3480 4068 eadem
3501 4005 3783 4065 recensuitin

2242 4081 2425 4147 prima
2451 4081 2517 4134 ad
2563 4079 2898 4151 Corinthios
2923 4078 3046 4151 cap.
3082 4096 3122 4136 ιι
3149 4100 3168 4136 :
3193 4085 3453 4137 Dominus
3479 4085 3628 4141 .Iesus,
3652 4078 3697 4151 in.
3713 4083 3784 4151 {1w}

2240 4146 2390 4223 nocte
2417 4150 2757 4223 tradebatur,
2792 4146 3011 4222 accipit-
3033 4170 3259 4222 panem.
3317 4163 3443 4218 etc.,
3487 4164 3597 4223 quae
3621 4146 3783 4223 totidem

2244 4220 2418 4275 ferme
2435 4221 2625 4276 verbis
2644 4210 2971 4279 recénsentu
2985 4240 3010 4279 r
3033 4210 3094 4278 in
3126 4240 3365 4289 canone,
3386 4210 3661 4280 rnon'aetate
3678 4210 3786 4289 modo

2245 4298 2460 4361 nostra,
2484 4294 2577 4347 sed
2611 4294 2783 4348 etiam
2805 4295 3117 4365 Ambrosii,
3164 4298 3268 4353 lib.
3310 4312 3361 4352 iv
3385 4298 3451 4352 de
3478 4290 3786 4365 Sacramenta.

2245 4365 2330 4418 uti
2354 4365 2649 4419 adnotavit
2673 4367 2827 4420 card.
2866 4369 3012 4422 Bona
3056 4363 3249 4423 rerum
3293 4363 3786 4433 Litiirg.lib.t1,t‘éjP-

2248 4434 2699 4509 43,‘memorans,
2727 4438 2784 4491 in
2816 4440 3060 4495 vetustis
3095 4454 3327 4509 quoque
3354 4423 3613 4509 Liturgiis
3635 4423 3785 4509 lat-coit

2244 4513 2299 4579 et
2319 4500 2626 4562 Clementis
2648 4500 2878 4563 nomine
2897 4500 3145 4579 donatis,
3184 4500 3378 4567 eadem
3403 4500 3633 4578 reperiri.
3664 4500 3788 4579 Tene:

2157 4578 2213 4640 D
2244 4577 2394 4652 bant
2429 4591 2496 4633 ex
2538 4579 2731 4652 eodem
2787 4582 3056 4651 Apostolo
3097 4573 3360 4652 (Philipp.
3419 4573 3489 4647 ιγ’)
3524 4573 3786 4652 aperienti]!

2243 4649 2398 4703 omni
2430 4651 2709 4719 oratione,
2766 4646 3370 4723 et'obsecra'tione,’ut
3413 4646 3521 4707 cum
3561 4646 3788 4723 gratia“?

2241 4722 2450 4798 actione
2485 4716 2771 4790 petitiones
2830 4729 3030 4798 nostra?
3101 4716 3437 4780 innotescunt
3464 4716 3775 4798 apudﬂffff’f

2240 4792 2426 4860 Quare
2446 4785 2733 4862 praeceptis
2759 4796 3099 4850 salutaribus
3122 4800 3334 4862 moniti,
3367 4802 3416 4850 et
3443 4785 3789 4862 diuinalnstf‘lf‘

2242 4848 2384 4938 ἤσθιε
2431 4848 2674 4931 formati,
2711 4848 2821 4921 una
2853 4848 2982 4922 cum
3014 4848 3394 4938 petitionibus
3422 4848 3787 4938 orationistlr“

2243 4930 2437 5006 mulas
2459 4950 2687 5006 quoque
2704 4930 3028 5003 gratiarum
3045 4942 3278 4994 actionis
3308 4941 3365 4992 in
3392 4933 3614 5005 hymnis,
3631 4940 3683 4982 ac
3700 4930 3788 5006 PT?“

2242 4999 2503 5079 ratione;
2525 4999 2954 5063 obses-rationum
2986 5012 3199 5079 pariter
3232 5023 3329 5079 per
3347 4999 3592 5061 Sanctum
3617 4999 3788 5079 sam‘fifj

2242 5090 2391 5153 rum,
2410 5068 2512 5147 qui
2540 5078 2796 5153 otfertur,
2824 5094 2933 5135 una
2959 5068 3088 5137 cum
3119 5068 3387 5153 memoria
3410 5086 3606 5153 eorum,
3627 5068 3788 5153 infigo“?

2243 5139 2388 5204 idem
2409 5139 2804 5205 sanctiﬁcatur
2826 5153 3084 5207 omnium
3098 5152 3361 5221 gratiam,
3380 5156 3434 5204 et
3450 5139 3786 5221 gloriamayff}

2239 5203 2578 5297 contulerat,
2607 5203 3321 5297 *coa‘siécgtésa“.igu°t.fais
3351 5203 3548 5297 'aui’em
3588 5203 3788 5297 οφρὶξιξξ

2241 5291 2529 5346 miscenda
2558 5281 2679 5346 erat
2718 5281 3016 5348 D'ominica
3046 5293 3240 5348 Passio
3273 5300 3388 5346 tum
3410 5285 3597 5343 verbis.
3635 5291 3687 5333 ac
3706 5281 3788 5348 δεὲιι·

2240 5341 3514 5435 ab};satana};patagiataaus
3540 5341 3785 5435 eam:

2240 5435 2529 5501 passionis
2541 5418 2779 5491 scilicet"
2773 5418 2895 5491 com
2906 5418 3045 5504 pend
3059 5418 3201 5491 iar’io
3214 5418 3787 5504 signos‘bpiusadhibilo

2242 5490 2340 5572 pro
2378 5520 2531 5560 more
2557 5490 2853 5561 nascentis
2888 5490 3171 5573 Ecclesiae,
3194 5490 3790 5578 traditionem'hanedg:

2242 5561 2485 5632 rivantis
2501 5579 2567 5632 ad
2606 5586 2859 5647 posteros
2883 5561 3257 5647 (Tertulliaino
3285 5581 3421 5629 teste
3445 5574 3496 5627 in
3521 5568 3644 5622 libro
3660 5561 3793 5647 def"

2236 5664 2371 5702 rana
2392 5641 2693 5713 ηιίίίτίδ,ὐῐ
2721 5652 2793 5702 ad
2822 5641 3026 5703 omnem
3050 5661 3415 5721 progressum,
3460 5641 3790 5721 atqul‘

2236 5726 2367 5782 tum,
2396 5707 2625 5787 aditum,
2651 5724 2874 5783 exitum,
2906 5707 3180 5787 vestitum:
3207 5707 3597 5789 C(1.(ceat_ztm,:rr-tl
3613 5707 3787 5789 ιαιξίξςιξξζ

2234 5792 2309 5844 ad
2352 5774 2585 5855 incusas,
2609 5774 2705 5843 ἀει
2729 5774 2955 5855 lumina,
2991 5774 3066 5846 ad
3093 5774 3320 5849 cubilia,
3348 5786 3419 5840 ad
3444 5774 3629 5839 “diu”!
3662 5774 3788 5855 θ’ᾜῗζς

2233 5838 3187 5934 ἐξιήᾆᾷᾖῇῩνόὴὶέῆιὶᾶἀῆηἷῆ.ἷιὶ
3201 5838 3329 5915 ἰιὼὲ
3346 5838 3557 5928 quidem
3585 5838 3788 5904 αιθωοηι

2184 3226 2199 3247 Δ
