4024 6176
300 300 441 360 4453

1104 299 1427 357 HISTORIA
1462 301 1553 356 DE
1591 299 1764 356 VlTlS
1801 297 1973 354 ROM.
2016 297 2213 354 PONT.
2255 327 2323 337 ——
2359 298 2414 352 S.
2457 298 2905 359 ALEXANDER.

3566 306 3706 366 4454

295 435 695 491 Tertullianus
743 434 959 501 statim,
1002 449 1069 491 ac
1118 436 1385 492 meminit
1436 437 1642 501 calicis,
1696 438 1748 489 et
1781 437 1944 504 panis
1974 432 2028 492 A
2057 431 2441 504 documentis
2465 432 2673 504 docent
2721 432 3081 490 Bollandiani
3128 437 3269 490 socii
3323 439 3391 493 ad
3434 438 3586 494 diem
3632 437 3702 494 30

294 510 493 572 nostri,
535 507 693 574 cujus
719 506 936 574 aliquid
964 509 1024 560 in
1049 512 1253 561 terram
1282 507 1465 561 decuti
1492 510 1657 561 auaie
1674 510 1942 575 patimur.

292 579 573 633 Connexa
589 578 918 632 enimerant
941 578 1272 647 disciplina
1298 594 1533 646 quarum
1578 579 1805 632 traditio
1835 594 1946 631 au-

297 652 460 715 ctrix,
511 648 842 702 consuetudo
881 652 1271 716 conﬂi-matriae,
1317 656 1366 703 et
1403 651 1536 719 ﬁdes
1580 651 1940 704 observatrix.

297 721 529 775 Miscuit
565 719 887 773 Alexander
927 720 1283 775 Dominicam
1327 722 1651 776 Passionem
1680 720 1947 788 precibus

298 792 661 846 sacerdotum
702 792 760 844 in
799 791 988 845 missa
1025 791 1335 847 oblatione.
1378 792 1587 862 Utique
1618 793 1685 847 ad
1720 804 1941 847 omnem

302 874 686 931 progressum,
712 869 886 930 atque
914 870 1267 928 promotum:
1290 864 1493 932 utique
1518 877 1585 918 ex
1610 863 1943 929 traditione,

295 946 365 988 ex
402 932 838 1001 consuetudine,
873 946 939 987 ex
969 933 1077 989 ﬁde
1126 935 1536 1003 apostolorum,
1565 942 1621 989 et
1661 932 1947 1002 apostoli—

296 1018 495 1059 corum
511 1005 786 1067 virorum,
809 1017 954 1072 quos
985 1004 1042 1057 in
1056 1018 1271 1061 canone
1290 1018 1665 1061 recensemus.
1690 1004 1943 1072 Miscuit,

295 1088 365 1130 ex
394 1074 697 1143 Evangelio
727 1075 984 1143 Joannis,
1009 1076 1164 1131 edito
1190 1089 1400 1145 paucos
1421 1081 1552 1131 ante
1572 1089 1754 1131 annos
1777 1088 1945 1144 quam

291 1146 620 1201 Alexander
660 1145 1053 1213 pontiﬁcatum
1103 1147 1299 1202 iniret.
1348 1149 1481 1202 Inde
1521 1151 1673 1202 enlm
1705 1146 1947 1201 elevatio

295 1219 599 1273 oculorum
634 1214 1006 1289 (Joan‘xvlt,
1065 1215 1115 1289 4)
1170 1219 1356 1274 oratio
1416 1233 1517 1287 pro
1568 1216 1947 1289 prasentibus

295 1302 430 1344 cum
463 1289 588 1357 ipso
633 1287 691 1341 in
731 1287 989 1357 veritate,
1023 1293 1079 1343 et
1102 1287 1222 1358 pro
1250 1290 1540 1345 universis
1570 1303 1668 1358 per
1710 1288 1943 1343 illorum

294 1359 537 1414 verbum
570 1359 627 1413 in
655 1371 716 1412 se
748 1360 1081 1415 credituris.
1116 1362 1288 1416 Nemo
1320 1374 1433 1416 non
1462 1361 1634 1427 videt,
1664 1361 1721 1413 in
1752 1359 1944 1427 preci-

294 1431 411 1485 bus
442 1437 555 1485 tam
594 1436 745 1498 ante,
787 1444 955 1499 quam
1004 1437 1129 1500 post
1171 1433 1452 1487 actionem
1498 1432 1577 1486 ita
1610 1431 1839 1485 misceri
1884 1431 1944 1484 in

296 1514 519 1557 canone
562 1502 911 1571 memoriam,
959 1508 1136 1572 gesta,
1183 1517 1248 1558 ac
1292 1502 1560 1572 mysteria
1606 1503 1883 1555 Passionis
1925 1516 1941 1552 :

297 1586 546 1643 quorum
578 1572 827 1641 plurima
856 1587 985 1627 cum
1007 1574 1351 1629 Tertulliani
1374 1588 1442 1629 ex
1470 1573 1824 1628 indicatione
1854 1578 1945 1626 te-

298 1658 539 1699 neamus
588 1644 1006 1699 consuetudine
1035 1658 1101 1699 ac
1147 1646 1459 1700 traditione
1504 1645 1583 1699 ita
1627 1644 1849 1698 ﬁrmata
1883 1644 1941 1697 in

298 1714 413 1769 ﬁne
440 1714 674 1770 secundi
704 1715 923 1782 saculi,
951 1716 1375 1772 utChristiana
1399 1715 1529 1771 ﬁdei
1549 1728 1733 1770 coava
1763 1714 1945 1770 fuisse

2057 504 2249 558 Martii
2281 500 2379 579 fol.
2413 500 2536 557 843.
2586 504 2806 579 Corpus
2830 504 3084 579 denique
3113 507 3166 560 Β.
3202 507 3513 564 Alexandri
3545 524 3699 579 papa

2057 588 2185 629 cum
2204 574 2382 629 sociis
2406 577 2661 644 martyrii
2695 575 3045 644 presbyteris
3070 579 3300 631 Eventio
3319 593 3383 633 ac
3407 574 3701 636 Theodulo

2057 647 2384 700 translatum
2412 662 2479 698 ea:
2524 649 2697 711 ipsius
2725 650 3020 700 cmmeterio
3062 652 3153 701 via
3183 650 3523 703 Nomentana
3565 654 3703 704 mil-

2058 719 2219 771 liario
2262 730 2363 783 VH,
2409 720 2469 769 in
2517 719 2730 779 Urbem,
2760 736 2823 771 ac
2851 720 3070 772 titulum
3099 722 3154 773 S.
3190 720 3408 774 Sabinae
3444 722 3552 777 sub
3586 725 3703 776 Eu-

2057 788 2246 858 genio.
2270 790 2317 841 II
2348 794 2511 842 vetus
2538 789 2844 857 inscriptio
2872 790 3127 857 ejusdem
3171 792 3434 858 corporis
3473 793 3696 848 custodi

2056 859 2304 928 capsula
2336 858 2992 934 insculptacomprobat,
3023 862 3263 916 docente
3280 863 3564 934 Aringhio
3598 863 3700 918 lib.

2059 927 2146 993 Ill,
2179 944 2303 998 cap.
2328 927 2419 1003 :22.
2453 927 2590 985 Cum
2625 927 2808 1000 igitur
2836 938 3077 997 constet,
3114 934 3264 987 inter
3288 927 3703 1003 antiquissima

2057 1000 2379 1075 i:a_m9teria
2408 1003 2864 1075 martyrumiagri
2892 1003 3212 1060 suburbani
3244 1000 3548 1073 relerriea,
3580 1020 3705 1075 qua

2059 1073 2447 1128 nobilitarunt
2485 1072 2823 1141 Alexander,
2865 1086 2930 1129 ac
2962 1075 3105 1129 socii
3142 1076 3397 1143 ejusdem
3450 1076 3507 1129 in
3545 1072 3705 1132 Actis

2060 1144 2376 1207 memorati,
2410 1143 2888 1216 suiscorporibus
2908 1158 2973 1200 eo
3005 1145 3452 1202 illatissccundo
3470 1148 3702 1216 saeculo,

2058 1216 2192 1287 inde
2217 1229 2347 1287 vero
2376 1215 2676 1287 translatis
2714 1216 2922 1271 saculo
2950 1230 3029 1283 1x,
3065 1230 3119 1279 x,
3149 1223 3205 1271 et
3233 1232 3288 1271 xi
3320 1221 3527 1273 mirum
3553 1232 3707 1287 pra—

2056 1285 2273 1341 sidium
2306 1285 2573 1341 Ecclesia
2595 1286 2666 1341 ab
2696 1287 2770 1341 iis
2796 1293 3137 1349 mutuatum,
3174 1290 3430 1357 ipsorum
3459 1285 3616 1357 Acta,
3649 1296 3706 1344 et

2055 1357 2323 1411 Ecclesia
2356 1359 2617 1411 Romana
2651 1357 2895 1413 historia
2921 1359 2979 1412 in
3010 1360 3170 1414 Actis
3206 1361 3532 1427 hujusmodi
3558 1374 3707 1428 pra-

2056 1434 2262 1482 servat.
2287 1429 2479 1497 Neque
2498 1430 2651 1482 enim
2688 1432 3080 1485 tantummodo
3097 1431 3403 1486 evincitur.
3426 1432 3706 1486 nobilita-

2057 1502 2135 1553 tis
2168 1502 2432 1571 ltomana
2481 1508 2693 1567 partem
2747 1514 2859 1554 non
2890 1501 3157 1571 exiguam
3203 1502 3311 1557 sub
3342 1515 3406 1557 eo
3440 1502 3707 1571 pontiﬁce

2058 1571 2125 1643 ad
2152 1570 2315 1643 ﬁdem
2354 1568 2534 1643 fuisse
2576 1584 2924 1640 conversam,
2952 1568 3075 1641 quae
3109 1574 3335 1628 scilicet
3356 1568 3481 1643 post
3501 1587 3705 1628 consu-

2058 1641 2231 1695 larem
2256 1642 2443 1695 virum
2465 1642 2806 1696 Clementem
2824 1643 2941 1710 jam
2968 1643 3116 1697 inter
3145 1641 3410 1699 alumnos
3434 1658 3707 1699 numera—

2057 1713 2155 1784 bat
2185 1713 2245 1766 in
2280 1713 2533 1766 Hermete
2574 1711 2923 1784 prafectum.
2956 1728 3086 1768 cum
3118 1728 3333 1784 sorore,
3370 1716 3428 1770 in
3460 1717 3705 1784 Quirino

290 1786 413 1857 jam
448 1792 569 1841 tum
616 1785 1060 1855 intelligantur;
1094 1788 1401 1843 Alexandri
1428 1800 1587 1851 cura,
1628 1801 1693 1840 ac
1718 1787 1946 1841 decreto
1977 1797 2029 1856 Β
2058 1783 2357 1857 tribunum
2398 1797 2526 1837 cum
2561 1782 2703 1837 ﬁlia.
2733 1784 2836 1838 Sed
2865 1784 3036 1857 etiam
3076 1782 3447 1857 intelligitur,
3478 1782 3579 1856 qui
3615 1786 3705 1840 fa—

297 1870 368 1911 ex
399 1856 519 1926 lege
544 1870 653 1911 non
683 1858 898 1925 scripta
924 1859 1367 1914 consuetudinis
1390 1859 1449 1912 in
1473 1863 1747 1926 scriptam
1764 1870 1946 1911 cano-

296 1930 397 1982 nis
422 1929 796 1983 transierunt.
824 1928 1010 1996 Quare
1039 1930 1097 1983 in
1117 1945 1228 1985 sac.
1254 1943 1412 1984 conc.
1440 1928 1779 1983 Tridentino
1801 1940 1940 1982 sess.

297 2012 451 2061 χχιι,
476 2012 597 2068 cap.
629 1996 680 2062 4,
721 2001 923 2053 merito
951 2001 1253 2069 asseritur,
1279 2013 1551 2056 canonem
1583 2000 1770 2054 missa
1801 2012 1943 2052 con—

297 2078 456 2126 stare
488 2083 556 2124 ex
595 2070 741 2139 ipsis
767 2071 993 2125 Domini
1032 2072 1237 2140 verbis,
1265 2086 1334 2127 ex
1360 2070 1749 2140 apostolorum
1775 2069 1949 2123 tradi-

297 2140 583 2267 ;ionibus,
638 2154 704 2195 ac
758 2148 1086 2198 sanctorum
1149 2143 1481 2212 pontiﬁcum
1548 2140 1950 2197 institutioni-

347 2227 430 2267 us.

347 2227 430 2267 US.

380 2284 551 2338 Linea
582 2280 632 2337 4.
682 2314 756 2324 —
782 2286 1048 2353 Martyrio
1079 2291 1384 2352 coronatur,
1430 2290 1480 2339 et
1522 2300 1641 2339 cum
1671 2299 1728 2337 eo
1766 2285 1952 2336 Even-

298 2357 416 2409 tius
445 2356 746 2423 presbyter,
791 2362 899 2411 etc.
932 2361 1068 2412 Acta
1093 2358 1155 2411 Β.
1193 2357 1525 2419 Alexandri,
1571 2363 1625 2409 et
1661 2354 1949 2410 sociorum

303 2432 619 2495 martyrum
653 2429 905 2497 genuina
930 2428 1002 2481 ab
1030 2428 1392 2497 interpolatis
1411 2428 1706 2491 distinxit,
1737 2433 1792 2480 et
1817 2426 1951 2479 vin-

298 2498 523 2569 dicavit
548 2511 694 2569 sape
714 2498 990 2569 laudatus
1032 2500 1235 2569 prasul
1265 2514 1295 2552 a
1317 2498 1723 2554 Schelestratio
1749 2503 1901 2551 torno
1932 2498 1953 2550 Ι

297 2568 500 2640 Antiq.
533 2568 661 2640 Eccl
691 2568 931 2640 dissert.
967 2584 1005 2625 ll
1034 2568 1187 2640 cap.
1220 2569 1308 2633 30,
1344 2583 1587 2640 quorum
1622 2581 1842 2623 summa
1868 2580 1952 2640 ca-

304 2639 428 2709 pita
452 2639 545 2693 hic
569 2639 874 2695 delibanda
905 2639 1146 2696 miriﬁce
1173 2642 1609 2697 illustranttum
1643 2641 1830 2708 ipsius
1859 2639 1954 2693 vi-

300 2718 443 2772 tam,
502 2716 620 2765 tum
680 2712 979 2767 historiam
1026 2713 1368 2768 Christiana
1422 2712 1578 2775 ﬁdei,
1627 2709 1955 2765 accessione

309 2780 597 2835 nobilium
620 2781 896 2845 virorum,
920 2798 984 2838 ac
1005 2782 1371 2850 feminarum,
1398 2784 1455 2838 in
1480 2782 1623 2838 Urbe
1643 2781 1953 2850 plurimum

306 2852 693 2924 ampliﬁcata.
759 2855 1179 2924 Antiquitalem
1228 2855 1499 2910 Actorum
1557 2852 1956 2908 commendant

306 2923 720 2992 Martyrologia
764 2923 942 2988 Beda,
977 2935 1036 2982 et
1067 2926 1308 2993 Rabani,
1352 2934 1407 2981 et
1437 2926 1674 2992 Adonis,
1709 2936 1954 2992 quorum

311 2993 564 3062 primum
586 2995 797 3050 saeculo
822 3002 1039 3065 octavo,
1066 2998 1309 3053 alterum
1332 3010 1477 3051 nono
1496 2996 1567 3050 ab
1588 2996 1790 3051 iisdem
1825 3009 1957 3048 inu-

311 3069 555 3119 tuantur
592 3065 875 3135 quidquid
913 3069 1257 3124 reieruntde
1275 3067 1585 3123 Alexandri
1620 3079 1773 3135 papa
1799 3078 1957 3119 mar—

308 3136 497 3209 tyrio,
528 3140 585 3209 et
615 3138 793 3209 sociis
834 3138 891 3192 in
940 3153 1120 3209 agone
1172 3139 1538 3208 presbyteris,
1592 3136 1846 3209 Eventio,
1882 3148 1956 3209 ac
1985 3148 2031 3208 ρ

306 3206 623 3279 Theodulo.
656 3205 1025 3265 Commendat
1050 3205 1365 3279 disciplina
1395 3209 1611 3274 arcani,
1650 3209 1721 3279 in_
1741 3207 1817 3279 iis
1846 3205 1957 3260 ob-

308 3282 554 3331 servata.
593 3278 960 3335 Commendat
996 3276 1311 3337 consensus
1336 3294 1464 3336 cum
1487 3276 1958 3347 chronologi:i,et

308 3349 564 3421 Historia
589 3350 857 3416 Casarea,
902 3365 967 3406 ac
996 3354 1181 3407 tertia
1228 3350 1647 3421 persecutionis
1676 3347 1783 3421 sub
1811 3348 1957 3421 Tra—

302 3420 468 3488 jano,
512 3420 647 3475 dum
696 3430 1007 3479 memorant
1040 3427 1179 3478 Acta
1226 3418 1465 3478 missum
1509 3436 1541 3475 a
1582 3420 1842 3487 Trajano,
1889 3418 1957 3473 Se

310 3489 517 3563 leucia
557 3498 756 3561 agente
799 3492 1049 3563 (quando
1075 3494 1495 3562 expeditionem
1542 3500 1870 3563 susceperat
1898 3491 1956 3543 in

310 3562 696 3616 Parthosante
723 3562 1083 3621 consulatum
1104 3565 1363 3631 Pedonis,
1392 3563 1736 3618 incidentem
1763 3562 1821 3614 in
1848 3573 1959 3614 an-

308 3645 449 3686 num
475 3632 692 3688 Christi
717 3633 835 3694 445)
853 3637 1105 3702 judicem
1128 3636 1523 3694 Aurelianum,
1547 3633 1648 3703 qui
1674 3639 1792 3687 tum
1829 3632 1961 3685 Her-

310 3703 448 3777 meti
480 3706 742 3777 praelecto
773 3706 963 3777 Urbis,
1004 3715 1061 3763 et
1090 3709 1276 3763 sorori
1318 3708 1443 3776 ejus
1470 3703 1954 3777 Theodoralgtum

305 3773 636 3845 Alexandro
682 3773 1247 3845 pontiﬁci'Romano,
1280 3773 1633 3844 et'Eventio,
1679 3788 1746 3827 ac
1768 3773 1959 3829 Theo-

305 3844 453 3922 dulo
474 3844 855 3922 presbyteris,
904 3859 1022 3905 tum
1056 3850 1303 3922 Quirino
1337 3848 1807 3922 tribuno,_atq_ue
1831 3847 1957 3922 ejus

307 3914 448 3990 ﬁlia
472 3914 724 3990 _Bal_b_ina
767 3914 1098 3990 martyrum'
1120 3914 1340 3989 intulit,
1365 3926 1421 3973 et
1436 3931 1561 3990 com
1574 3914 1840 3990 pluribus
1865 3916 1960 3970 vi-

308 3986 395 4040 ris
428 3985 506 4060 ab
528 3987 872 4060 _Alexandro
905 3985 1042 4060 papa
1078 3992 1137 4045 in
1181 3985 1405 4046 carcere
1434 3986 1741 4057 baptizatis
1771 4005 1782 4040 :
1814 4001 1959 4056 quos

306 4057 592 4132 navicula
621 4056 921 4132 fatiscenti
954 4056 1258 4132 impositos
1284 4061 1465 4116 altius
1495 4056 1553 4114 in
1580 4071 1732 4112 mare
1753 4070 1961 4127 prove-

305 4128 696 4203 ctosdemergi
717 4132 917 4200 jussit.
946 4128 1189 4189 Istorum
1215 4138 1524 4203 martyrum
1556 4140 1814 4197 corpora,
1837 4142 1961 4184 ca—

307 4199 571 4273 meteria,
611 4199 793 4269 tituli,
838 4210 894 4258 et
934 4205 991 4258 in
1030 4205 1117 4260 eis
1162 4199 1574 4273 inscriptiones
1625 4205 1959 4273 pervetusta

303 4270 499 4340 adhuc
517 4275 859 4340 superstites
882 4276 1185 4331 historiam
1216 4270 1468 4330 tuentur.
1501 4270 1779 4327 Hermetis
1809 4284 1962 4340 pra-

305 4339 446 4412 fecti
473 4340 1057 4412 Urbis,cameterium
1090 4346 1187 4401 via
1208 4345 1428 4401 Salaria
1454 4343 1521 4399 ad
1560 4339 1871 4398 secundum
1889 4340 1959 4397 ab

303 4411 461 4467 Urbe
492 4411 761 4482 lapidem,
795 4430 925 4472 cum
948 4417 1192 4473 adicula
1226 4416 1617 4479 subterranea,
1646 4419 1956 4479 spectatur.

306 4483 481 4558 Legis
502 4485 651 4553 apud
675 4486 1021 4558 Aringhium
1051 4489 1154 4543 lib.
1184 4502 1254 4554 iv,
1285 4501 1406 4556 cap.
1433 4482 1610 4558 37,7n.
1638 4482 1956 4558 37.Alnscri-

305 4555 539 4629 ptiones
559 4554 844 4629 vetustas,
858 4560 1238 4629 reliquiarum
1262 4554 1786 4629 ind‘icesiﬂermetis
1811 4569 1960 4629 pra-

304 4622 445 4679 fecti
490 4625 678 4694 Urbis,
712 4622 898 4685 servat
928 4622 1138 4685 titulus
1174 4632 1229 4685 S.
1264 4628 1631 4684 Pudentiana
1678 4627 1738 4681 in
1772 4622 1960 4694 lapide

307 4696 502 4771 inciso
522 4698 927 4771 subCregorio
951 4702 1240 4770 Septimo:
1266 4699 1537 4764 Balbina,
1566 4711 1631 4752 ac
1650 4697 1958 4771 Theodora

303 4767 545 4859 nomina
572 4767 1054 4859 refertantiquior
1083 4771 1394 4859 epigrapht}
1416 4768 1776 4859 ειξνιξξεῐθδῖη
1795 4769 1960 4836 Ρεὶνί-

306 4787 545 4821 numina
572 4787 1054 4897 rerertanuguior
1083 4787 1394 4859 epigrapne
1416 4787 1776 4849 superswsin
1795 4787 1958 4836 ρεινι-

306 4843 503 4892 mento
526 4840 865 4911 presbyterii
931 4844 1233 4899 iaconiab.
1249 4841 1442 4896 Maria
1467 4841 1524 4893 in
1540 4840 1835 4911 Domnica,
1852 4851 1958 4893 no—

302 4920 383 4962 no
428 4911 665 4984 circiter
700 4909 909 4968 saculo
949 4914 1275 4984 insculpta:
1306 4926 1418 4984 quo
1439 4912 1610 4965 etiam
1645 4909 1768 4964 loco
1793 4915 1958 4963 atate

298 4984 522 5052 nostra
540 4979 717 5037 beata
760 4984 1011 5039 Balbina
1041 4979 1171 5041 ossa
1217 4979 1519 5052 complura
1569 4985 1790 5048 reperta
1820 4988 1956 5034 sunt

292 5062 438 5103 cum
475 5050 739 5124 plumbea
772 5055 983 5110 lamina
1013 5056 1293 5124 inscripta
1324 5050 1591 5124 {Comms
1622 5053 1677 5105 S.
1706 5063 1954 5124 BALBiNa

293 5133 457 5174 VIRG.
487 5121 713 5180 inclusa
743 5138 1059 5183 marmoreo
1090 5121 1474 5183 loculamento
1506 5122 1613 5178 sub
1635 5135 1734 5176 ara
1767 5123 1955 5176 maxi-

292 5204 398 5268 _ma
420 5194 762 5268 constituto,
787 5202 843 5251 et
863 5198 1095 5268 quidem
1119 5198 1179 5253 in
1205 5196 1456 5267 publicis
1478 5192 1835 5268 tabulisactu
1860 5206 1956 5247 re-

288 5262 448 5316 lato.
482 5276 612 5318 cum
652 5262 1030 5323 demandante
1078 5262 1448 5325 sanctissimo
1481 5269 1642 5320 Patre
1671 5266 1957 5318 Clemente

285 5333 387 5388 XI
430 5335 684 5410 praefecti
718 5340 902 5393 sacris
935 5340 1207 5410 reliquiis
1253 5335 1728 5410 recognoscendis
1761 5342 1817 5410 et
1846 5349 1956 5390 cu-

286 5404 512 5459 randis
557 5407 665 5462 viri
706 5410 1020 5465 clarissimi
1063 5404 1737 5466 Alexander'canonicus
1768 5407 1957 5460 Bona-

285 5483 553 5551 ventura
587 5480 755 5546 paulo
784 5487 910 5549 post
947 5489 1174 5538 creatus
1204 5482 1517 5551 episcopus
1543 5477 1954 5551 Naaianzenuss

278 5550 359 5601 et
393 5547 621 5602 Marcus
665 5547 797 5604 abb.
824 5552 1069 5607 Boldetti
1103 5547 1255 5608 nunc
1285 5555 1338 5605 5.
1384 5550 1577 5603 Maria
1618 5548 1957 5601 Transtibe—

285 5618 417 5691 rim
448 5621 790 5691 canonicus,
835 5635 900 5678 eo
928 5629 1335 5690 convenerunt,
1370 5620 1456 5675 uti
1500 5617 1677 5691 latius
1701 5617 1956 5691 explicui

292 5689 379 5767 in
390 5691 707 5767 _opu_scule_
725 5688 789 5767 ea
834 5694 902 5767 de
930 5688 1332 5767 reicontexto.
1370 5692 1591 5767 Corpus
1626 5690 1682 5741 Β.
1728 5688 1955 5767 Quirini

278 5756 558 5835 tribuni,
592 5761 846 5835 Balbina
872 5765 1077 5835 Patris,
1102 5767 1277 5822 Roma
1304 5756 1705 5835 transmissum
1728 5756 1961 5835 41180118

271 5828 387 5897 1X
415 5829 587 5901 Gepa
631 5833 936 5891 abbatissa
979 5828 1131 5894 circa
1160 5850 1376 5892 annum
1418 5830 1554 5890 4050
1608 5830 1864 5902 publicis
1893 5844 1961 5887 ex

1992 4527 2045 4587 D

2055 1861 2210 1909 ctum
2256 1855 2354 1920 sit,
2386 1860 2449 1908 ut
2485 1860 2716 1922 catena,
2767 1868 2891 1924 qua
2942 1855 3693 1925 Principem‘aposto’lorum

2060 1938 2162 1998 pro
2190 1924 2822 1998 Christoarctaverant,
2856 1931 2912 1980 et
2941 1926 2999 1980 in
3030 1926 3190 1981 Actis
3218 1924 3489 1998 leguntur
3514 1943 3544 1983 a
3582 1928 3702 1982 ﬁlia

2058 1995 2283 2051 tribuni
2318 1995 2553 2050 Balbina
2597 1996 2818 2051 donata
2862 2000 3049 2052 sorori
3084 1995 3332 2067 prafec'ti
3375 2000 3707 2063 Theodora,

2061 2070 2140 2122 ita
2161 2074 2460 2121 asservata
2486 2068 2605 2121 sint
2623 2081 2654 2122 a
2672 2068 3045 2137 Christianis,
3080 2076 3143 2124 ut
3166 2071 3352 2125 tribus
3376 2072 3447 2126 ab
3472 2071 3573 2125 illa
3595 2084 3709 2125 sa—

2061 2138 2212 2194 culis
2245 2139 2472 2207 quando
2503 2139 2769 2193 Eudoxia
2801 2139 3011 2211 titulus
3041 2141 3370 2211 erigebatur
3400 2154 3605 2197 novum
3637 2141 3708 2196 ab

2065 2211 2158 2264 his
2179 2216 2614 2280 cognomentum
2640 2210 2935 2278 receperit.
2966 2211 3124 2265 Nihil
3148 2210 3441 2267 dissimile
3468 2218 3713 2280 prasta-

2065 2288 2151 2336 ret
2171 2282 2357 2349 posita
2382 2295 2494 2349 pra
2517 2281 2740 2336 toribus
2768 2282 3049 2337 diaconia
3074 2283 3127 2337 S.
3171 2285 3361 2338 Maria
3386 2284 3445 2337 in
3470 2284 3710 2338 Domni-

2063 2366 2148 2418 ca,
2186 2366 2497 2406 marmorea
2532 2351 2711 2419 ﬁgura
2743 2353 3042 2421 navicula,
3070 2362 3123 2408 et
3155 2355 3222 2407 ad
3256 2355 3574 2423 exemplum
3608 2367 3710 2407 ve-

2065 2424 2207 2478 teris
2252 2424 2329 2477 ibi
2377 2430 2641 2477 renovata
2683 2423 2789 2476 sub
2832 2425 3013 2479 Leone
3062 2426 3133 2492 X,
3180 2426 3230 2479 si
3267 2423 3574 2480 referretur
3606 2424 3710 2478 hoc

2062 2498 2293 2563 signum
2326 2494 2392 2548 ad
2416 2495 2858 2549 instrumentum
2889 2496 3144 2565 martyrii
3172 2502 3254 2550 tot
3276 2496 3509 2551 fortium
3534 2495 3711 2550 Chri-

2065 2567 2406 2629 stianorum,
2434 2565 2648 2634 quibus
2670 2580 2796 2619 cum
2824 2566 3037 2620 nobilis
3071 2567 3232 2635 virgo
3258 2568 3490 2621 Balbina
3526 2579 3711 2635 perge-

2064 2637 2183 2697 bat,
2207 2637 2345 2690 dum
2368 2636 2435 2690 ad
2468 2650 2620 2690 mare
2643 2635 3044 2706 submergendi
3076 2638 3516 2693 deducerentur.
3545 2657 3570 2687 «
3599 2639 3710 2691 Eo—

2063 2710 2190 2764 dem
2238 2714 2488 2775 tempore
2537 2709 2695 2776 (Acta
2745 2705 2999 2761 referunt
3046 2708 3116 2763 de
3154 2708 3462 2763 Aureliano
3498 2706 3713 2777 judice)

2061 2779 2242 2848 jussit
2281 2792 2476 2832 omnes
2504 2777 2887 2846 Christianos,
2932 2779 3032 2847 qui
3072 2788 3236 2835 erant
3269 2781 3326 2834 in
3357 2793 3579 2835 carcere
3606 2778 3712 2833 ba-

2069 2849 2266 2919 ptizati
2306 2849 2396 2919 (ab
2420 2849 2743 2905 Alexandro
2779 2848 2957 2919 papa),
2990 2850 3125 2905 duci
3153 2852 3219 2906 ad
3252 2865 3422 2915 mare,
3447 2860 3500 2906 et
3539 2851 3595 2904 in
3621 2862 3715 2903 na-

2065 2922 2314 2976 viculam
2363 2927 2641 2974 vetustam
2694 2921 2935 2988 imponi,
2986 2927 3043 2975 et
3077 2921 3135 2975 in
3184 2922 3363 2977 altum
3396 2922 3625 2988 deduci,
3658 2928 3712 2975 et

2068 2993 2229 3047 illico
2254 2991 2526 3046 omnibus
2549 3004 2717 3045 manu
2734 2992 2802 3044 ad
2832 2991 3293 3062 manumligatis,
3309 2995 3466 3047 saxis
3485 2994 3543 3046 in
3563 2991 3712 3046 collo

2066 3063 2386 3131 suspensis,
2426 3064 2513 3133 ita
2561 3062 2741 3129 ipsam
2784 3062 3123 3133 naviculam,
3151 3070 3452 3133 vetustam,
3482 3075 3714 3133 quassa-

2069 3145 2200 3200 tam,
2229 3140 2285 3187 et
2314 3131 2653 3201 perforatam
2688 3132 2862 3200 mergi
2901 3133 2958 3186 in
2996 3132 3341 3201 profundum
3372 3153 3384 3189 :
3415 3131 3541 3189 cuin
3573 3133 3713 3202 qui-

2065 3205 2175 3259 bus
2219 3211 2275 3258 et
2311 3204 2473 3273 virgo
2521 3202 2735 3274 Christi
2772 3202 3056 3274 (Balbina)
3093 3207 3341 3272 perrexit
3384 3204 3712 3274 gloriﬁcans

2063 3278 2262 3340 Deum,
2300 3292 2324 3323 ι)
2374 3272 2479 3328 etc.
2512 3274 2635 3327 Hac
2667 3272 2859 3327 fusius
2902 3276 3283 3343 prosequebar
3311 3277 3369 3329 in
3392 3272 3709 3329 'memorato

2065 3344 2344 3415 opusculo
2374 3343 2742 3415 dereliquiis
2770 3344 2824 3398 S.
2857 3343 3125 3415 Balbina.
3158 3345 3505 3415 Attingenda
3524 3352 3707 3400 tamen

2067 3414 2253 3474 obiter
2299 3417 2393 3470 hic
2439 3414 2692 3482 fuerunt,
2744 3421 2805 3469 ut
2846 3414 3223 3480 ostenderem,
3275 3414 3707 3471 Bibliothecarii

2070 3488 2395 3555 historiam.
2450 3488 2509 3540 in
2560 3487 2683 3541 Vita
2726 3486 3032 3540 Alexandri
3092 3488 3304 3542 muniri
3346 3489 3710 3543 documentis

2067 3559 2387 3630 aqualibus
2414 3558 2566 3611 atati
2593 3557 2846 3630 ejusdem
2877 3557 3185 3630 pontiﬁcis,
3218 3567 3320 3613 aut
3343 3560 3713 3627 proxima.et

2069 3629 2166 3700 per
2186 3635 2488 3684 consecuta
2508 3629 2715 3700 sacula
2754 3629 3083 3697 asservatis,
3103 3643 3166 3683 ac
3187 3630 3349 3683 lectis
3374 3629 3526 3684 intra
3551 3643 3712 3684 sacra

2066 3698 2412 3768 eameteria,
2438 3714 2504 3753 ac
2535 3698 2738 3754 titulos
2765 3700 3065 3762 Romanos,
3097 3700 3194 3754 ubi
3226 3700 3507 3769 deposita,
3539 3707 3596 3755 et
3621 3714 3713 3754 cu-

2070 3772 2284 3827 stodita
2311 3770 2681 3840 quiescebant
2700 3783 2938 3839 corpora
2968 3772 3061 3823 SS.
3090 3771 3420 3840 Alexandri,
3454 3771 3710 3839 Quirini,

2067 3844 2368 3907 Hermetis,
2404 3840 2673 3906 Balbina,
2719 3847 2776 3895 et
2815 3840 3142 3912 Theodora,
3194 3848 3249 3896 et
3278 3842 3491 3897 annuis
3532 3842 3715 3896 sacris

2067 3917 2180 3969 Deo
2214 3927 2388 3982 super
2434 3911 2533 3966 illa
2569 3912 2779 3966 oblatis
2808 3911 3037 3981 publica
3068 3912 3325 3968 ﬁdelium
3351 3914 3714 3969 veneratione

2067 3986 2395 4041 eorumdem
2429 3983 2716 4038 memoria
2744 3982 3159 4039 recolebantur.

2139 4058 2260 4110 Non
2290 4060 2457 4125 negat
2475 4053 2939 4125 Schelestralius,
2970 4054 3027 4109 in
3058 4054 3407 4124 exemplaria
3439 4054 3716 4111 nonnulla

2067 4130 2337 4183 Actorum
2372 4124 2441 4179 ’S.
2480 4124 2789 4179 Alexandri
2822 4126 3079 4194 sequiori
3110 4132 3273 4181 atate
3309 4127 3595 4196 descripta
3628 4127 3717 4180 ir-

2071 4199 2319 4267 repsisse
2347 4196 2574 4267 aliquot
2606 4196 2804 4251 menda
2836 4214 2851 4265 ;
2887 4197 3002 4251 imo
3030 4197 3331 4253 admonuit
3351 4211 3474 4253 esse
3495 4198 3716 4267 distin—

2071 4265 2293 4340 guenda
2327 4265 2670 4340 interpolata
2695 4281 2727 4322 a
2749 4268 3019 4340 genuinis
3044 4268 3208 4339 (diss.
3239 4284 3299 4335 ll,
3328 4282 3449 4338 cap.
3476 4267 3531 4340 3,
3557 4283 3613 4337 n,
3642 4265 3707 4336 4).

2071 4337 2292 4395 Iudicat
2315 4353 2445 4394 cum
2468 4338 2731 4393 Baronio.
2760 4337 2831 4393 ex
2850 4337 3162 4395 Aureliano
3179 4340 3377 4408 judice
3394 4337 3505 4396 Sub
3528 4341 3718 4408 impe—

2072 4412 2160 4466 rio
2208 4410 2436 4480 Trajani
2488 4409 2561 4463 ab
2609 4409 3061 4464 amanuensibus
3112 4413 3376 4466 mendose
3430 4411 3713 4465 redditum

2070 4482 2441 4537 Aurelianum
2480 4481 2899 4548 imperatorem.
2931 4481 3187 4535 Fortasse
3219 4482 3391 4535 etiam
3412 4496 3481 4536 ex
3500 4482 3717 4535 Comite

2069 4555 2297 4620 Trajani
2340 4554 2399 4607 in
2427 4552 2689 4605 Parthica
2715 4551 3082 4618 expeditione
3110 4565 3398 4620 perperam
3438 4566 3717 4620 procusus

2069 4631 2155 4679 est
2184 4639 2353 4677 comes
2378 4625 2665 4689 utriusque
2709 4622 2940 4673 militia.
2980 4622 3232 4676 Titulum
3261 4623 3415 4676 enim
3451 4623 3605 4676 hunc
3635 4635 3717 4676 se-

2069 4696 2196 4751 rius
2224 4694 2511 4757 auditum,
2553 4704 2723 4760 quam
2765 4690 2993 4746 fuerant
3026 4693 3252 4761 Trajani
3294 4700 3570 4761 tempora,
3604 4705 3712 4747 non

2068 4766 2341 4836 negarim.
2376 4764 2604 4836 Comites
2637 4770 2818 4816 tamen
2846 4762 3251 4836 expeditionum
3278 4765 3547 4836 Romanis
3566 4763 3718 4836 prin-

2068 4833 2299 4905 cipibus
2323 4833 2612 4905 adfuisse,
2642 4845 2824 4905 eoque
2865 4833 3094 4905 nomine
3126 4834 3454 4890 honestatos
3494 4835 3603 4905 legi
3654 4834 3710 4905 in

2070 4903 2322 4977 publicis
2349 4903 2834 4977 inscriptionibus
2871 4903 3042 4977 annis
3076 4904 3377 4977 plusquam
3409 4903 3714 4974 sexagenis

2066 4974 2198 5033 ante
2243 4977 2545 5045 imperium
2590 4975 2842 5043 Trajani,
2874 4974 3076 5044 probat
3113 4974 3333 5031 celebre
3367 4988 3710 5031 monumen-

2067 5057 2187 5104 tum
2217 5050 2304 5103 Ti.
2326 5047 2536 5102 Plautii
2566 5045 2807 5112 Silvani,
2840 5045 2898 5101 in
2924 5046 3377 5116 agroTiburtino
3395 5047 3463 5101 ad
3486 5051 3708 5115 pontem

2067 5122 2357 5175 Lucanum
2382 5120 2572 5173 adhuc
2611 5122 2922 5185 superstes,
2958 5118 3337 5188 itanincisum,
3365 5124 3422 5173 et
3454 5118 3511 5171 in
3543 5118 3703 5173 Grut-

2065 5193 2174 5246 teri
2204 5192 2495 5246 Thesauro
2524 5201 2797 5243 excusum
2833 5200 2955 5259 pag.
2990 5184 3113 5244 453.

2210 5345 2285 5387 rt.
2336 5342 2581 5385 PLAVTIO.
2634 5341 2695 5383 Μ.
2742 5342 2793 5382 F.
2828 5369 2864 5380 ..
2900 5328 3275 5400 AN.(SILVAN0
3298 5329 3562 5400 AELIAN.).
3604 5336 3710 5386 etc.

2206 5417 2296 5457 ra.
2326 5414 2453 5455 vnn.
2484 5414 2672 5454 LEGAT.
2700 5413 2765 5453 ΕΤ
2796 5411 2955 5454 conm
2984 5399 3023 5453 Ι.
3050 5413 3237 5455 CLAvni
3274 5404 3313 5455 Ι.

2208 5485 2486 5527 CAESARIS.
2513 5484 2589 5525 IN.
2626 5483 2941 5525 anTANNtA.
2985 5484 3185 5527 CONSUL
3211 5476 3252 5526 l.

2211 5556 2411 5598 PROCOS
2432 5555 2610 5596 ASIAE.
2639 5555 2825 5595 LEGAT.
2854 5556 3152 5597 PROPRAET.
3177 5558 3429 5599 MOESIAE.

2140 5686 2302 5740 Hunc
2334 5683 2527 5757 igitur
2570 5684 2814 5757 comitem
2849 5683 3075 5757 Claudii
3094 5685 3437 5757 imperatoris
3462 5688 3522 5740 in
3560 5703 3715 5757 empe-

2070 5758 2277 5829 ditione
2321 5756 2645 5829 Britannica
2674 5768 2770 5823 per
2805 5755 2995 5810 varios
3019 5756 3369 5829 dignitatum
3408 5755 3714 5829 gradus’ad

2076 5827 2468 5900 praefecturam
2503 5825 2678 5880 Urbis
2708 5831 3050 5898 promotum,
3073 5831 3129 5883 et
3161 5825 3502 5901 legatum'in
3522 5829 3719 5895 Hispa-
