4036 6174
272 299 411 358 1157

1081 294 1400 352 HISTORIA
1435 296 1524 350 DE
1563 292 1739 351 VITIS
1776 289 1941 347 ROM.
1987 290 2182 347 PONT.
2225 319 2294 329 ——
2331 291 2385 346 S.
2429 292 2875 348 ALEXANDER.

3524 289 3666 347 4158

259 430 409 485 Cum
440 432 630 483 autem
653 423 815 479 nulla
842 423 1055 478 oblatio
1076 423 1183 479 rite
1214 425 1329 480 Deo
1369 424 1528 479 ﬁeret
1557 422 1666 477 nisi
1688 422 1907 491 adjecto
1945 417 2003 477 A
2028 417 2097 472 ad
2124 487 2135 491 _
2147 415 2498 491 baptismum
2554 416 2612 470 in
2664 414 2838 491 fonte,
2891 420 3010 470 tum
3055 414 3127 491 ad
3140 416 3561 491 __aspersionem
3583 489 3591 491 Α
3617 418 3677 472 in

262 501 412 567 sale,
444 498 593 569 quod
620 501 958 567 praceperat
984 496 1261 569 Dominus
1287 495 1517 569 Leviiici
1546 509 1608 563 tt,
1638 490 1909 569 verslil3:

261 568 827 639 Quidquidobtuleris
848 570 1122 635 sacriﬁcii,
1163 568 1276 621 sale
1296 568 1513 621 condies
1536 584 1553 632 ;
1582 582 1676 619 nec
1688 568 1916 639 auferes

262 645 355 697 sal
386 638 611 710 faderis
642 641 737 693 Dei
762 641 844 692 tui
869 639 934 692 de
958 641 1223 708 sacriﬁcio
1242 644 1366 692 tuo:
1394 640 1453 691 in
1480 639 1625 691 omni
1646 638 1916 710 oblatione

263 720 367 768 tua
386 708 616 779 auferes
648 712 749 776 sal,
811 710 1074 779 apostoli,
1108 718 1159 763 et
1192 711 1508 779 pontiﬁces,
1556 715 1617 764 ut
1646 708 1918 762 insinua—

263 792 401 840 rent
428 782 770 838 Christianis
800 781 1070 848 oraturis,
1104 780 1220 836 sive
1266 783 1323 835 in
1355 779 1618 847 ecclesia,
1648 779 1762 833 sive
1808 779 1919 832 do—

267 857 370 935 mi,
420 868 651 935 precum
683 867 915 935 suarum
970 852 1182 935 ubique
1225 852 1640 935 oﬁerendarum
1682 850 1919 904 dedica—

268 924 493 983 tionem
536 940 567 980 a
610 924 906 980 Dominica
957 924 1221 994 passione
1272 924 1387 978 vim
1434 925 1756 994 percipere,
1793 934 1918 994 qua

270 1001 576 1055 universas
616 997 934 1051 eminenter
962 992 1253 1053 continet.
1300 1008 1365 1049 ac
1396 992 1626 1064 superat
1668 992 1920 1064 oblatio—

270 1085 401 1133 nes,
426 1069 508 1124 sal
540 1068 856 1123 admiscere
879 1081 1196 1137 congruum
1227 1062 1516 1121 duxerunt
1547 1066 1603 1120 in
1627 1078 1774 1134 aqua
1794 1062 1921 1118 dis-

270 1141 636 1206 solvendum,
667 1152 790 1209 qua
820 1136 1175 1193 invocatione
1196 1136 1673 1209 divininominis,
1701 1149 1765 1209 ac
1783 1146 1923 1203 pro-

265 1215 454 1269 ducto
468 1224 641 1280 super
664 1207 785 1264 eam
804 1209 1106 1277 signaculo
1130 1209 1322 1280 crucis
1344 1208 1554 1262 Christi
1578 1207 1922 1280 exprimeret

267 1290 496 1339 veteres
527 1276 846 1337 oblationes
870 1276 936 1334 in
959 1293 1105 1335 novo
1138 1278 1345 1334 fadere
1381 1276 1728 1334 dissolutas:
1754 1282 1810 1332 et
1830 1276 1923 1329 al-

269 1357 400 1412 tius
428 1359 743 1425 provectam
774 1352 841 1406 ad
872 1351 1135 1425 spiritum
1166 1351 1513 1425 expiandum
1549 1362 1747 1425 novam
1779 1349 1922 1401 hanc

268 1421 665 1503 aspersionem
685 1422 1005 1503 sanguinis,
1023 1428 1077 1503 ei
1097 1436 1278 1503 aqua,
1313 1434 1343 1476 e
1371 1421 1584 1503 Christi
1611 1421 1783 1475 latere
1800 1432 1924 1503 pro-

272 1492 554 1554 flu'entis:
587 1492 882 1563 multoque
908 1492 1244 1562 praclarius
1273 1492 1652 1547 conscientias
1698 1496 1924 1563 nostras

271 1571 418 1626 inde
444 1562 898 1633 mundatumiri,
933 1569 995 1619 ut
1024 1564 1103 1618 ait
1131 1563 1475 1633 Apostolus;
1520 1576 1689 1632 quam
1736 1562 1923 1616 Aaron

272 1648 334 1696 et
377 1640 575 1694 Levita
608 1636 876 1707 legalium
908 1634 1264 1690 victimarum
1300 1635 1600 1705 sanguine,
1640 1647 1707 1707 ac
1732 1634 1924 1707 cinere

272 1726 430 1779 aqua
458 1703 732 1780 permisto
757 1707 1194 1780 mandarentur.
1224 1707 1353 1780 _Huc
1378 1703 1508 1780 vero
1544 1704 1785 1780 pertinet
1815 1703 1925 1756 ad—

274 1774 500 1838 notati'o
528 1782 685 1835 adm.
720 1780 783 1832 R.
820 1780 876 1831 P.
925 1777 1141 1833 Calmet
1171 1778 1239 1832 ad
1266 1782 1436 1845 caput
1481 1774 1711 1831 Levitici
1760 1780 1925 1830 octa-

274 1868 415 1908 vum
466 1865 607 1907 vers.
663 1847 763 1904 l3:
794 1852 860 1902 In
890 1852 1035 1902 omni
1062 1849 1331 1902 oblatione
1380 1854 1474 1901 tua
1504 1848 1693 1915 offeres
1724 1847 1825 1911 sal,
1870 1850 1926 1898 et

274 1925 349 1980 ad
396 1915 770 1980 Numeroru‘m
803 1934 927 1990 cap.
953 1934 1075 1978 vui.
1111 1936 1160 1974 v.
1193 1915 1248 1986 7,
1280 1924 1334 1974 et
1359 1919 1427 1974 ad
1470 1932 1594 1987 cap.
1622 1932 1739 1990 xix.
1765 1930 1916 1990 vers.

278 1992 373 2063 47,
391 1995 489 2051 ubi
524 1994 675 2049 ritus
706 1986 1248 2063 aqua—lustrationis
1260 1986 1609 2063 pracipitur.
1627 1989 1709 2043 lbi
1726 2002 1792 2043 ex
1804 1986 1929 2063 Phi:

276 2058 441 2122 Ionis
489 2065 589 2121 lib.
635 2079 719 2126 lli,
750 2058 820 2119 de
851 2064 965 2117 vita
996 2062 1168 2118 Mosis
1214 2058 1326 2130 (cui
1373 2058 1507 2116 addi
1556 2066 1736 2130 potest
1767 2058 1926 2130 aliud

273 2139 539 2207 ejusdem
554 2135 812 2207 Philonis
824 2134 1106 2207 opuscuqu
1117 2148 1165 2187 m
1178 2128 1248 2207 de
1260 2133 1531 2187 Victimas
1542 2128 1931 2207 oﬁ'erentibus)

276 2202 561 2265 nonnulla
589 2206 829 2277 protulit
844 2202 911 2261 ad
927 2205 1396 2277 signiﬁcationem
1411 2203 1693 2277 ejusmodi
1714 2202 1929 2277 rituum

277 2273 629 2351 pertinentia
657 2279 807 2351 apud
834 2273 1125 2351 Hebraos:
1160 2282 1215 2331 et
1240 2276 1405 2351 plura
1430 2275 1677 2351 indicata
1707 2288 1775 2329 ex
1804 2273 1931 2326 Au—

278 2346 541 2423 gustino.
574 2364 640 2404 ac
685 2349 1023 2423 Theodoreti
1070 2346 1513 2423 quaestionibus
1540 2347 1595 2423 in
1628 2348 1925 2423 Numeros,

280 2418 418 2494 qua
437 2424 493 2477 in
522 2422 703 2492 ﬁgura
719 2420 1115 2494 aspersionum
1135 2420 1431 2489 legalium,
1457 2418 1671 2473 Christi
1695 2421 1927 2494 mor_tem

280 2486 726 2565 pranuntiante,
764 2486 1120 2565 purgationis
1142 2486 1348 2565 nostra
1368 2496 1680 2565 auctorem,
1711 2502 1778 2565 ac
1795 2486 1931 2541 fon-

278 2560 399 2622 iem
436 2572 493 2620 ut
524 2560 1040 2632 contemplaremur
1072 2576 1174 2617 nos
1202 2563 1542 2618 admonent:
1589 2561 1711 2632 hoc
1739 2560 1926 2628 ipsum

278 2643 527 2693 curante
549 2631 798 2690 Ecclesia
826 2634 884 2688 in
910 2633 1309 2688 benedictione
1328 2647 1513 2703 aqua,
1539 2646 1605 2687 ac
1636 2631 1795 2691 salis.
1818 2643 1929 2700 qua

283 2718 351 2765 ut
382 2706 1194 2778 conspergeremurrinstituit.
1234 2704 1718 2773 Quemadmodum
1748 2703 1931 2778 igitur

279 2795 355 2836 ex
403 2773 744 2834 Tertulliani
778 2777 1110 2832 testimonio
1140 2782 1307 2845 patet,
1352 2778 1528 2831 ritum
1555 2773 1929 2844 expansionis

279 2864 562 2907 manuum
592 2851 741 2904 inter
760 2847 1061 2916 orandum,
1093 2848 1243 2916 apud
1286 2847 1645 2903 Christianos
1675 2846 1745 2901 ab
1767 2851 1930 2901 atate

277 2922 599 2994 apostolica
621 2919 959 2994 profeetum,
986 2920 1314 2990 signiﬁcare
1340 2920 1658 2994 passionem
1680 2917 1930 2994 Domini:

279 2987 435 3057 cam,
468 2987 636 3063 quam
668 2991 1023 3063 conﬁtemur,
1050 2987 1111 3045 et
1150 3004 1219 3046 ex
1266 3005 1376 3061 qua
1416 2991 1532 3045 vim
1584 2987 1927 3059 impetrandi

284 3065 557 3136 precibus
595 3078 628 3118 a
654 3065 769 3136 Deo
801 3062 979 3136 tribui
1027 3075 1339 3136 speramus
1355 3075 1452 3132 per
1482 3063 1785 3136 Dominum
1819 3073 1931 3115 no-

284 3133 475 3193 Strum
504 3137 691 3190 Jesum
739 3135 1053 3191 Christum.
1105 3134 1273 3203 cujus
1327 3133 1682 3188 invocatione

285 3208 695 3265 concludimus
716 3224 731 3265 ς
762 3206 841 3259 ita
858 3206 1010 3259 enim
1033 3204 1269 3259 initium
1287 3205 1488 3259 orandi
1513 3204 1756 3258 facimus
1772 3218 1803 3258 a
1820 3203 1929 3257 ﬁde

284 3279 584 3350 passionis
610 3277 845 3350 Christi,
872 3290 937 3350 ea
970 3289 1076 3331 nos
1103 3289 1252 3345 aqua
1276 3281 1657 3350 aspergentes,
1682 3275 1931 3350 incujus

277 3345 408 3407 ritu
436 3354 720 3419 appareat,
747 3347 911 3402 fateri
932 3361 1057 3415 nos,
1078 3353 1133 3401 et
1163 3347 1411 3419 credere,
1434 3359 1655 3401 omnem
1676 3345 1889 3400 oblatio
1910 3370 1934 3380 ο

282 3436 419 3478 nem
473 3418 713 3475 veterem
778 3419 942 3489 longe
1000 3418 1261 3486 superari
1304 3430 1335 3472 a
1393 3420 1931 3472 commemoratione

276 3492 602 3549 Dominica
629 3490 1031 3556 dedicationis,
1076 3503 1176 3545 seu
1209 3489 1500 3543 Passionis
1547 3494 1601 3544 et
1631 3489 1926 3556 sacriﬁcii,

281 3564 440 3635 quod
466 3576 633 3635 cruce
666 3562 960 3635 producta,
983 3567 1041 3635 et
1079 3563 1436 3635 sacerdotum
1464 3560 1730 3629 precibus
1758 3574 1931 3629 super

282 3631 498 3704 aquam
518 3633 664 3689 fusis
684 3633 928 3687 Ecclesia
949 3633 1058 3686 rite
1073 3631 1330 3687 recolend
1342 3645 1432 3685 um
1451 3635 1671 3699 accepit
1688 3647 1755 3686 ex
1771 3638 1933 3686 atate

284 3705 631 3775 apostolica,
656 3706 895 3773 ejusque
920 3704 1202 3758 indicium
1239 3715 1483 3775 perenne
1506 3704 1789 3757 asservari
1811 3707 1930 3757 tum

284 3773 349 3832 in
388 3775 642 3845 publicis
666 3775 1128 3830 Christianorum
1162 3773 1560 3842 conventibus,
1582 3779 1702 3829 tum
1736 3776 1795 3828 in
1824 3774 1933 3841 pri-

283 3849 442 3903 vatis
512 3846 817 3902 domibus:
874 3847 956 3900 uti
1015 3845 1335 3899 Alexander
1409 3858 1546 3914 papa
1620 3845 1928 3909 mandavit,

284 3918 693 3975 auctoritatem
754 3922 986 3972 secutus
1018 3916 1191 3984 hujus
1236 3916 1491 3971 instituti
1525 3916 1591 3971 ad
1634 3918 1933 3985 superiora

286 3998 546 4059 tempora
602 3987 901 4043 referendi.
961 3987 1435 4059 quemadmodum
1482 4002 1549 4042 ex
1578 3988 1933 4043 Tertulliano

284 4058 616 4132 colligitur.
631 4060 881 4132 aliisque
898 4058 1283 4132 scriptoribus
1302 4074 1331 4132 a
1350 4060 1928 4132 Baronioproductis,

363 4129 608 4201 Equum
637 4145 770 4185 vero
803 4129 934 4198 fuit,
971 4136 1034 4184 ut
1065 4130 1372 4185 Alexandri
1404 4136 1567 4185 atate
1600 4130 1933 4199 hujusmodi

286 4205 585 4259 decretum
598 4201 1721 4257 stabiliussanciretur.Cumenimillius
1734 4202 1936 4270 proxi-

290 4289 426 4329 mus
454 4275 719 4329 decessor
740 4275 1034 4328 Evaristus
1061 4272 1266 4327 titulos
1294 4273 1564 4328 Romanis
1590 4272 1938 4343 presbyteris

286 4345 603 4411 divisisset,
636 4344 735 4470 ului
758 4352 1070 4400 conventus
1091 4352 1252 4398 erant
1276 4344 1531 4399 ﬁdelium
1559 4345 1627 4399 ad
1671 4358 1934 4415 synaxes,

288 4423 351 4470 et
366 4430 559 4470 nreces
573 4432 647 4470 ou
695 4416 830 4470 licas
849 4435 863 4470 :
879 4415 1195 4470 curandum
1210 4414 1342 4470 fuit.
1361 4422 1425 4469 ut
1440 4416 1586 4470 ritus
1604 4416 1934 4470 inchoanda

288 4423 351 4473 et
366 4430 559 4486 preces
573 4414 830 4485 publicas
849 4435 863 4478 ς
879 4415 1195 4471 curandum
1210 4414 1342 4484 fuit,
1361 4422 1425 4469 ut
1440 4416 1586 4470 ritus
1604 4416 1937 4471 inchoanda

288 4489 583 4544 orationis
610 4502 642 4543 a
670 4487 985 4557 majoribus
1008 4488 1257 4542 traditus
1286 4487 1343 4558 in
1377 4486 1569 4558 titulis
1594 4486 1938 4558 diligentius

290 4559 711 4616 observaretur.
748 4560 1040 4614 Crescente
1069 4564 1256 4612 autem
1292 4557 1547 4611 ﬁdelium
1573 4557 1810 4614 numero
1843 4572 1939 4628 per

290 4632 684 4685 accessionem
720 4632 982 4685 Romana
1032 4628 1359 4685 nobilitatis
1388 4629 1457 4683 ad
1511 4629 1803 4685 Christum
1831 4630 1939 4684 sub

291 4702 623 4756 Alexandro
670 4699 957 4769 pontiﬁce,
992 4712 1131 4755 nova
1162 4700 1217 4753 in
1270 4699 1396 4753 dies
1447 4701 1695 4755 oratoria
1730 4700 1943 4769 funda-

290 4772 528 4827 bantur.
561 4778 616 4826 et
646 4772 969 4826 cameteria
997 4770 1425 4840 aperiebantur,
1458 4770 1554 4824 ubi
1590 4771 1790 4826 ﬁerent
1812 4770 1942 4827 col-

292 4845 477 4899 lecta.
525 4843 717 4912 Neque
745 4842 836 4897 his
882 4844 1077 4898 deesse
1101 4841 1302 4896 debuit
1332 4841 1524 4895 eadem
1552 4846 1762 4896 tessera
1797 4857 1933 4911 pur-

291 4913 554 4985 gationis
581 4921 712 4968 ante
745 4912 1081 4985 orationem.
1116 4912 1240 4981 Quo
1266 4912 1419 4966 enim
1440 4914 1784 4985 accuratius
1809 4913 1940 4985 abs-

292 4982 664 5055 iergerentur
694 4983 927 5038 macula
956 4984 1335 5053 pracedentes
1362 4997 1393 5037 a
1426 4982 1680 5055 ﬁdelium
1714 4984 1943 5055 animis

290 5057 365 5111 ad
396 5052 677 5110 orandum
711 5069 771 5109 se
799 5055 1290 5122 comparantibus,
1313 5054 1613 5109 excitanda
1640 5052 1752 5109 fuit
1780 5053 1939 5122 ﬁdes,

291 5140 449 5195 spes,
469 5126 742 5192 cbaritas,
769 5126 829 5180 in
854 5125 958 5179 hac
981 5125 1327 5195 aspersione,
1358 5139 1527 5195 quam
1552 5125 1945 5181 Tertullianus

290 5198 561 5267 appellat
579 5199 893 5250 memoriam
915 5198 1275 5250 dedicationis
1308 5197 1528 5251 Christi.
1558 5199 1624 5252 Et
1654 5210 1768 5266 quo
1790 5210 1944 5252 cave-

292 5266 461 5324 retur
489 5266 794 5330 eﬁicacius,
826 5281 894 5321 ne
936 5266 1083 5322 alias
1131 5268 1501 5334 imposterum
1544 5269 1946 5324 contraherent

292 5340 480 5407 labes,
506 5353 635 5407 qua
659 5352 852 5407 preces
873 5339 1174 5401 vitiarent;
1203 5340 1581 5394 invocandum
1607 5338 1720 5395 fuit
1744 5346 1943 5395 contra

293 5410 585 5480 malignos
602 5410 866 5478 spiritus,
888 5408 1153 5465 felicitati
1177 5417 1383 5464 nostra
1408 5411 1745 5474 invidentes,
1769 5418 1824 5464 et
1845 5412 1945 5465 in—

291 5481 488 5536 sidias
515 5486 799 5548 parantes,
833 5481 1013 5535 nostri
1048 5481 1438 5550 Redemptoris
1462 5480 1812 5549 prasidium,
1843 5496 1944 5537 sa-

290 5552 557 5607 cerdotis
580 5565 713 5606 voce
733 5552 1017 5621 jussuque
1040 5552 1151 5606 rite
1176 5558 1460 5620 praeunte
1494 5551 1549 5604 in
1575 5565 1735 5619 aqua
1768 5552 1943 5619 hujus

289 5623 683 5690 dedicatione,
732 5638 796 5676 ac
841 5624 1204 5691 exorcismis,
1250 5623 1318 5675 ad
1356 5622 1601 5687 impetus
1646 5621 1942 5678 rebellium

292 5696 412 5749 Deo
429 5693 740 5762 spirituum
763 5692 971 5748 virtute
987 5694 1204 5748 Christi
1232 5692 1594 5762 frangendos,
1618 5699 1674 5746 et
1688 5706 1947 5749 coercen-

292 5767 425 5821 dos.
453 5766 579 5819 Hac
600 5764 793 5819 omnia
807 5778 936 5819 cum
952 5764 1095 5820 satis
1120 5763 1366 5832 explicet
1389 5763 1834 5833 antiquissimus
1858 5767 1947 5821 ri—

294 5840 421 5907 tus,
456 5842 509 5891 et
542 5850 683 5892 usus
712 5849 875 5904 aqua
895 5834 1315 5904 benedicenda,
1349 5836 1792 5907 etasservanda,
1823 5843 1941 5893 tum

1736 3144 1930 3202 preces
1959 3122 2008 3185 C

2030 487 2197 543 atriis
2226 485 2622 557 ecclesiarum,
2645 500 2672 539 a
2695 487 2878 556 prima
2922 490 3086 540 atate
3114 485 3346 542 illarum
3371 487 3676 545 fundatio—

2031 560 2142 626 nis,
2166 573 2291 629 qua
2322 560 2604 629 originem
2634 556 3248 629 ostenditChristiana
3269 557 3570 629 religionis
3591 573 3680 614 ex-

2029 628 2522 699 ordiosupparem
2548 648 2561 694 ;
2591 643 2701 683 non
2718 634 2804 683 est
2824 642 2929 683 cur
2952 628 3180 683 diutius
3213 628 3585 685 immoremur
3620 632 3678 684 in

2027 702 2342 757 Alexandri
2360 702 2608 769 decreto,
2632 706 2735 755 aut
2765 700 3198 768 opportunitate
3227 701 3482 768 ejusdem
3520 715 3673 755 com«

2032 772 2351 841 probanda;
2382 786 2446 827 eo
2472 772 2837 841 potissimum
2857 778 3128 839 tempore,
3146 785 3258 840 quo
3279 771 3580 825 titulorum
3598 772 3684 827 dio

2025 844 2176 925 visio
2214 843 2608 925 peragebatur,
2626 849 2682 898 et
2709 843 3170 924 Christianarum
3190 841 3685 925 adiumfrequen-

2031 917 2112 970 tia
2153 914 2514 984 quotidianis
2567 914 2893 983 augmentis
2922 914 3186 981 majorem
3222 915 3425 968 orandi
3458 915 3680 982 c0piam

2034 985 2318 1056 prabebat
2345 987 2464 1040 sive
2506 986 2563 1039 in
2592 992 2874 1040 conventu
2906 985 3167 1039 universi
3190 989 3373 1040 catus
3397 985 3681 1052 ﬁdelium,

2032 1058 2153 1113 sive
2187 1059 2242 1112 in
2275 1057 2520 1126 privatis
2549 1056 2871 1111 recessibus
2897 1056 3284 1123 singulorum.

2104 1130 2275 1183 Linea
2299 1128 2354 1182 8.
2380 1158 2452 1167 —
2477 1127 2582 1192 Qui
2624 1130 2786 1181 etiam
2815 1128 3061 1197 sepultus
3091 1132 3169 1181 est
3192 1129 3285 1180 via
3336 1128 3684 1183 Nomentana

2031 1200 2127 1252 ubi
2157 1200 2454 1252 decollatus
2497 1204 2596 1268 est,
2627 1199 2696 1252 ab
2744 1199 2877 1251 urbe
2901 1200 3068 1252 Roma
3089 1214 3198 1251 non
3238 1198 3393 1265 longe
3416 1199 3683 1252 milliaria

2034 1284 2130 1323 vn.
2182 1270 2579 1325 Cameterium
2627 1269 2711 1325 ibi
2760 1282 2792 1324 a
2834 1269 3103 1324 ﬁdelibus
3146 1278 3576 1324 constructum:
3613 1283 3687 1324 ex

2034 1355 2149 1411 quo
2178 1343 2351 1396 etiam
2377 1347 2542 1396 atate
2572 1348 2768 1397 nostra
2794 1346 3051 1395 extracta
3079 1339 3262 1395 fuisse
3293 1340 3679 1410 aliquotcor—

2034 1426 2171 1482 pora
2196 1418 2522 1468 sanctorum
2559 1418 2874 1480 martyrum
2897 1419 3173 1467 memorat
3198 1413 3258 1465 V.
3293 1413 3351 1465 C.
3378 1411 3681 1467 Boldettus

2035 1483 2227 1609 Libuit,
2259 1498 2383 1554 cap.
2421 1482 2507 1555 48,
2535 1499 2659 1555 pag.
2686 1481 2813 1553 569,
2864 1482 3341 1539 Observationum
3364 1484 3433 1538 ad
3464 1482 3687 1538 Came-

2094 1570 2141 1610 ri
2186 1597 2198 1609 .

2709 1642 3011 1699 CIACONII

2105 1733 2277 1788 Linea
2304 1730 2356 1788 3.
2383 1762 2451 1770 -—
2474 1734 2576 1785 Ilio
2599 1733 2911 1800 passionem
2939 1733 3157 1785 Domini
3202 1733 3421 1785 miscuit
3466 1733 3526 1785 in
3552 1748 3689 1802 pre-—

1950 1796 2003 1856 B
2034 1806 2299 1857 cationem
2352 1796 2710 1865 sacerdotum,
2783 1804 3004 1871 quando
3078 1806 3257 1856 missa
3317 1796 3684 1856 celebrantur.

2034 1876 2089 1929 S.
2121 1875 2438 1929 Alexander
2462 1875 2518 1928 in
2541 1874 2867 1928 memoriam
2894 1873 3181 1942 passionis
3199 1873 3439 1935 Christi,
3467 1875 3689 1943 primus

2041 1946 2099 2000 in
2132 1946 2421 2001 sacriﬁcio
2469 1946 2657 1999 missa
2700 1945 2947 2013 addidit,
2984 1944 3087 2009 Qui
3115 1946 3295 2013 pridie
3326 1961 3491 2013 quam
3512 1951 3684 2015 patec

2036 2021 2206 2083 retur,
2240 2030 2422 2143 usgue
2452 2017 2518 2070 ad
2551 2015 2747 2071 verba:
2790 2018 2901 2069 Hoc
2926 2021 3004 2069 est
3050 2032 3244 2084 corpus
3269 2032 3465 2069 meum.

2112 2090 2283 2143 Linea
2354 2130 2364 2140 .
2394 2118 2463 2128 -—-
2492 2090 2594 2141 Hic
2623 2089 2923 2143 constituit.
2972 2104 3176 2143 aquam
3213 2089 3465 2143 asnersio:

2112 2090 2283 2143 Linea
2310 2089 2364 2143 5.
2394 2118 2463 2128 --
2492 2090 2594 2141 Hic
2623 2089 2923 2151 constituit,
2972 2104 3176 2155 aquam
3213 2089 3547 2156 aspersionis
3568 2103 3688 2141 cum

2040 2160 2154 2213 sale
2181 2160 2491 2213 benediciin
2511 2159 2840 2212 habitaculis
2872 2158 3183 2224 hominum;
3214 2158 3282 2213 ad
3316 2159 3519 2214 horum
3562 2160 3686 2214 sci-

2042 2230 2179 2286 licet
2211 2230 2691 2301 puriﬁcationem,
2741 2230 3140 2300 damonesque
3170 2228 3470 2301 fugandos.

2752 2338 2957 2394 PAGII.

2114 2429 2281 2484 Linea
2332 2426 2385 2484 3.
2420 2458 2489 2467 —
2536 2429 2636 2481 Hic
2702 2429 3010 2496 passionem
3081 2428 3297 2483 Domini
3368 2428 3587 2481 miscuit
3632 2430 3690 2480 in

2032 2504 2347 2571 precatione
2397 2500 2755 2563 sacerdotum,
2780 2499 3029 2571 Aquando
3077 2500 3257 2571 missa
3293 2499 3686 2571 _celebrantur.

2037 2569 2119 2627 Ad
2148 2586 2275 2641 qua
2305 2571 2474 2626 verba
2524 2573 2724 2625 Petrus
2755 2569 3143 2624 Urbevetanus
3195 2570 3252 2624 in
3283 2569 3535 2625 Scholiis
3589 2571 3689 2625 in—

2039 2645 2216 2699 editis
2265 2648 2443 2707 notat,
2494 2643 2573 2694 ibi
2601 2642 2852 2695 videlicet
2891 2646 3002 2694 tam
3056 2642 3224 2695 beata
3246 2643 3538 2710 passionis.
3571 2641 3689 2696 Alii

2038 2716 2209 2771 etiam
2261 2714 2474 2783 passim
2534 2712 2801 2768 scribunt
2848 2712 2991 2767 hanc
3033 2712 3370 2779 orationem,
3431 2713 3584 2766 Unde
3641 2717 3690 2766 et

2037 2800 2312 2851 memores,
2338 2786 2579 2850 Domine,
2616 2798 2743 2853 qua
2778 2790 2903 2853 post
2927 2784 3414 2838 consecrationem
3451 2797 3482 2838 a
3509 2797 3690 2839 sacer-

2038 2858 2170 2913 dote
2196 2858 2437 2923 dicitur,
2469 2855 2541 2909 ab
2570 2855 2893 2910 Alexandro
2923 2855 3272 2909 institutam.
3313 2855 3417 2910 Sed
3469 2855 3518 2910 si
3556 2869 3692 2923 pre—

2040 2930 2160 2984 cise
2179 2929 2250 2983 de
2278 2928 2552 2982 memoria
2580 2926 2870 2995 passionis
2892 2939 3079 2980 sermo
3110 2927 3207 2989 sit,
3235 2925 3355 2979 sive
3391 2926 3540 2980 istis.
3567 2927 3693 2980 sive

2039 3001 2178 3055 aliis
2209 2998 2399 3054 verbis
2425 2998 2542 3063 ﬁat,
2567 3011 2631 3052 ea
2657 3003 2811 3052 certe
2837 3010 2949 3051 non
2979 2995 3111 3063 fuit,
3154 2996 3349 3064 inquit
3373 2997 3689 3051 cardinalis

2043 3072 2192 3126 Bona
2239 3070 2342 3125 lib.
2399 3082 2437 3121 ιι
2488 3082 2598 3122 rer.
2660 3068 2939 3138 Liturgic.
2991 3079 3115 3136 cap.
3149 3064 3233 3131 l3,
3288 3064 3427 3138 n.3,
3483 3066 3555 3122 ab
3586 3067 3691 3122 hoc

2037 3148 2234 3197 sancto
2266 3139 2531 3210 pontifice
2550 3136 2847 3210 instituta,
2862 3137 3221 3210 utpraclare
3240 3136 3513 3210 Aobservat
3534 3138 3694 3210 Baro~

2041 3215 2177 3268 nius
2214 3208 2364 3266 anno
2408 3208 2529 3275 432,
2586 3223 2743 3263 num.
2776 3208 2828 3271 3,
2860 3208 3134 3263 habemus
3161 3208 3312 3261 enim
3372 3208 3475 3262 hac
3513 3209 3584 3262 de
3631 3222 3691 3263 re

2038 3296 2369 3352 expressum
2426 3278 2859 3352 inEvangeliis
2926 3285 3267 3352 praceptum
3326 3279 3590 3352 Domini,
3634 3286 3691 3334 et

2039 3347 2253 3409 Paulus
2280 3353 2338 3406 in
2370 3352 2477 3407 lad
2496 3347 2757 3405 Corinth.
2783 3363 2899 3418 cap.
2931 3347 3019 3419 ll,
3050 3348 3405 3403 luculentum
3432 3350 3686 3417 ejusdem

2041 3426 2123 3480 rei
2152 3423 2547 3479 testimonium
2570 3420 2779 3491 prabet
2802 3420 3031 3476 dicens:
3076 3420 3508 3489 Quotiescunque
3538 3437 3688 3475 man-
3782 3426 3795 3433 '

2039 3496 2314 3550 ducabitis
2357 3509 2554 3563 panem
2603 3493 2761 3557 hunc,
2816 3496 2865 3544 et
2916 3492 3133 3545 calicem
3198 3491 3423 3563 bibatis,
3468 3498 3693 3546 mortem

2040 3568 2257 3621 Domini
2294 3562 2716 3629 annuntiabitis,
2760 3563 2925 3616 donec
2953 3566 3157 3616 veniat.
3187 3563 3339 3617 Idem
3365 3562 3502 3617 libri
3540 3564 3691 3618 Pon—

2041 3637 2275 3693 tiﬁcalis
2321 3644 2521 3691 auctor
2548 3635 2651 3696 ait,
2685 3634 3071 3688 Alexandrum
3102 3634 3421 3688 decrevisse
3452 3640 3516 3689 ιιι
3543 3647 3693 3703 aqua

2041 3709 2340 3765 benedicta
2390 3708 2448 3762 in
2507 3706 2856 3760 habitaculis
2909 3705 3204 3760 hominum
3258 3710 3686 3759 asservaretur:

2042 3794 2210 3851 quem
2245 3792 2409 3835 usum
2442 3791 2604 3851 aqua
2632 3776 2942 3851 benedicta
2970 3775 3042 3830 ab
3067 3776 3348 3851 aposiolis
3379 3776 3695 3851 traditione

2042 3845 2390 3911 émanatum,
2419 3855 2475 3903 et
2497 3845 2822 3902 'Alexandri
2853 3848 3079 3902 decreto
3120 3845 3446 3901 stabilitum
3494 3846 3694 3915 probat

2044 3922 2326 3978 Baronius
2373 3921 2497 3976 loco
2542 3923 2738 3974 citato.
2788 3919 3062 3973 Sacerdos
3092 3918 3161 3972 ad
3199 3919 3691 3973 consecrationem

2044 3994 2318 4049 accedens
2353 3990 2649 4061 pramittit
2683 3990 2825 4044 hanc
2857 3990 3212 4061 orationem:
3248 3988 3413 4053 Quem
3456 3990 3692 4043 oblatio-

2044 4082 2182 4131 nem,
2216 4071 2324 4119 etc.
2355 4060 2499 4117 Tum
2532 4062 2616 4117 ait
2646 4062 2913 4116 sacerdos
2941 4079 2953 4114 :
2990 4060 3096 4126 Qui
3122 4061 3306 4130 pridie
3337 4076 3503 4129 quam
3529 4066 3697 4130 pate—

2044 4142 2216 4198 retur,
2248 4136 2450 4203 accepit
2476 4148 2696 4202 panem,
2721 4137 2828 4203 etc.
2860 4131 3039 4201 Quam
3072 4131 3416 4191 clausulam,
3447 4134 3546 4203 qui
3568 4134 3697 4201 pri-

2048 4208 2155 4277 die,
2201 4201 2497 4277 etc.iuem
2545 4209 2747 4277 auctor
2777 4202 2913 4277 libri
2957 4202 3331 4277 Pontiﬁcalis,
3378 4201 3696 4277 Valfridus,

2046 4285 2102 4333 et
2126 4275 2253 4345 alii,
2280 4276 2350 4331 ab
2379 4276 2705 4331 Alexandro
2749 4275 3003 4330 additam
3031 4275 3254 4344 Opinati
3281 4281 3440 4330 sunt.
3462 4275 3567 4345 sed
3601 4288 3697 4330 re—

2047 4350 2201 4405 ctius
2233 4344 2409 4403 Sentit
2438 4347 2721 4403 Alcuinus
2746 4347 2916 4401 etiam
2943 4346 3226 4415 apostolis
3253 4346 3311 4400 in
3358 4361 3463 4401 usu
3492 4344 3693 4415 fuisse,

2047 4421 2117 4477 de
2156 4435 2292 4491 quo,
2336 4419 2511 4475 sicuti
2564 4419 2712 4491 etde
2760 4418 3209 4491 consecratione,
3242 4418 3484 4491 ejusque
3516 4415 3697 4491 forma

2048 4498 2105 4563 et
2137 4484 2290 4560 ritu,
2310 4491 2429 4563 lege
2457 4488 3124 4563 Bonam‘locoiaudato;
3156 4484 3353 4563 q_ui’et_
3381 4484 3606 4563 ἀψὲ-9,,
3636 4501 3692 4563 ιιΣ

2049 4562 2104 4634 3,
2133 4557 2412 4628 observai,
2437 4574 2642 4630 aquam
2677 4559 2734 4612 in
2763 4558 2942 4613 calice
2966 4560 3099 4634 vino
3128 4557 3357 4612 misceri
3388 4570 3454 4610 ex
3476 4557 3695 4634 Christi

2052 4628 2440 4700 institutione,
2476 4628 2587 4687 non
2620 4643 2771 4698 vero,
2828 4636 2895 4700 ut
2922 4628 3164 4700 quidam
3202 4639 3492 4700 perperam
3524 4629 3695 4700 scri—

2050 4706 2216 4773 bunt,
2239 4719 2305 4759 ex
2335 4697 2562 4759 decreto
2592 4697 2901 4773 Alexandri
2933 4716 2946 4751 :
2982 4699 3082 4767 qui
3106 4697 3241 4773 ideo
3271 4698 3494 4773 dicitur
3521 4697 3695 4767 hujus

2051 4769 2345 4831 mistionis
2369 4780 2592 4840 auctor,
2628 4771 2763 4842 quia
2799 4770 3074 4842 adversus
3105 4769 3503 4842 hareticorum
3527 4782 3696 4823 erro-

2053 4861 2160 4911 res,
2197 4846 2347 4915 quod
2380 4858 2449 4898 ex
2478 4839 2730 4915 Domini,
2766 4846 2823 4915 et
2850 4839 3235 4915 apostolorum
3259 4840 3577 4915 traditione
3609 4853 3693 4894 ac-

2051 4910 2295 4986 ceperat,
2336 4915 2551 4983 scripto
2600 4911 3199 4986 ﬁrma_vit._Pr_olixam
3242 4910 3312 4965 de
3358 4910 3466 4986 huc
3514 4923 3691 4986 argu-

2052 4980 2240 5042 mento
2285 4980 2526 5055 scripsit
2560 4982 2860 5055 epistolam
2878 4982 2932 5055 ξ.
2961 4982 3283 5055 Cyprianus
3307 4981 3376 5036 ad
3392 4980 3693 5055 Caecilium

2052 5059 2256 5114 ordine
2286 5057 2373 5124 63,
2416 5051 2609 5126 quam
2644 5054 2840 5126 laudat
2885 5052 2941 5107 S.
2986 5053 3352 5123 Augustinus
3391 5051 3496 5106 lib.
3532 5064 3586 5105 IV
3626 5052 3696 5107 de

2051 5132 2242 5186 Doctr.
2272 5122 2511 5194 Christ,
2543 5140 2665 5195 cap.
2716 5122 2807 5179 24.

2126 5200 2296 5255 Linea
2332 5197 2379 5254 4.
2415 5192 2785 5265 -Μαὶοίῃναίο
2815 5200 3125 5250 coronatur.
3154 5194 3401 5249 Tertiam
3428 5192 3695 5265 Ecclesia

2059 5271 2507 5341 persecutionem
2554 5268 2625 5322 ab
2655 5264 2805 5341 anno
2832 5267 3050 5341 Christi
3078 5267 3388 5341 centesimo
3427 5264 3692 5341 septimo,

2054 5335 2286 5413 Trajani
2344 5340 2710 5413 imperatoris
2756 5339 2977 5394 decimo
3025 5338 3256 5413 orditur
3302 5335 3593 5413 Eusebius
3634 5336 3691 5390 in

2056 5409 2348 5469 chronico.
2383 5409 2519 5482 qtlta
2568 5410 2795 5482 scilicet
2836 5423 2903 5464 eo
2960 5423 3109 5465 anno
3163 5409 3474 5482 plurimum
3505 5413 3693 5482 aucta,

2056 5499 2239 5553 usque
2263 5486 2329 5539 ad
2362 5476 2590 5551 Traiani
2619 5481 2839 5536 obitum
2872 5485 2956 5553 est
2987 5481 3344 5553 continuata.
3372 5481 3536 5553 Anno
3572 5476 3695 5553 iii,

2054 5550 2182 5611 cum
2232 5550 2795 5609 l’linius'Secundus
2828 5552 3105 5621 Bithynia
3148 5551 3451 5620 proconsul
3501 5550 3700 5605 habita

2056 5626 2372 5696 quastione
2390 5626 2461 5680 de
2480 5624 2849 5689 Christianis,
2872 5638 2969 5679 eos
2989 5622 3153 5678 falsis
3172 5622 3520 5696 criminibus
3540 5636 3703 5696 accu-

2053 5694 2168 5753 sari
2201 5696 2691 5765 deprehendisset,
2723 5697 2790 5751 ad
2815 5696 3121 5763 Trajanum
3145 5694 3378 5763 scripsit
3398 5694 3698 5765 epistolam

2052 5782 2225 5838 xcvn,
2263 5768 2397 5823 libri
2422 5781 2476 5825 x.
2505 5767 2819 5835 retulitque
2844 5780 2939 5822 eos
2967 5765 3202 5838 nullius
3234 5766 3571 5838 impietatis,
3599 5771 3702 5819 aut

2052 5836 2388 5898 violationis
2439 5839 2628 5909 legum
2659 5852 2783 5894 esse
2823 5851 2983 5893 reos:
3019 5850 3081 5893 se
3122 5836 3308 5894 solum
3336 5836 3696 5892 animadver-
