4036 6174
363 262 501 319 4459

1565 259 1929 317 ANASTASII
1988 258 2537 316 BIBLIOTHECARII

3636 255 3777 316 4460

362 387 525 454 tisse,
559 386 707 454 quod
737 385 921 455 primo
945 384 1209 441 diluculo
1230 396 1479 441 asomno
1505 384 1763 452 excitati,
1785 382 2015 455 Christo
2043 384 2099 442 A
2123 383 2379 455 lgnatius
2409 382 2715 455 episcopus
2774 381 3166 455 Antiochenus
3207 395 3277 436 ex
3306 381 3506 455 eodem
3536 381 3780 455 Eusebii

361 467 636 526 tanquam
663 454 775 511 Deo
806 457 1046 526 hymnos
1076 461 1379 511 canerent:
1406 462 1669 510 caeterum
1704 454 2011 526 adulteria,

363 525 704 584 homicidia.
730 534 785 583 et
818 525 1041 597 reliqua
1066 528 1396 596 hujusmodi
1415 525 1657 580 crimina
1686 525 1818 580 illos
1840 525 2011 597 etiam

361 600 641 663 aversari,
666 596 987 668 cunctaque
1008 613 1074 653 ex
1113 599 1444 667 praescripto
1467 597 1651 665 legum
1679 609 1863 665 agere.
1898 596 2014 650 Re-

363 670 601 739 scripsit
643 671 921 738 Trajanus
965 670 1019 724 in
1071 671 1186 724 hare
1239 669 1444 723 verba:
1498 668 1870 736 Conquirendi
1905 682 2013 719 non

364 749 531 795 sunt:
564 743 613 794 si
640 742 964 808 deferantur
993 746 1041 793 et
1095 745 1429 807 arguantur,
1472 740 1740 808 puniendi
1775 745 1923 791 sunt.
1949 740 2009 792 ln

365 812 466 866 illa
502 813 897 881 persecutione
934 811 1158 865 Simeon
1186 811 1451 881 Cleophis
1493 809 1650 864 filius
1681 808 2013 881 Hierosoly-

366 879 586 938 morum
618 883 922 951 episcOpus
946 895 1129 936 annos
1162 888 1329 936 natus
1362 879 1463 935 120
1493 881 1654 951 cruci
1678 879 1885 951 afﬁxus
1901 885 2006 947 est,

364 955 533 1023 cujus
580 950 917 1024 martyrium
958 966 1024 1007 ex
1070 953 1390 1021 Hegesippo
1418 950 2012 1024 describitEusebius

366 1021 469 1080 lib.
504 1038 587 1091 ιιι.
641 1021 765 1094 cap.
798 1022 888 1079 32.
932 1025 1269 1094 Martyrium
1319 1023 1535 1091 pariter
1562 1021 1749 1077 subiit
1777 1030 2012 1077 sanctus

2122 449 2272 509 libro
2297 467 2417 523 cap.
2448 449 2535 521 36,
2574 449 2815 524 uterque
2854 466 3004 524 anpo
3038 449 3159 520 446,
3211 460 3273 507 ut
3314 452 3504 521 legere
3536 462 3629 507 est
3653 453 3781 507 cri—

2123 526 2247 579 ticze
2296 521 2625 580 Baronianaa
2655 521 2804 579 an'no
2856 521 2977 580 407.
3028 525 3155 578 Haec
3185 525 3515 592 persecutio
3545 524 3785 579 duravit

2122 609 2304 665 usque
2341 596 2421 665 ad,
2468 609 2678 650 annum
2739 595 2980 650 Adriani
3038 595 3404 662 imperatoris
3456 595 3781 661 decimum,

2119 664 2334 721 Christi
2370 664 2489 728 126,
2519 668 2619 735 qui
2653 667 2778 734 ejus
2808 674 3008 721 aestum
3054 666 3362 734 mitigavit,
3393 680 3644 720 suorum
3680 667 3788 721 de-

2120 737 2444 793 cennalium
2473 738 2792 804 occasione,
2816 739 2887 792 de
2907 750 3022 807 quo
3055 736 3329 807 legendus
3351 738 3648 792 Eusebius
3681 736 3785 791 lib.

2122 822 2199 873 ιν,
2238 822 2361 877 cap.
2388 809 2445 876 ὃ,
2475 807 2571 863 ubi
2602 809 2712 863 ista
2739 808 2913 878 refert
2941 822 3009 862 ex
3034 807 3087 861 S.
3119 808 3349 863 Justino
3405 808 3466 861 in
3493 808 3788 878 Apologia

2120 880 2188 935 ad
2217 881 2605 947 imperatores,
2629 886 2685 934 et
2709 893 2829 943 cap.
2856 877 2892 933 9
2917 878 3157 933 Adriani
3183 879 3493 947 epistolam
3517 877 3783 943 exhibet,

2122 964 2192 1005 ne
2217 951 2349 1020 quis
2378 950 2838 1005 Christianorum
2877 949 3097 1004 indicta
3125 962 3300 1005 causa
3330 950 3647 1019 puniatur.
3693 951 3788 1004 Le-

2122 1022 2302 1093 genda
2336 1021 2534 1078 itidem
2561 1021 2791 1078 Baronii
2823 1020 3051 1076 critica.

1527 1414 1706 1486 VIII.
1780 1412 2158 1483 SANCTUS
2235 1415 2541 1484 SIXTUS
2566 1470 2573 1476 .

1404 1659 1584 1702 ANNO
1626 1658 1885 1702 CHRISTI
1946 1642 2063 1705 132
2099 1659 2367 1702 ADRIANI
2413 1659 2556 1703 IMP.
2618 1641 2711 1703 l3.

1857 1851 2261 1866 —

678 1999 734 2061 8
758 1998 1027 2074 Siatus,
1062 1999 1340 2064 natione
1394 2003 1763 2080 Romanus,
1796 2019 1877 2064 ea
1929 2004 2131 2081 patre
2194 2002 2506 2076 Pastore,
2542 2001 2620 2063 de
2661 2001 2935 2081 regione
2985 2001 3111 2065 Via
3140 1999 3313 2077 lata,
3343 2000 3536 2063 sedit
3565 2017 3794 2063 annos

607 2097 844 2175 decem,
893 2114 1147 2160 menses
1175 2101 1336 2176 tres,
1359 2099 1502 2161 dies
1522 2099 1785 2177 viginti
1806 2116 2021 2161 unum
2049 2110 2080 2140 α
2106 2144 2123 2160 .
2152 2100 2321 2161 Fuit
2347 2102 2575 2160 autem
2595 2099 3004 2180 temporibus
3046 2098 3352 2163 Adriani
3372 2096 3401 2138 δ
3442 2117 3677 2181 usque
3703 2099 3794 2161 ad

615 2196 855 2257 Verum
918 2198 984 2257 et
1039 2195 1445 2257 Anniculum
1501 2209 1548 2256 ο.
1597 2197 1944 2274 Martyrio
1994 2199 2381 2259 coronatur.
2445 2196 2583 2258 Hic
2637 2198 2998 2260 constituit
3036 2200 3115 2259 ut
3170 2199 3575 2261 ministeria
3614 2197 3794 2259 dsa»

616 2295 809 2353 orata
842 2309 975 2353 non
1026 2296 1482 2371 tangerentur
1530 2293 1672 2356 nisi
1720 2310 1762 2355 a
1816 2294 2163 2356 ministris
2192 2304 2217 2335 θ
2253 2340 2266 2353 .
2297 2294 2436 2357 Hic
2487 2294 2849 2357 constituit
2894 2299 2973 2356 ui
3002 2296 3388 2376 quicunque
3421 2297 3785 2377 episcopo—

538 2390 576 2448 5
618 2404 774 2450 rum
802 2394 1113 2453 evocatus
1141 2390 1393 2472 fuisset
1423 2392 1515 2453 ad
1538 2393 1758 2453 sedem
1794 2390 2234 2472 apostolicam
2263 2390 2287 2431 ί
2321 2441 2341 2470 ,
2376 2395 2441 2453 et
2470 2393 2746 2454 rediens
2800 2394 2894 2455 ad
2918 2393 3312 2474 parochiam
3362 2410 3593 2468 suam,
3652 2411 3789 2454 non

606 2487 1076 2567 susciperetur
1102 2489 1244 2550 nisi
1272 2506 1421 2550 cum
1453 2488 1715 2551 litteris
1760 2488 2156 2568 patriarchae
2187 2488 2614 2550 salutationis
2656 2488 2833 2568 plebi
2865 2504 2897 2545 ε
2962 2508 3110 2570 quae
3141 2494 3240 2552 est
3294 2490 3607 2552 formata.
3646 2490 3790 2551 Hic

604 2582 770 2665 fecit
799 2585 1266 2647 ordinationes
1311 2589 1450 2647 tres
1475 2602 1591 2663 per
1618 2602 1913 2647 mensem
1942 2585 2319 2649 Decembris
2349 2609 2362 2648 :
2407 2588 2837 2667 presbyteros
2865 2589 3197 2665 undecim,
3251 2590 3571 2651 diaconos
3609 2603 3788 2669 qua-

606 2684 763 2743 tuor
787 2680 816 2721 h
850 2727 865 2757 ,
893 2682 1232 2761 episcopos
1252 2699 1383 2762 per
1412 2684 1685 2745 diversa
1711 2682 1855 2745 loca
1887 2700 2161 2746 numero
2188 2688 2504 2765 quatuor.
2536 2686 2669 2759 Qui
2697 2687 2903 2748 etiam
2929 2686 3246 2767 sepultus
3269 2691 3367 2749 est
3385 2688 3609 2765 juasta
3636 2703 3789 2749 cor-

597 2795 737 2858 pus
762 2776 940 2840 beati
968 2779 1168 2841 Petri
1191 2779 1271 2841 in
1300 2780 1702 2843 Vaticanum
1730 2798 1799 2841 ιιι
1840 2783 2061 2843 Nonas
2083 2782 2334 2863 Aprilis
2366 2782 2379 2822 ί
2420 2830 2435 2862 ,
2468 2786 2533 2845 et
2583 2784 2873 2846 cessavit
2928 2784 3354 2865 episcopatus
3392 2785 3541 2848 dies
3584 2786 3785 2847 duos.

1534 2939 2026 3004 CATALOGUS
2053 2943 2209 3006 SUB
2244 2944 2601 3006 LIBERIO.

452 3077 675 3140 Sixtus
703 3079 903 3140 annis
934 3079 1179 3158 decem,
1212 3080 1560 3143 mensibus
1586 3080 1826 3159 tribus,
1870 3081 2106 3146 diebus
2130 3083 2382 3161 viginti
2407 3102 2563 3146 uno.
2597 3084 2753 3146 Fuit
2789 3086 3197 3165 temporibus
3226 3086 3503 3150 Adriani
3536 3108 3581 3151 a
3608 3108 3793 3153 con—

370 3176 600 3238 sulatu
629 3176 823 3255 Nigri
855 3180 920 3238 et
961 3178 1328 3258 Aproniani
1359 3196 1573 3258 usque
1603 3182 1771 3241 Vero
1802 3182 1895 3241 III
1926 3184 1992 3243 et
2021 3180 2402 3244 Ambibulo.

1534 3355 1816 3400 norum:
1845 3356 2261 3402 MARGINALES
2287 3346 2615 3403 FABROTTI

439 3498 469 3527 ι
496 3488 541 3541 Β
568 3500 660 3542 an.
698 3484 783 3555 40,
815 3500 1008 3543 mense
1040 3483 1061 3540 4
1090 3488 1228 3543 etd.
1263 3484 1353 3542 22.

370 3556 399 3598 ἀ
425 3572 582 3614 vasa.
621 3571 647 3600 ο
676 3558 732 3626 C,
781 3573 851 3613 m.
924 3560 1188 3614 sacratis.

369 3637 554 3698 apost.
592 3631 729 3686 Vide
756 3631 888 3684 Bar.
920 3630 995 3684 ad
1018 3646 1112 3683 an.
1149 3626 1269 3684 142.

1465 3485 1495 3528 b
1520 3487 1874 3544 etAntonini
1900 3489 2008 3543 Pii.

1423 3628 1553 3684 11th
1579 3636 1710 3685 tres.

1328 3558 1351 3599 ί
1384 3557 1486 3629 CB,
1522 3560 1829 3614 Romanam
1859 3566 2041 3629 apost.

1817 3630 1833 3671 ί
1900 3633 1983 3685 CB
2009 3644 2107 3685 vm
2138 3632 2218 3687 Id.
2244 3632 2427 3703 April.

2158 3501 2183 3530 ο
2210 3492 2599 3579 {Larisquegad
2640 3493 2772 3579 Ant.
2820 3493 2966 3579 Aug.
2993 3502 3048 3551 et
3196 3496 3390 3579 Aurel.
3418 3499 3629 3579 _Anton.
3658 3516 3788 3579 eos.

2213 3562 2531 3639 s_CB,_nisi
2554 3578 2685 3619 cum
2729 3562 2992 3621 formatis
3013 3567 3194 3623 salut.
3233 3570 3302 3623 ad
3332 3569 3551 3639 plebem
3583 3586 3615 3625 a
3646 3575 3797 3629 sede

1674 3792 1957 3854 VARIE
1991 3792 2350 3856 LECTION
2355 3794 2472 3856 ES.

652 3924 822 3992 Apud
841 3924 1156 3978 Fabrottum
1185 3940 1253 3978 ea:
1276 3925 1456 3979 codice
1483 3926 1723 3979 Freheri.

440 4009 679 4084 Num.78,
716 4012 832 4084 lin.
861 4010 913 4081 6,
944 4012 987 4064 B
1018 4025 1146 4084 cum
1189 4012 1404 4067 litteris
1434 4014 1763 4084 apostolicae
1788 4014 2015 4070 saluta—

374 4082 575 4137 tionis.
605 4083 705 4135 lin.
732 4083 875 4147 ead.,
903 4083 1077 4152 quod.

583 4172 671 4223 Eae
697 4170 877 4224 codice
919 4173 1103 4239 Regio,
1138 4173 1423 4227 Μαιανὶηο
1474 4178 1524 4227 et
1556 4174 1798 4227 Thuano.

441 4260 566 4313 Lin.
605 4256 659 4317 2.
696 4264 947 4327 tempore
984 4260 1118 4314 Adr.
1174 4262 1254 4314 tin
1306 4259 1359 4328 3,
1415 4275 1549 4316 ann.
1597 4263 1880 4318 consules.
1916 4264 2020 4319 Hic

371 4330 680 4387 constituit
712 4334 777 4384 ut
804 4340 877 4383 m.
905 4344 952 4383 s.
990 4331 1087 4383 lin.
1120 4329 1171 4387 6.
1194 4331 1279 4385 lit.
1313 4333 1466 4386 sedis
1490 4334 1818 4399 apostolicae
1843 4334 2016 4390 salut.

374 4414 424 4469 p.
454 4402 601 4473 Μαι.
628 4406 689 4453 ιιι
710 4401 841 4473 edit.
878 4401 1191 4473 lbidrquod
1224 4408 1306 4473 est
1329 4400 1368 4455 f.
1403 4403 1499 4455 lin.
1526 4400 1579 4470 7,
1617 4418 1698 4473 pr.
1738 4402 1822 4458 44.
1854 4407 1975 4459 Muz
1997 4448 2017 4472 ,

374 4468 460 4541 pr.
485 4470 538 4527 5.
573 4472 722 4527 diac.
761 4468 975 4543 H.7lin.
1011 4468 1074 4525 8.‘
1102 4471 1223 4527 loca
1245 4471 1314 4537 4;
1346 4473 1440 4527 hic
1472 4468 1746 4543 martyrio
1771 4468 2023 4533 corona-1

373 4550 467 4598 tus
498 4551 603 4609 est,
625 4552 681 4599 et
712 4542 1032 4612 sepultusj.
1060 4557 1110 4598 c.
1141 4544 1240 4597 lin.
1265 4542 1317 4612 9,
1352 4546 1408 4599 in
1444 4542 1735 4601 Vaticano.

798 4632 884 4684 Ea:
913 4632 1090 4685 codice
1147 4633 1371 4687 Thuano
1397 4634 1585 4688 altera.

448 4722 565 4777 Lin.
592 4718 647 4786 2,
682 4732 903 4791 menses
929 4717 984 4781 2,
1017 4720 1168 4775 diem
1217 4719 1265 4774 4.
1299 4722 1397 4774 lin.
1428 4719 1482 4790 5,
1527 4722 1898 4791 apostolicam
1927 4740 2023 4780 re-

369 4793 557 4848 diens.
592 4792 692 4845 lin.
722 4789 774 4860 6,
795 4791 1171 4845 salutationis
1199 4791 1377 4863 plebi,
1411 4789 1676 4863 quodest
1696 4794 2017 4852 formatam.

2125 3928 2228 3982 Hic
2252 3929 2560 4011 cpnstituit
2606 3937 2671 3987 ut
2698 3932 2856 4011 intra
2886 3935 3167 4011 actionem
3195 3938 3465 3994 sacerdos
3494 3939 3795 4011 incipiens

2128 3999 2340 4073 populo
2370 4001 2639 4073 hymnum
2681 4003 3029 4073 decantaret,
3060 4006 3295 4061 Sanctus
3325 4025 3371 4062 s.
3422 4026 3469 4063 s.
3520 3999 3795 4068 Dominus

2125 4072 2269 4124 Deus
2289 4070 2549 4139 Sabaoth,
2581 4080 2688 4128 etc.
2733 4076 2834 4129 Hic
2865 4070 3027 4146 fecit,
3050 4083 3158 4147 etc,
3194 4081 3293 4133 lin.
3316 4078 3370 4150 9,
3403 4083 3463 4136 in
3487 4083 3794 4141 Vaticano.

2412 4179 2583 4247 Apud
2602 4181 2942 4236 Hotstcnium
2955 4189 3007 4237 et
3034 4185 3497 4242 Schelestratium.

2200 4267 2305 4321 Lin
2332 4264 2718 4345 2,}.‘assinset
2766 4271 2912 4325 Flor.
2965 4273 3090 4339 duo,
3145 4288 3367 4330 menses
3410 4278 3583 4345 duos,
3634 4281 3796 4338 diem

2131 4350 2335 4419 unum:
2373 4339 2471 4391 lin.
2498 4337 2553 4419 2,
2581 4341 2936 4419 Flpt'.pf_im_,
2972 4337 3296 4419 Ambiguus
3320 4337 3588 4405 Bibulus:
3628 4353 3713 4405 lin
3739 4337 3795 4419 5,

2131 4414 2186 4461 et
2216 4409 2464 4488 rediens,
2498 4409 2759 4488 Περεῖ-ιη
2780 4414 2953 4488 Vatis.
2988 4421 3037 4468 et
3057 4409 3201 4488 Etor.
3227 4426 3302 4472 et.
3338 4420 3433 4472 lin.
3465 4420 3519 4483 6,
3552 4409 3799 4488 Cassia:

2131 4480 2482 4563 apostolicis.
2539 4482 2718 4563 ἴδριές.
2772 4493 2823 4536 et
2869 4485 3014 4539 Flor.
3061 4486 3177 4543 duo
3224 4489 3379 4544 sedis
3430 4480 3797 4563 apostolica,

2133 4550 2232 4603 (in.
2265 4549 2320 4620 9,
2350 4552 2529 4618 Flor.,
2562 4554 2856 4610 Vaticano.

2454 4642 2623 4709 Apud
2650 4645 2875 4698 Pcniam
2905 4661 2973 4700 ex
3015 4647 3192 4703 codice
3220 4650 3468 4705 Cavensi.

2190 4729 2323 4803 'Lin.
2361 4726 2417 4803 4ἱ
2435 4731 2672 4800 Xystus.
2730 4732 2807 4785 lin
2861 4731 2914 4802 9,
2950 4735 3051 4803 BP,
3096 4738 3153 4791 in
3203 4739 3541 4797 Baticanum
3580 4759 3646 4800 ιιι
3681 4748 3807 4802 No-

2133 4811 2233 4853 nas
2257 4800 2442 4869 April.
2476 4809 2533 4857 et
2560 4803 2802 4858 cessavit
2831 4800 3225 4878 episcopatum
3251 4811 3376 4866 dies
3412 4826 3475 4867 ιι.

1713 4931 1957 4992 ΝΟΤΛΕ
1996 4934 2101 4993 VA
2113 4934 2461 4998 RIORUM.

991 5050 1397 5106 ALTASERRA

447 5196 618 5252 Linea
648 5191 702 5250 3.
748 5221 809 5233 -
842 5193 944 5246 Hic
966 5194 1248 5246 constituit
1284 5198 1347 5246 ut
1382 5195 1687 5249 ministeria
1724 5211 1885 5252 sacra
1913 5214 2023 5251 non

2135 5078 2162 5132 ς
2200 5057 2511 5132 Ambonem
2542 5061 2711 5116 etiam
2761 5076 3139 5121 marmoreum
3194 5066 3253 5121 in
3302 5069 3497 5125 eadem
3554 5074 3802 5132 ecclesia

2133 5128 2289 5211 fecit,
2322 5144 2560 5211 eamque
2587 5133 2837 5211 diversis
2857 5136 3305 5211 ditayit‘linteis,
3336 5148 3514 5211 atque
3542 5128 3805 5202 ministe-

2135 5200 2318 5273 riis._»
2343 5202 2495 5256 Idem
2524 5202 2582 5255 in
2602 5204 2827 5261 Urbano
2850 5224 2863 5260 :
2893 5227 2918 5257 α
2938 5207 3041 5262 Hic
3068 5206 3205 5264 fecit
3224 5200 3550 5267 minisieria
3576 5200 3807 5273 sacrata

372 5271 741 5335 tangerentur,
761 5266 961 5342 ‘nisina
1015 5265 1289 5317 ministris
1320 5265 1615 5342 Decretum
1639 5267 1786 5342 Sinti
1814 5274 1921 5335 est,
1955 5283 2025 5323 ne
2057 5277 2108 5337 Β
2135 5271 2327 5326 omnia
2369 5279 2655 5342 argentea.
2694 5292 2718 5323 ι)

372 5352 506 5392 vasa
535 5349 696 5392 sacra
725 5334 796 5389 ab
822 5334 959 5389 aliis
1005 5347 1173 5401 quam
1202 5349 1233 5388 a
1269 5336 1449 5390 sacris
1478 5337 1763 5391 ministris
1793 5348 2025 5395 contre-

372 5414 601 5463 ctentur
642 5420 764 5461 can.
800 5408 865 5460 In
905 5410 1095 5458 sancta
1126 5405 1192 5457 de
1231 5422 1461 5459 consecr.
1494 5408 1615 5462 dist
1645 5407 1694 5462 4.
1749 5410 1825 5464 Ex
1861 5424 2021 5466 conc.

374 5477 730 5541 Laodicensi,
760 5491 888 5531 can.
919 5474 1011 5539 2i,
1048 5489 1157 5549 non
1191 5476 1323 5530 licet
1349 5478 1743 5544 subdiaconis,
1779 5496 2022 5549 quorum

379 5549 630 5602 nondum
663 5562 821 5602 sacer
846 5553 969 5602 erat
998 5547 1158 5611 ordo,
1193 5560 1353 5601 sacra
1381 5563 1509 5603 vasa
1541 5547 1915 5605 contrectare.
1949 5555 2028 5606 Ex

373 5630 534 5673 conc.
588 5619 809 5671 Bracar.
857 5632 895 5672 ι.
929 5630 1056 5671 can.
1085 5613 1175 5685 28,
1229 5617 1375 5671 idem
1426 5618 1795 5676 interdictum
1841 5631 1927 5678 est
1960 5623 2031 5677 le-

375 5685 657 5755 ctoribus.
717 5688 851 5742 Can.
915 5689 1037 5742 Non
1122 5694 1346 5755 oportet,
1409 5691 1528 5743 Non
1579 5693 1718 5751 licet.
1775 5691 1846 5749 23
1891 5694 2026 5750 dist.

377 5754 706 5812 ministeria
747 5762 885 5809 sunt
906 5769 1039 5811 vasa
1086 5770 1265 5813 sacra.
1300 5754 1565 5815 Anastas.
1605 5762 1664 5816 in
1695 5763 1912 5834 Gregor
1941 5767 2027 5820 Il:

2206 5342 2379 5397 Linea
2500 5373 2589 5428 -Δ
2621 5347 2726 5428 ῌὶο
2742 5349 3033 5428 constituit
3059 5354 3122 5402 ut
3149 5352 3461 5428 quicunque
3504 5359 3806 5428 episcOpo-

2135 5428 2258 5489 rum
2277 5419 2525 5489 evocatus
2554 5417 2752 5481 fuisset
2779 5418 2853 5470 ad
2882 5419 3059 5473 sedem
3087 5417 3460 5489 apostolicdm.
3497 5417 3548 5479 et
3576 5417 3803 5482 rediens

2137 5484 2576 5559 adqparochiam
2618 5503 2791 5551 suam,
2826 5505 2934 5542 non
2960 5484 3346 5559 susciperetur,
3392 5498 3505 5547 nisi
3534 5513 3659 5551 cum
3700 5501 3806 5553 Iit—

2139 5556 3005 5633 terispatriarcha:_saIutationis
3030 5556 3193 5630 plebi,
3242 5579 3364 5630 quae
3421 5572 3502 5619 est
3528 5570 3804 5633 formata.

2137 5624 2284 5704 Sixti
2322 5626 2565 5704 alterum
2616 5628 2904 5704 decretum
2933 5624 3049 5695 est,’
3094 5624 3499 5704 nefep'iscopus
3528 5624 3805 5696 evocatus

2140 5696 2208 5777 ad
2243 5696 2429 5777 sedem
2460 5700 2853 5777 apostolicam,
2893 5701 3025 5777 inde
3064 5696 3294 5777 rediens
3326 5696 3528 5763 in'sua
3552 5711 3801 5768 ecclesia

2141 5766 2663 5824 admittatur’sine
2710 5770 2992 5843 formatis,
3053 5779 3116 5828 ut
3167 5773 3409 5844 liqueat,
3462 5792 3534 5834 an
3594 5766 3805 5837 habeat
