4036 6174
109 262 258 328 4131

1018 266 1332 323 HISTORIA
1367 269 1459 326 DE
1495 269 1670 327 VITIS
1707 267 1874 326 ROM.
1918 269 2114 328 PONT.
2142 298 2216 311 —
2248 271 2306 328 S.
2349 269 2612 327 SIXTUS.

3399 272 3538 334 “62

105 390 585 466 communionem
616 389 1148 466 sedisapostolicaa.
1176 391 1451 466 Formam
1478 396 1641 447 erant
1671 390 1781 466 iit—
1805 395 1862 456 A
1882 389 2037 459 dine,
2069 396 2123 448 et
2141 390 2398 466 periculo
2419 371 2706 460 saeculari,
2729 397 2862 448 ante
2885 394 3090 452 oculos
3116 397 3246 466 plus
3270 399 3540 458 habentes

108 469 257 517 teras
279 462 498 532 quibus
518 461 969 533 signiﬁcabatur,
998 463 1300 532 portitores
1326 463 1650 518 litterarum
1683 463 1774 519 ha-

111 535 255 590 bere
309 539 767 589 communionem
803 534 959 589 sedis
996 534 1346 603 apostolicae.
1381 535 1566 604 Optat.
1600 534 1698 588 lib.
1731 549 1770 590 ll

110 611 251 676 post
288 606 500 662 editam
533 604 738 661 seriem
778 606 1160 660 Romanorum
1186 605 1521 674 pontiﬁcum
1552 619 1583 660 a
1612 607 1774 662 Petro

115 691 312 747 usque
357 677 424 731 ad
457 678 773 732 Siricium:
815 697 839 727 α
873 677 1010 730 Cum
1053 690 1164 746 quo
1217 679 1382 732 nobis
1429 684 1586 732 totus
1617 678 1774 733 orbis

111 748 468 804 commercio
492 747 885 810 formaturam,
921 749 979 801 in
1005 761 1115 802 una
1146 748 1568 803 communionis
1598 749 1774 804 socie-

114 827 240 876 tate
297 821 623 876 concordat.
682 838 708 868 υ
764 821 830 874 Et
867 818 1176 888 Augustin.
1226 820 1395 888 epist.
1446 817 1639 875 463m
1673 821 1774 875 Hic

117 893 316 962 primo
344 903 597 946 asserere
627 897 868 946 conatus
892 898 1014 962 rest,
1052 889 1265 962 ubique
1317 898 1600 947 terrarum
1651 904 1776 946 esse

113 959 588 1019 communionem
637 975 821 1016 suam.
875 959 1204 1028 Quaerebam
1256 969 1450 1018 utrum
1501 963 1777 1032 epistolas

115 1033 691 1100 communicatorias,
743 1045 886 1104 quas
933 1033 1222 1088 Formatas
1263 1033 1537 1104 dicimus,
1590 1040 1778 1104 posset

118 1120 240 1176 quo
271 1105 471 1163 vellem
493 1106 648 1161 dare.
684 1122 710 1153 υ

808 1173 1103 1229 BENCINI.

195 1247 372 1304 Linea
414 1245 464 1301 4.
518 1275 592 1286 -
619 1247 721 1300 Hic
748 1248 1048 1312 constituit,
1083 1250 1143 1299 ut
1190 1247 1498 1316 quicunque
1527 1251 1776 1302 evocatus

115 1321 299 1388 fuerit
327 1319 403 1373 ad
426 1318 606 1373 sedem
633 1319 1001 1386 apostolicam.
1034 1318 1298 1372 Secundo
1327 1318 1651 1374 Christiano
1680 1332 1777 1372 sae-

119 1393 259 1448 culo
289 1391 570 1445 actualem
603 1390 783 1444 fuisse
829 1390 1255 1457 persuasionem
1292 1388 1556 1459 obsequii
1602 1389 1775 1458 hujus

119 1469 282 1519 certo
322 1461 598 1532 supponit
624 1463 868 1515 tremens
890 1461 1106 1532 eodem
1139 1466 1388 1529 tempore
1411 1461 1637 1532 ivivens,
1672 1460 1772 1530 qui

121 1530 460 1591 constanter
483 1534 730 1587 asserit:
767 1552 793 1584 α
827 1530 906 1586 Ad
952 1534 1254 1586 Romanam
1296 1531 1603 1585 Ecclesiam
1638 1546 1775 1602 pro—

127 1615 256 1677 pter
295 1604 672 1677 potentiorein
720 1601 1199 1677 principalitatem
1253 1614 1483 1677 necesse
1530 1609 1629 1677 est
1647 1617 1776 1677 oni:

128 1674 257 1733 nem
281 1674 588 1732 convenire
613 1675 940 1728 Ecclesiam.
988 1693 1014 1722 »
1048 1674 1369 1728 Necessitas
1397 1674 1774 1730 conveniendi

127 1751 200 1805 ob
236 1747 610 1817 potentiorem
641 1746 1027 1814 principatum
1067 1745 1247 1815 exigit
1283 1745 1454 1799 etiam
1484 1746 1776 1817 evocatio-

129 1815 278 1876 nem.
308 1818 639 1874 Recurrisse
655 1830 784 1872 vero
806 1817 864 1870 in
886 1817 1252 1887 gravioribus
1279 1817 1472 1871 causis
1495 1815 1776 1871 Ecclesias

127 1894 197 1948 ad
234 1892 421 1946 sedem
453 1887 820 1958 apostolicam
847 1888 1045 1956 probat
1073 1887 1274 1942 missio
1303 1887 1556 1955 ejusdem
1576 1887 1775 1942 Irenzei

127 1965 194 2019 ad
235 1960 558 2032 pontiﬁcem
586 1959 736 2032 facta
762 1959 832 2032 ab
856 1962 1144 2028 episc0po,
1178 1964 1233 2013 et
1265 1958 1512 2032 Ecclesia
1542 1959 1777 2032 Lugdu-

130 2029 297 2090 nen’si
337 2047 468 2088 cum
506 2030 770 2100 epistola,
803 2031 996 2100 inqua
1022 2033 1108 2085 sic
1137 2030 1286 2100 apud
1322 2029 1521 2084 Euseb.
1550 2029 1652 2084 lib.
1681 2043 1772 2084 iv:

131 2128 156 2158 α
203 2099 554 2160 Haslitteras
597 2109 655 2157 ut
698 2102 768 2156 ad
810 2107 865 2155 te
906 2099 1208 2170 perferret,
1245 2099 1477 2156 fratrem
1510 2105 1564 2155 et
1591 2101 1777 2155 colle-

129 2191 257 2249 gam
305 2181 568 2232 nostrum
616 2176 889 2249 Irenaeum
925 2173 1133 2249 hortati
1167 2186 1394 2227 sumus.
1428 2173 1603 2240 Quem
1638 2173 1779 2242 qui-

128 2244 280 2305 dem.
344 2253 408 2302 ut
480 2244 936 2301 commendatum
1004 2245 1210 2298 habeas
1265 2256 1534 2312 rogamus
1585 2249 1778 2312 utpote

125 2320 522 2375 aamulatorem
545 2315 867 2371 testamenti
889 2314 1126 2369 Christi.
1160 2333 1184 2363 »
1216 2313 1357 2369 Etin
1387 2314 1496 2369 ﬁne
1524 2315 1777 2383 ejusdem

123 2391 332 2447 saeculi
353 2387 745 2444 Tertullianus
765 2387 835 2442 de
862 2385 1194 2441 istiusmodi
1222 2386 1550 2440 evocatione
1581 2385 1774 2441 Eccle-

124 2463 358 2519 siarum
431 2460 830 2514 Africanarum
881 2457 949 2511 ad
1001 2458 1190 2511 sedem
1240 2457 1612 2525 apostolicam
1668 2469 1779 2512 non

122 2534 376 2589 obscure
403 2533 682 2602 loquitur,
713 2542 870 2602 cum
896 2527 1102 2602 scribit
1129 2529 1220 2602 der
1244 2527 1517 2602 Ecclesiis
1547 2534 1783 2597 aposto-

126 2607 268 2660 licis
298 2598 582 2658 adeundis
633 2613 732 2670 pro
758 2599 1018 2655 veritatis
1043 2599 1302 2654 examine
1336 2598 1424 2668 (de
1448 2602 1776 2669 Praescript..

124 2692 174 2732 c.
205 2675 336 2745 36):
371 2674 549 2727 Habes
597 2675 832 2745 Romam,
868 2671 1012 2725 unde
1061 2671 1218 2745 nobis
1249 2685 1460 2739 quoque
1485 2677 1783 2745 auctoritas

119 2741 481 2818 p-rzstoest:
517 2743 837 2818 APartieula
892 2755 1036 2818 vero
1081 2742 1183 2796 illa
1230 2757 1448 2818 quoque
1499 2741 1780 2818 designat,

125 2813 287 2874 sicut
318 2816 388 2871 ab
408 2815 678 2870 Africana
695 2813 963 2881 Ecclesia,
992 2813 1074 2868 sic
1103 2826 1136 2867 a
1163 2813 1409 2883 reliquis
1428 2813 1784 2882 expostulata

121 2889 354 2960 judicia
383 2887 806 2960 auctoritativa.
837 2886 996 2960 Quod
1020 2885 1277 2960 exemplo
1302 2885 1502 2960 probeat
1539 2885 1786 2960 Asiana-

129 2956 264 3017 rum
295 2959 672 3014 Ecclesiarum
697 2958 1071 3027 quarumdam
1109 2957 1164 3010 in
1189 2969 1361 3011 causa
1391 2956 1786 3027 discernendae

130 3033 474 3104 prophetiae,
505 3043 636 3104 qua;
659 3026 730 3083 ad
761 3027 1058 3104 Anicetum
1093 3041 1387 3104 recursum
1432 3026 1784 3104 fecerant_,_et

119 3098 375 3174 iudiciis
394 3098 676 3156 emanatis
693 3102 1070 3174 (auctoritates
1084 3106 1245 3153 vocat
1263 3098 1780 3174 'I‘ertulltanusiib.

124 3149 673 3237 taminiam;
695 3149 939 3226 eam;
955 3149 1295 3225 utebantur:
1313 3149 1431 3224 ’ἰὲεἶ
1440 3149 1777 3224 Eamne";
1811 3149 1860 3210 C

128 3268 156 3298 α
187 3248 334 3301 Nam
368 3245 515 3300 idem
540 3250 678 3298 tunc
701 3242 1030 3311 episcopum
1054 3243 1362 3296 Romanum
1383 3248 1780 3311 agnoscentem

118 3320 246 3388 jam
279 3317 608 3388 prOphetias
647 3316 921 3382 Montani,
944 3313 1178 3388 _Priscae,
1236 3319 1292 3388 et
1326 3311 1688 3388 Maximillae.
1720 3316 1786 3388 _et

124 3383 198 3445 ex
232 3383 298 3443 ea
347 3383 669 3458 agnitiones
701 3397 890 3458 pacem
940 3383 1391 3458 Ecclesiis‘Asiaa
1447 3390 1502 3436 et
1530 3383 1784 3453 Phrygia:

130 3454 499 3534 iii'ferentEam,
533 3455 675 3534 falsa
707 3454 795 3510 de
842 3456 988 3524 ipsis
1017 3462 1074 3534 et
1107 3454 1786 3534 Ecclesiis_eo_rum_asse-

132 3532 411 3596 verando,
459 3525 515 3584 et
557 3531 965 3583 Praecessorum
1015 3527 1140 3595 ejus
1169 3527 1541 3580 auctoritates
1582 3525 1787 3580 defen-

132 3604 348 3670 dendo,
370 3603 576 3672 coegit,
604 3607 658 3654 et
685 3598 904 3672 litteras
921 3601 1080 3668 pacis
1102 3610 1361 3672 revocare
1381 3597 1497 3664 jam
1520 3599 1782 3666 emissas,

133 3682 193 3730 et
219 3688 254 3728 a
295 3668 587 3742 proposito
618 3671 1062 3742 revocandorum
1107 3668 1514 3742 charismatum
1545 3679 1784 3742 conces-

136 3739 306 3802 sereﬁ
340 3762 366 3793 υ
402 3739 662 3812 Ejusdem
713 3740 909 3796 saeculi
972 3741 1288 3812 Dionysius
1348 3739 1779 3794 Corinthiorum

135 3810 455 3887 episcopus
492 3815 656 3887 testis
704 3814 943 3887 accedit,
997 3810 1338 3887 quifratres
1379 3815 1786 3887 commemorat

135 3882 522 3943 commeantes
567 3886 636 3940 ad
691 3885 876 3939 sedem
907 3883 1302 3952 apostolicam,
1334 3888 1387 3936 et
1417 3882 1784 3936 sermonibus

137 3975 169 4015 a
209 3959 479 4029 pontiﬁce
525 3957 779 4029 firmatos
809 3955 872 4029 in
897 3955 1138 4029 epistola
1170 3952 1437 4029 Romanis
1461 3953 1612 4022 data,
1647 3954 1784 4008 dum

135 4025 360 4087 Soteris
399 4028 826 4084 beneﬁcentiam
860 4026 1077 4081 laudat.
1114 4045 1140 4076 α
1180 4026 1364 4094 Atque
1397 4025 1548 4079 hunc
1577 4037 1784 4078 morem

136 4105 449 4172 episcopus
502 4105 681 4154 vester
708 4098 868 4154 Soter
922 4110 1033 4152 non
1073 4095 1557 4172 servavitsolum,
1593 4108 1786 4172 verum

135 4165 316 4229 etiam
343 4165 609 4240 adauxit,
643 4177 764 4225 tum
813 4182 1045 4224 munera
1076 4169 1294 4223 sanctis
1323 4169 1611 4240 destinata
1642 4165 1787 4222 sub-

141 4247 510 4310 ministrans,
563 4238 681 4299 tum
731 4241 937 4296 fratres
982 4253 1213 4311 peregre
1251 4238 1611 4294 advenientes
1655 4245 1791 4292 tan—

138 4329 316 4387 quam
349 4315 566 4387 liberos
587 4327 724 4387 suos
744 4311 1350 4387 pater_amant.ss_imu_s
1371 4311 1555 4364 beatis
1583 4322 1794 4365 sermo-

140 4383 324 4442 nibus
378 4386 746 4442 consolando.
811 4403 835 4434 ι)
889 4383 1240 4438 Commercia
1289 4383 1610 4436 litterarum
1660 4393 1790 4436 cum

134 4457 474 4534 dismtisab
508 4458 651 4512 Urbe
678 4454 988 4534 provinciis
1035 4455 1223 4534 assde
1252 4453 1566 4534 apostolica
1594 4453 1791 4534 eodem

135 4525 752 4598 seculo'frequentata,
772 4533 827 4582 et
847 4527 1109 4598 sequenti
1131 4527 1296 4598 docet
1315 4525 1459 4578 alter
1484 4525 1794 4598 Dionysius

134 4595 585 4678 Alexandrinus,
615 4613 745 4678 cum
775 4595 1104 4678 deprofusa
1133 4596 1641 4678 sedis‘apostolicte
1671 4595 1796 4678 lar.—

136 4680 325 4749 gitate
349 4673 407 4726 in
438 4667 1125 4749 subvenienddEcciesiis
1157 4670 1274 4722 haec
1298 4667 1795 4749 Stephanonpoiiti-

137 4736 239 4800 fici
274 4744 576 4812 rescripsit
619 4742 766 4812 apud
810 4741 1022 4796 Euseb.
1057 4740 1160 4794 lib.
1190 4751 1294 4809 vn,
1322 4752 1377 4812 _c.
1409 4736 1482 4812 ὃς
1532 4758 1558 4790 α
1591 4738 1794 4812 Syria-

139 4829 276 4872 rum
320 4809 547 4884 quoque
577 4809 886 4884 provinciae
911 4825 1106 4868 omnes
1144 4823 1273 4867 cum
1304 4810 1535 4884 Arabia,
1577 4809 1796 4884 quibus

137 4881 472 4962 identidem
490 4881 807 4962 necessaria
829 4884 1228 4962 suppeditatis,
1263 4882 1554 4962 et'quibus
1575 4881 1794 4962 litteras

136 4972 300 5015 nunc
321 4958 663 5026 scripsistis.
700 4975 728 5007 ι
761 4953 1300 5034 ΕιδξιιΊὶιῑθνδγυῐῃβι
1322 4953 1604 5034 Stephano
1632 4953 1796 5034 dire—

134 5038 370 5086 ctarum
387 5025 784 5100 argumentum
814 5029 884 5084 de
904 5040 1013 5082 non
1044 5025 1462 5100 rebaptizandis
1481 5025 1789 5100 haereticis,

134 5116 290 5174 quas
308 5095 580 5171 epistolas
595 5101 756 5156 dedit
774 5100 1002 5174 cunctis
1033 5095 1302 5174 Ecclesiis
1321 5095 1630 5174 (Lirinensi
1655 5101 1794 5174 teste

136 5169 197 5229 i‘n
235 5169 428 5244 primo
456 5170 917 5241 commonitorio)
950 5183 1016 5224 ne
1049 5171 1283 5250 haeresis
1319 5169 1791 5250 rebaptiaantiurn

137 5241 326 5300 latius
353 5252 622 5313 serperet,
670 5256 805 5298 neve
829 5257 894 5297 eo
933 5255 1146 5312 errore,
1177 5242 1482 5313 inoriente
1518 5241 1790 5313 dissemi—

137 5323 302 5378 nato,
337 5312 553 5370 caetera:
575 5314 1095 5385 coinquinareutur
1124 5312 1400 5385 Ecclesiae.
1427 5315 1503 5366 De
1524 5313 1625 5385 hac
1641 5312 1795 5385 sedis

133 5387 473 5458 apostolica:
502 5382 998 5458 sollicitudinem
1039 5384 1365 5458 dirigendis
1385 5383 1694 5452 encyclicis
1725 5382 1793 5458 ad

139 5453 292 5514 mala
353 5461 714 5528 praecavenda
761 5456 1024 5527 loquitur
1079 5453 1269 5510 clerus
1309 5456 1612 5528 Romanus,
1664 5453 1796 5528 sede

137 5523 400 5599 vacante,
436 5534 494 5585 in
527 5528 769 5598 epistola
799 5523 930 5583 data
961 5528 1113 5582 clero
1154 5523 1612 5599 Carthagine'nSI,
1643 5523 1790 5592 apud

133 5603 308 5673 Cypr.
342 5595 515 5672 epist.
556 5595 624 5676 3_:
674 5620 712 5676 _e
745 5602 858 5654 Nec
899 5600 1051 5655 enim
1085 5600 1190 5676 hoc
1233 5595 1438 5676 solum.
1465 5595 1652 5649 verbis
1695 5607 1792 5676 ros

139 5665 466 5743 hortamur,
512 5674 609 5728 sed
653 5673 876 5728 discere
930 5669 1193 5743 poteritis
1217 5681 1249 5722 a
1271 5666 1536 5743 pluribus
1564 5680 1594 5722 e
1628 5665 1794 5743 nobis

135 5746 232 5822 ad_
267 5759 370 5800 vos
409 5739 813 5822 vepientibus,
853 5739 1126 5822 quoniam
1173 5752 1239 5794 ea
1282 5740 1475 5822 omnia
1529 5751 1634 5822 nos
1676 5739 1796 5822 Pco

137 5816 232 5888 adj
245 5822 454 5874 uvante
474 5815 735 5886 fecimus,
768 5809 824 5871 et
853 5809 1130 5871 faciemus
1151 5824 1283 5868 cum
1313 5811 1471 5868 omni
1499 5809 1801 5868 sollicitu-

440 5917 678 5976 Punon.
716 5915 986 5975 CXXVII.

1884 466 2144 538 timorem
2201 464 2334 538 Dei,
2353 469 2407 517 et
2467 476 2660 538 poenas
2701 471 3019 533 perpetuas.
3055 464 3226 538 quam
3270 473 3533 528 timorem

1887 533 2205 600 hominum,
2239 540 2296 589 et
2323 533 2549 590 brevem
2583 535 2880 603 iniuriam,
2915 549 3024 592 non
3055 533 3381 598 deserentes
3408 542 3533 598 fra-

1886 605 2229 674 ternitatem,
2262 611 2318 660 et
2370 606 2663 661 hortantes
2705 620 2801 662 eos
2833 612 2984 663 stare
3039 610 3095 664 in
3153 611 3280 668 ﬁde.
3332 633 3357 662 υ
3417 615 3542 669 Haec

1882 676 2279 754 epistolarum,
2317 682 2372 731 et
2411 681 2736 754 _missorum
2784 678 3031 736 directio
3071 689 3224 754 certo
3266 686 3541 754 supponit

1885 744 2209 825 frequentes
2230 755 2288 825 et
2310 748 2577 825 assiduos
2607 756 2955 805 commeatus
2988 753 3293 825 utriusque
3335 744 3538 825 partis.

1882 818 1964 896 Ad
1995 820 2146 896 quod
2178 818 2338 896 facit,
2365 834 2491 896 qua:
2515 820 2892 896 observantur
2921 825 2978 876 in
3001 818 3245 896 epistola
3265 818 3537 896 Cypriani

1885 889 1954 944 ad
1983 891 2390 967 Antonianum.
2415 892 2551 967 dum
2579 891 2786 967 scribit
2807 889 3049 967 aliquos
3065 893 3272 952 Africae
3305 889 3536 967 episco-

1890 974 2011 1038 pos,
2061 963 2210 1038 inter
2238 963 2726 1038 _quosAPompeius
2751 969 2807 1038 et
2853 965 3194 1038 Stephanus,
3231 963 3537 1038 praesentes

1892 1031 2071 1088 fuisse
2087 1031 2355 1088 electibni
2377 1035 2650 1103 Cornelii,
2670 1036 2776 1090 etsi
2799 1041 2934 1090 tunc
2953 1031 3270 1094 saevissima
3291 1043 3537 1096 Daciana

1892 1105 2213 1181 persecutio
2260 1106 2475 1181 vigeret
2503 1103 2680 1181 (epist.
2727 1103 2852 1181 52):
2896 1109 3092 1162 Factus
3136 1115 3222 1164 est
3257 1115 3536 1181 episcopus

1889 1191 1923 1249 ᾳ
1944 1176 2202 1243 plurimis
2226 1176 2451 1249 collegis
2465 1179 2697 1249 nostris,
2714 1180 2812 1246 qui
2841 1182 2967 1232 tunc
2996 1182 3056 1232 in
3075 1181 3242 1235 Roma
3265 1176 3538 1249 adora—nt;

1890 1247 2112 1320 legatur
2153 1252 2208 1320 et
2250 1247 2494 1316 epistola
2524 1244 2610 1320 il,
2649 1244 2745 1320 ubi
2777 1249 2846 1303 de
2875 1250 3271 1320 episcoiiorum
3304 1244 3537 1309 accessu

1886 1318 1958 1389 ad
1983 1317 2310 1389 Cornelium
2364 1317 2685 1388 pontiﬁcem
2718 1317 3000 1389 loquitur,
3033 1317 3088 1376 et
3117 1325 3440 1380 eorumdem
3478 1327 3534 1379 in

1885 1387 2136 1443 Africam
2186 1387 2492 1466 regreSsu,_
2521 1392 2608 1466 ad
2635 1387 3134 1466 schismaticorum
3165 1408 3392 1450 causam
3419 1399 3536 1466 jam

1887 1467 2228 1536 prostratam
2254 1462 2715 1536 denuntiandam
2739 1475 2834 1531 per
2861 1463 3222 1536 Caldouium,
3252 1462 3539 1523 Fortuna-

1889 1537 2029 1609 tum,
2065 1531 2418 1609 Pompeium,
2445 1538 2521 1609 _et
2564 1532 2918 1609 Stephanum
2967 1531 3288 1605 episcOpos,
3341 1540 3440 1609 qui
3478 1539 3537 1594 in

1890 1605 2053 1679 pleno
2108 1607 2288 1657 totius
2336 1601 2544 1679 Africa:
2594 1603 2844 1679 concilio
2899 1601 3017 1660 rem
3071 1601 3403 1679 exposuere,
3452 1611 3536 1666 uti

1886 1673 2202 1750 Cyprianus
2230 1675 2548 1750 rescripsit.
2585 1694 2611 1725 α
2641 1677 2778 1729 Nam
2805 1680 2860 1730 et
2884 1688 3007 1747 ego,
3040 1684 3096 1731 et
3125 1673 3355 1749 collegae
3391 1673 3534 1750 'plu-

1807 1777 1859 1837 B
1892 1745 2026 1837 ΠΨ
2057 1745 2803 1837 99.‘.?9.:'§:°°_"33'39Ea%
2834 1745 3292 1837 auresaures
3315 1745 3535 1837 edica-

1892 1823 2012 1870 tum
2061 1815 2409 1893 collegarum
2459 1823 2786 1893 nostrorum
2833 1815 3095 1874 Caldonii
3125 1826 3183 1874 et
3212 1822 3533 1893 Fortunati,

1889 1901 2034 1962 quos
2056 1888 2124 1962 ad
2161 1895 2214 1941 te
2247 1901 2445 1962 nuper,
2477 1895 2532 1943 et
2557 1889 2928 1962 coepiscopos
2961 1895 3205 1961 nostros,
3242 1894 3339 1962 qui
3367 1888 3536 1949 ordi-l

1889 1959 2109 2032 nationi
2132 1963 2242 2012 tuae
2259 1961 2324 2013 ad
2336 1960 2786 2032 t'uerantlegatos
2805 1961 3164 2032 miseramus,
3183 1959 3342 2019 uteis
3360 1966 3538 2020 adve-

1889 2028 2204 2104 nientibus,
2221 2035 2278 2084 et
2308 2031 2398 2104 rei
2418 2038 2587 2104 gestae
2601 2028 2893 2086 veritatem
2909 2028 3335 2102 reportantibus
3355 2037 3536 2104 partis

1886 2101 2134 2174 adversa:
2159 2101 2498 2174 improbitas
2521 2102 2898 2173 frangeretur.
2924 2101 3381 2174 supervenerunt
3405 2120 3536 2163 vero

1889 2173 2269 2247 Pompeiuset
2297 2173 2639 2247 Stephanus,
2688 2174 2917 2247 collegae
2944 2173 3148 2237 nOStri.
3183 2178 3284 2247 qui
3318 2185 3372 2232 et
3423 2179 3533 2247 ipsi

1890 2256 2118 2312 quoque
2132 2244 2200 2298 ad
2218 2247 2587 2300 instruendos
2605 2245 2738 2299 istic
2756 2259 2878 2314 nos,
2907 2244 3432 2304 manifesta‘secund
3445 2244 3535 2305 um

1890 2315 2245 2389 gravitatem,
2269 2321 2326 2369 et
2351 2314 2516 2370 ﬁdem
2543 2330 2702 2389 suain
2729 2316 2967 2386 indicia,
2986 2324 3038 2372 et
3063 2319 3391 2374 testimonia
3415 2333 3536 2389 pro-

1891 2385 2168 2460 tulerunt,
2196 2395 2258 2440 ut
2279 2399 2381 2441 nec
2408 2399 2633 2442 necesse
2655 2385 3042 2460 fueritaudiri
3075 2389 3226 2444 ultra
3246 2404 3360 2456 eos,
3383 2385 3536 2460 quia

1891 2456 2204 2531 Novatiano
2233 2466 2507 2513 venerunt
2536 2459 2719 2514 missi.
2757 2476 2782 2508 ιο
2817 2459 3104 2531 Frequens
3133 2456 3533 2531 episcoporum

1891 2540 1956 2602 ac
1986 2526 2254 2602 ﬁdelium
2286 2536 2656 2602 commeatus,
2688 2535 2744 2585 et
2786 2526 3044 2599 epistolae
3097 2526 3440 2602 responsivaa
3465 2534 3534 2590 ad

1892 2598 2176 2672 Ecclesias
2200 2599 2433 2672 directae
2462 2600 2533 2655 ob
2564 2598 2947 2656 Romanorum
2983 2598 3316 2672 pontiﬁcum
3347 2605 3537 2660 disci—

1894 2668 2110 2794 plinam
2152 2670 2600 2726 ecclesiasticam
2631 2668 3065 2728 instaurandam
3092 2676 3422 2744 ostendunt,
3453 2675 3536 2732 li—

1937 2754 2061 2794 rum
2092 2741 2475 2794 l’ontiﬁcalem
2505 2745 2760 2794 potuisse
2785 2743 3058 2794 adnotare
3074 2746 3379 2794 admissam
3405 2761 3536 2794 evn-

1937 2754 2061 2795 rum
2092 2741 2475 2797 l’ontiﬁcalem
2504 2745 2760 2812 potuisse
2785 2743 3058 2800 adnotare
3074 2746 3381 2802 admissam
3405 2741 3537 2803 evo-

1895 2814 2174 2885 cationem
2224 2813 2294 2868 ad
2351 2813 2538 2869 sedem
2568 2815 2963 2885 apostolicam,
2996 2823 3053 2871 et
3094 2820 3328 2874 certiori
3361 2818 3540 2876 forma

1895 2883 1965 2938 ab
1995 2884 2316 2939 Alexandro
2358 2883 2784 2958 constabilitam
2836 2883 2978 2956 esse,
3023 2901 3148 2958 quae
3191 2902 3259 2944 ex
3301 2904 3410 2946 usu
3441 2902 3539 2945 re-

1894 2962 2056 3023 cepto
2086 2961 2141 3009 et
2165 2957 2582 3011 consuetudine
2613 2959 2795 3025 priori
2850 2959 3283 3014 observabatur.

1969 3027 2137 3079 Linea
2167 3025 2228 3080 6.
2255 3027 2469 3082 —Nisi
2492 3042 2614 3080 cum
2665 3029 2861 3081 litteris
2882 3031 3237 3096 patriarcha.
3287 3033 3412 3087 Haec
3455 3037 3543 3088 est

1898 3108 2010 3151 una
2035 3098 2106 3171 de
2133 3097 2535 3171 additionibus
2559 3101 2812 3171 secundo
2840 3100 3099 3171 catalogo
3123 3103 3279 3156 Rom.
3304 3103 3544 3171 pontiﬁ-

1895 3181 2025 3222 cum
2077 3169 2331 3232 insertis,
2388 3169 2704 3238 etquidem
2739 3169 3053 3238 posteriori
3097 3185 3285 3239 manu,
3305 3169 3444 3227 cum
3480 3173 3540 3228 in

1897 3239 2162 3307 praesenti
2195 3239 2505 3292 Alexandri
2546 3239 2756 3295 saeculo
2779 3242 3113 3309 patriarchae
3159 3244 3542 3300 nomenclatio

1897 3311 2047 3385 inter
2067 3309 2486 3385 ecclesiasticas
2510 3312 2972 3385 Christianorum
3001 3325 3165 3368 voces
3187 3313 3545 3385 frequentata

1897 3393 2007 3456 non
2024 3381 2243 3451 legitur
2257 3381 2384 3450 (etsi
2404 3383 2552 3456 inter
2568 3382 2961 3452 Egyptiorum
2980 3396 3173 3440 sacros
3194 3381 3544 3456 gentilitatis

1897 3453 2046 3525 ritus
2076 3466 2282 3520 usurpa
2294 3459 2450 3506 retur
2463 3453 2569 3525 hoc
2595 3461 2864 3525 tempore,
2893 3462 2954 3510 ut
2973 3453 3281 3512 constat‘ex
3302 3457 3545 3512 Adriani

1898 3522 2264 3592 imperatoris
2305 3523 2592 3593 epistola),
2642 3531 2698 3580 et
2725 3522 2914 3580 aliena
2960 3533 3264 3583 censeatur
3312 3529 3383 3582 ab
3435 3543 3544 3584 usu

1894 3595 2412 3666 ecclesiasticarum
2436 3596 2810 3663 epistularum
2831 3597 3006 3652 trium
3033 3599 3289 3666 priorum
3314 3600 3548 3655 saeculo-

1896 3678 2040 3741 rum-
2075 3668 2190 3720 lrno
2217 3665 2682 3741 interpolatorem
2715 3668 2950 3741 secundi
2978 3665 3221 3741 catalogi
3247 3683 3358 3726 non
3391 3671 3547 3726 scri-

1896 3737 2079 3806 psisse
2093 3737 2448 3811 patriarcha,
2471 3737 2566 3792 sed
2599 3737 2776 3792 solam
2811 3738 3062 3795 litteram
3089 3742 3145 3793 P.
3170 3737 3374 3811 nempe
3393 3741 3540 3796 Petri

1896 3821 2098 3863 nomen
2137 3810 2578 3881 exprimentem,
2609 3815 2896 3879 putamus,
2953 3824 3064 3881 qua
3115 3810 3318 3867 littera
3364 3813 3544 3868 veluti

1894 3884 2109 3934 tessera
2145 3881 2422 3954 episcopi,
2454 3886 2511 3954 _et
2555 3880 2748 3936 ﬁdeles
2779 3880 3210 3954 dignoscebant,
3239 3884 3546 3939 discrimi-

1897 3953 2222 4026 nabantque
2259 3951 2538 4026 epistolas
2596 3951 2906 4026 canonicas,
2948 3968 2980 4008 a
3029 3951 3294 4026 reliquis,
3345 3961 3401 4010 et
3449 3967 3548 4025 per

1895 4022 2145 4077 eamdem
2204 4023 2590 4078 innotescebat
2622 4025 3048 4080 communionis
3087 4022 3386 4082 catholica:
3415 4022 3545 4082 eum

1897 4105 2041 4169 esse,
2065 4093 2165 4169 qui
2209 4094 2405 4169 eadem
2445 4107 2478 4169 a
2525 4094 2657 4150 sede
2678 4095 2999 4169 apostolica
3023 4097 3392 4169 dignabatur.
3435 4099 3548 4154 Nec

1897 4164 2068 4240 aliter
2100 4164 2349 4240 intelligi
2369 4164 2579 4240 debere
2623 4165 2978 4240 additionem
3010 4181 3079 4224 ex
3095 4164 3190 4224 'eo
3219 4169 3542 4240 colligitur,

1900 4235 2050 4306 quod
2107 4236 2264 4310 hisce
2293 4237 2591 4310 prioribus
2639 4239 2996 4310 temporibus
3024 4241 3178 4295 sicut
3209 4235 3549 4310 patriarcha}

1901 4319 2105 4382 nomen
2135 4307 2483 4382 inauditum,
2511 4309 2598 4363 sic
2622 4307 2855 4382 nullum,
2879 4316 3064 4366 exstat
3090 4307 3418 4382 vestigium,
3449 4317 3551 4367 aut

1902 4380 2296 4451 testimonium
2328 4376 2601 4434 formatas
2651 4381 2928 4450 epistolas
2969 4395 3035 4437 eo
3068 4376 3415 4451 patria‘rchae'
3438 4395 3549 4438 no-

1907 4450 2059 4504 mine
2102 4450 2419 4522 insigniri:
2476 4464 2606 4507 cum
2662 4457 2847 4507 tamen
2889 4450 3423 4522 frequentissimum
3468 4465 3550 4508 es-

1903 4526 1991 4594 set
2033 4521 2105 4594 in_
2144 4521 2561 4594 epistolispro
2598 4527 2811 4577 tessera
2852 4521 3071 4594 nomen;
3105 4523 3255 4579 Petri
3308 4524 3544 4594 apponi,

1905 4592 1990 4665 uti
2040 4592 2288 4665 advertit
2327 4592 2554 4665 Atticus
2590 4592 3296 4665 Constantinopolitanus,
3337 4592 3438 4665 qui
3478 4592 3550 4650 de

1902 4663 2168 4737 epistolis
2195 4664 2491 4737 canonicis
2515 4661 2650 4737 agit,
2694 4665 2911 4737 quique
2941 4661 3151 4720 asserit
3171 4661 3373 4737 notaui
3395 4679 3547 4737 prae-

1901 4735 2133 4804 dictam,
2170 4735 2487 4803 appositam
2522 4735 2788 4804 epistolis
2842 4734 3105 4792 formatis
3149 4736 3220 4792 de
3251 4734 3410 4793 Petri
3438 4751 3547 4794 no-

1906 4809 2078 4878 mine,
2112 4803 2353 4878 fuissea
2399 4803 2656 4878 Concilio
2694 4807 2922 4862 Nicaeno
2969 4809 3360 4878 approbatam.
3403 4808 3544 4864 Cum

1907 4877 2098 4946 itaque
2143 4876 2646 4950 nullibilegatur,
2681 4878 2742 4950 in
2788 4876 3061 4947 epistolis
3099 4881 3398 4936 canonicis
3438 4893 3548 4950 ap-

1905 4953 2149 5022 positam
2219 4948 2423 5022 primis
2485 4949 3089 5022 temperibusnotam
3142 4953 3397 5008 nominis
3439 4948 3548 5022 pa-

1904 5019 2192 5093 triarchae,
2232 5020 2373 5074 bene
2406 5021 2691 5093 tamenS.
2729 5021 2899 5090 Petri,
2927 5029 2983 5078 et
3008 5023 3372 5093 apponiillis
3401 5019 3553 5080 tem-

1906 5090 2144 5160 poribus
2189 5097 2456 5145 testatum
2513 5091 2816 5162 reli;uerit
2857 5090 3120 5161 Atticus,
3153 5092 3550 5151 aﬁlrmandum

1907 5166 2060 5233 inde,
2117 5164 2636 5218 consarcinatorem
2699 5165 2900 5220 horum
2950 5173 3206 5222 actorum
3258 5166 3555 5222 addidisse

1904 5239 2125 5289 tantum
2159 5234 2420 5308 litteram,
2464 5236 2544 5303 P.,
2569 5236 2955 5308 intelligendo
3004 5251 3204 5307 nempe
3243 5239 3416 5308 Petri,
3449 5237 3546 5293 sed

1903 5308 2341 5379 amanuensium
2384 5305 2641 5374 licentia,
2685 5305 2878 5375 potius
2933 5305 3258 5379 ignorantia
3307 5305 3554 5365 litteram

1904 5377 2262 5446 eXplaiiatam
2292 5391 2408 5450 per
2447 5379 2786 5446 patriarchae
2817 5377 3023 5435 vocem.
3066 5381 3160 5435 Ha:
3208 5394 3377 5450 porro
3405 5388 3550 5436 nota:

1907 5449 2466 5522 nominumadditaa,
2500 5457 2578 5522 _ut
2605 5450 2864 5522 epistola:
2905 5451 3182 5521 symbola,
3210 5449 3554 5522 plerumque

1907 5520 2121 5575 litteris
2145 5520 2287 5575 solis
2320 5519 2651 5575 initialibus
2674 5519 3099 5592 indicabantur,
3139 5519 3232 5579 uti
3247 5519 3549 5580 Ferrarius

1907 5592 2027 5666 late
2045 5592 2306 5666 observat
2338 5593 2396 5646 in
2428 5599 2713 5666 opuscuio
2735 5593 2805 5666 de
2852 5594 3068 5650 litteris
3115 5594 3552 5666 ecclesiasticis,

1903 5669 1960 5718 et
1980 5663 2082 5737 alii
2117 5670 2241 5732 post
2274 5666 2484 5733 ipsum.
2531 5664 2818 5719 Credibile
2846 5665 3027 5737 igitur
3065 5667 3296 5723 videtur
3321 5663 3552 5724 Sixtum

1905 5747 2012 5811 suo
2029 5735 2256 5811 decreto
2280 5741 2573 5805 statuisse,
2605 5742 2668 5791 ut
2695 5735 3070 5805 imposterum
3100 5740 3333 5811 propria
3357 5740 3552 5810 episto

1907 5805 2090 5863 larum
2118 5804 2490 5864 formatarum
2533 5804 2663 5864 nota
2703 5804 2854 5864 esset
2892 5813 2947 5866 δ.
2979 5804 3130 5868 Petri
3163 5804 3368 5869 nomen
3394 5804 3550 5869 con-

3125 5907 3196 5968 37
