4024 6176
480 333 617 392 H63

1721 333 2074 392 ANASTASII
2115 333 2508 390 BIBLIOTHEC
2517 332 2548 387 Α
2561 332 2654 388 Rll

3754 329 3886 387 4164

478 463 746 526 tractum,
808 462 865 513 et
914 471 1012 526 per
1042 457 1144 514 has
1201 458 1488 529 episcopis
1533 457 1784 514 directas
1832 456 2123 526 probatam
2147 458 2202 518 A
2235 468 2296 511 ea
2327 455 2729 529 communione
2755 454 3053 529 destitutis
3078 453 3321 529 Optatus
3340 453 3689 529 exprobrat;
3727 455 3887 529 Nun-

481 531 658 585 unius
688 529 973 585 cathedrae
1003 531 1153 585 Petri
1187 531 1534 592 societatem,
1559 536 1615 585 et
1643 530 2122 598 communionem,

480 601 566 655 uti
598 600 784 656 aiebat
805 605 1046 671 Uptatus
1068 616 1260 672 supra,
1285 615 1450 672 quam
1481 599 2122 670 ostentabantEpiscopi

484 684 582 740 per
629 672 905 741 epistolas
938 672 1104 727 hasce
1131 673 1696 742 communicatorias,
1729 681 1790 728 ut
1822 673 2127 742 probarent

485 743 760 799 unitatem
808 743 1077 798 Ecclesiae
1117 750 1172 799 et
1204 746 1378 799 unius
1421 745 1866 800 communionis.
1930 745 2042 797 Imo
2074 742 2122 797 si

483 828 607 884 qua:
661 815 963 884 synodicae,
998 821 1098 871 aut
1149 815 1448 886 encyclicte
1496 817 1750 886 epistolae
1781 828 1812 869 a
1855 815 2124 870 conciliis

483 885 817 954 edebantur,
865 885 1320 956 prmmittebatur
1389 885 1678 956 pontiﬁcis
1737 899 1939 942 nomen
1995 891 2125 940 ante

481 956 629 1011 alios
668 958 986 1027 episcopos,
1022 965 1086 1013 ut
1135 959 1251 1013 haec
1282 960 1544 1021 societas,
1581 966 1636 1014 et
1681 971 1792 1014 una
1841 957 2126 1012 cathedrae

483 1029 630 1082 Petri
657 1030 983 1085 communio
1007 1030 1392 1085 denotaretur.
1426 1030 1888 1086 Observationem
1914 1029 1969 1084 S.
2003 1030 2128 1082 Au-

483 1101 714 1172 gustino
755 1101 1046 1165 debemus,
1076 1103 1175 1172 qui
1211 1101 1493 1156 lacessens
1535 1101 1902 1157 Cresconium
1933 1102 2127 1172 Dona-

483 1171 696 1239 tistam,
731 1173 881 1227 inter
899 1173 1013 1227 alia
1038 1171 1371 1242 argumenta
1387 1173 1758 1228 adducentem
1779 1171 2127 1228 communio-

482 1255 605 1296 nem
639 1245 820 1298 totius
853 1244 1109 1298 Urientis
1140 1257 1268 1298 cum
1302 1245 1518 1298 Donato
1553 1245 1898 1313 rec0gnitam
1932 1257 1962 1296 a
1987 1243 2125 1297 Sar—

479 1313 700 1368 dicensi
733 1315 1002 1383 concilio,
1035 1316 1282 1369 advertit
1313 1315 1588 1384 synodum
1635 1315 1975 1370 scribentem
2008 1315 2127 1368 Doe

485 1393 615 1439 nato
635 1398 759 1440 esse
786 1392 991 1440 ccetum
1027 1386 1392 1452 Arianorum,
1429 1387 1529 1455 qui
1558 1393 1616 1441 ut
1643 1399 1765 1441 sese
1781 1387 2128 1455 opponerent

480 1456 1120 1510 Sardicensiconventui
1146 1456 1773 1526 catholicorum,alium
1790 1461 2126 1512 conventum

486 1539 552 1580 eo
583 1527 690 1581 loci
726 1527 1087 1582 habuerunt:
1126 1529 1360 1597 insuper
1386 1542 1451 1583 ex
1483 1541 1548 1584 eo
1577 1533 1751 1583 etiam
1799 1542 1921 1584 esse
1955 1541 2127 1596 pseu-

484 1597 838 1666 dosynodum
872 1599 1128 1668 deducit,
1158 1601 1295 1668 quia
1320 1599 1369 1653 si
1405 1600 1783 1655 universalem
1813 1609 2130 1655 consuetu-

482 1671 673 1726 dinem
703 1675 1002 1738 servasset,
1036 1669 1330 1726 debuisset
1361 1671 1631 1741 synodus,
1660 1677 1760 1727 aut
1789 1672 2130 1740 praemittere

488 1755 687 1797 nomen
721 1742 838 1796 veri
884 1741 1177 1811 pontiﬁcis
1233 1745 1334 1796 aut
1381 1742 1578 1797 saltem
1635 1743 1889 1812 episcopi
1936 1744 2130 1797 Dona-

489 1814 756 1868 tistarum
785 1825 1008 1880 nomen,
1038 1827 1202 1883 quem
1229 1815 1313 1868 uti
1343 1815 1490 1869 Petri
1515 1814 1800 1870 cathedrae
1823 1827 2125 1869 successo—

487 1899 599 1940 rem
652 1884 982 1955 gregalibus
1034 1884 1403 1940 venditabant
1441 1887 1774 1952 Donatistae,
1807 1899 1933 1941 cum
1980 1891 2130 1940 esset

489 1959 607 2012 haec
638 1965 858 2026 recepta
879 1957 1254 2028 consuetudo.
1287 1957 1556 2028 Proponit
1576 1964 1973 2028 argumentum
1991 1957 2132 2011 Cre-

486 2029 676 2084 sconii
708 2029 1108 2083 contendentis
1137 2027 1433 2082 ecclesiam
1467 2027 1812 2084 Orientaletn
1839 2029 1896 2083 in
1927 2029 2130 2083 Sardi-

486 2101 645 2172 censi
697 2098 1120 2172 conciliohcum
1170 2099 1400 2172 Donato
1436 2102 1889 2172 communicasse
1928 2099 1984 2170 (l.
2042 2112 2127 2172 tit,

486 2186 536 2226 c.
585 2168 676 2239 34,
732 2185 856 2242 pag.
912 2167 1064 2240 486):
1121 2191 1146 2221 α
1205 2171 1308 2225 Sed
1369 2169 1710 2242 Orientales,
1763 2167 2131 2242 quosmodo

487 2249 713 2300 nostros
733 2241 1152 2307 esSeconcedis,
1179 2255 1289 2296 non
1307 2241 1547 2297 latuisse
1569 2244 1673 2297 hoc
1701 2241 1925 2297 facinus
1959 2243 2128 2296 dicis.

485 2318 672 2384 Atque
719 2320 780 2367 ut
812 2313 916 2384 hoc
961 2313 1182 2382 probes,
1236 2312 1444 2368 inseris
1485 2314 1836 2384 principium
1874 2313 2131 2382 epistolae

485 2383 724 2442 concilii
744 2383 1124 2456 Sardicensis,
1146 2384 1241 2439 ubi
1262 2385 1466 2440 Donati
1489 2383 1854 2456 Carthaginis
1873 2385 2128 2455 episcopi

483 2458 661 2514 vestri
686 2468 886 2526 nomen
910 2455 1200 2510 invenitur
1219 2457 1558 2525 ascriptum.
1581 2455 1740 2526 Quod
1767 2457 1892 2512 ideo
1918 2457 2128 2512 factum

485 2535 653 2599 putas
683 2534 740 2582 et
784 2525 1051 2594 afﬁrmas,
1087 2528 1235 2599 quod
1267 2528 1535 2582 videlicet
1576 2525 1990 2598 Orientalibus,
2027 2528 2124 2597 qui

480 2598 550 2658 de
578 2599 826 2656 concilio
857 2612 962 2654 suo
987 2599 1096 2653 hau.
1129 2598 1343 2667 scripta
1367 2600 1668 2666 miserunt,
1696 2599 2127 2668 disciplicuerit

483 2675 849 2739 traditorum,
865 2676 921 2723 et
936 2669 1213 2724 abeorum
1238 2682 1298 2723 se
1319 2672 1720 2725 communione
1741 2676 2120 2740 retraxerunt,

481 2755 537 2804 et
591 2749 882 2816 pr0pterea
914 2743 1134 2816 Donato
1177 2746 1362 2816 vestro
1406 2742 1924 2816 communicabant.
1954 2760 1979 2791 ››
2015 2741 2119 2797 Cui

481 2811 856 2875 Cresconiano
907 2813 1065 2866 dicto
1100 2811 1214 2865 haec
1241 2812 1636 2883 Augustinus:
1693 2832 1718 2863 α
1768 2813 1933 2867 Disce
1963 2827 2115 2883 ergo,

479 2906 606 2964 qua:
633 2887 854 2944 nescis:
889 2882 1563 2964 Sardicense‘concilium
1608 2882 2114 2964 Arianorum__fuit,

479 2954 629 3034 quod
664 2966 858 3015 notum
900 2955 1127 3034 jamdiu
1165 2959 1276 3034 (Si,
1319 2954 1684 3034 uthabemus
1727 2956 1784 3008 in
1814 2954 2112 3034 manibus;

474 3026 828 3092 contractum
879 3027 1124 3081 maxime
1153 3033 1345 3080 contra
1373 3026 1754 3081 Athanasium
1782 3026 2109 3096 episcOpum

473 3102 921 3163 Alexandrinum
969 3096 1336 3166 catholicum,
1384 3098 1482 3166 qui
1523 3111 1721 3153 eorum
1769 3111 2016 3154 errorem
2043 3112 2111 3155 ex

473 3181 601 3250 ipsa
619 3175 855 3250 civitaie
884 3176 1094 3250 ortum,
1121 3182 1232 3250 pra;
1257 3171 1487 3250 caeteris
1501 3171 1725 3250 acriter!
1742 3170 2032 3250 arguebat
2055 3177 2111 3226 et

470 3240 782 3306 refellebaL.
809 3245 926 3297 Non
949 3242 1132 3312 igitur
1150 3241 1356 3296 mirum
1377 3241 1427 3296 si
1451 3240 1539 3295 illi
1562 3241 1813 3296 haeretici
1833 3244 2112 3297 Donatum

470 3323 585 3377 sibi
629 3318 909 3374 asciscere
939 3319 1321 3381 tentaverunt,
1353 3326 1497 3382 quos
1539 3327 1636 3382 per
1683 3319 1864 3368 totum
1919 3315 2110 3368 orbem

469 3391 752 3448 catholica
782 3385 1088 3442 damnabat
1135 3382 1427 3450 Ecclesia;
1478 3398 1804 3454 quanquam
1853 3397 1956 3439 nos
1986 3387 2113 3439 sine

468 3465 769 3521 civitatum
800 3455 1133 3512 nominibus
1164 3455 1482 3524 episcopos,
1517 3455 1584 3510 ad
1614 3469 1758 3524 quos
1793 3456 1874 3509 na:
1904 3454 2111 3510 linem

465 3538 611 3591 datze
673 3537 808 3587 sunt
857 3529 1184 3582 habeamus.
1243 3529 1357 3580 Aut
1404 3539 1536 3596 ergo
1594 3527 1812 3596 aliquis
1855 3529 2112 3583 Donatus

469 3608 582 3663 fuit
609 3617 718 3661 non
749 3603 809 3657 in
863 3598 1054 3654 Africa
1079 3597 1403 3668 episcopus,
1454 3597 1800 3670 cuinomini
1829 3599 2109 3670 Carthago

463 3692 494 3734 a
517 3676 722 3733 vestris
743 3679 830 3729 cst
849 3672 1065 3737 addita,
1082 3675 1203 3737 aut,
1221 3666 1438 3734 utdix’i,
1454 3666 1778 3724 Africanam
1795 3666 2110 3725 Orientalis

464 3751 700 3805 haeresis
732 3745 975 3800 tentavit
1004 3742 1328 3809 adjungere.
1355 3740 1513 3808 Quod
1550 3739 1685 3795 hinc
1714 3741 1955 3796 maxime
1980 3756 2108 3796 cre-

459 3821 643 3876 dibile
671 3823 757 3872 est
787 3813 936 3884 quod
965 3813 1033 3866 ad
1065 3811 1431 3884 Carthaginis
1456 3811 1807 3882 episcopum,
1856 3813 2107 3869 Romano

462 3883 868 3960 praetermisso,
903 3895 1193 3950 nunquam
1227 3883 1542 3960 Orientalis
1572 3884 1853 3960 catholica
1880 3884 2105 3960 scribe-

461 3952 580 4016 ret:
613 3959 712 4014 ubi
762 3955 962 4011 saltem
1005 3961 1189 4008 vester
1219 3952 1396 4007 scribi
1440 3953 1659 4020 debuit,
1693 3969 1860 4025 quem
1904 3956 2106 4011 soletis

461 4034 694 4087 Romam
738 4026 938 4098 paucis
966 4025 1172 4098 vestris
1212 4025 1437 4098 mittere
1467 4038 1533 4098 ex
1560 4025 1774 4081 Africa.
1811 4045 1834 4076 ι)
1871 4028 2102 4082 Interim

456 4111 640 4158 tamen
677 4095 772 4171 per
802 4095 1075 4171 epistolas
1096 4110 1126 4148 a
1159 4096 1428 4164 pontiﬁce
1453 4097 1702 4152 directas
1731 4110 1917 4152 veram
1939 4111 2101 4153 com—

461 4168 787 4229 munionem
820 4168 1150 4236 indicatam,
1178 4173 1240 4220 ut
1268 4175 1484 4222 certum
1508 4181 1576 4222 ex
1605 4175 1828 4237 recepta
1854 4183 2104 4225 consue-

459 4246 662 4300 tudine
707 4238 1403 4310 supponitHieronymus,
1455 4239 1510 4292 in
1545 4239 1852 4295 schismate
1891 4242 2098 4296 Antio-

453 4316 634 4371 cheno
677 4328 707 4368 a
751 4309 989 4368 Damaso
1035 4309 1425 4380 expostulans,
1493 4331 1516 4361 τι
1561 4310 1655 4364 cui
1698 4311 1848 4380 apud
1890 4314 2101 4368 Antio-

452 4389 639 4443 chiam
670 4384 901 4441 debeam
931 4379 1385 4456 communicare,
1407 4387 1519 4456 »_et
1545 4394 1704 4436 mox:
1737 4379 2098 4456 ’«illleletius,

451 4460 679 4526 Vitalis,
729 4462 901 4526 atque
951 4452 1228 4526 Paulinus
1282 4451 1389 4506 tibi
1443 4453 1654 4526 haerere
1677 4466 1750 4526 se
1778 4451 2096 4512 dicunt.....

449 4523 715 4586 ObtestOr
745 4523 1161 4581 beatitudinem
1192 4528 1413 4578 tuam...
1452 4533 1513 4580 ut
1547 4523 1689 4578 mihi
1718 4523 1934 4581 litteris
1959 4531 2095 4593 tuis,

2143 3210 2190 3272 C

2234 527 2369 599 quid
2409 529 2614 596 poteris
2660 527 2964 596 approbare
3004 527 3344 580 mendacium
3400 542 3522 599 esse,
3573 527 3892 599 cathedram

2232 598 2402 660 Petri,
2436 599 2532 651 ubi
2559 604 2636 652 est
2667 604 2855 652 nostra
2885 601 3111 652 societas
3138 599 3164 652 ?
3192 600 3258 652 Et
3286 598 3654 668 Augustinus
3685 598 3891 653 catho-

2237 672 2377 726 licos
2400 682 2432 724 a
2456 669 2776 725 Donatistis
2818 669 3186 724 discriminat
3222 683 3289 725 ex
3320 671 3594 725 societate
3625 684 3766 725 cum
3802 682 3890 723 ca-

2236 742 2434 798 thedra
2466 742 2614 796 Petri
2664 740 2808 811 (adv.
2856 742 3018 795 Petit.
3052 741 3090 796 Ι.
3147 755 3210 810 tl,
3266 756 3317 796 c.
3362 739 3484 810 M):
3539 741 3664 806 Qua
3715 756 3820 794 nos
3848 757 3890 791 ut

2235 814 2497 868 catholica
2527 814 2897 866 communione
2934 815 3318 876 connectimur,
3363 819 3426 867 ut
3458 813 3758 867 Petiliauo
3789 813 3890 864 Do-

2237 886 2463 941 natistte
2522 885 2812 954 opposuit,
2868 891 2929 939 ut
2976 897 3172 940 eorum
3205 885 3453 940 schisma
3490 885 3888 954 exprobraret.

2237 957 2371 1012 Inde
2389 953 2648 1026 episcopi
2669 969 2701 1010 a
2725 957 2855 1011 sede
2880 956 3193 1024 apostolica
3213 956 3602 1026 regredientes
3629 970 3771 1011 cum
3800 953 3895 1008 for-

2239 1035 2443 1083 matam
2472 1027 2762 1096 haberent,
2797 1033 2851 1082 et
2872 1027 3015 1082 hanc
3043 1027 3307 1096 plebibus
3336 1028 3733 1092 ostenderent,
3775 1040 3894 1094 pon-

2238 1098 2378 1155 tifex
2426 1100 2655 1153 nomine
2682 1100 2829 1153 Petri
2875 1098 3066 1166 plebes
3108 1098 3477 1154 benedicebat
3504 1104 3559 1152 et
3602 1097 3890 1152 salutabat

2231 1173 2394 1241 juxta
2452 1170 2612 1225 Pauli
2641 1170 3135 1226 consuetudinem.
3178 1171 3551 1241 Consuevisse
3589 1171 3892 1241 episcopos

2237 1240 2570 1309 Catholicos,
2598 1242 2776 1296 multo
2798 1241 2978 1312 magis
3002 1240 3317 1311 pontiﬁces.
3345 1241 3613 1311 plebesin
3645 1240 3894 1312 publicis

2235 1313 2482 1370 ctetibus
2511 1312 2764 1368 salutare
2795 1311 2994 1368 docuit
3035 1316 3275 1381 Uptatus
3304 1313 3349 1367 Ι.
3399 1326 3482 1381 ut,
3529 1328 3593 1381 p.
3633 1311 3730 1377 84,
3765 1312 3891 1365 dum

2239 1385 2316 1440 ita
2346 1385 2802 1453 Parmenianum,
2835 1391 2890 1439 et
2919 1386 3295 1441 Donasttstas.
3331 1390 3386 1438 et
3417 1383 3698 1439 Macrobii
3735 1382 3893 1436 schi-

2237 1457 2538 1512 smaticum
2557 1455 2835 1512 ambitum
2859 1455 3156 1510 convellit:
3184 1474 3211 1508 or
3237 1454 3592 1524 EpiSCOpalis
3617 1461 3894 1509 tractatus

2240 1527 2513 1600 probatur
2542 1526 2903 1600 abomnibus
2928 1529 3233 1600 sanctitate
3255 1527 3513 1600 vestitus,
3538 1526 3895 1600 salutatione.

2238 1597 2463 1655 Scilicet
2480 1599 2785 1668 geminata.
2805 1600 2925 1654 Non
2939 1597 3093 1652 enim
3115 1598 3336 1668 aliquid
3357 1598 3562 1668 incipit
3584 1597 3893 1666 episcopus

2238 1671 2305 1726 ad
2337 1671 2612 1740 populum
2641 1671 2853 1738 dicere,
2888 1670 3002 1724 nisi
3033 1671 3218 1739 primo
3252 1670 3310 1723 in
3341 1674 3572 1724 nomine
3604 1669 3708 1723 Dei
3746 1669 3889 1723 salu-

2240 1743 2464 1798 taverit.
2497 1741 2728 1796 Similes
2779 1746 2914 1796 sunt
2960 1747 3154 1795 exitus
3182 1741 3393 1796 initiis.
3425 1740 3630 1796 Omnis
3672 1746 3892 1794 tracta-

2159 1833 2212 1893 B
2240 1821 2335 1893 t_us_
2361 1814 2417 1868 in
2449 1814 2701 1893 Ecclesia
2727 1825 2758 1866 a
2780 1813 3146 1893 .nominenDei
3184 1813 3484 1893 incipitur,
3535 1821 3592 1893 et
3630 1812 3889 1893 ejusdsm

2239 1886 2340 1940 Dei
2369 1885 2598 1940 nomine
2630 1883 2990 1939 terminatur.
3017 1883 3159 1952 Quis
3189 1891 3434 1938 vestrum
3469 1884 3649 1938 audet
3677 1883 3890 1946 dicere,

2239 1957 2651 2026 Episcoporum
2713 1968 2868 2010 more
2915 1955 3225 2010 Macarium
3277 1955 3544 2024 populum
3595 1955 3892 2010 salutare?

2241 2028 2423 2100 igitur
2452 2042 2579 2083 cum
2605 2026 3069 2100 necsalutaverit
3097 2034 3399 2100 antequam
3423 2027 3892 2100 aliquidluquc—

2245 2097 2421 2168 rétur,
2483 2112 2584 2154 nec
2642 2099 2892 2153 salutare
2949 2111 3128 2153 ausus
3179 2099 3259 2152 sit
3305 2105 3605 2167 postquam
3664 2097 3888 2152 locutus

2242 2177 2392 2227 est...
2421 2171 2560 2241 quid
2589 2176 2675 2224 est
2706 2171 2854 2238 quod
2888 2168 3110 2236 dicitis,
3158 2169 3337 2238 pollui
3375 2171 3634 2237 potuisse
3662 2170 3888 2241 episco-

2243 2243 2367 2314 pale
2397 2239 2748 2314 collegium,
2783 2255 2910 2314 cum
2957 2241 3027 2294 ab
3058 2242 3224 2314 omni
3260 2241 3666 2314 episcoporum
3698 2239 3888 2314 ofﬁcio

2241 2312 2552 2369 Macarium
2580 2313 2788 2368 videtis
2808 2312 3061 2366 alienum
3083 2312 3112 2366 ‘I
3147 2331 3172 2361 ››
3201 2313 3336 2367 Cum
3372 2312 3556 2382 igitur
3579 2312 3781 2367 ﬁdeles
3809 2315 3882 2366 uti

2241 2385 2667 2442 communionis
2713 2390 2982 2439 tesseram
3017 2383 3287 2439 haberent
3319 2383 3619 2438 formatam
3647 2384 3720 2437 ab
3750 2398 3889 2452 apo-

2241 2457 2448 2512 stolica
2497 2457 2627 2511 sede
2658 2455 2944 2510 obtentam
2975 2454 3045 2508 ab
3075 2456 3362 2526 episc0pis
3393 2456 3448 2510 in
3513 2468 3810 2526 regressu,
3840 2466 3888 2509 et

2239 2530 2385 2583 hanc
2413 2527 2587 2583 iidem
2609 2527 2839 2596 populis
2859 2527 3212 2593 intimarent,
3237 2535 3295 2582 ut
3320 2527 3632 2596 probarent
3658 2530 3888 2581 societa-

2238 2605 2348 2654 tem
2380 2614 2506 2655 cum
2538 2598 2807 2654 cathedra
2854 2599 3023 2666 Petri,
3051 2611 3162 2653 non
3193 2606 3316 2654 erat
3347 2599 3578 2666 inutile,
3615 2599 3670 2653 si
3702 2598 3888 2667 plebi-

2233 2670 2343 2726 bus
2385 2669 2642 2741 pontifex
2670 2670 3071 2741 salutationem
3092 2672 3510 2738 pronuntiaret,
3544 2685 3680 2724 cum
3728 2670 3888 2725 salu-

2234 2740 2575 2797 tatioindex
2601 2747 2749 2797 esset
2778 2740 3143 2811 episcopalis,
3175 2748 3230 2796 et
3264 2742 3441 2797 multo
3474 2743 3665 2812 magis
3695 2743 3887 2811 ponti-

2232 2814 2416 2870 ﬁcalis
2446 2812 2639 2869 ofﬁcii.
2671 2814 2963 2882 Quomodo
2992 2813 3877 2884 intelligendaveniuntAverba

2230 2893 2513 2954 postrema
2559 2885 2613 2940 S.
2669 2885 2932 2956 Gregorii
2985 2883 3023 2938 l.
3058 2897 3158 2956 vit,
3195 2882 3283 2954 ep.
3343 2882 3431 2951 29,
3463 2898 3593 2955 pag.
3634 2882 3766 2947 226,
3811 2884 3873 2939 ad

2223 2959 2530 3028 Eulogium
2578 2955 2958 3025 patriam-ham
3009 2955 3460 3011 Alexandrinum
3527 2957 3872 3012 scribentis:

2227 3049 2252 3080 α
2296 3029 2750 3084 Benedictionem
2796 3028 2853 3082 S.
2912 3028 3087 3081 Marci
3119 3028 3500 3096 evang-elisae,
3563 3028 3685 3082 imo
3734 3028 3874 3098 quod

2221 3109 2306 3156 est
2335 3102 2526 3156 verius
2551 3100 2732 3154 sancti
2763 3099 2910 3153 Petri
2934 3099 3202 3168 apostoli,
3238 3101 3295 3153 in
3315 3112 3378 3153 ea
3405 3099 3747 3164 dulcedine,
3777 3113 3876 3170 qua

2219 3180 2304 3228 est
2337 3172 2670 3228 transmissa
2691 3172 3074 3240 suscepimus,
3091 3178 3147 3226 et
3169 3170 3540 3226 salutationis
3555 3171 3873 3242 alloquium

2223 3245 2624 3314 persolventes.
2657 3260 2681 3291 υ
2715 3248 2822 3296 etc.
2855 3243 2994 3296 Hinc
3025 3244 3230 3314 elucet,
3256 3244 3545 3311 quomodo
3587 3244 3876 3298 salutato-

2226 3313 2324 3371 riae
2371 3315 2629 3384 epistolae
2683 3314 2886 3383 primis
2936 3313 3166 3369 sazculis
3204 3321 3411 3383 essent,
3465 3321 3523 3368 et
3559 3315 3618 3368 in
3656 3328 3875 3370 summo

2225 3388 2406 3457 pretio
2423 3387 2787 3454 haberentur,
2803 3398 2868 3439 ac
2885 3385 3620 3457 custodirentursingulari
3637 3387 3876 3456 diligen-

2223 3456 2324 3526 tia,
2373 3464 2434 3513 ut
2460 3458 2666 3512 docent
2696 3464 2818 3511 acta
2860 3456 3086 3512 Felicis.
3147 3457 3376 3527 Legitur
3423 3471 3558 3512 vero
3593 3458 3658 3512 in
3707 3462 3869 3523 Actis

2221 3529 2371 3600 quod
2387 3528 2840 3584 AlﬁusCaecilian
2853 3543 2936 3592 us,
2951 3529 3046 3582 cui
3060 3534 3166 3583 tem
3179 3541 3313 3597 pore
3327 3528 3736 3584 Diocletianezc
3760 3544 3873 3599 per—

2220 3601 2697 3656 secutionisonus
2713 3600 3042 3669 impositum
3061 3600 3403 3654 incendendi
3417 3614 3616 3654 sacros
3628 3603 3868 3666 codices,

2223 3673 2339 3728 haec
2369 3672 2636 3742 deposuit
2669 3671 2725 3725 in
2759 3671 2917 3726 Actis
2945 3671 3094 3741 (post
3119 3669 3310 3740 Optat.
3346 3685 3470 3742 pag.
3503 3671 3629 3739 96):
3667 3694 3696 3723 α
3729 3674 3870 3728 Tunc

2222 3746 2458 3799 mittunt
2491 3744 2547 3798 in
2571 3745 2802 3798 domum
2829 3743 3085 3812 episcopi
3116 3743 3361 3810 Felicis;
3393 3751 3456 3797 ut
3480 3745 3720 3799 tolleret
3753 3745 3866 3798 inde

2216 3817 2564 3884 Scripturas,
2598 3823 2659 3871 ut
2690 3816 2854 3870 exuri
2880 3814 3436 3883 possentsecundum
3466 3829 3700 3869 sacrum
3733 3829 3865 3885 pm-

2217 3894 2468 3956 ceptum.
2514 3889 2609 3942 Sic
2638 3885 2904 3942 Galatius
2949 3885 3625 3956 nobiscumperrexitad
3665 3886 3860 3946 locum.

2216 3955 2313 4014 ubi
2345 3959 2635 4014 orationes
2651 3957 2936 4013 celebrare
2951 3957 3211 4012 consueti
3240 3955 3494 4012 fuerunt.
3515 3961 3535 4011 l
3545 3959 3657 4012 nde
3677 3962 3865 4013 cathe-

2213 4031 2374 4086 dram
2422 4030 2686 4096 tulimus,
2726 4035 2783 4084 et
2833 4028 3108 4098 epistolas
3151 4028 3546 4098 salutatorias,
3592 4037 3651 4084 et
3683 4029 3862 4085 omnia

2213 4102 2362 4157 ostia
2395 4101 2689 4157 combusta
2713 4100 3175 4157 suntsecundum
3195 4114 3417 4155 sacrum
3447 4108 3812 4170 praeceptum.
3839 4118 3858 4146 ι

2216 4175 2388 4229 Addit
2417 4172 2616 4243 Alﬁus,
2652 4186 2710 4228 se
2743 4172 2858 4228 haec
2889 4171 3062 4226 Felici
3094 4172 3467 4226 denuntiasse
3509 4187 3610 4241 per
3639 4175 3858 4242 episto-

2213 4245 2344 4311 lam,
2375 4247 2567 4314 inqua
2594 4246 2710 4300 haec
2756 4243 3112 4315 legebantur.
3161 4261 3186 4293 ι)
3215 4244 3355 4298 Cum
3399 4243 3670 4298 Galatius
3721 4257 3859 4299 unus

2209 4329 2278 4372 ex
2308 4315 2430 4388 lege
2454 4323 2639 4388 vestra
2661 4314 2889 4388 publice
2913 4314 3188 4384 epistolas
3206 4315 3576 4388 salutatorias
3605 4316 3679 4370 de
3709 4315 3860 4369 basi-

2213 4389 2320 4443 lica
2353 4386 2678 4457 protulerit.
2706 4406 2731 4436 »
2760 4387 2946 4441 Veluti
2969 4456 2974 4457 7
2999 4399 3154 4439 reum
3189 4386 3527 4440 traditionis
3567 4399 3853 4442 sacrorum

2210 4456 2472 4514 codicum
2499 4458 2658 4513 Felix
2687 4456 2980 4513 Caeciliani
3014 4457 3313 4512 ordinator
3345 4459 3695 4528 traducitur,
3731 4458 3858 4527 quia

2211 4531 2464 4600 epistolas
2516 4531 2873 4583 salutatorias
2902 4529 3254 4600 permiserit
3300 4541 3368 4584 ex
3415 4530 3710 4596 cathedra,
3763 4528 3853 4582 ubi

445 4604 596 4673 apud
630 4612 793 4673 quem
843 4597 902 4651 in
942 4593 1393 4673 Syriadebeam
1441 4597 1865 4673 communicare
1904 4589 2099 4670 signi;
2127 4589 2178 4649 D
2211 4589 2647 4657 reservabantur
2692 4589 2943 4673 extrahi'
2978 4612 3010 4652 a
3066 4614 3285 4672 pagano
3355 4601 3626 4673 satellite.
3691 4591 3853 4654 Porro

448 4667 602 4729 lices.
635 4667 663 4722 ιῑ
709 4672 828 4741 Qua
877 4667 1246 4741 peilsuasione
1299 4667 1556 4741 imbutus
1583 4669 1918 4741 Gratianus,
1953 4667 2096 4725 con-

445 4736 891 4801 stitutumanno
918 4736 1241 4806 378edidit,
1269 4744 1330 4791 ut
1365 4739 1451 4793 illi
1484 4739 1754 4794 catholici
1787 4753 2098 4797 conserem-

447 4827 546 4874 tur
584 4817 684 4886 qui
744 4825 874 4886 cum
905 4813 1145 4886 Damaso
1181 4810 1701 4886 commu‘nicabant,
1741 4818 1803 4886 et
1843 4811 2098 4869 Bullinus

445 4880 652 4944 cum'a
698 4884 908 4940 Siricio
949 4881 1245 4936 formatam
1297 4880 1668 4952 obtinuisset,
1722 4883 1855 4938 dum
1907 4886 2094 4939 Romae

440 4965 610 5038 esset,
645 4964 699 5014 et
723 4957 930 5038 deinde
955 4951 1528 5038 abiAnastasio‘papa
1562 4954 1633 5038 ob
1658 4951 1861 5038 dogma
1887 4957 2095 5038 Orige-

444 5024 682 5087 nianum
712 5026 1241 5098 reprehenderetur,
1262 5028 1505 5098 protulit
1533 5024 1708 5098 veluti
1727 5040 1904 5080 comm
1918 5024 2094 5083 unio-

445 5104 537 5158 nis
596 5095 896 5157 catholicae
965 5107 1230 5151 tesseram
1284 5095 1482 5150 Siricii
1544 5096 1861 5152 formatam.
1936 5099 2088 5154 Unde

445 5173 589 5230 illud
623 5174 678 5228 S.
713 5169 1038 5238 Hieronymi
1082 5168 1316 5236 Apolog.
1371 5181 1409 5221 Il
1464 5168 1740 5223 adversus
1772 5169 2038 5225 Ruﬁnum
2070 5189 2082 5225 :

444 5267 468 5298 (κ
498 5245 691 5300 Siricii
719 5243 833 5312 jam
866 5242 923 5295 in
952 5239 1578 5312 Dominoidormientis
1612 5239 1831 5312 profers
1863 5242 2088 5309 episto-

442 5316 575 5386 lam,
610 5323 664 5372 et
691 5309 937 5368 viventis
957 5309 1437 5386 Anastasiidicia
1466 5311 1868 5386 contemnis.)

509 5381 872 5443 salutationis
912 5383 1110 5452 plebis.
1153 5381 1270 5434 Alii
1303 5383 1530 5438 codices
1559 5381 1774 5452 legunt.
1801 5384 1927 5438 Nisi
1967 5400 2087 5438 cum

433 5462 687 5527 formatis
739 5456 1088 5512 salutationis
1130 5453 1206 5505 ad
1257 5453 1463 5527 plebem
1521 5470 1554 5506 a
1597 5454 1721 5507 sede
1768 5456 2083 5527 apostolica.

435 5525 628 5585 Altera
662 5533 1056 5595 t'ormatarum,
1091 5537 1235 5593 quas
1279 5525 1579 5579 tradebant
1611 5526 1926 5594 pontiﬁces,
1967 5533 2088 5582 erat

439 5608 571 5656 nota
595 5599 964 5656 salutationis
994 5596 1324 5664 apostolicae
1346 5597 1500 5669 sedis
1533 5598 1601 5650 ad
1628 5597 1818 5665 plebes
1844 5597 2083 5669 directa,

435 5672 638 5727 merito
676 5672 729 5726 S.
765 5673 934 5740 Petri,
963 5671 1130 5737 cujus
1159 5679 1359 5721 nomen
1393 5668 1478 5722 uti
1503 5672 1713 5723 tessera
1742 5673 1864 5724 erat
1906 5668 2089 5739 appo-'

434 5744 612 5798 situm
639 5743 698 5796 in
723 5741 982 5796 formata.
1012 5743 1270 5795 r‘ormata
1298 5750 1545 5808 namque
1566 5745 1688 5794 erat
1715 5754 2084 5796 communio-

434 5815 527 5869 nis
560 5813 754 5878 index,
787 5816 841 5864 et
872 5810 1167 5866 societatis
1198 5816 1406 5865 tessera
1435 5823 1566 5864 cum
1594 5811 1743 5865 Petri
1785 5812 2075 5879 cathedra,

431 5888 501 5941 de
527 5895 640 5955 qua
679 5879 1077 5952 gloriabantur
1109 5882 1363 5936 universi
1394 5880 1608 5950 ﬁdeles,
1644 5883 1728 5936 uti
1755 5883 2077 5940 Donatistis

2207 4673 2484 4742 epistolas
2513 4673 2884 4729 salutatorias
2907 4671 3058 4726 inter
3078 4685 3271 4728 sacros
3297 4671 3520 4728 codices
3545 4684 3850 4738 recensere,

2209 4745 2268 4799 in
2298 4745 2566 4800 cathedra
2617 4743 2906 4815 epicopali
2958 4756 3266 4813 reservare,
3314 4745 3370 4797 in
3421 4747 3642 4800 crimen
3671 4743 3850 4798 tradi-

2206 4816 2385 4872 tionis
2407 4823 2623 4872 vertere
2643 4816 2967 4872 earumdem
2993 4821 3240 4884 raptum,
3273 4825 3611 4885 sapponunt
3637 4816 3854 4886 pondus

2204 4889 2562 4944 earumdem:
2622 4888 2738 4943 haec
2790 4895 2978 4942 autem
3047 4887 3352 4941 aestimatio
3417 4885 3654 4942 aliunde
3714 4885 3850 4940 oriri

2205 4973 2314 5031 non
2352 4966 2587 5029 poterat,
2633 4961 2747 5015 nisi
2775 4960 2912 5031 quia
2948 4958 3066 5012 haec
3117 4972 3149 5014 a
3205 4957 3581 5027 pontiﬁcibus
3612 4965 3849 5013 exaratae

2202 5030 2422 5086 indices
2473 5041 2661 5088 essent
2686 5030 3110 5087 communionis
3152 5036 3209 5086 et
3251 5030 3549 5085 societatis
3599 5043 3726 5085 cum
3753 5041 3851 5082 ca-

2201 5101 2328 5157 thed
2342 5118 2396 5156 ra
2424 5104 2591 5172 Petri,
2615 5110 2671 5156 et
2693 5104 2866 5158 veluti
2894 5103 3174 5172 quoddam
3199 5116 3421 5158 sacrum
3451 5101 3663 5173 pignus
3687 5101 3854 5156 unius

2200 5173 2330 5229 ﬁdei
2361 5183 2416 5228 et
2445 5175 2877 5230 communionis
2904 5188 3034 5228 cum
3079 5174 3368 5230 catholica
3408 5175 3666 5230 Ecclesia
3704 5177 3849 5227 certa

2197 5250 2425 5299 tessera.

2267 5316 2391 5380 Quae
2447 5320 2524 5370 est
2578 5317 2839 5382 formata.
2873 5316 3266 5372 Formatarum
3320 5315 3702 5385 epistolarum
3753 5327 3851 5369 va-

2198 5387 2348 5440 rium
2399 5395 2484 5442 est
2530 5387 2865 5443 discrimen.
2896 5386 3006 5455 Qui
3051 5389 3280 5443 addidit
3339 5389 3484 5444 hanc
3519 5389 3847 5458 periochen,

2196 5459 2379 5530 voluit
2403 5459 2706 5530 desighare
2734 5470 2896 5515 n0tas
2915 5461 3129 5529 apponi
3155 5466 3458 5514 consuetas
3487 5463 3545 5515 in
3580 5459 3849 5527 epistolis

2195 5529 2350 5601 datis
2373 5531 2658 5600 episcopis
2690 5545 2756 5586 ex
2798 5531 2942 5585 Urbe
2971 5530 3453 5601 regredientibus,
3488 5540 3550 5586 ut
3580 5533 3851 5588 haberent

2198 5600 2448 5674 litteram
2483 5605 2564 5671 P.,
2597 5610 2652 5658 et
2681 5602 2856 5657 simul
2878 5600 3274 5674 denuntiatum
3306 5605 3583 5657 baberent
3608 5620 3640 5658 a
3674 5603 3851 5674 ponti-

2199 5671 2298 5726 ﬁce
2334 5673 2720 5729 salutationem
2761 5674 2836 5727 ad
2878 5674 3090 5744 plebem
3132 5673 3336 5730 faciant
3377 5687 3410 5727 a
3456 5671 3770 5743 pontiﬁce;
3798 5681 3849 5730 et

2193 5744 2496 5811 epistolam
2528 5746 2614 5800 sic
2661 5753 2989 5815 conceptam
3039 5759 3220 5816 genus
3262 5757 3386 5801 esse
3424 5746 3692 5815 epistolae
3732 5747 3850 5802 for-

2194 5817 2574 5889 matzeedicit,
2605 5817 2706 5872 Per
2734 5817 2835 5872 has
2857 5824 3107 5889 tempore
3129 5817 3555 5889 persecutionis
3573 5827 3848 5889 retentas,

2187 5896 2253 5940 ac
2303 5887 2372 5943 ad
2431 5886 2672 5944 invicem
2725 5889 2931 5944 missas
2971 5887 3240 5947 Ecclesia:
3268 5886 3855 5958 deprehendebantur
