4024 6176
183 295 328 354 4469

1074 295 1395 352 HISTORIA
1435 296 1526 352 DE
1579 292 1756 350 VITIS
1792 291 1959 349 ROM.
2003 289 2202 348 PONT.
2246 321 2319 334 -
2355 291 2415 352 S.
2452 292 2717 349 Sl'XTUS.

3453 291 3591 351 4470

254 423 514 495 Marinus
537 422 606 478 de
635 421 1323 495 sacrisAOrdinationibus
1353 429 1509 492 parte
1542 434 1625 488 Ill,
1657 433 1826 475 exer—
1850 409 1911 471 A
2012 425 2277 482 Libenter
2319 425 2545 492 addam,
2589 423 2661 480 ab
2695 424 2949 481 Ecclesia
2989 425 3254 495 ριιεεοθριῑ
3300 423 3586 482 Dominici

177 493 455 549 citatione
499 508 600 555 xu,
647 508 770 564 cap.
809 491 864 560 3,
903 509 956 548 n.
997 493 1050 550 8.
1089 495 1460 551 considerans
1501 497 1824 549 contactum

175 579 442 620 vasorum
473 579 762 621 sacrorum
797 565 964 622 laicis
984 566 1165 622 fuisse
1188 565 1552 621 interdictum
1584 578 1680 633 per
1703 576 1824 618 eam

174 644 419 702 atatem,
445 651 553 706 qua
585 644 817 706 urgente
845 640 1306 706 persecutionum
1329 637 1670 693 discrimine
1693 649 1827 704 per-

177 707 517 763 mittebatur
546 707 811 763 ﬁdelibus
848 723 1056 778 corpus
1091 710 1274 777 ipsum
1306 709 1666 763 Dominicum
1704 714 1823 778 tum

174 780 428 848 recipere
459 793 489 834 a
520 781 828 842 sacerdote,
875 777 991 836 tum
1027 795 1213 836 secum
1247 779 1487 842 deferre,
1520 785 1639 834 tum
1670 777 1823 833 domi

175 850 440 921 retinere,
466 857 521 905 et
550 852 802 919 prapriis
825 852 1091 908 manibus
1112 853 1196 907 ori
1224 852 1521 906 admovere
1544 850 1628 921 (ut
1651 851 1824 905 lucu-

175 920 602 995 lenterconstat
625 936 691 995 ex
718 923 960 991 epistola
984 925 1166 995 Magni
1201 924 1399 978 Basilii
1424 925 1491 979 ad
1519 920 1822 995 Caesariani

177 993 505 1063 Patriciam)
557 993 800 1049 dubium
854 993 1494 1064 excitat'opportunum
1552 995 1619 1049 ad
1676 993 1824 1047 illu-

171 1065 476 1119 strandum
499 1066 812 1137 decretum,
836 1067 906 1120 de
929 1081 1040 1135 quo
1068 1067 1382 1137 loquimur.
1407 1066 1624 1136 Quaerit
1644 1066 1819 1137 enim,

168 1149 282 1191 cur
303 1150 368 1190 ex
391 1150 552 1205 {equo
575 1150 682 1192 non
714 1135 889 1192 fuerit
912 1135 1251 1207 permissum
1279 1153 1408 1192 vasa
1431 1151 1591 1192 sacra
1619 1136 1818 1192 iisdem

172 1207 443 1279 inanibus
495 1215 869 1271 contrectare,
924 1209 1138 1279 quibus
1193 1211 1555 1265 Dominicum
1614 1222 1822 1279 corpus

167 1277 340 1348 longe
369 1281 652 1335 sacratius
678 1280 886 1335 licebat
913 1277 1161 1348 recipere
1186 1286 1240 1336 et
1268 1282 1512 1335 retinere
1538 1280 1568 1334 ‘2
1593 1281 1656 1333 Et
1682 1277 1822 1348 qui-

165 1349 299 1404 dem
330 1351 527 1406 Basilii
561 1353 803 1419 epistola
838 1353 1139 1420 perspicue
1167 1353 1328 1407 docet
1355 1365 1476 1407 eam
1504 1356 1821 1405 consuetu-

165 1421 360 1494 dinem
390 1423 494 1478 diu
532 1430 662 1478 ante
696 1422 876 1478 fuisse
915 1431 1214 1494 receptam.
1248 1445 1272 1475 ‹‹
1307 1423 1587 1488 Sacerdos,
1627 1421 1821 1488 inquit

165 1491 443 1554 Basilius,
485 1496 818 1562 particulam
858 1495 1030 1549 tradit
1048 1491 1074 1550 ':
1098 1496 1298 1549 detinet
1327 1500 1508 1548 autem
1542 1509 1659 1547 eam
1697 1508 1818 1546 cum

165 1567 319 1617 omni
345 1566 592 1620 libertate
617 1569 664 1619 is
685 1569 781 1635 qui
800 1569 1014 1635 accipit,
1050 1573 1099 1621 et
1120 1569 1195 1620 sic
1215 1569 1298 1619 ori
1321 1566 1566 1620 admovet
1590 1565 1816 1631 propria

163 1652 357 1689 manu.
391 1655 417 1686 »
453 1639 551 1692 His
585 1651 716 1693 vero
763 1639 1058 1706 praemittit
1092 1641 1148 1692 in
1181 1639 1373 1693 eadem
1418 1635 1659 1703 epistola
1699 1635 1816 1689 haec

165 1707 375 1761 verba:
410 1728 436 1760 α
463 1710 576 1763 Hoc
607 1717 796 1764 autem
842 1711 1258 1772 persecutionis
1299 1707 1655 1776 temporibus
1686 1706 1812 1776 (τοςί

1936 498 2165 554 conscia
2211 498 2280 553 de
2330 496 2689 567 perceptione
2726 497 2986 565 corporis
3026 496 3260 560 Christi,
3294 510 3358 551 ac
3387 496 3456 550 de
3483 511 3587 552 co-

1938 570 2214 625 mestione
2242 569 2363 624 oris
2392 574 2448 624 et
2486 569 2742 640 gutturis
2780 572 3067 634 contactu,
3109 573 3282 637 atque
3325 567 3584 637 degluti—

1937 643 2091 697 tione
2135 641 2475 710 perficienda
2504 641 2650 695 citra
2683 640 3077 694 necessitatem
3124 644 3423 694 contactus
3456 651 3578 693 ma—

1938 727 2113 768 nuum
2191 713 2479 766 ministris
2545 717 2849 771 reservata,
2911 710 3142 779 perinde
3200 710 3579 765 constitutum

1937 784 2118 840 fuisse
2146 789 2271 851 post
2302 783 2400 837 illa
2429 782 2888 851 persecutionum
2915 782 3276 837 discrimina.
3306 787 3361 837 et
3387 793 3582 835 sacer-

1934 857 2131 912 dotum
2165 854 2478 910 absentiam
2512 853 2582 909 ab
2609 855 2835 921 eremis,
2871 867 3040 923 quam
3074 853 3322 908 Basilius
3349 851 3579 906 indica-

1934 928 2050 999 bat,
2096 940 2163 982 ne
2206 927 2576 999 imposterum
2611 925 2840 999 do_mi_a
2880 925 3120 992 privatis
3162 923 3578 999 custodiretur,

1931 994 2311 1068 aut'propriis
2334 995 2599 1052 manibus
2621 995 2706 1052 ori
2730 996 3125 1068 admoveretur
3145 1009 3353 1068 corpus
3374 994 3579 1068 Domi-

1931 1065 2122 1126 nicum
2151 1065 2670 1138 :_quemadmodum
2702 1067 2883 1121 eidem
2921 1066 3186 1122 Ecclesiae
3220 1067 3436 1136 placuit
3468 1065 3577 1122 sub

1928 1143 2088 1198 Sixto
2134 1154 2335 1196 manus
2374 1139 2650 1194 laicorum
2693 1138 2964 1193 removeri
2998 1152 3026 1192 a
3066 1143 3334 1194 contactu
3376 1151 3579 1193 sacro-

1933 1228 2056 1269 rum
2099 1225 2384 1277 vasorum,
2417 1211 2644 1266 decreto
2689 1210 3051 1278 interposito,
3085 1212 3233 1280 quod
3268 1213 3399 1264 ante
3441 1210 3578 1263 Six-

1930 1289 2050 1340 tum
2095 1297 2205 1339 non
2246 1287 2594 1337 memoratur
2630 1282 2868 1336 editum.
2921 1280 3151 1336 Abusus
3195 1281 3572 1351 quorumdam

1931 1355 2208 1419 ﬁdelium,
2254 1355 2628 1409 irreverenter
2667 1352 3148 1407 contrectantium
3190 1359 3409 1418 sancta,
3453 1366 3578 1420 quae

1928 1431 2280 1496 acceperant.
2320 1424 2587 1493 pluribus
2619 1424 2677 1479 in
2708 1423 2978 1479 conciliis
3021 1437 3351 1492 perpensus,
3387 1439 3513 1494 quae
3543 1437 3573 1479 a

1929 1500 2148 1555 Morino
2181 1497 2393 1551 ibidem
2423 1496 2756 1552 indicantur
2784 1509 3020 1552 numero
3046 1508 3138 1556 xv,
3161 1497 3290 1562 jure
3316 1509 3578 1551 commo—

1924 1573 2008 1626 vit
2041 1569 2357 1639 pontiﬁces,
2388 1572 2449 1622 ut
2479 1567 2695 1635 plebem
2726 1567 2940 1622 Christi
2975 1573 3295 1622 contentam
3327 1568 3576 1636 esseju-

1925 1643 2122 1698 herent
2167 1639 2488 1695 necessario
2522 1644 2742 1694 tantum
2786 1645 3052 1693 contactu
3083 1639 3203 1692 oris
3231 1643 3288 1692 et
3318 1639 3576 1706 gutturis

1929 1715 1987 1769 in
2013 1711 2403 1783 deglutiendis
2428 1715 2485 1764 et
2509 1710 2874 1783 comedendis
2901 1708 3206 1783 speciebus
3224 1709 3571 1766 eucharisti-

167 1777 442 1860 ειῌαυθπις
476 1780 708 1860 δῡςθριε
747 1782 1056 1860 εἶιϐθΐάοὲθς
1092 1787 1193 1836 aut
1228 1781 1518 1860 ῐηίηἱεῐτο,
1551 1791 1814 1833 commu-
1847 1783 1896 1843 B
1926 1787 2030 1841 cis.
2058 1777 2270 1860 Serius
2301 1787 2558 1860 aitamen
2597 1781 2696 1860 ille
2725 1779 2943 1835 abusus
2983 1781 3277 1860 obrepsit;
3319 1794 3446 1836 cum
3481 1795 3577 1836 se-

167 1851 396 1904 nionem
435 1851 660 1921 propria
696 1866 864 1908 manu
891 1853 1168 1921 accipere,
1205 1851 1438 1906 minime
1473 1865 1594 1904 esse
1624 1862 1810 1921 grave.

162 1919 648 1989 supervacaneum
699 1931 784 1979 est
825 1919 1218 1979 demonstrare
1259 1942 1270 1977 :
1323 1929 1616 1991 propterea
1665 1919 1812 1990 quod

162 1991 338 2059 longa
398 1995 753 2050 consuetudo
809 1996 866 2051 id
919 1997 1105 2064 reipsa
1170 1993 1546 2049 conﬁrmavit.
1605 1991 1814 2064 Omnes

158 2064 339 2130 enim,
376 2065 474 2135 qui
509 2067 565 2120 in
597 2067 800 2122 eremis
826 2063 1138 2122 solitariam
1165 2066 1337 2120 vitam
1367 2069 1564 2134 agunt,
1591 2063 1687 2118 ubi
1715 2077 1816 2118 sa-

156 2136 364 2213 cerdos
391 2137 589 2213 nullus
609 2145 712 2213 est,
742 2139 1199 2213 communionem
1222 2137 1378 2213 domi
1407 2141 1695 2213 servanies
1719 2147 1817 2213 per

157 2207 388 2275 seipsos
428 2209 787 2276 participant.
831 2212 890 2264 In
932 2209 1275 2264 Alexandria
1316 2206 1447 2263 ver'o
1487 2215 1542 2261 et
1580 2206 1815 2276 Egypto

160 2275 573 2349 unusquisque
616 2275 786 2335 etiam
834 2294 899 2336 ex
943 2281 1125 2345 laicis,
1177 2288 1239 2334 ut
1281 2279 1597 2348 plurimum
1645 2275 1814 2331 habet

153 2349 320 2403 domi
349 2365 468 2404 sua:
507 2353 984 2420 communionem,
1012 2357 1066 2406 et
1099 2365 1228 2406 cum
1272 2351 1394 2405 vult
1419 2363 1515 2419 per
1538 2363 1598 2404 se
1622 2349 1809 2420 ipsum

157 2423 632 2477 communicat.»
665 2425 967 2493 Postquam
1016 2423 1282 2478 universa
1329 2422 1447 2476 hate
1495 2434 1562 2476 ex
1611 2419 1809 2493 Basilii

153 2493 408 2560 epistola
454 2493 711 2548 recitavit
750 2490 1028 2560 Marinus,
1069 2499 1124 2549 et
1161 2493 1519 2548 conﬁrmavit
1561 2505 1628 2546 ex
1675 2490 1812 2545 aliis

155 2563 454 2625 Patribus,
491 2571 611 2619 tum
656 2567 894 2628 Graecis,
927 2571 1046 2620 tum
1092 2565 1333 2632 Latinis,
1369 2564 1572 2618 merito
1603 2562 1812 2632 quierit

159 2647 406 2708 numero
438 2633 539 2708 477:
579 2657 604 2687 α
631 2637 770 2692 Cum
803 2637 986 2708 igitur
1017 2636 1118 2692 illa
1149 2636 1505 2708 consuetudo
1537 2633 1806 2702 tangendi

153 2706 421 2778 corporis
459 2707 672 2762 Christi
713 2706 844 2763 tam
873 2707 1132 2778 antiqua,
1173 2707 1423 2775 vulgata,
1458 2713 1512 2761 et
1541 2710 1809 2778 constans

154 2774 362 2848 fuerit,
391 2779 621 2848 quidni,
649 2784 701 2834 et
727 2793 856 2835 vasa
883 2774 1066 2845 sacra,
1100 2774 1332 2834 calicem
1367 2784 1420 2833 et
1451 2775 1756 2848 patenam‘?
1778 2793 1804 2824 ιο

154 2847 588 2905 Dubitationem
636 2851 807 2906 solvit
850 2864 947 2920 per
975 2865 1059 2908 ea.
1097 2864 1218 2920 quae
1263 2855 1612 2920 sequuntur.
1639 2867 1663 2898 ‹‹
1694 2847 1809 2901 Re-

151 2920 454 2993 spondeo,
503 2921 727 2992 inquit,
785 2918 951 2993 longe
992 2918 1277 2993 disparem
1330 2918 1454 2976 esse
1502 2918 1808 2993 utriusque

154 2991 464 3046 rationem.
503 2989 640 3048 Nam
686 2989 912 3063 cerpus'
932 2992 1147 3047 Christi
1193 3006 1284 3048 res
1327 2998 1412 3063 est
1447 2989 1803 3063 rsacriﬁcata,

151 3067 212 3116 et
230 3063 413 3134 actio,
451 3077 549 3134 per
585 3079 752 3134 quam
793 3062 960 3134 panis
992 3064 1055 3120 ﬁt
1079 3076 1288 3133 corpus
1325 3062 1563 3130 Christi,
1590 3067 1678 3116 est
1704 3074 1807 3134 sa:-

1924 1856 2114 1912 cundo
2141 1854 2356 1908 Christi
2389 1852 2618 1913 saeculo.
2652 1852 2720 1906 de
2751 1866 2864 1921 quo
2897 1865 3048 1906 nunc
3079 1852 3327 1922 agimus,
3358 1865 3424 1907 ac
3452 1858 3576 1908 ter-

1926 1929 2028 1993 tio,
2077 1927 2293 1995 vigeret
2338 1923 2669 1992 disciplina.
2717 1923 2795 1995 de
2832 1936 2944 1994 qua
2983 1928 3269 1995 testantur
3310 1924 3576 1995 Justinus

1926 1993 2226 2066 martyr—in
2255 1995 2552 2065 Apologia,
2582 1993 2977 2066 Tertullianus
3005 1993 3075 2048 de
3099 1994 3315 2049 Corona
3347 1994 3575 2063 militis,

1924 2077 1981 2126 et
2007 2070 2282 2134 Origenes
2324 2066 2563 2122 bomilia
2602 2079 2705 2120 xm
2743 2066 2800 2119 in
2836 2065 3086 2120 Exodum
3118 2083 3130 2119 :
3165 2087 3191 2116 «
3224 2066 3436 2127 Nostis.
3469 2069 3567 2130 ait,

1924 2141 2024 2213 qui
2076 2137 2618 2213 divinisimysteriis
2663 2137 2938 2213 interesse
2975 2137 3380 2213 consuevisiis,
3424 2138 3576 2213 quod

1924 2208 2054 2269 cum
2099 2210 2402 2278 suscipitis
2442 2222 2653 2276 corpus
2691 2208 2942 2275 Domini,
2986 2221 3116 2264 cum
3155 2209 3311 2263 omni
3353 2208 3577 2264 cautela

1923 2291 1975 2339 et
2003 2283 2366 2338 veneratione
2408 2280 2672 2338 servatis.
2708 2293 2774 2334 ne
2800 2293 2867 2334 ex
2900 2293 2965 2334 eo
2999 2293 3198 2347 parum
3243 2281 3380 2349 quid
3409 2279 3578 2335 deci~

1923 2355 2041 2421 dat,
2099 2368 2166 2409 ne
2215 2353 2531 2408 consecrati
2594 2351 2849 2406 muneris
2901 2350 3124 2421 aliquid
3178 2350 3491 2405 dilabatur.
3543 2367 3569 2400 ιο

1921 2424 2230 2493 Quousque
2266 2424 2530 2479 constitit
2560 2423 2716 2493 apud;
2746 2421 2961 2489 plebem
2993 2421 3380 2478 Christianam
3408 2423 3576 2490 vigor

1921 2491 2249 2564 disciplinae
2265 2502 2319 2550 et
2336 2495 2592 2557 cautelae,
2609 2491 3069 2556 ahOrigenecom
3086 2495 3397 2560 'nendatus,
3421 2493 3569 2548 nihil

1920 2563 3293 2636 obstititquominuscontradereturEucharistia
3311 2563 3575 2620 manibus

1920 2644 2238 2695 reverenter
2265 2637 2678 2704 accipientium
2709 2643 2765 2690 et
2793 2641 2958 2691 caute
2995 2637 3366 2690 servantium.
3401 2638 3574 2690 Pote—

1919 2717 2045 2766 rant
2073 2710 2225 2764 enim
2259 2707 2451 2763 ﬁdeles
2477 2707 2693 2778 singuli
2725 2707 3175 2768 diligentissime
3205 2720 3408 2762 curare
3437 2720 3575 2776 par—

1917 2789 2027 2837 tem
2061 2780 2372 2836 oblationis
2401 2779 2516 2833 sibi
2549 2778 2957 2842 concreditam,
3000 2790 3071 2832 ne
3104 2791 3300 2847 parum
3335 2778 3473 2848 quid
3503 2791 3572 2833 ex

1921 2853 2019 2908 illa
2046 2852 2349 2906 decideret.
2380 2850 2658 2905 Vasorum
2691 2855 2879 2904 autem
2909 2863 3225 2917 sacrorum,
3262 2849 3320 2903 in
3354 2849 3571 2918 quibus

1916 2923 2106 2980 oblata
2138 2935 2373 2978 munera
2405 2919 2834 2991 frangebantur.
2869 2925 2925 2974 et
2954 2920 3194 2986 sanguis
3223 2919 3431 2974 Christi
3464 2934 3565 2974 as-

1915 2994 2251 3051 servabatur
2280 2992 2550 3048 omnibus
2581 2990 2925 3060 erogandus,
2961 2991 3010 3045 si
3042 3004 3182 3045 cura
3213 2996 3266 3046 et
3296 2991 3562 3046 custodia

1916 3065 2378 3134 uniuscujusque
2393 3076 2423 3118 e
2440 3061 2599 3131 plebe
2618 3061 2970 3134 Chrisiiana,
2991 3062 3367 3134 omniumque
3391 3062 3567 3117 mani-

150 3126 468 3189 criﬁcium'.
527 3126 631 3190 Sed
681 3136 750 3190 de
796 3126 1038 3191 "ratione
1101 3126 1516 3190 sacrificiorum
1554 3126 1687 3191 est,
1750 3126 1882 3188 siC
1915 3137 2022 3192 bus
2054 3126 2514 3196 concrederetur,
2557 3146 2646 3188 res
2693 3126 3140 3200 periculi'plena
3182 3126 3377 3188 futura
3415 3137 3560 3187 erat.

147 3203 357 3277 demas
393 3206 810 3277 holocaustum,
853 3213 916 3262 ut
951 3207 1240 3262 sacriﬁcio
1278 3206 1598 3277 assidentes
1637 3202 1803 3258 illius

150 3274 299 3330 ﬁant
351 3278 682 3346 participes,
729 3274 807 3334 ut
839 3278 1079 3334 docetur
1129 3275 1551 3333 Deuteronomii
1597 3287 1701 3346 itu2
1747 3281 1803 3329 et

149 3359 281 3414 cap.
331 3342 473 3402 xviii
513 3342 707 3403 initio.
755 3351 820 3404 Et
861 3351 1240 3405 Numerorum
1287 3361 1454 3415 xvui,
1495 3360 1641 3402 vers.
1675 3342 1710 3400 9
1748 3349 1805 3400 et

151 3415 248 3482 49,
299 3424 475 3500 atque
527 3421 686 3500 alibi.
744 3422 890 3491 Ergo
948 3420 1159 3500 Christi
1226 3434 1455 3500 corpus,
1513 3416 1661 3500 quod
1718 3422 1806 3472 est

149 3490 418 3560 omnium
459 3490 842 3560 antiquorum
871 3493 1289 3547 sacriﬁciorum
1325 3490 1552 3550 veritas,
1589 3494 1644 3543 et
1675 3502 1808 3557 per-

151 3558 353 3626 fectio,
390 3561 460 3615 ab
498 3558 768 3618 omnibus
809 3564 1146 3632 participari
1185 3563 1370 3627 debet,
1406 3567 1460 3615 et
1501 3560 1627 3615 ideo
1661 3573 1807 3632 con-

149 3633 346 3703 jungi.
410 3634 625 3689 Deinde
679 3631 894 3690 Christi
961 3631 1189 3703 corpus.
1255 3634 1375 3688 sive
1427 3631 1807 3703 Eucharistiae

155 3702 579 3759 sacramentum
627 3711 712 3761 est
758 3707 988 3773 veritas,
1039 3702 1208 3775 cujus
1257 3704 1436 3775 ﬁgura
1484 3711 1608 3775 erat
1653 3702 1803 3775 apud

155 3775 385 3848 Judaeos
414 3789 596 3846 agnus
629 3777 938 3848 Paschalis,
981 3771 1148 3848 quem
1195 3771 1553 3848 unaquaeque
1583 3771 1805 3848 familia

154 3845 473 3926 comedere
495 3847 811 3926 tenebatur.
857 3845 1110 3918 Denique
1143 3847 1307 3916 jubet
1330 3845 1592 3900 Christus
1619 3845 1678 3926 in
1709 3845 1806 3926 inf

156 3918 470 3972 stitutione
516 3920 703 3975 missa‘
745 3935 923 3974 omnes
971 3935 1230 3987 ασοιρενε,
1286 3921 1701 3986 consequenter
1749 3919 1804 3987 et

151 3989 509 4061 contingere.
531 3989 750 4056 Corpus
772 3992 954 4061 igitur
970 3986 1185 4046 Christi
1205 4003 1234 4044 a
1257 3988 1526 4061 ﬁdelibus
1542 3986 1800 4055 contingi

152 4057 436 4114 absolutaa
465 4067 551 4116 est
579 4057 968 4118 necessitatis:
1006 4062 1119 4116 imo
1143 4061 1271 4116 ideo
1305 4061 1367 4116 fit
1400 4060 1565 4128 panis
1596 4072 1804 4124 corpus

149 4129 373 4185 Christi
422 4133 668 4188 maximo
711 4147 841 4189 cum
892 4131 1191 4199 miraculo,
1249 4137 1308 4187 ut
1355 4131 1726 4200 contingatur
1771 4141 1803 4200 a

151 4201 346 4269 nobis,
395 4208 451 4256 et
498 4210 794 4261 contractu
842 4218 948 4260 suo
993 4218 1093 4259 nos
1141 4202 1480 4271 sanctiﬁcet,
1521 4199 1691 4271 atque
1734 4199 1801 4255 ad

152 4272 649 4344 immortalitatem
695 4290 796 4331 nos
847 4276 1133 4344 disponat.
1185 4275 1387 4329 Eadem
1437 4274 1549 4328 erit
1599 4285 1806 4344 conse—

149 4343 404 4416 quentire
434 4346 537 4410 vis,
571 4346 620 4400 si
653 4347 865 4402 Christi
894 4343 1104 4416 cbrpus
1134 4346 1191 4400 in
1223 4350 1576 4401 sacramento
1605 4343 1806 4398 consi—

144 4415 390 4469 deretur
416 4422 698 4485 quatenus
722 4418 946 4473 scilicet
975 4417 1297 4474 animarum
1329 4422 1652 4472 nostrarum
1683 4428 1806 4469 me-

146 4485 284 4539 dela
339 4491 394 4540 et
434 4481 855 4559 ’άλεξιφάρμακοιι
921 4490 1162 4544 Prorsus
1225 4489 1396 4544 etiam
1463 4487 1568 4541 hoc
1639 4486 1803 4540 modo
1836 4523 1885 4583 υ

147 4561 455 4612 contactus
484 4566 568 4612 est
602 4560 978 4612 necessarius.
1021 4567 1075 4612 et
1103 4561 1229 4612 eius
1271 4558 1658 4612 uarticinatio.
1695 4557 1799 4612 Sed

147 4561 455 4612 contactus
484 4566 568 4615 est
592 4557 978 4625 ‘neCessarius,
1021 4567 1075 4615 et
1103 4561 1229 4628 ejus
1271 4558 1658 4628 participatio.
1695 4557 1762 4611 Se

146 4640 422 4708 vasorum
454 4630 618 4708 longe
649 4632 848 4700 dispar
887 4631 1055 4687 ratio.
1087 4631 1385 4708 iiulla__e_s_t
1416 4628 1801 4708 laicisimpo-

145 4700 267 4752 sita
306 4700 613 4756 necessitas
642 4716 705 4757 ea
749 4703 1138 4758 contrectandi
1167 4720 1182 4769 ;
1218 4700 1366 4756 nihil
1398 4707 1484 4754 est
1519 4700 1638 4754 illis
1669 4713 1796 4754 cum

147 4769 311 4824 vasis
354 4785 700 4842 commune;
737 4774 896 4829 nulla
940 4787 1067 4829 cum
1118 4773 1190 4828 iis
1236 4771 1701 4840 participationis
1747 4775 1803 4842 et

144 4842 396 4915 unionis
430 4845 601 4915 realis
635 4841 901 4911 utilitas;
938 4845 1095 4901 nulla
1137 4845 1446 4915 ﬁgurarum
1486 4855 1618 4915 cum
1647 4841 1804 4896 veri-

145 4919 268 4966 tate
304 4913 525 4970 relatio.
570 4914 926 4986 Quapropter
966 4917 1155 4985 potuit
1180 4913 1315 4969 illis
1343 4913 1625 4986 ejusmodi
1658 4925 1804 4967 con-

146 4988 360 5058 tactus
395 4983 711 5058 prohiberi;
766 4983 1016 5058 Populus
1067 4986 1340 5042 carnibus
1383 4983 1802 5058 sacriﬁciorum

145 5053 560 5128 participabat,
619 5071 749 5114 vasa
794 5053 979 5114 tamen
1026 5071 1182 5114 sacra
1239 5065 1471 5128 tangere
1529 5053 1805 5128 prohibe—-

146 5125 347 5182 batur.
383 5129 656 5184 Vasorum
701 5130 1025 5185 ministerio
1064 5129 1324 5198 deputati
1347 5125 1529 5183 'erant
1557 5125 1798 5182 Levitze:

143 5198 355 5268 populi
391 5200 714 5257 ministerio
741 5201 890 5256 nihil
912 5206 1033 5256 erat
1057 5197 1221 5270 Opus.
1247 5200 1393 5255 Sunt
1415 5199 1596 5269 igitur
1621 5197 1808 5253 ratio-

143 5282 248 5323 nes
287 5270 598 5339 evidentes,
631 5280 860 5341 propter
890 5288 1034 5343 quas
1062 5283 1662 5343 vasorumgsacrorum,
1689 5282 1800 5343 non

139 5346 344 5412 autem
391 5340 653 5412 corporis
699 5340 924 5399 Christi
972 5349 1267 5400 contactus
1314 5340 1428 5399 fuit
1473 5341 1805 5410 prohibitus

141 5410 358 5481 (avni).
390 5410 597 5468 Verum
623 5428 892 5471 concesso
920 5429 1106 5484 parem
1133 5428 1255 5472 esse
1282 5413 1590 5484 utrobique
1623 5413 1809 5467 ratio-

145 5495 302 5557 nem,
327 5486 478 5557 quod
499 5499 621 5540 esse
639 5499 749 5541 non
773 5483 1061 5554 poteSt;in
1080 5487 1176 5552 iis,
1193 5500 1320 5557 quae
1337 5490 1472 5541 sunt
1492 5483 1808 5538 institutio-

146 5556 243 5627 nis
270 5555 681 5612 ecclesiastica:
704 5557 946 5614 alterum
971 5557 1165 5627 colligi
1188 5555 1299 5612 non
1325 5560 1505 5627 potest
1525 5566 1648 5627 esse
1671 5565 1809 5621 Dm"

148 5625 409 5699 hibitum
437 5641 504 5682 ex
529 5629 772 5684 alterius
794 5624 1201 5699 prohibitione.
1233 5624 1531 5699 Potissigna
1551 5624 1807 5678 enimra—

147 5697 236 5752 tio
259 5699 548 5767 ejusmodi
574 5696 1034 5770 prohibitionum
1061 5706 1146 5755 est
1177 5712 1344 5769 penes
1373 5696 1722 5770 voluntatem
1753 5701 1808 5750 et

145 5770 473 5826 arbitrium
500 5767 885 5827 instituentis.
907 5767 1374 5838 Suﬁicere‘debet,
1405 5769 1578 5836 legem
1601 5767 1672 5821 de
1697 5779 1807 5821 uno

147 5841 333 5898 latam
352 5855 494 5914 esse,
513 5843 583 5900 de
593 5843 774 5900 altero
791 5842 1012 5900 nullam
1027 5854 1169 5899 esse.
1187 5858 1213 5892 ιι
1227 5843 1507 5898 Hactenus
1523 5838 1803 5896 Morinus.

1909 3209 2048 3263 Nam
2077 3205 2391 3274 fragmenta
2415 3203 2682 3265 decidua,
2709 3207 2764 3258 et
2790 3202 3029 3274 guttula:
3054 3202 3204 3257 inter
3224 3208 3561 3274 ipaterarum

1909 3272 2249 3342 toreumata,
2293 3280 2348 3330 et
2389 3275 2635 3330 calicum
2683 3272 3002 3342 anaglypha
3045 3272 3236 3343 spargi
3275 3285 3343 3328 ac
3379 3274 3570 3329 dissi—

1915 3351 2037 3421 pari
2070 3362 2221 3421 saepe
2244 3347 2618 3421 contingeret,
2647 3345 2698 3421 si
2731 3349 2941 3399 temere
2970 3356 3034 3398 ac
3069 3343 3280 3421 passim
3315 3358 3413 3413 per
3440 3359 3567 3400 ma-

1915 3415 2025 3478 nus
2072 3415 2326 3476 omnium
2374 3415 2764 3474 accedentium
2812 3428 2876 3470 ea
2921 3427 3051 3469 vasa
3113 3415 3560 3483 porrigerentur.

1912 3492 2064 3561 Quin
2105 3492 2276 3547 etiam
2309 3489 2627 3561 timendum
2669 3485 2833 3561 foret,
2867 3499 2936 3540 ne
2975 3483 3312 3561 frequenier
3332 3487 3565 3561 acciqe-

1916 3555 2020 3628 r'et,
2057 3569 2119 3618 ut
2155 3562 2362 3617 calices
2391 3560 2556 3614 vitrei
2587 3558 2809 3628 (quales
2839 3563 2976 3612 tunc
3008 3555 3190 3611 fuisse
3221 3555 3372 3612 infra
3398 3559 3566 3612 vide—

1916 3627 2109 3690 bimus
2159 3634 2218 3687 in
2268 3627 2601 3701 Zephyrino)
2636 3627 3170 3701 ’conlringerentur,
3216 3635 3273 3683 et
3321 3629 3564 3698 sanguis

1915 3706 2142 3762 Domini
2180 3700 2586 3769 eﬁ‘underetur,
2625 3701 2676 3755 si
2721 3700 3082 3768 promiscuus
3126 3712 3391 3755 vasorum
3422 3714 3568 3756 con-

1917 3784 2104 3833 tactus
2145 3774 2354 3844 p0pulo
2399 3778 2547 3844 esset
2580 3771 2913 3840 permissus.
2956 3770 3107 3825 Solis
3139 3771 3335 3841 itaque
3382 3771 3565 3844 mini-

1915 3851 2054 3905 stris
2083 3845 2200 3902 fuit
2229 3843 2627 3909 reservandus,
2661 3855 2769 3898 non
2800 3849 3022 3898 tantum
3055 3855 3318 3897 vasorum
3354 3843 3561 3913 gratia,

1915 3921 2010 3976 sed
2043 3919 2235 3987 potius
2269 3915 2646 3987 Eucharistiae
2674 3926 2846 3987 causa
2885 3914 3335 3987 accuratissime
3353 3927 3566 3987 procu-

1912 3985 2125 4057 randae,
2161 4002 2228 4044 ne
2259 3988 2396 4058 quid
2444 3985 2762 4058 minimum
2792 3985 3012 4058 haerens
3041 3985 3293 4040 vasculis
3323 3985 3570 4058 imperi-

1913 4063 2015 4123 tia,
2053 4055 2154 4116 aut
2181 4055 2527 4130 negligentia
2570 4056 2766 4126 populi
2795 4055 3184 4130 dilaberetur:
3219 4056 3364 4125 quod
3393 4069 3426 4112 a
3457 4055 3564 4130 mi-

1915 4133 2121 4188 nistris
2172 4126 2492 4186 timendum
2546 4141 2657 4184 non
2703 4133 2844 4192 erat,
2890 4127 2956 4182 ad
3013 4126 3130 4182 haec
3175 4140 3410 4182 munera
3456 4127 3567 4183 rite

1913 4204 2174 4261 obeunda
2205 4201 2469 4258 formatis
2508 4198 2894 4266 experimento
2934 4198 3230 4258 diuturno,
3274 4211 3339 4252 ac
3380 4199 3565 4253 moni-

1916 4277 1993 4332 tis
2025 4273 2280 4343 episc0pi
2317 4278 2372 4328 et
2409 4271 2886 4343 presbyterorum.
2934 4270 3087 4343 Hanc
3129 4275 3319 4343 autem
3364 4268 3562 4343 haberi

1914 4340 2175 4416 oportere
2219 4340 2557 4416 Sententiam
2582 4340 3050 4416 ’decreti_Si_xtini
3081 4340 3299 4416 colligo
3336 4353 3404 4395 ex
3445 4340 3562 4397 alio

1912 4411 2138 4474 decreto
2169 4415 2526 4484 postmodum
2552 4413 2709 4470 edito
2751 4411 2860 4468 sub
2883 4412 3108 4484 Sotere,
3125 4427 3191 4465 ne
3216 4412 3334 4464 ulla
3362 4426 3564 4464 mona-

1913 4490 2013 4544 cha
2034 4483 2242 4558 pallam
2279 4490 2552 4558 sacratam
2589 4486 2935 4558 coptiiigeret,
2966 4497 3062 4558 nec
3090 4483 3370 4558 incensam
3405 4496 3567 4558 pope-

1910 4566 1992 4615 ret
2028 4551 2088 4614 in
2109 4563 2300 4613 sancta
2333 4557 2594 4611 Ecclesia.
2631 4555 2943 4618 Colligitur
2967 4551 3137 4606 etiam
3185 4564 3252 4606 ex
3287 4551 3413 4606 Vita
3454 4551 3558 4606 Ur-

1911 4631 2043 4687 bani
2076 4649 2087 4684 :
2121 4628 2219 4685 ubi
2246 4641 2374 4683 cum
2399 4626 2675 4694 legamus,
2702 4626 2835 4692 fecit
2861 4624 3170 4676 ministeria
3195 4626 3416 4675 sacrata.
3445 4637 3558 4675 om-

1909 4705 2006 4756 nia
2035 4705 2313 4768 argentea,
2341 4702 2393 4751 et
2408 4702 2637 4768 patenas
2657 4699 2942 4768 argenteas
2959 4694 3164 4768 _'t)igi7i.ti
3188 4694 3427 4768 quinque
3452 4708 3561 4768 po—

1911 4775 2038 4838 suit,
2077 4763 2440 4839 perspicuum
2481 4767 2546 4823 ﬁt
2583 4774 2803 4839 sacrata
2836 4763 3154 4839 ministeria
3179 4765 3414 4839 auctori
3454 4764 3560 4839 _Vi-

1909 4835 2098 4900 tarum
2145 4835 2255 4897 non
2304 4853 2427 4894 esse
2467 4838 2669 4894 altaris
2710 4838 2854 4905 vela,
2895 4841 2994 4890 aut
3033 4835 3227 4890 thuris
3273 4835 3560 4904 capsulas,

1911 4915 2006 4971 sed
2048 4913 2238 4968 calices
2282 4917 2338 4966 et
2370 4916 2617 4979 patenas,
2665 4909 2734 4964 ad
2767 4907 3176 4964 continendum
3199 4919 3420 4979 corpus
3446 4907 3563 4962 Do-

1915 4985 2193 5042 minicum
2235 4977 2576 5038 elaboratas.
2623 4981 2738 5036 Cur
2779 4985 2988 5036 autem.
3028 4984 3082 5033 et
3125 4977 3289 5046 pallae
3323 4982 3561 5032 sacrata:

1913 5062 2206 5115 contactus
2246 5054 2433 5124 (cujus
2463 5065 2562 5120 par
2584 5058 2670 5108 est
2700 5051 2854 5124 ratio
2884 5063 3012 5124 cum
3058 5048 3342 5124 calicibus
3368 5054 3422 5124 et
3454 5063 3563 5118 pa-

1913 5126 2083 5197 tenis)
2118 5131 2172 5181 et
2204 5119 2471 5197 prieterea
2498 5124 2690 5179 thuris
2729 5120 2995 5197 adolendi
3030 5134 3173 5176 usus
3213 5119 3560 5197 interdictus

1914 5200 1990 5256 sit
2016 5190 2574 5261 sanctimonialibus,
2603 5209 2709 5250 suo
2731 5193 2856 5249 loco
2883 5191 3076 5248 dicere
3101 5190 3352 5248 conabor
3377 5191 3439 5248 in
3468 5205 3566 5248 no-

1916 5272 1994 5328 tis
2022 5269 2321 5326 historicis
2347 5268 2413 5322 ad
2449 5267 2635 5322 Vitam
2666 5263 2904 5320 Soteris.

1990 5341 2162 5396 Linea
2186 5339 2238 5396 6.
2274 5368 2347 5379 —
2373 5339 2496 5394 Nisi
2524 5353 2644 5391 cum
2669 5337 2862 5391 litteris
2897 5335 3231 5404 patriarchae
3263 5333 3565 5390 salutatio-

1916 5415 2002 5468 nis
2027 5411 2194 5481 plebi,
2229 5425 2349 5479 quae
2378 5413 2456 5481 est
2481 5410 2741 5481 formata.
2782 5410 2947 5481 Deest
2983 5405 3040 5481 in
3074 5404 3376 5481 codicibus
3405 5404 3562 5481 Yati-

1915 5477 2054 5540 cano
2084 5491 2138 5538 et
2181 5477 2500 5538 Florentino
2534 5478 2796 5548 perioche
2824 5477 2962 5533 illa:
2995 5477 3331 5548 Patriarchz
3359 5477 3566 5548 saluta-

1918 5557 2079 5611 tionis
2102 5554 2263 5622 plebi,
2300 5567 2421 5620 qua
2439 5554 2518 5605 est
2536 5547 2800 5617 formata,
2830 5547 3246 5622 annotantibus
3269 5547 3566 5622 Holstenio

1918 5633 1972 5682 et
1999 5619 2424 5681 Schelestratio.
2469 5622 2802 5677 Patriarchae
2845 5633 3046 5678 nomen
3091 5620 3282 5676 serius
3324 5619 3565 5675 attribu-

1918 5703 2040 5754 tum
2069 5695 2357 5766 episcOpis
2380 5693 2752 5766 Christianis.
2785 5700 2840 5748 et
2882 5693 3133 5766 primu_m
3165 5691 3344 5766 Leoni
3366 5690 3567 5766 Magno

1919 5769 1978 5824 in
2009 5761 2744 5823 concilio'Chalcedonensi
2794 5761 3022 5820 monuit
3049 5761 3467 5818 Thomassinus
3496 5761 3568 5817 de

1917 5837 2101 5896 Benef.
2138 5851 2258 5910 par.
2287 5851 2302 5894 ι
2337 5836 2440 5894 lib.
2475 5850 2514 5908 ι,
2542 5849 2665 5908 cap.
2695 5834 2748 5906 3,
2779 5848 2937 5892 num.
2973 5831 3059 5906 43,
3091 5835 3191 5906 qui
3221 5839 3389 5906 negat
3422 5833 3566 5901 aju-
