4036 6174
440 227 571 288 ΗἩ

1658 226 2020 285 ANASTASII
2060 225 2602 285 BlBLIOTHECARII

3728 227 3869 292 H72

430 361 685 418 datorum
731 359 1068 415 Potrici-citis
1129 360 1187 418 id
1239 363 1493 420 nominis
1551 375 1677 420 esse
1736 356 2074 430 proiectum,
2105 352 2163 415 A
2184 361 2393 430 rectam
2417 355 2846 430 praedicationis
2874 357 3223 428 Evangelicte
3248 358 3513 427 regula-1
3537 358 3867 430 depravare

434 430 618 505 multo
646 434 836 486 autem
871 430 1061 505 minus
1089 444 1121 487 a
1147 434 1538 505 Montanistis,
1566 428 1811 505 quorum
1837 428 2083 483 Patriar-

428 503 558 558 chus
581 505 853 574 memorat
878 503 1255 574 Hieronymus
1277 503 1634 571 epistola'5i.
1660 505 1920 559 Formam
1939 509 2080 574 quo;

441 587 552 649 que
570 572 888 649 appellatio
910 567 1106 649 serius
1134 567 1407 646 usurpata
1434 583 1543 645 est,
1573 589 1743 649 quam
1772 579 1910 629 tetas
1933 567 2080 649 Six_ti

438 636 815 722 férathuare
841 644 1187 722 vel__inse_rta
1211 636 1297 702 esi
1340 636 1609 719 periochzi
1629 647 1715 722 _ad
1752 636 2084 722 exponenda

440 728 505 772 ea
550 716 721 772 verba
762 731 883 787 cum
933 716 1150 779 litteris,
1198 724 1323 787 post
1341 714 1581 776 'aatatem
1625 718 1828 775 Leonis
1870 714 2081 787 Magni,

441 787 580 864 dum
607 800 675 843 ex
699 786 975 864 catalogis
1000 785 1212 864 aliisve
1230 788 1594 864 documentis
1622 795 1822 864 auctor
1848 785 2083 864 Vitaeea

441 859 667 933 decreta
711 852 1095 933 describeret;
1120 860 1204 917 vel
1241 862 1297 915 in
1343 862 1569 933 aliquot
1596 859 1904 933 codicibus
1942 852 2079 933 libri

440 928 795 1009 Pontiﬁcalis
825 930 1308 1009 velutiglossema
1335 947 1367 1009 a
1396 926 1641 1009 posteris
1678 937 1763 987 est
1793 926 2074 1009 apposita.

438 1000 909 1078 Yerumexcluso
947 1000 1120 1078 etiam
1156 1000 1452 1074 adjectitio
1494 1012 1784 1078 commate
1808 1000 2080 1078 (Pati-iur:

431 1072 543 1145 chac
566 1072 930 1145 salutationis
962 1074 1126 1142 plebi,
1169 1071 1293 1145 quae
1329 1081 1407 1131 est
1440 1075 1698 1144 formata)
1734 1073 1822 1129 vis
1846 1071 2078 1145 decreti

431 1142 646 1216 Sixtini
678 1139 997 1216 percipitur
1019 1139 1238 1213 jubere,
1284 1152 1346 1216 ut
1378 1139 1601 1203 litteras
1641 1139 1971 1216 apostolicis
1993 1139 2082 1194 Se-

436 1216 530 1272 dis
558 1214 859 1289 signaculo
894 1216 1141 1272 munitas
1170 1215 1416 1287 perferat
1453 1214 1758 1289 episcopus
1787 1215 1855 1270 ad
1886 1214 2082 1267 Roma-

437 1300 563 1359 nam
607 1285 797 1341 sedem
841 1294 1127 1357 evocatus,
1164 1285 1394 1359 quando
1439 1285 1574 1345 hinc
1598 1288 1671 1345 ad
1705 1299 1885 1359 suam,
1909 1295 2083 1353 parua-

437 1357 584 1415 ciam
614 1362 702 1413 est
730 1371 1087 1414 reversurus.
1135 1357 1526 1428 Luitprandus
1567 1362 1647 1417 ita
1684 1358 1929 1428 exponit
1954 1366 2083 1409 sen-

438 1429 678 1487 tentiam
709 1428 880 1497 hujus
909 1429 1147 1485 decreti.
1184 1449 1209 1481 α
1238 1431 1341 1486 Hic
1383 1431 1710 1495 constituit,
1741 1435 1807 1485 ut
1837 1427 2086 1498 quisque

435 1501 740 1572 episcopus
764 1500 960 1570 aliqua
986 1500 1327 1573 adversitate
1354 1503 1616 1573 pulsatus
1637 1497 1875 1573 licenter
1896 1497 2087 1567 appel-

440 1571 518 1630 let
545 1573 874 1642 Romanam,
909 1578 965 1627 et
991 1571 1369 1641 apostolicam
1404 1575 1616 1643 sedem,
1642 1579 1699 1629 et
1738 1571 1881 1627 illuc
1910 1583 2085 1643 voca—

441 1652 536 1701 tus
559 1643 759 1715 venire
789 1639 901 1698 non
933 1639 1171 1699 renuat:
1205 1658 1307 1700 nec
1334 1645 1467 1702 inde
1500 1639 1717 1715 absque
1745 1639 2083 1715 apostolicis

438 1716 653 1798 litteris
678 1714 747 1769 ad
779 1728 898 1841 pro:

438 1787 717 1841 telliuant.
763 1800 874 1841 uua

434 1787 717 1912 telligatnt,
763 1782 1011 1857 qualiter
1038 1785 1117 1842 ibi
1156 1782 1318 1844 suam
1360 1787 1727 1859 aliorumque
1754 1797 1986 1843 causam
2030 1782 2089 1838 ﬁ-

434 1871 616 1912 niveri
653 1896 665 1909 .
701 1875 729 1907 ι

431 1857 665 1915 niverit.
701 1875 729 1907 ι

508 1930 656 1985 Usus
689 1929 967 2000 formata,
1008 1927 1129 1984 sive
1165 1930 1647 1987 commendatitim
1689 1927 1967 2000 epistolas,
2010 1926 2092 2000 in-

438 2004 650 2073 ductus
679 1997 807 2073 fuit
823 2000 1081 2073 exemplo
1111 2001 1501 2073 apostolorum
1527 2019 1541 2056 :
1579 1997 1795 2073 quibus
1819 2000 1878 2055 in
1906 1997 2093 2073 conci-

440 2073 521 2129 lio
552 2071 1091 2143 Hierosolymitano
1120 2072 1199 2128 ita
1232 2072 1449 2143 placuit
1483 2070 1709 2129 munire
1751 2070 2091 2143 legationem

443 2144 631 2212 Pauli,
660 2140 949 2210 Barnabaa,
993 2142 1152 2200 Judze
1180 2140 1246 2199 ac
1273 2144 1408 2200 Silaa
1437 2145 1506 2201 ad
1539 2140 1853 2201 Ecclesiam
1883 2140 2096 2196 Antio-

441 2216 678 2272 chenam
722 2212 870 2285 (Act.
917 2214 1012 2285 xv)
1054 2220 1117 2271 ut
1158 2216 1276 2271 haec
1319 2229 1613 2273 secernere
1658 2220 1848 2285 posset
1893 2212 2097 2285 missos

442 2283 845 2358 apostolorum;
880 2285 951 2342 ab
984 2283 1119 2358 aliis
1163 2286 1381 2358 absque
1427 2283 1687 2358 legitima
1721 2286 1985 2355 jussione
2024 2283 2092 2338 ad

438 2355 563 2415 eam
611 2355 904 2428 profectis,
951 2356 1167 2427 quibus
1210 2355 1455 2428 apostoli
1487 2355 1621 2415 ‘non
1670 2358 2093 2413 mandaverant.

442 2434 505 2487 In
525 2427 786 2485 Paulinis
808 2441 1034 2498 quoque
1052 2427 1268 2486 litteris
1282 2443 1393 2487 non
1410 2430 1584 2486 semel
1607 2429 1935 2485 includitur
1949 2438 2098 2483 corn-

442 2500 731 2558 mendatio
778 2512 976 2571 eorum
1019 2500 1121 2570 qui
1171 2500 1394 2557 easdem
1449 2500 1781 2571 perferrent.
1833 2502 1894 2555 In
1942 2498 2097 2571 calce

441 2571 696 2644 epistolae
724 2570 795 2644 ad
827 2569 1104 2644 Ephesios
1134 2569 1566 2644 commendatur
1593 2571 1916 2644 Tychicus:
1946 2574 2002 2644 et
2033 2569 2095 2624 in

436 2640 523 2709 ea,
563 2642 863 2714 quie‘data
901 2649 986 2714 est
1023 2643 1093 2714 ad
1135 2642 1497 2699 Colossenses
1539 2640 1825 2714 Tychicus
1861 2647 1916 2696 et
1957 2640 2097 2696 One-

442 2714 649 2772 simus.
695 2712 799 2768 Sed
849 2712 1019 2767 etiam
1051 2713 1204 2784 signi
1236 2714 1520 2783 appositio
1562 2712 1735 2784 (unde
1769 2715 2038 2784 formatas
2062 2724 2097 2767 a

442 2789 655 2855 forma,
677 2796 779 2838 seu
810 2788 942 2851 typo
973 2784 1073 2853 qui
1106 2783 1498 2854 apponebatur
1526 2784 1715 2840 dictas
1744 2783 1931 2840 voluit
1960 2788 2097 2855 retas

446 2853 737 2929 posterior
775 2858 1020 2929 testante
1051 2853 1619 2929 _apudntlangiumnin
1661 2855 1865 2929 Lexico
1900 2853 2099 2929 media:

444 2924 774 2997 Latinitatis
798 2924 1412 2997 ASirmondo’,aliisqu‘e
1437 2925 1827 2997 scriptoribus
1851 2924 2100 2997 eruditis

448 2995 923 3069 suifragantibus)
967 2996 1149 3054 videri
1201 2995 1368 3069 debet
1421 2995 1675 3068 profecta
1722 2997 1809 3069 ab,
1841 2996 2099 3067 exemplo

2191 427 2531 500 niterentur.
2554 427 2659 483 Sed
2690 434 2988 499 postquam
3004 427 3181 485 sacer
3201 427 3867 500 Apostolorum'cborus

2189 499 2350 571 vario
2397 500 2599 571 mortis
2648 512 2853 567 genere
2902 501 3226 557 exstinctus
3257 499 3384 563 est.
3438 501 3866 571 eﬁluxeratque

2185 570 2310 643 jam,
2354 574 2491 643 aetas
2546 570 2848 643 hominum
2901 571 3134 628 illorum
3190 573 3290 643 qui
3343 573 3612 629 divinam
3689 570 3860 642 ipsam

2193 641 2533 710 sapientiam
2555 642 2682 698 suis
2702 642 2946 698 auribus
2970 641 3299 699 auscultare
3322 649 3667 700 meruerant
3689 641 3865 699 {tunc

2191 712 2420 785 demum
2447 718 2646 785 exorta
2675 720 2763 769 est
2789 714 2958 783 impii
2998 716 3216 771 erroris
3255 716 3630 785 conspiratio
3664 712 3862 771 fraude

2191 790 2247 857 et_
2260 783 2497 857 malitia
2523 782 2801 857 falsorum
2827 782 3149 841 ductorum.
3182 786 3293 856 Qui
3325 782 3529 857 utpote
3556 786 3734 842 nullo
3760 801 3864 842 amo

2198 854 2349 927 plius
2380 868 2449 910 ex
2491 856 2774 927 apostolis
2815 858 3150 927 superstite,
3187 854 3313 926 post
3341 854 3461 914 haec
3490 858 3688 925 nudo,
3720 858 3860 927 quod

2191 926 2378 996 aiunt,
2408 926 2593 996 capite
2615 926 3376 998 adversus'przedicationem
3402 929 3692 985 veritatis
3728 926 3867 983 adul-

2185 998 2439 1124 ﬁerinam
2482 998 2805 1055 doctrinam
2843 999 3154 1057 obtrudere
3182 1001 3441 1073 aggressi
3490 1006 3665 1058 sunt.
3701 1018 3727 1049 ι
3760 1001 3863 1056 Haec

2236 1082 2560 1124 egesmnus.

2236 1082 2560 1140 egeSIppus.

2263 1142 2561 1214 Devixerat
2598 1140 2707 1198 sub
2734 1143 2979 1213 Trajano
3016 1144 3261 1200 Joannes
3301 1143 3701 1214 evangelista,
3732 1157 3860 1213 apo-

2190 1213 2470 1270 stolorum
2511 1218 2804 1283 superstes
2854 1215 3118 1270 ultimus.
3163 1215 3280 1273 Sub
3322 1213 3529 1271 eodem
3582 1215 3864 1285 principe,

2190 1291 2486 1342 constante
2533 1285 2931 1355 persecutione
2966 1299 3001 1342 a
3048 1286 3236 1342 Plinio
3279 1286 3609 1355 descripta,
3660 1300 3863 1342 necnon

2192 1357 2264 1412 ab
2294 1355 2562 1425 Eusebio,
2596 1361 2768 1426 atque
2799 1357 3018 1413 idcirco
3064 1356 3361 1414 referenda
3401 1359 3475 1413 ad
3515 1358 3705 1412 ﬁnem
3736 1358 3866 1413 Eva-

2195 1429 2348 1501 risti,
2377 1433 2431 1482 et
2459 1427 2527 1501 ad
2565 1426 2717 1483 hunc
2752 1430 2941 1501 ipsum
2967 1429 3179 1501 dequo
3209 1430 3445 1501 agimus
3476 1429 3647 1501 Sixti
3678 1430 3869 1485 Ponti-

2199 1500 2451 1567 ﬁcatum,
2499 1499 2739 1569 Symeon
2787 1499 2946 1556 ﬁlius
2991 1499 3275 1570 Cle’ophae',
3328 1500 3870 1571 Hierosolymorum

2195 1570 2408 1627 secund
2418 1584 2484 1625 us
2494 1572 2821 1640 episcopus,
2840 1571 3234 1640 Redemptoris
3250 1572 3436 1627 nostri
3451 1571 3868 1635 consobrinus,

2199 1641 2475 1711 martyrio
2543 1641 2906 1698 dedicaverat
2970 1649 3192 1698 aetatem
3249 1648 3485 1699 centum
3549 1651 3612 1699 et
3674 1644 3868 1711 viginti

900 1715 1065 1770 iriam
1092 1715 1321 1785 redeat;
1352 1724 1417 1773 ut
1443 1712 1747 1772 vicini'sui
1776 1712 1845 1771 ex
1872 1714 1977 1768 hoc
2004 1712 2089 1785 in-
2124 1717 2172 1778 Β
2197 1726 2501 1785 annorum.
2525 1713 2666 1769 Tum
2689 1727 2820 1769 vero
2845 1715 3245 1770 hereticorum
3270 1715 3514 1771 licentia
3537 1728 3614 1770 ex
3642 1715 3874 1771 occultis

2202 1784 2443 1857 latebris
2488 1785 2548 1839 in
2598 1791 2856 1857 apertum
2905 1799 3186 1856 proruens
3233 1786 3420 1856 palam
3468 1799 3766 1857 aggressa
3807 1794 3875 1841 est

2199 1855 2946 1929 adulterinamidoctrinam
2993 1855 3304 1914 obtrudere
3327 1865 3386 1913 et
3421 1858 3485 1912 in
3520 1855 3680 1929 agro
3706 1859 3873 1929 Evan-

2203 1927 2387 1999 gelico
2430 1928 2653 2000 zizania
2695 1928 3117 1984 disseminare:
3152 1930 3320 2000 (χυδδί
3351 1927 3805 1985 dormientibus
3829 1929 3871 1982 in

2200 1999 2431 2055 Christo
2464 1999 2561 2065 iis,
2605 2000 2706 2069 qui
2740 2000 3001 2055 eumdem
3048 2000 3108 2056 in
3156 1999 3328 2055 earne
3374 2001 3691 2067 viderant,
3739 2013 3873 2055 nemo

2203 2070 2447 2142 vigilum
2482 2071 2852 2142 reperiretur,
2888 2071 2989 2142 qui
3019 2079 3208 2140 posset
3236 2085 3268 2127 a
3304 2071 3519 2127 tritico
3555 2071 3773 2128 lolium
3800 2085 3873 2127 εε-

2203 2141 2455 2200 cernere.
2489 2141 2639 2211 Quid
2672 2141 2853 2212 igitur
2897 2141 3131 2198 Consilii
3164 2149 3455 2212 caperent.
3486 2151 3602 2199 aut
3639 2157 3873 2211 quasnam

2209 2213 2481 2298 praesidia
2519 2214 3171 2298 gpppnerentc-ns‘todes
3198 2217 3322 2285 agri
3360 2215 3706 2298 Dominici,
3743 2215 3876 2298 isque

2208 2284 2485 2357 inprimis
2514 2284 2744 2357 Sixtus,
2786 2285 2887 2355 qui
2929 2286 3092 2341 Petro
3135 2284 3504 2341 sucCesserat
3538 2286 3603 2340 in
3640 2287 3876 2357 magiste-

2207 2358 2296 2413 rio
2327 2356 2613 2412 cathedrae
2643 2361 2977 2412 caeterarum
3029 2356 3314 2426 principis
3344 2357 3419 2413 ad
3448 2356 3876 2413 conﬁrmanda

2207 2427 2413 2484 fratres
2446 2427 2631 2484 suos?
2661 2428 2813 2483 Idem
2856 2426 3023 2497 plane
3056 2426 3374 2484 remedium
3421 2431 3731 2498 Opposuit
3760 2427 3878 2484 sub-

2205 2498 2419 2557 orienti
2466 2498 2682 2565 morbo,
2730 2499 2879 2568 quod
2929 2497 3203 2554 Actorum
3248 2513 3322 2554 xv
3363 2497 3663 2569 apostoli,
3721 2507 3777 2555 et
3815 2513 3877 2554 se-

2206 2572 2401 2628 niores
2424 2570 2810 2626 adhibuerant
2829 2575 3027 2626 contra
3053 2570 3467 2626 descendentes
3495 2585 3573 2627 ex
3599 2572 3800 2627 Iudaea
3821 2570 3876 2625 ad

2205 2644 2569 2710 seditionem,
2592 2647 2649 2697 et
2674 2640 2895 2711 turbas,
2922 2646 2979 2697 et
2999 2639 3143 2713 falsa
3162 2642 3429 2713 dogmata
3456 2643 3672 2698 introd
3685 2642 3876 2698 nanda

2208 2715 2268 2771 in
2294 2712 2603 2769 Ecclesiam
2634 2712 3072 2768 Antiochenam.
3098 2712 3509 2783 Opposuerant
3545 2713 3644 2769 illi
3670 2713 3878 2782 judicia

2206 2784 2445 2841 concilii
2477 2797 2542 2841 ac
2576 2783 2938 2854 presbyterii,
2989 2784 3217 2840 decreta
3265 2784 3508 2855 collegii
3553 2784 3876 2854 apostolici,

2209 2856 2445 2929 legatos,
2489 2861 2546 2911 et
2592 2855 2837 2929 litteras,
2886 2855 3103 2926 quibus
3148 2854 3742 2929 testatamifacerent
3786 2870 3877 2929 au-

2210 2925 2535 2985 ctoritatem
2587 2925 3003 2997 ablegatorum,
3047 2933 3104 2981 et
3151 2928 3639 2983 commendarent
3698 2928 3877 2983 verita

2211 3005 2324 3057 tem
2343 2998 2641 3062 doctrinm,
2664 2996 2739 3053 ab
2757 2997 3039 3066 apostolis
3057 2998 3271 3054 eisdem
3295 2998 3444 3053 viris
3467 2999 3739 3062 traditae,
3763 2998 3880 3054 dum

449 3068 614 3127 Pauli
638 3067 656 3123 Ξ
682 3067 783 3138 qui
816 3080 1013 3123 omnes
1041 3068 1316 3138 epistolas
1361 3067 1498 3126 suas
1526 3074 1682 3126 certo
1729 3068 2103 3125 salutationis
2137 3074 2187 3137 ί]
2216 3069 2677 3131 remittebantur.
2711 3070 2825 3125 Hoc
2858 3069 3048 3137 ipsum
3084 3070 3445 3138 praesidium,
3473 3076 3537 3125 et
3572 3070 3883 3126 ﬁrmamen-

453 3142 621 3224 signo
643 3137 719 3224 ab
744 3137 1344 3224 se_ajgposito_muniri
1373 3141 1743 3224 consuevisse
1773 3145 2016 3224 testatur

449 3209 697 3283 epistola
755 3210 845 3283 adq
882 3209 1423 3283 Thessalonicenses
1472 3212 1724 3269 secunda
1764 3229 1777 3266 :
1832 3210 2107 3283 Salutatio

447 3280 568 3340 mea
605 3296 772 3337 manu
815 3280 975 3352 Pauli
1004 3282 1191 3352 :quod
1227 3288 1307 3337 est
1342 3285 1562 3351 signum
1588 3285 1650 3337 in
1676 3284 1823 3338 omni
1858 3282 2106 3352 epistola.

453 3358 540 3412 Ita
590 3353 787 3409 scribo.
840 3351 1308 3409 Gratia’Domini
1351 3357 1528 3409 nostri
1566 3357 1694 3410 Iesu
1741 3351 1942 3409 Christi
1989 3368 2108 3408 cum

455 3426 705 3482 omnibus
762 3423 933 3495 vobis.
991 3426 1188 3480 Amen.
1249 3426 1487 3482 Romani
1554 3424 1851 3495 pontiﬁces
1899 3437 2110 3481 morem

460 3498 616 3554 hunc
653 3494 1031 3564 apostolicum
1077 3496 1287 3552 imitati
1333 3494 1567 3564 signare
1592 3501 2014 3552 consueverunt
2042 3496 2115 3551 si-

463 3568 600 3625 mile
625 3566 925 3638 quippiam
959 3566 1017 3622 in
1046 3568 1173 3623 suis
1197 3566 1483 3638 epistolis,
1514 3568 1764 3638 graviori
1800 3567 2115 3635 praesertim

461 3641 533 3697 de
561 3651 734 3694 causa
765 3638 1024 3710 scriptis,
1047 3652 1214 3710 quas
1241 3638 1432 3695 bullas
1460 3639 1716 3695 dicimus
1749 3638 2117 3695 consistoria-

466 3711 743 3782 les.N_am
774 3709 968 3782 crucis
1010 3709 1313 3782 signaculo
1353 3711 1522 3781 (quod
1565 3710 1797 3777 salutis,
1828 3716 1887 3767 et
1920 3710 2119 3782 gratia:

466 3780 501 3837 a
527 3779 1471 3851 Christo_ﬁdelibus'adprecanilze
1512 3782 1795 3838 indicium
1823 3788 1910 3837 est
1927 3779 2121 3851 ‘quoti-y

467 3849 725 3932 dianum)
772 3849 886 3932 late
923 3849 1190 3919 expanso
1216 3851 1524 3932 includunt
1563 3849 1985 3932 monogramma
2024 3850 2118 3932 sui

469 3923 744 3993 nominis,
775 3923 897 3993 sive
941 3934 1143 3993 nomen
1180 3928 1497 3983 extensum.
1526 3929 1581 3979 et
1613 3929 1882 3993 praeterea
1921 3923 2123 3978 inscri-

463 3993 610 4049 bunt
633 3989 877 4065 circulo,
903 3990 1085 4065 eidem
1115 3989 1689 4065 monogrammati,'et
1710 3993 2120 4065 crucisiﬁgurm

466 4062 885 4129 circumducto,
924 4062 1175 4132 aliquem
1226 4062 1572 4120 versiculum
1599 4062 1642 4120 'e
1679 4066 1864 4121 sacris
1905 4062 2120 4120 lit—teris

470 4134 878 4201 desumptum:
913 4132 1050 4186 olim
1087 4141 1210 4206 post
1254 4135 1480 4206 siglam,
1522 4150 1650 4206 quae
1690 4136 1953 4191 redditur
1979 4136 2120 4206 Bene

468 4205 874 4276 vatete:_nunc
924 4209 1068 4276 post
1100 4203 1422 4276 clausulam
1466 4203 1790 4274 supremam
1840 4205 2115 4276 epistolis,

471 4274 903 4344 respondentem
951 4273 1217 4330 iudicatae
1264 4273 1626 4332 salutationi.
1672 4273 1889 4332 Horum'
1919 4273 2119 4333 exemé—

471 4341 753 4418 pla'vides
769 4341 1090 4418 frequentia
1119 4346 1269 4415 apud
1298 4346 1586 4403 bullarum
1609 4348 1959 4411 collectores,
1994 4353 2114 4403 tum

472 4413 624 4501 apud
654 4413 981 4501 Qghellium
1015 4416 1074 4470 in
1108 4413 1478 4501 ltiilia‘sacra,
1513 4424 1633 4501 tum
1665 4418 2116 4501 apudpiabillo:

475 4486 635 4546 nium
665 4486 735 4543 de
762 4499 821 4561 re
844 4486 1247 4561 Diplomatica,
1282 4488 1432 4561 libro
1463 4486 1669 4561 Quinto
1689 4486 1948 4561 {quibus
1977 4491 2111 4546 addi

480 4563 721 4633 possunt
744 4558 1016 4633 adnotata
1038 4572 1071 4615 a
1095 4558 1617 4633 Cotelerioin‘can.
1651 4558 1718 4616 12
1737 4558 2117 4631 apostolicum

465 4627 624 4759 l{ionio
648 4629 717 4699 II,
747 4643 874 4702 pag.
917 4627 1040 4696 462,
1073 4632 1143 4687 ad
1175 4631 1359 4703 Opera
1381 4631 1472 4688 SS.
1504 4633 1605 4687 PP.
1647 4627 1844 4690 saeculi
1884 4640 2123 4704 aposto-

514 4719 545 4759 c
577 4743 590 4756 .

492 4718 590 4759 ιω.

543 4775 748 4830 Verum
819 4772 1365 4848 hisopportuniori
1432 4774 1558 4832 loco
1616 4776 1878 4842 servatis,
1945 4789 2124 4848 pauca

479 4844 874 4901 tantummodo
921 4845 1016 4900 hic
1058 4845 1298 4902 subdam
1327 4846 1400 4902 de
1440 4860 1612 4904 causa
1655 4848 1870 4903 decreti
1901 4844 2123 4904 a'Sixto

480 4916 720 4988 vulgati,
768 4931 836 4970 ne
877 4916 1024 4971 ullus
1053 4919 1332 4987 episcopus
1360 4934 1396 4972 a
1426 4920 1670 4973 Romana
1710 4919 1835 4973 sede
1877 4923 2124 4974 evocatus

478 4989 809 5057 reciperetur
832 5004 866 5040 a
882 4990 1110 5057 propria
1135 4992 1392 5058 paraecia,
1412 4992 1462 5043 si
1481 5006 1499 5043 ν
1513 4990 1687 5045 ediret
1704 4991 1908 5059 absque
1928 4991 2125 5045 litteris

480 5060 805 5130 apostolicis.
827 5060 909 5130 Ita
934 5060 1349 5116 consulendum
1376 5064 1601 5130 putavit
1622 5061 1831 5116 unitati
1858 5061 2126 5118 Ecclesiae

481 5128 773 5203 servandae
805 5128 910 5185 sub
956 5142 1070 5203 uno
1114 5132 1322 5203 capite,
1355 5128 1583 5203 unaque
1612 5132 1876 5187 doctrina
1918 5133 2125 5190 catho—

480 5200 614 5267 lica,
642 5207 902 5273 avertens
931 5200 1251 5270 periculum
1281 5202 1432 5272 quod
1462 5200 1798 5259 imminebat
1824 5210 1948 5273 post
1977 5219 2123 5261 mor-

480 5278 590 5328 tem
626 5271 1016 5342 apostolorum
1053 5280 1109 5327 et
1132 5271 1382 5330 aliorum
1423 5287 1453 5329 e
1482 5273 1790 5343 precipuis
1825 5271 1994 5333 viris.
2023 5277 2122 5343 qui

474 5343 770 5401 Christum
808 5345 1115 5400 Dominum
1157 5345 1215 5400 in
1251 5357 1421 5401 carne
1467 5345 1744 5401 viderant.
1790 5343 2128 5403 lmminebat

476 5414 776 5489 autemid,
792 5415 954 5489 quod
988 5415 1269 5473 Eusebius
1291 5415 1491 5472 retulit
1513 5430 1582 5473 ex
1607 5415 1780 5473 libris
1798 5418 2123 5489 Hegesippi,

477 5485 721 5559 celebris
746 5485 1206 5559 Christianorum
1234 5488 1518 5556 historici,
1546 5489 1754 5559 bisque
1776 5485 2127 5559 temporibus

479 5557 1008 5632 aqualis,_ejusdem
1022 5558 1211 5615 verbis
1227 5557 1768 5629 itaconceptumlib.
1789 5574 1847 5616 ιιι
1862 5604 1873 5627 ,
1888 5557 2119 5632 cap.32:

481 5626 845 5701 «Ecclesiam
871 5629 940 5685 ad
978 5630 1094 5686 haec
1122 5643 1304 5700 usque
1321 5626 1584 5701 tempera
1614 5633 1797 5687 instar
1821 5626 2123 5700 cujusdam

478 5696 722 5770 virginis
750 5699 1048 5770 integram,
1076 5696 1249 5770 atque
1278 5696 1666 5769 incorruptam
1702 5696 2118 5770 permansisse:

477 5765 667 5850 adhuc
691 5765 750 5850 in
770 5765 1019 5828 obscuro
1047 5765 1268 5828 recessu
1296 5765 1765 5828 delitescentibus
1790 5775 2123 5847 quicunque

2216 3148 2362 3208 tum,
2406 3154 2473 3197 ac
2516 3146 2786 3196 tesseram
2836 3141 3116 3195 doctrinae
3165 3146 3340 3211 atque
3384 3140 3653 3197 unitatis
3699 3141 3881 3196 catho-

2219 3214 2345 3270 lica:
2384 3213 2584 3268 Sixtus
2629 3211 2848 3281 paravit
2888 3217 3089 3266 contra
3140 3211 3420 3267 haeresum
3463 3213 3793 3268 violentias
3829 3224 3883 3266 ac

2221 3284 2472 3366 insidias
2495 3297 2563 3339 ex
2591 3296 2774 3366 aequo
2799 3282 3578 3366 adhibendum._Consti_tuit
3617 3285 3803 3366 enini,
3823 3291 3885 3366 _ut

2218 3355 2475 3426 episcOpi
2504 3354 2689 3426 asciti
2708 3354 2776 3426 ad
2808 3355 3115 3426 Romanam
3144 3354 3355 3421 sedem,
3392 3364 3603 3424 utpote
3628 3357 3693 3411 in
3717 3354 3883 3410 Eccle

2222 3424 2310 3484 sia
2342 3429 2609 3482 universa
2641 3424 2995 3481 obtinentem
3024 3425 3343 3482 Christiani
3375 3427 3649 3497 synedrii
3685 3426 3883 3497 princi-

2226 3504 2419 3569 patum
2446 3510 2543 3567 per
2562 3498 2692 3565 jura
2717 3497 2879 3552 Petro
2909 3511 2974 3553 ac
3000 3498 3437 3569 successoribus
3458 3498 3707 3569 tradita,
3732 3498 3812 3552 ita
3834 3510 3884 3551 se

2226 3568 2515 3630 sisterent,
2553 3571 2612 3623 ut
2655 3581 2827 3623 causa
2865 3570 3096 3638 cognita
3144 3568 3474 3624 remittendi
3512 3583 3650 3624 cum
3685 3568 3881 3624 forent.

2235 3641 2413 3710 recipi
2445 3639 2681 3695 minime
2731 3648 2962 3710 possent
3003 3639 3222 3710 absque
3251 3640 3468 3695 litteris
3497 3640 3877 3709 apostolicis:

2235 3726 2333 3784 per
2358 3709 2504 3782 quas
2526 3711 2585 3766 in
2613 3709 2929 3779 majoribus
2956 3710 3114 3766 hisce
3132 3709 3335 3768 causis
3357 3710 3881 3784 opportunedecla-

2235 3782 2479 3846 raretur,
2515 3795 2646 3854 num
2682 3787 2834 3837 recta
2865 3787 2922 3838 et
2950 3788 3329 3838 consentanea
3378 3782 3512 3854 ﬁdei
3549 3782 3774 3854 regulis
3811 3794 3879 3836 re

2237 3863 2397 3935 p_ert_a
2418 3859 2568 3909 esset
2595 3853 3175 3935 ip‘sorumhdoctrina.
3209 3853 3445 3935 Litteris
3460 3867 3713 3935 quoque
3737 3866 3883 3935 easy:

2231 3923 2401 3983 elicis
2432 3938 2598 3981 usum
2641 3923 2819 3980 fuisse
2848 3923 3212 3994 Clementem,
3246 3926 3397 3980 Petri
3441 3923 3810 3993 discipulum
3838 3932 3881 3978 et

2231 4009 2637 4056 successorem,
2679 4003 2876 4050 contra
2923 3995 3181 4051 haeresim
3224 3995 3479 4059 Ebionis,
3530 4002 3784 4051 testatus
3809 4002 3882 4049 at

2229 4067 2589 4138 Epiphanius
2616 4066 2691 4121 iis
2715 4065 2923 4138 verbis.
2956 4081 3145 4138 quzea
3170 4067 3325 4122 card.
3360 4066 3611 4123 Baronio
3638 4067 3882 4123 referuu»

2229 4133 2435 4197 tur'ad
2467 4150 2680 4193 annum
2722 4133 2814 4199 74,
2851 4133 3006 4192 ηυπὶ.
3043 4135 3145 4192 4οι
3182 4158 3209 4189 α
3245 4138 3394 4193 [dem
3434 4138 3706 4193 Clemens
3742 4140 3884 4207 ipsos

2230 4210 2521 4284 (Ebionem
2543 4209 2783 4279 ejusque
2815 4209 3112 4284 sectarios)
3142 4222 3240 4284 per
3269 4210 3464 4284 omnia
3495 4210 3811 4284 redarguit
3838 4211 3884 4284 in

2230 4280 2494 4352 epistolis
2538 4292 2681 4348 quas
2731 4280 2969 4349 scripsit
2998 4280 3346 4352 encyclicis,
3389 4294 3513 4349 qua:
3562 4283 3621 4335 in
3678 4280 3885 4335 Sanctis

2235 4351 2510 4409 Ecclesiis
2538 4353 2831 4421 leguntur,
2860 4351 3011 4421 quod
3042 4351 3224 4407 alium
3263 4351 3465 4406 habeat
3493 4353 3882 4407 characterem

2237 4425 2380 4481 ﬁdes
2401 4423 2526 4491 ejus
2549 4430 2604 4477 et
2629 4435 2815 4477 sermo
2839 4424 2910 4476 ab
2943 4422 3034 4477 his
3061 4436 3186 4493 qua:
3209 4422 3317 4479 sub
3350 4423 3585 4478 nomine
3610 4423 3814 4491 ipsius
3839 4423 3883 4476 in

2234 4493 2685 4553 circuitionibus
2714 4498 2984 4562 corrupta
3017 4500 3173 4550 sunt.
3204 4512 3231 4543 ››
3260 4495 3386 4549 Haec
3420 4493 3711 4550 nimirum
3739 4494 3889 4549 vesti

2235 4568 2330 4639 gia
2350 4563 2615 4639 signabat
2639 4564 2727 4639 illi
2758 4577 2855 4639 per
2878 4565 3130 4620 eamdem
3153 4566 3713 4639 aetatemapostoliis
3741 4568 3888 4620 Joan-

2234 4635 2333 4695 nes
2365 4635 2494 4691 suis
2528 4635 2589 4692 in
2623 4635 2885 4705 epistolis
2912 4644 3113 4691 contra
3153 4636 3547 4693 Menandrum.
3593 4636 3885 4703 Ebionein,

2232 4709 2496 4778 aliosque
2523 4706 2595 4762 ab
2619 4708 2810 4762 eadem
2838 4706 3033 4778 schola
3059 4707 3342 4778 profectos
3368 4708 3671 4764 haereticos
3699 4716 3763 4763 et
3786 4721 3890 4777 pro-

2234 4775 2618 4851 fecturos,_i_ta
2639 4775 3032 4851 conscribens,
3061 4775 3119 4834 in
3145 4779 3168 4834 Ῑ
3196 4779 3428 4850 quidem
3458 4779 3749 4851 Epistola,
3776 4775 3887 4848 cap.

2237 4866 2300 4920 ιι,
2330 4864 2475 4906 vers.
2499 4845 2595 4904 ⁷48.
2630 4845 2731 4904 49ι
2760 4849 2829 4903 Et
2853 4864 3000 4903 nunc
3022 4845 3338 4905 antichristi
3364 4845 3525 4904 multi
3550 4852 3705 4915 facti
3726 4845 3888 4905 sunt:

2236 4923 2380 4977 unde
2419 4922 2616 4976 scimus
2646 4922 2777 4989 quia
2812 4922 3108 4975 novissima
3154 4922 3288 4977 hora
3313 4929 3411 4976 est.
3445 4923 3532 4975 Ea:
3562 4921 3729 4976 nobis
3767 4938 3889 4992 pro-

2236 4994 2474 5059 dierunt,
2516 4991 2614 5046 sed
2652 5007 2762 5044 non
2798 4997 2955 5045 erant
2991 5008 3059 5046 ea:
3095 4993 3271 5048 nobis.
3301 4994 3443 5049 Nam
3473 4994 3521 5046 si
3554 4991 3813 5057 fuissent
3837 5008 3890 5045 re

2233 5064 2409 5131 nobis,
2437 5064 2862 5133 permansisscnt
2898 5065 3086 5133 utique
3119 5064 3416 5118 nobiscum.
3451 5064 3518 5119 Et
3550 5064 3610 5118 in
3644 5066 3720 5133 ll,
3754 5079 3887 5120 vers.

2230 5132 2368 5192 7-H
2404 5154 2418 5189 :
2448 5132 2613 5188 Multi
2641 5134 2946 5188 seductores
2975 5139 3223 5189 exierunt
3250 5136 3309 5188 in
3339 5135 3626 5200 mundum,
3663 5132 3779 5203 qui
3798 5151 3889 5189 non

2232 5210 2553 5276 confitentur
2587 5207 2770 5259 Iesum
2807 5205 3081 5260 Christum
3121 5208 3329 5261 venisse
3365 5207 3425 5259 in
3455 5221 3620 5260 carne
3642 5225 3660 5259 :
3696 5208 3793 5261 hic
3826 5211 3892 5261 est

2235 5279 2485 5335 seductor
2513 5283 2564 5331 et
2588 5276 2962 5349 antichristus.
3002 5277 3190 5349 Videte
3217 5279 3393 5346 igitur
3410 5293 3476 5332 ne
3495 5277 3764 5347 per-datis
3786 5292 3891 5349 qua

2305 5349 2449 5404 erati
2500 5348 2648 5413 estis,
2705 5346 2803 5420 sed
2856 5352 2919 5402 ut
2966 5348 3259 5403 mercedem
3312 5346 3531 5420 plenam
3580 5346 3890 5420 accipiiitis.

2305 5367 2445 5404 erati
2500 5367 2648 5413 estis,
2706 5367 2802 5402 sca
2856 5367 2918 5402 ut
2966 5367 3259 5403 merceaem
3312 5367 3531 5418 piena-m
3580 5367 3887 5420 accipmns.

2236 5367 2423 5476 gmnis
2448 5420 2545 5490 qui
2562 5419 2764 5473 recedit
2792 5422 2844 5473 et
2861 5434 2969 5473 non
2992 5424 3275 5489 permanet
3295 5421 3356 5474 in
3377 5419 3632 5475 doctrina
3660 5420 3887 5481 Christi,

2236 5496 2407 5548 Deum
2441 5506 2552 5546 non
2598 5490 2798 5546 habet:
2828 5493 2928 5559 qui
2958 5495 3243 5560 permanet
3290 5493 3351 5545 in
3396 5491 3672 5559 doctrina,
3724 5493 3815 5547 hic
3848 5502 3891 5545 et

2235 5565 2451 5618 Putrem
2479 5568 2530 5617 et
2559 5563 2759 5616 Filium
2788 5562 2966 5616 habet.
2996 5564 3055 5617 Si
3084 5565 3208 5632 quis
3236 5564 3386 5617 venit
3412 5563 3490 5616 ad
3518 5578 3634 5630 vos,
3666 5569 3725 5619 et
3758 5565 3892 5618 hanc

2235 5635 2540 5690 doctrinam
2585 5648 2693 5687 non
2723 5632 2902 5701 affert,
2936 5635 3104 5689 nolite
3130 5635 3367 5703 recipere
3394 5649 3518 5688 eum
3560 5636 3620 5688 in
3648 5635 3885 5697 domtus,

2233 5720 2328 5760 nec
2352 5706 2469 5758 Ave
2498 5706 2547 5757 ei
2569 5704 2840 5758 dixeritis.
2869 5703 2977 5770 Qui
3014 5707 3156 5759 enim
3195 5705 3327 5759 dicit
3353 5706 3406 5760 ei
3432 5709 3573 5769 Ave,
3602 5706 3891 5760 communi-

2230 5781 2320 5830 cat
2361 5775 2611 5845 operibus
2656 5773 2776 5843 ejus
2825 5776 3109 5847 malignis.
3164 5774 3305 5833 Cum
3345 5776 3535 5848 igitur
3570 5776 3889 5848 disciplina
