4036 6174
237 231 381 292 H73

1127 230 1442 289 HISTORIA
1481 232 1571 287 DE
1613 232 1782 288 VITIS
1820 231 1987 288 ROM.
2033 232 2228 290 PONT.
2260 263 2334 276 —
2368 231 2423 287 S.
2466 232 2732 289 SIXTUS.

3503 231 3643 294 1474

231 369 554 440 apostolica
598 368 938 438 ostenderet,
990 383 1089 438 per
1133 369 1450 439 encyclicas
1498 369 1722 426 litteras
1775 370 1885 426 de-
1911 359 1967 417 A
1995 372 2278 428 sententia
2305 373 2534 428 Romam
2562 371 2896 439 appellasse.
2928 373 3194 429 Fundant
3219 388 3278 429 se
3305 373 3362 428 in
3390 372 3634 430 referen-

234 441 552 499 monstrari
611 445 872 509 oportere
941 441 1398 496 communionem
1451 455 1578 496 cum
1629 441 1882 497 Ecclesia

230 513 522 570 catholica
571 525 768 567 eorum
819 512 923 583 qui
963 517 1153 568 essent
1203 512 1454 583 legitima
1506 513 1782 568 missione
1811 512 1881 567 ab

229 587 432 642 eadem
478 584 725 639 Ecclesia
779 582 1024 648 ablegati
1057 584 1125 638 ad
1156 582 1618 640 ann’untiandnm
1661 585 1879 640 Christi

228 657 629 726 Evangelium,
655 669 838 724 neque
863 653 1119 710 sufﬁcere
1139 656 1188 710 si
1220 655 1505 725 quondam
1539 654 1784 712 fuissent
1812 671 1880 712 ex

227 735 385 785 caetu
419 741 546 783 cum
578 727 861 795 apostolis
905 733 1264 798 congregato,
1292 727 1407 782 nisi
1437 734 1720 784 constaret
1748 741 1877 783 cum

224 802 430 856 eodem
463 805 612 854 coatu
664 799 822 866 ipsos
851 811 1176 866 permanere
1200 804 1256 853 et
1283 812 1638 865 perseverare
1678 801 1735 855 in
1769 801 1880 855 do—

223 874 423 927 ctrina
451 871 632 926 eidem
665 871 839 925 coetui
863 871 1205 937 concredita,
1239 870 1410 924 aliter
1434 887 1529 924 nec
1547 872 1881 940 recipiendos

223 945 290 997 in
318 944 552 1006 domum,
579 957 674 995 nec
698 943 810 995 Ave
825 941 903 995 eis
923 941 1243 1008 dicendum;
1264 941 1442 996 multo
1459 942 1803 1012 diligentius
1823 942 1877 997 id

222 1014 602 1085 exigendum,
631 1027 756 1068 esse
824 1013 1226 1068 intellexerunt
1271 1013 1534 1069 Ecclesiae
1584 1015 1876 1084 praesules,

226 1084 553 1156 praesertim
583 1084 787 1156 Sixtus
812 1085 1033 1140 caeteris
1057 1090 1331 1156 prmstans
1358 1086 1414 1140 in
1449 1086 1698 1141 Romana
1723 1087 1877 1150 sede,

224 1155 466 1228 quando
498 1155 606 1212 sub
633 1155 913 1228 ejusdem
936 1155 1268 1228 pontiﬁcatu
1312 1157 1368 1212 id
1405 1163 1660 1212 monstro
1686 1157 1880 1213 simile

223 1225 486 1298 primum
534 1228 800 1282 auditum
834 1225 966 1292 fuit,
1022 1227 1261 1281 haereses
1302 1229 1669 1284 disseminari
1700 1229 1768 1283 ab
1805 1229 1881 1283 iis

222 1297 330 1372 qui
357 1301 748 1368 episcopatum
772 1297 1681 1372 obtinuissent,velepiscopatum
1699 1313 1880 1368 appe-

221 1369 450 1427 terent:
483 1384 724 1440 quorum
759 1369 1166 1440 antesignanus
1195 1371 1276 1425 uti
1300 1371 1691 1438 apostolorum
1717 1377 1879 1426 tritate

221 1441 340 1499 fuit
389 1442 607 1506 Simon,
665 1442 741 1496 ita
789 1446 916 1508 post
969 1449 1204 1496 mortem
1261 1441 1651 1508 apostolorum
1703 1441 1812 1498 fuit
1847 1456 1878 1498 e

219 1515 428 1570 schola
459 1513 836 1568 sectariorum
857 1513 1110 1567 Simonis
1130 1512 1466 1580 (Menandri.
1497 1512 1757 1580 Ebionis,
1785 1515 1881 1568 Ba-

220 1585 447 1655 silidis)
485 1585 837 1639 Valentinus.
876 1584 1180 1638 Menander
1203 1584 1351 1638 enim
1375 1590 1429 1638 et
1451 1585 1733 1641 Basilides
1753 1599 1880 1640 ma-

222 1672 330 1727 gos
371 1663 427 1711 et
471 1655 847 1724 philosophos
872 1668 995 1710 sese
1019 1655 1333 1723 jactabant.
1378 1656 1715 1711 Valentinus
1746 1669 1878 1712 vero

1989 443 2084 498 dis
2117 441 2267 512 infra
2297 457 2363 499 ex
2383 444 2440 499 S.
2471 443 2808 512 Epiphanio.
2841 460 2866 492 υ
2903 445 3085 510 Hujus
3115 451 3334 500 textum
3368 446 3634 509 producit

1993 527 2115 584 pag.
2145 511 2267 573 484.
2292 521 2348 570 et
2377 529 2504 570 cum
2521 511 2633 570 illo
2655 515 2845 570 varias
2870 515 3176 582 opiniones
3198 516 3268 569 de
3297 516 3631 583 episconatu

1987 585 2315 641 Marcionis.
2331 586 2434 642 Sed
2458 587 2579 642 sive
2596 587 2844 642 Marcion
2867 585 3042 642 fuerit
3065 588 3458 643 tantummodo
3479 587 3638 642 ﬁlius

1987 658 2266 727 episcopi,
2301 659 2420 712 sive
2445 664 2498 713 et
2523 659 2644 727 ipse
2660 658 2968 726 episcopus
2991 677 3006 724 ;
3028 671 3154 714 cum
3182 658 3438 713 haeresim
3473 671 3634 712 suam

1987 729 2370 785 disseminare
2395 730 2632 798 coeperit
2661 729 2768 784 sub
2800 730 3046 785 Ad.iano
3073 748 3088 794 ;
3120 735 3173 784 et
3204 743 3333 785 cum
3372 728 3635 785 Valenti-

1991 814 2099 856 nus
2129 802 2521 870 episcopatum
2550 799 2856 856 ambiverit
2887 803 2947 856 in
2978 800 3168 856 insula
3198 802 3402 866 Cypro,
3437 802 3517 856 uti
3562 814 3629 854 ex

1987 872 2040 926 S.
2078 873 2390 929 Philastrio
2415 873 2682 928 admonet
2710 874 2770 926 P.
2810 874 3002 941 Lupus
3028 886 3133 941 pag
3177 870 3299 939 480,
3336 872 3435 928 ubi
3462 872 3634 927 etiam

1992 944 2192 1012 probat
2221 945 2329 1000 sub
2353 945 2688 1013 pontificatu
2711 944 2770 998 Β.
2801 944 3152 1013 Telesphori,
3184 945 3284 1014 qui
3315 943 3451 998 huic
3475 944 3636 999 Sixto

1990 1017 2270 1071 successit
2314 1017 2585 1080 proxime.
2637 1016 2913 1072 delirasse
2954 1015 3158 1084 palam,
3190 1029 3258 1070 ac
3297 1015 3636 1080 pradicasse

1992 1086 2354 1158 Valentinum
2376 1087 2392 1158 (
2417 1101 2484 1142 ex
2506 1087 2719 1158 Justini
2746 1085 3042 1152 Apoloeia)
3067 1093 3122 1141 et
3148 1087 3488 1142 Marcionem
3509 1087 3635 1141 Cer-

1989 1157 2160 1212 donis
2185 1157 2540 1225 discipulum
2568 1157 2677 1213 sub
2707 1159 2900 1214 eodem
2925 1157 3270 1227 Telesphoro
3299 1164 3634 1226 corruptum

1989 1233 2045 1283 et
2098 1230 2434 1300 seductum;
2493 1230 2920 1300 Cerdonemque
2994 1231 3183 1298 ipsum
3241 1236 3509 1300 memoret
3565 1242 3633 1284 ex

1988 1300 2044 1354 S.
2080 1302 2287 1356 Irenaeo
2310 1299 2429 1356 lib.
2458 1316 2543 1358 IlI.
2566 1315 2690 1371 cap.
2721 1300 2774 1368 4,
2796 1299 2960 1357 modo
2980 1301 3423 1373 exomologesim
3458 1299 3632 1373 fecis-

1991 1384 2052 1425 se
2098 1377 2152 1427 et
2214 1373 2606 1442 pmnitentiam
2657 1373 2988 1442 simulasse,
3037 1373 3202 1428 modo
3245 1372 3314 1427 ad
3356 1372 3632 1426 vomitum

1991 1443 2234 1498 rediisse
2267 1463 2281 1512 ;
2316 1445 2582 1500 universa
2615 1445 2726 1500 ista
2774 1445 3036 1514 probant,
3073 1444 3434 1512 providentia
3460 1442 3630 1504 Sixti,

1985 1514 2100 1583 jam
2157 1516 2559 1584 perspicientis
2617 1516 2893 1572 haeresum
2941 1515 3134 1571 afﬂatu
3191 1514 3434 1570 siderari
3475 1514 3632 1568 viros

1991 1587 2382 1642 sacratissimo
2414 1588 2607 1643 ordini
2661 1589 3048 1657 episcOpatus,
3098 1586 3184 1641 vel
3230 1586 3512 1650 initiatos,
3548 1585 3632 1640 vel

1989 1658 2247 1726 proxime
2292 1658 2629 1729 initiandos,
2663 1656 2892 1714 cautum
2948 1656 3126 1713 fuisse
3160 1671 3257 1725 per
3304 1657 3629 1729 saluberri—

225 1727 406 1797 probe
443 1742 571 1783 cum
607 1733 818 1788 nosset,
849 1740 958 1781 non
994 1728 1138 1781 sati:
1163 1727 1530 1782 auctoritatis
1560 1741 1626 1782 ex
1661 1729 1736 1781 iis
1769 1741 1877 1781 no—
1910 1735 1962 1795 Β
1990 1741 2132 1782 mam
2167 1729 2331 1786 illius
2355 1729 2567 1784 decreti
2601 1727 2971 1790 sanctionem,
3008 1743 3075 1783 ne
3107 1729 3396 1797 quispiam
3419 1728 3634 1796 episcoo

222 1799 490 1855 minibus
527 1799 676 1866 apud
710 1798 1072 1853 Christianos
1103 1811 1224 1853 sese
1255 1797 1615 1861 habiturum,
1650 1798 1878 1867 episco—

223 1871 356 1941 pale
388 1869 676 1941 fastigium
705 1869 1037 1941 ambiebat:
1069 1870 1545 1939 quemadmodum
1563 1869 1880 1924 Tertullia-

224 1939 339 1999 nus
355 1943 544 2012 capite
565 1939 613 2005 4,
644 1949 841 1996 contra
859 1940 1118 1996 eumdem
1138 1945 1439 1996 asseverat.
1463 1941 1738 1995 Providus
1758 1941 1880 2012 igi—

218 2022 323 2071 tur
345 2011 599 2078 pontifex
618 2013 818 2068 Sixtus
838 2013 986 2066 vidit
1005 2013 1190 2081 majus
1208 2011 1525 2080 periculum
1545 2012 1878 2067 seducenda:

213 2085 573 2142 Christiana:
605 2084 882 2154 plebisab
914 2084 989 2139 iis
1017 2083 1333 2149 imminere,
1364 2084 1461 2152 qui
1487 2085 1618 2151 jure
1647 2083 1878 2150 episco—

218 2167 398 2228 patus
425 2171 555 2212 cum
582 2156 928 2211 haberentur
949 2167 1310 2228 successores
1330 2155 1741 2228 apostolorum,
1764 2155 1879 2210 do—

213 2225 390 2284 cendi
418 2243 643 2297 quoque
666 2233 995 2296 potestatem
1018 2228 1165 2282 inter
1189 2226 1406 2294 potiora
1425 2227 1518 2282 sui
1545 2225 1715 2282 officii
1742 2241 1878 2282 mu-

218 2314 361 2355 nera
438 2299 862 2364 obtinuissent;
913 2299 963 2354 si
1008 2306 1133 2368 post
1172 2299 1436 2366 adeptum
1482 2299 1873 2366 episcopatum

214 2371 530 2452 dignitatis
563 2370 953 2452 sugejuribus
993 2370 1390 2452 abuterentur.
1435 2370 1632 2452 Edixit
1681 2370 1877 2452 itaque

215 2441 528 2513 episcopos
573 2443 640 2496 ad
689 2441 942 2496 tribunal
993 2443 1142 2496 Petri
1188 2447 1446 2496 evocatos
1478 2441 1557 2513 ita
1586 2442 1876 2513 sesistere

216 2511 511 2582 oportere,
545 2518 624 2568 ut.
657 2525 828 2567 causa
860 2513 1146 2576 discussa,
1183 2513 1356 2580 recipi
1391 2526 1420 2566 a
1455 2511 1578 2567 suis
1613 2511 1877 2580 plebibus

215 2585 465 2640 minime
505 2590 730 2652 possent
765 2584 890 2638 sine
929 2584 1144 2638 litteris
1163 2583 1470 2652 encyclicis
1494 2584 1776 2652 primariae
1797 2597 1877 2639 se-

214 2658 338 2713 dis.
393 2655 630 2711 Provide
663 2655 718 2711 id
751 2653 985 2722 factum,
1017 2669 1080 2710 ea
1131 2654 1488 2723 potissimum
1517 2660 1870 2723 tempestate,

216 2742 340 2798 qua
367 2726 788 2788 persecutiones
809 2724 1134 2796 frequentes
1163 2739 1271 2781 non
1303 2726 1380 2798 ita
1410 2724 1636 2798 facilem
1668 2727 1873 2782 redde—

217 2795 374 2854 Bunt
401 2803 740 2853 conventum
775 2795 1197 2866 episeoporum,
1222 2796 1413 2866 qualis
1434 2795 1620 2852 fuerat
1651 2805 1871 2865 aposto-

213 2870 414 2926 lorum
438 2870 503 2924 ad
537 2869 846 2924 concilium
875 2881 1046 2936 super
1070 2867 1342 2923 dissidiis
1371 2867 1520 2936 apud
1553 2868 1872 2923 Antioche-

217 2955 328 2998 nos
351 2940 609 2996 subortis
634 2941 692 2994 in
706 2953 878 2995 causa
893 2939 1164 3010 legalium
1183 2939 1643 2996 observationum
1657 2980 1667 2990 .
1683 2939 1870 3008 Quare

214 3012 527 3068 dictatoria
558 3011 734 3066 veluti
766 3015 1112 3066 auctoritate
1147 3011 1202 3066 in
1234 3011 1381 3065 Petri
1416 3011 1547 3066 sede
1572 3024 1604 3065 a
1641 3011 1867 3066 Christo

215 3085 469 3139 Domino
494 3083 609 3151 jam
642 3083 978 3148 constituta,
1009 3083 1283 3138 utendum
1316 3080 1430 3136 fuit
1458 3082 1525 3136 ad
1555 3082 1869 3137 consulen—

212 3156 360 3211 dum
398 3154 608 3210 unitati
656 3153 918 3209 Ecclesiae
962 3158 1132 3222 atque
1174 3153 1534 3209 indemnitati
1569 3151 1721 3221 fidei,
1768 3153 1864 3208 ubi

216 3226 538 3281 maximum
562 3225 1207 3280 immineretdiscrimen
1239 3224 1309 3280 ab
1325 3223 1612 3292 episc0pis
1633 3225 1701 3278 ad
1724 3222 1866 3278 falsa

211 3298 488 3368 dogmata
534 3296 981 3368 declinantibus,
1035 3309 1136 3368 nec
1179 3297 1321 3352 ratio
1353 3295 1626 3363 temporis
1655 3294 1866 3350 sineret

211 3367 466 3424 concilia
513 3367 822 3436 praesulum
873 3367 996 3438 cogi
1044 3367 1152 3422 sub
1183 3368 1367 3423 oculis
1413 3372 1862 3438 persecutorum,

211 3447 322 3494 aut
357 3444 606 3507 pastores
640 3440 914 3494 removeri
949 3437 1018 3493 ab
1045 3438 1250 3494 ovibus
1282 3439 1400 3494 sibi
1431 3437 1776 3492 concreditis
1806 3438 1862 3492 in

216 3511 326 3566 illa
359 3518 674 3578 temporum
698 3509 1054 3575 difficultate,
1085 3524 1194 3579 qua
1228 3511 1492 3578 plebibus
1517 3509 1574 3562 in
1612 3508 1865 3576 periculo

212 3581 560 3664 constitutis
589 3581 888 3652 prmsentia
917 3580 1170 3636 ﬁdelium
1199 3581 1436 3652 vigilum
1468 3584 1588 3634 erat
1622 3580 1866 3635 maxime

213 3666 562 3708 necessaria.
1840 3682 1846 3688 -

293 3725 517 3778 Rursus
581 3723 838 3778 Clemens
887 3722 1315 3778 Alexandrinus
1379 3724 1726 3778 Stromatum
1783 3722 1867 3778 li-

215 3796 326 3851 bro
343 3809 418 3850 vtt
436 3795 620 3862 docet,
641 3795 930 3861 Basilidis,
953 3793 1268 3859 Valentini,
1291 3801 1344 3849 et
1367 3795 1673 3850 Marcionis
1699 3796 1865 3850 haere-

214 3881 313 3923 ses
336 3867 574 3935 cmpisse
595 3865 704 3921 sub
728 3867 1002 3921 Adriano.
1027 3864 1126 3920 Ait
1143 3866 1294 3920 enim
1321 3878 1442 3937 pag.
1471 3863 1614 3921 769:
1649 3887 1676 3918 α
1709 3864 1866 3921 Infe-

215 3939 349 3993 rius
409 3943 597 3992 autem
663 3937 817 3992 circa
883 3942 1138 4005 tempora
1194 3938 1430 3992 Adriani
1503 3938 1867 4006 imperatoris

214 4008 456 4064 fuerunt
511 4009 638 4078 qui.
671 4008 912 4064 haareses
968 4007 1456 4077 excogitaverunt,
1505 4017 1561 4064 et
1594 4022 1867 4079 pervene-

218 4085 358 4134 runt
410 4093 589 4148 usque
635 4079 704 4134 ad
775 4085 996 4135 aetatem
1067 4080 1343 4135 Antonini
1401 4088 1538 4135 natu
1607 4081 1860 4148 majoris.

212 4152 380 4206 Sicut
423 4151 724 4206 Basilides.
779 4151 888 4205 etsi
946 4150 1239 4206 Glauciam
1293 4151 1402 4207 sibi
1453 4151 1705 4207 ascribat
1740 4165 1868 4206 ma-

216 4223 497 4310 ἕῖῗὲξέξῖτέῖ
520 4223 726 4310 ἯῘΡΞῙ
747 4221 1220 4310 ἕένίῖἷῗὲτὲἒὲἷιῖῐυῖ
1234 4222 1358 4310 ,τμῖέ
1372 4224 1530 4310 ,ΡῨΨΓΞ
1543 4223 1863 4310 ,ίηέθὶίὶηθξδο

212 4292 500 4349 Similiter
529 4298 716 4348 autem
758 4292 1138 4348 Valentinum
1189 4294 1393 4349 dicunt
1421 4294 1654 4350 audisse
1680 4294 1864 4349 Theo-

212 4363 438 4419 dadem.
518 4366 574 4419 ls
617 4370 806 4420 autem
862 4363 972 4420 fuit
1022 4364 1182 4420 Pauli
1227 4364 1552 4420 familiaris.
1611 4366 1863 4421 Marcion

212 4435 373 4490 enim
414 4449 541 4491 cum
573 4443 742 4491 natus
767 4441 916 4490 esset
945 4436 1134 4490 eadem
1165 4452 1278 4507 qua
1315 4436 1423 4505 ipsi
1455 4443 1636 4491 aetate.
1667 4451 1864 4492 versa—

217 4507 396 4561 batur
423 4513 482 4561 ut
529 4520 701 4562 senex
746 4521 874 4561 cum
910 4507 1268 4575 junioribus.
1314 4526 1337 4556 »
1388 4508 1513 4562 Haec
1541 4521 1570 4562 a
1601 4508 1846 4563 Clemenv

214 4586 274 4632 te
308 4578 522 4646 scripta
571 4579 822 4634 recitans
883 4579 1076 4647 Lupus
1123 4580 1182 4633 in
1241 4578 1483 4634 scholiis
1515 4580 1582 4634 ad
1638 4592 1760 4648 cap.
1793 4578 1862 4635 30

211 4649 558 4704 Tertulliani
599 4651 670 4704 de
698 4650 1042 4718 Praescript.,
1076 4650 1269 4705 subdit
1298 4669 1308 4704 :
1345 4669 1369 4700 «
1399 4651 1454 4703 S.
1486 4649 1746 4704 Clemens
1776 4664 1860 4706 se-

213 4721 411 4776 cundo
441 4721 607 4781 dicit,
633 4722 783 4790 quod
829 4721 1129 4788 Basilides,
1162 4729 1216 4776 et
1239 4721 1594 4790 Valentinus,
1627 4728 1683 4776 et
1709 4723 1864 4776 Mar—

212 4793 374 4860 cion,
411 4790 627 4846 fuerint
657 4793 849 4847 coaevi.
885 4800 940 4847 et
960 4807 1155 4847 omnes
1174 4793 1452 4862 cmperint
1481 4793 1588 4846 sub
1621 4793 1863 4862 imperio

212 4863 486 4917 Adriani.
514 4865 767 4932 Quaestio
797 4871 903 4931 est,
934 4865 1070 4934 quid
1103 4869 1380 4932 cmperint
1401 4863 1428 4918 εἰ
1458 4866 1540 4917 Au
1573 4863 1764 4928 vitam,
1790 4878 1860 4919 an

217 4935 540 4988 haereticam
575 4935 1033 5003 praedicationem
1067 4936 1094 4988 ‘I
1118 4937 1464 5004 Respondeo,
1500 4936 1648 5004 quod
1680 4935 1863 4990 hatre—

213 5005 387 5060 ticam
423 5006 902 5074 praedicationem.
935 5007 1154 5062 Etenim
1191 5008 1495 5064 Basilidem
1533 5006 1640 5064 sub
1677 5007 1863 5076 impe—

213 5077 309 5131 rio
341 5077 577 5131 Adriani
623 5078 964 5146 praedicasse
988 5079 1202 5134 diserte
1249 5079 1454 5134 scribit
1481 5082 1536 5138 S.
1580 5079 1864 5148 Hierony-

213 5161 349 5223 mus
391 5148 448 5223 i_n
484 5149 743 5223 encom‘io
773 5147 1024 5204 illustris
1062 5151 1201 5223 viri,
1234 5152 1498 5223 Agrippae
1527 5147 1803 5206 Castoris.
1833 5168 1858 5199 ιο

208 5219 372 5292 l_d_em
408 5220 599 5290 Lupus
642 5219 1033 5292 observaverat
1075 5222 1246 5291 paulo
1288 5219 1435 5289 ante;
1469 5223 1693 5280 scilicet
1735 5235 1859 5292 pag.

211 5239 372 5272 luem
408 5239 599 5290 Lupus
642 5239 1033 5276 Observaverat
1075 5239 1246 5291 paulo
1288 5239 1435 5289 ante,
1469 5239 1693 5280 sctltcet
1735 5239 1797 5292 pa
1845 5261 1859 5275 .

211 5288 344 5363 479,
379 5303 444 5345 ex
475 5292 530 5346 S.
563 5291 906 5360 Epiphanio,
939 5297 994 5347 et
1033 5307 1099 5348 ex
1127 5295 1439 5363 appendice
1472 5295 1609 5352 libri
1640 5239 1862 5350 Tertug-

213 5362 360 5436 liani
395 5363 466 5416 de
498 5363 834 5436 Praescript._
871 5362 1218 5436 Marcionem’
1273 5363 1453 5421 fuisse
1496 5367 1773 5436 episcOpi,
1808 5372 1862 5421 et

213 5433 450 5508 quidem
484 5434 839 5508 sanctissimi
872 5435 1007 5508 viri,
1042 5436 1375 5508 degenerem
1408 5433 1613 5493 filium.
1665 5433 1856 5508 Addit,

210 5505 287 5576 ab
317 5503 523 5573 Optato
553 5505 884 5561 Milevitano
913 5503 1278 5568 afﬁrma‘ri.et
1301 5508 1487 5576 ipsum
1519 5503 1860 5562 Marcionem

213 5575 401 5631 fuisse
444 5578 796 5648 episcopum.
836 5597 863 5629 ιι
914 5580 1076 5643 Sunt,
1128 5575 1339 5648 inquit.
1370 5579 1471 5648 qui
1502 5578 1857 5644 existimant,

213 5648 564 5702 Marcionem
609 5647 717 5703 sub
767 5657 926 5717 patre
952 5647 1230 5704 Amaseno
1267 5647 1535 5719 episcopo
1583 5663 1649 5704 ac
1683 5650 1862 5705 totius

215 5720 526 5789 provincia
580 5721 945 5791 metmpolita
987 5721 1164 5776 fuisse
1214 5722 1584 5791 SinOpensem
1631 5721 1864 5786 episco-

215 5803 377 5861 pum,
404 5796 461 5846 et
502 5791 575 5847 ab
607 5790 772 5848 illius
814 5792 1098 5864 synodali,
1130 5807 1241 5864 qua
1278 5793 1625 5866 degradatus
1654 5792 1858 5857 fuerat,

1899 3102 1947 3164 C

1989 1812 2188 1866 porum
2237 1799 2561 1868 postulatus
2611 1801 2678 1855 ad
2712 1801 2999 1869 judicium
3045 1802 3306 1855 Romanae
3336 1800 3509 1865 sedis,
3561 1798 3632 1852 ab

1987 1883 2166 1940 eaque
2199 1872 2373 1926 redux
2398 1871 2746 1932 reciperetur
2775 1873 2902 1926 sine
2923 1871 3136 1926 litteris
3155 1870 3482 1940 encyclicis,
3516 1883 3635 1924 cer-

1988 1946 2106 1996 tum
2154 1942 2548 1997 testimonium
2583 1942 3005 2010 proferentibus
3043 1944 3112 1998 de
3138 1942 3374 1996 veritate
3401 1947 3456 1996 et
3487 1955 3632 1996 con-

1988 2010 2236 2084 fessione
2272 2014 2550 2069 doctrinae
2579 2015 2919 2084 apostolicis
2947 2014 3316 2084 dogmatibus
3342 2026 3624 2068 consona}.

2057 2083 2209 2157 Satis
2247 2098 2379 2157 ergo
2431 2083 2782 2157 intelligitur
2819 2100 2886 2141 ex
2945 2083 3210 2141 Ecclesiae
3248 2084 3630 2157 constitutio-

1988 2167 2058 2209 ne
2086 2155 2195 2210 sub
2219 2156 2378 2211 Sixto
2405 2157 2442 2218 l,
2483 2155 2796 2226 imperante
2827 2157 3100 2220 Adriano,
3135 2169 3334 2224 nempe
3363 2169 3430 2211 ex
3460 2155 3631 2210 histo-

1988 2226 2074 2281 ria
2109 2227 2408 2297 hazreseos,
2440 2234 2561 2283 tum
2597 2229 2844 2292 primum
2868 2242 3018 2284 ansae
3051 2228 3200 2284 inter
3228 2227 3630 2295 episcOporum

1985 2297 2284 2354 cathedras
2309 2312 2368 2354 se
2404 2299 2678 2354 audacter
2723 2301 3035 2358 intrudere.
3073 2304 3368 2368 postquam
3403 2297 3632 2352 mortali

1988 2368 2127 2440 huic
2157 2371 2288 2425 vitae
2329 2371 2508 2438 erepti
2542 2369 2770 2426 fuerant
2803 2371 3071 2440 apostoli,
3106 2385 3171 2426 ac
3195 2369 3495 2436 discipuli,
3529 2369 3628 2439 qui

1985 2439 2280 2497 Christum
2311 2443 2618 2498 Dominum
2641 2443 2698 2498 in
2730 2455 2902 2498 carne
2927 2443 3208 2507 viderant,
3250 2440 3622 2506 intelligitur.

1991 2510 2244 2582 inquam,
2286 2514 2509 2569 occasio
2543 2521 2599 2569 et
2625 2515 2711 2569 vis
2737 2514 2950 2569 decreti
2983 2513 3220 2577 Sixtini,
3259 2512 3628 2582 providenter

1989 2581 2396 2652 prospicientis
2455 2586 2720 2640 Ecclesiae
2778 2585 2991 2640 unitati
3041 2599 3107 2639 ac
3137 2583 3268 2639 ﬁdei
3307 2581 3627 2651 integritati

1985 2656 2273 2710 servanda:
2287 2669 2385 2724 per
2395 2657 2712 2725 encyclicas
2727 2656 2799 2712 hu
2802 2657 3054 2724 jusmodi
3075 2656 3322 2720 litteras,
3343 2668 3469 2724 quae
3485 2658 3633 2725 post-

1986 2727 2213 2782 modum
2245 2723 2689 2794 formatwdicta:
2715 2723 2871 2791 sunt,
2900 2733 3055 2783 certa
3084 2723 3424 2782 documenta
3455 2723 3632 2794 profe-

1985 2803 2191 2861 rentes,
2220 2813 2285 2853 ac
2303 2806 2569 2854 tesseram
2593 2800 3021 2855 communionis
3053 2798 3310 2852 omnium
3343 2796 3635 2866 episcopo-

1983 2882 2110 2940 rum
2137 2883 2267 2925 cum
2291 2870 2440 2925 Petri
2457 2871 2586 2926 sede
2602 2871 2877 2940 primaria
2901 2878 2961 2924 ut
2981 2871 3036 2924 in
3066 2869 3253 2924 reditu
3278 2868 3347 2940 ad
3368 2868 3630 2936 proprias

1983 2939 2325 3067 péebesestitto
2348 2939 2740 3013 reciperentur
2764 2955 2796 2996 a
2824 2941 3092 2997 ﬁdelibus
3113 2939 3444 3002 eorumdem
3476 2951 3628 2994 cura:

1983 3025 2010 3066 c
2053 3025 2153 3066 ncr
2230 3027 2245 3066 ι
2280 3027 2350 3067 ts.

1980 3013 2350 3068 concreditis.

2645 3117 2967 3174 CIACONII.

2049 3242 2220 3296 Linea
2243 3239 2297 3296 5.
2339 3270 2407 3280 --
2435 3241 2666 3295 Rediens
2695 3240 2770 3294 ad
2797 3241 3113 3310 parochiam
3168 3255 3326 3294 suam
3371 3255 3480 3293 non
3518 3255 3622 3293 su-

1975 3315 2288 3382 sciperetur,
2313 3314 2425 3382 nisi
2444 3328 2564 3366 eum
2604 3313 2800 3365 litteris
2823 3311 3177 3380 patriarcha.
3213 3311 3450 3366 Censuit
3479 3323 3622 3366 san-

1976 3381 2104 3440 ctus
2160 3381 2414 3453 pontifex
2469 3383 2688 3451 Sixtus,
2723 3396 2791 3437 ne
2831 3383 3110 3451 episcopi,
3141 3382 3208 3437 ad
3262 3382 3449 3437 sedem
3473 3395 3619 3450 apo-

1976 3455 2235 3510 stolicam
2288 3467 2630 3524 quacunque
2653 3468 2720 3509 ex
2770 3468 2942 3509 causa
2983 3453 3190 3520 vocati,
3227 3454 3548 3524 redeuntes,
3585 3465 3619 3508 a

1975 3527 2102 3582 suis
2153 3525 2418 3595 plebibus
2484 3523 2896 3594 reeiperentur,
2943 3525 3059 3580 nisi
3101 3537 3290 3580 secum
3330 3523 3620 3580 deferrent

1974 3597 2200 3653 litteras
2225 3597 2460 3652 Romani
2482 3596 2792 3666 pontificis,
2822 3597 3094 3666 populum
3123 3595 3458 3662 salutantes,
3485 3609 3621 3650 eos—

1975 3683 2085 3738 que
2147 3674 2442 3738 purgatos,
2499 3669 2582 3724 vel
2636 3669 2968 3734 instructos,
3028 3679 3376 3738 causamque
3418 3679 3615 3722 eorum

1972 3739 2297 3796 discussam
2326 3738 2506 3795 fuisse
2536 3745 2965 3809 cognoscerent.

2705 3881 2914 3938 PAGII.

2049 4009 2220 4066 Linea
2249 4006 2308 4079 3.
2336 4038 2410 4050 —
2432 4011 2532 4063 Hic
2563 4012 2865 4073 constituit,
2887 4013 2948 4062 ut
2985 4009 3315 4079 ministeria,
3343 4013 3451 4063 etc.
3479 4007 3619 4063 Con-

1977 4081 2175 4139 stituit
2205 4078 2373 4136 etiam
2417 4095 2487 4136 ex
2523 4082 2716 4138 eodem
2764 4080 2915 4136 libro
2966 4078 3310 4145 Pontiﬁcali,
3367 4082 3432 4134 ut
3459 4091 3621 4134 sacra

1979 4168 2109 4210 vasa
2135 4151 2206 4208 ab
2253 4153 2391 4208 aliis
2438 4165 2609 4221 quam
2635 4167 2668 4207 a
2709 4152 2895 4207 sacris
2943 4150 3230 4206 ministris
3273 4163 3386 4207 non
3413 4156 3620 4220 tinge-

1978 4232 2194 4281 rentur.
2240 4225 2369 4280 Ideo
2389 4229 2576 4279 autem
2613 4224 2667 4279 id
2696 4224 2880 4279 vetuit
2899 4222 3119 4292 Sixtus,
3151 4223 3289 4292 quia
3309 4227 3422 4278 tam
3443 4221 3620 4290 calix,

1978 4311 2146 4367 quam
2179 4301 2378 4366 patena
2409 4302 2570 4350 erant
2602 4308 2732 4351 vasa
2764 4299 3093 4350 consecrata
3120 4312 3135 4362 ς
3164 4300 3347 4367 exstat
3371 4293 3524 4367 enim
3558 4293 3617 4349 in

1975 4365 2188 4424 ordine
2226 4369 2476 4423 Romano
2525 4370 2836 4437 utriusque
2909 4366 3286 4437 consecratio,
3333 4365 3620 4437 iunctione

1973 4439 2336 4507 Chrismatis,
2369 4439 2656 4508 certisque
2696 4435 2964 4508 precibus
2995 4435 3296 4490 adhibitis.
3330 4435 3480 4508 Idem
3510 4435 3620 4508 de-

1973 4511 2152 4566 crevit
2193 4505 2382 4579 postea
2434 4505 2750 4566 concilium
2806 4507 3384 4579 LaodicenumAanno
3431 4505 3614 4579 circi-

1973 4591 2058 4639 ter
2098 4572 2206 4638 363
2255 4580 2622 4643 celebratum,
2657 4581 2716 4634 in
2767 4592 2880 4649 quo
2937 4590 3153 4633 canone
3198 4572 3260 4630 21
3324 4575 3608 4649 sancitum

1973 4659 2205 4723 est,non
2237 4657 2496 4723 Oportere
2530 4646 2946 4723 subdiaconum
2971 4661 3102 4702 vasa
3125 4651 3345 4723 sacrata
3368 4646 3611 4723 contin—

1973 4716 2144 4797 gere;
2175 4729 2229 4778 et
2255 4716 2567 4797 concilium
2613 4721 2930 4797 Agathense
2951 4731 3100 4774 anno
3124 4716 3248 4797 506,
3291 4717 3400 4797 sub
3445 4719 3614 4797 Sym-

1977 4789 2194 4861 macho,
2223 4806 2437 4848 canone
2480 4791 2570 4855 66,
2606 4789 2813 4846 statuit
2859 4804 2968 4846 non
2999 4795 3259 4856 Oportere
3294 4789 3612 4861 insacratos

1976 4859 2274 4923 ministros
2316 4864 2642 4931 contingere
2668 4876 2802 4918 vasa
2859 4861 3176 4916 Dominica.
3227 4859 3611 4916 Subdiaconis

1975 4947 2159 4994 tamen
2200 4937 2330 4991 data
2362 4933 2605 4990 facultas
2639 4936 2747 4990 ista
2783 4939 2868 4988 est
2901 4933 2957 4986 in
3000 4933 3246 4988 concilio
3283 4931 3610 4987 Bracarensi

1974 5008 2083 5065 sub
2111 5010 2322 5063 Joanne
2359 5009 2447 5074 lll,
2486 5019 2636 5061 anno
2665 5002 2788 5072 563,
2823 5016 3038 5059 canone
3073 5001 3155 5059 lO.
3217 5024 3241 5055 ‹‹
3283 5004 3502 5058 Placuit
3546 5009 3612 5058 ut

1977 5093 2085 5137 non
2118 5079 2287 5134 liceat
2316 5077 2560 5134 cuilibet
2601 5091 2668 5132 ex
2711 5075 3022 5132 lectoribus
3052 5088 3212 5130 sacra
3243 5075 3445 5131 altaris
3476 5087 3610 5130 vasa

1975 5157 2218 5223 portare,
2245 5150 2357 5223 nisi
2395 5149 2486 5223 his
2507 5150 2606 5223 qui
2628 5148 2698 5204 ab
2719 5147 3352 5223 episcoposubdiaconi
3376 5145 3611 5202 fuerunt

1972 5219 2245 5281 ordinati.
2273 5240 2298 5271 »
2331 5221 2627 5291 Acolythis
2656 5221 2828 5276 etiam
2859 5219 3108 5291 eamdem
3134 5219 3425 5274 licentiam
3465 5231 3613 5274 con-

1970 5309 2183 5353 cessam
2207 5307 2275 5349 ex
2301 5289 2504 5350 ordine
2555 5293 2802 5348 Romano
2838 5289 3198 5346 manifestum
3221 5297 3327 5346 est.

2041 5365 2305 5435 Plerique
2343 5363 2624 5431 scribunt,
2653 5366 2903 5423 Sanctus,
2930 5367 3168 5428 sanctus,
3197 5365 3439 5435 sanctus,
3472 5365 3604 5435 et_c.,

1971 5453 2003 5495 a
2029 5439 2188 5494 Sixto
2216 5433 2514 5492 sacriﬁcio
2553 5437 2741 5491 missae
2767 5435 3031 5491 additum
3062 5446 3205 5501 esse,
3240 5433 3336 5488 sed
3379 5433 3613 5489 auctius

1970 5508 2291 5566 Chroniron
2339 5513 2590 5563 veterum
2641 5506 2971 5576 pontiﬁcum
3032 5505 3089 5560 id
3150 5504 3335 5560 solum
3379 5518 3411 5559 a
3453 5504 3614 5559 Sixto

1972 5581 2349 5637 constitutum
2389 5579 2494 5640 ait.
2524 5585 2605 5641 ut,
2640 5575 2931 5634 Sacerdote
2965 5579 3236 5646 hymnum
3267 5575 3432 5630 illum
3459 5575 3616 5631 inci—

1975 5654 2184 5723 piente,
2210 5652 2380 5706 etiam
2419 5651 2665 5720 p0pulus
2703 5649 2959 5723 eumdem
3004 5655 3278 5723 cantaret.
3306 5648 3452 5715 Quia
3484 5660 3616 5702 vero

1975 5721 2277 5794 progressu
2305 5723 2580 5794 temporis
2616 5723 2850 5794 quidam
2900 5721 3118 5794 abusus
3151 5721 3518 5794 irrepserant,
3552 5724 3616 5794 ut

1974 5789 2204 5852 non'nisi
2239 5795 2299 5850 in
2322 5789 2679 5850 solemnibus
2695 5793 2890 5848 missis
2928 5792 3241 5862 diceretur,
3270 5789 3336 5848 eo
3357 5789 3612 5847 tollendo
