4036 6174
277 268 410 329 ⁴484

1061 273 1377 335 HISTORIA
1412 275 1502 331 DE
1540 274 1716 332 VITIS
1755 272 1920 330 BOM.
1961 272 2158 330 PONT.
2185 303 2260 315 --
2295 275 2352 331 S.
2382 277 2881 338 TELESPHORUS.

3542 277 3682 337 4482

280 398 592 474 circulum.
651 401 980 472 Telesphori
1029 405 1179 460 enim
1220 408 1381 460 atate
1431 404 1739 474 plurimum
1791 415 1925 472 per—
1953 393 2013 456 A
2039 403 2288 461 Romana
2316 408 2501 473 modo,
2523 409 2614 463 sed
2642 409 2812 462 etiam
2836 408 2893 462 in
2917 408 3206 464 recentius
3227 407 3484 464 fundatis
3503 408 3561 464 in
3585 408 3678 462 Ec~

282 469 550 545 fectionis
579 469 877 545 accepisse
901 475 1050 532 ritus
1071 477 1262 532 eodem
1287 477 1344 530 in
1371 469 1691 544 potioribus
1713 469 1927 545 myste—

278 543 399 614 riis
420 542 724 614 religionis
765 552 971 602 nostra
1001 542 1390 603 anniversaria
1420 547 1748 602 celebritate
1771 542 1925 601 ieco-

276 613 466 668 lendis
509 613 692 689 probe;
731 616 1158 689 intelligimus;
1200 620 1245 674 si
1289 619 1644 687 complexum
1685 616 1927 672 attendi-

280 699 417 760 mus
452 687 630 741 trium
664 687 1019 744 decretorum
1054 687 1178 760 qua
1211 691 1306 745 hic
1339 697 1725 746 memorantur
1754 703 1784 742 a
1814 689 1925 760 Te—

276 756 546 831 lesphoro
580 766 911 828 prescrtpta,
962 756 1141 830 eaque
1171 776 1566 831 comparamus
1599 774 1726 816 cum
1757 759 1924 814 testi—

278 828 493 882 moniis
508 835 735 884 l’atrum
753 831 924 887 istius
941 828 1146 894 atatis.
1169 828 1373 899 mores,
1407 847 1472 888 ac
1491 833 1634 888 ritus
1655 831 1926 886 Christia-

273 912 480 973 norum
505 902 948 973 attingentibus,
975 910 1250 973 quantum
1282 905 1403 960 illis
1426 903 1685 973 permisit
1704 901 1925 957 cautela

272 972 590 1046 sanctioris
606 973 931 1046 disciplina
956 972 1180 1040 nostra,
1198 972 1725 1046 nequeinﬁdelibus
1744 984 1926 1046 neque

271 1043 705 1116 gatechumenis
780 1051 900 1100 tum
944 1050 1222 1114 temporis
1251 1043 1510 1116 apertius
1541 1045 1920 1114 propalanda.

267 1114 406 1188 :I‘ria
424 1113 628 1188 igitur,
648 1115 762 1170 hac
787 1116 1013 1172 decreta
1042 1113 1370 1188 Telesphori
1404 1113 1765 1173 manifestant
1789 1116 1924 1170 cele-

269 1185 539 1259 britatem
585 1186 732 1259 ritus
774 1189 964 1255 potius
1007 1203 1175 1259 quam
1208 1185 1302 1244 'rei
1354 1190 1775 1245 institutionem
1802 1199 1926 1259 esse

269 1255 362 1311 illi
386 1255 752 1312 tribuendam
785 1277 796 1312 :
830 1255 1131 1315 titscilicet
1151 1261 1238 1316 lex
1265 1276 1295 1316 a
1320 1261 1662 1328 Telesphoro
1690 1257 1918 1327 perscri-

275 1334 370 1398 pta
395 1342 508 1382 non
535 1329 816 1384 invexerit
845 1330 902 1385 in
935 1332 1238 1387 Ecclesiam
1287 1346 1495 1388 morem
1527 1331 1735 1400 jejunii
1767 1330 1928 1398 Qua—4

266 1400 629 1471 dragesima,
654 1400 769 1469 jam
793 1401 862 1456 ab
885 1404 1164 1471 apostolis
1190 1404 1486 1458 inductum
1506 1418 1573 1457 ex
1606 1402 1927 1456 imitatione

267 1470 492 1525 Christi
542 1471 799 1544 Domini,
846 1470 1014 1542 cujus
1063 1475 1382 1544 exemplum
1434 1475 1594 1544 ipsis,
1641 1487 1706 1527 ac
1763 1471 1927 1527 nobis

268 1542 724 1616 normavivendi
756 1546 1108 1616 propositum
1139 1542 1627 1616 semperfuit;sed
1652 1551 1711 1600 ut
1744 1545 1801 1598 in
1831 1556 1924 1616 se-

269 1619 423 1690 ptem
476 1613 934 1690 hebdomadibus
980 1613 1482 1690 Quadragesimam
1528 1614 1926 1690 constituenti-

269 1685 382 1740 bus
408 1691 600 1759 cer‘tus
625 1686 883 1759 delectus
916 1685 1142 1756 precum
1174 1685 1554 1759 sfabiliretur,
1588 1695 1716 1756 apte
1737 1688 1924 1754 dispo-

271 1769 418 1829 nens
442 1757 510 1810 ad
560 1758 828 1826 mysteria
859 1760 1154 1815 Paschalia
1203 1761 1356 1816 clero
1385 1767 1438 1816 et
1490 1757 1700 1829 pOpulo
1729 1759 1926 1814 devote
1953 1758 2004 1816 B

267 1827 632 1896 celebranda,
675 1835 727 1882 et
765 1829 1186 1899 adbaptismum
1214 1833 1378 1888 novis
1410 1827 1672 1886 Ecclesia:
1716 1829 1926 1884 fetibus

266 1899 798 1972 administrandum
868 1905 1071 1971 pravia
1087 1903 1470 1972 dispositione
1535 1901 1923 1968 catecheseon,

267 1978 330 2052 et
356 1970 799 2057 scrutiniorum,
834 1970 960 2057 qua
987 1989 1115 2057 cum
1153 1970 1703 2057 geniculationibus,
1734 1979 1927 2057 etpre—

265 2041 587 2114 vigiliis.e_t
603 2041 968 2101 orationibus
993 2041 1213 2101 crebris
1236 2047 1348 2114 jam
1394 2053 1514 2101 tum
1545 2051 1805 2113 oportere
1833 2042 1928 2098 ob—

267 2113 489 2185 servari
527 2112 597 2167 ab
637 2115 989 2185 ingressuris
1024 2118 1092 2172 ad
1157 2112 1504 2179 baptismum
1536 2112 1930 2171 Tertullianus

267 2184 568 2257 presbyter
602 2184 893 2253 proXimus
918 2188 1247 2257 Telesphori
1273 2190 1425 2245 atati
1446 2191 1848 2244 commemorat
1871 2186 1928 2240 in

268 2255 432 2311 libro
470 2269 636 2325 quem
683 2257 753 2312 de
792 2261 984 2314 eodem
1036 2255 1391 2317 sacramento
1416 2260 1743 2330 perscribit.
1777 2259 1929 2330 Stata

269 2340 412 2383 vero
459 2333 710 2396 tempora
751 2330 1120 2386 solemnioris
1168 2329 1437 2400 baptismi
1483 2329 1926 2387 administrandi

274 2412 384 2472 per
406 2412 526 2472 eam
555 2405 772 2455 atatem
801 2416 926 2456 cum
947 2403 1292 2459 haberentur
1311 2418 1420 2460 non
1443 2411 1662 2459 tantum
1700 2401 1929 2472 pascha-

274 2471 360 2526 lia
400 2471 862 2527 Resurrectionis
916 2475 1250 2540 Dominica,
1298 2483 1354 2531 et
1401 2478 1773 2538 Pentecostes,
1831 2471 1925 2526 sed

269 2541 452 2616 etiam
487 2542 782 2609 Natalitia,
816 2550 872 2598 et
897 2545 1251 2614 Epiphania,
1283 2561 1407 2616 qua
1438 2550 1512 2602 ita
1535 2547 1734 2615 juncta
1759 2544 1928 2616 Nati-

269 2613 445 2667 vitati
495 2621 658 2688 sunt,
694 2621 755 2668 ut
807 2613 956 2684 apud
1003 2613 1552 2688 Egyptics’dicatur
1594 2618 1785 2672 eadem
1835 2615 1931 2669 die

274 2691 528 2762 utraque
577 2685 914 2762 solemnitas
965 2685 1247 2745 celebrata
1293 2689 1789 2762 (quemadmodum
1839 2690 1930 2741 Ec-

275 2755 462 2829 clesia
490 2755 684 2829 Latina
721 2758 1243 2816 manifestationem
1273 2755 1526 2816 Domini.
1550 2760 1928 2829 Baptismum,

271 2833 341 2882 et
358 2827 701 2900 miraculum
734 2830 1062 2898 nuptialein
1092 2833 1411 2900 Epiphania
1432 2827 1652 2888 recolia
1681 2844 1741 2886 se
1767 2835 1933 2885 testa-

275 2897 443 2967 tur);
477 2897 832 2968 consequens
858 2912 998 2968 erat,
1047 2910 1110 2957 ut
1139 2897 1473 2959 Nativitatis
1520 2903 1690 2958 etiam
1732 2901 1934 2956 Domi—

275 2969 449 3044 nica,
474 2975 530 3024 et
547 2971 1002 3044 Epiphaniorum
1035 2975 1185 3030 ritus
1210 2975 1528 3044 peculiares
1552 2974 1934 3044 hiscemyste-

276 3040 396 3116 riis
418 3042 822 3116 convenienter
851 3040 1333 3103 administrandis
1371 3051 1705 3116 aptarentur
1729 3059 1759 3099 a
1780 3040 1936 3100 Tele-

2036 475 2254 545 cles:is,
2277 479 2445 534 auxit
2470 479 2658 547 ipsius
2687 478 2954 534 ﬁduciam
2981 480 3050 534 ad
3080 481 3492 547 impetrandum
3516 493 3547 534 a
3569 481 3679 534 Deo

2035 548 2306 615 spiritum
2333 551 2588 610 consilii.
2615 557 2678 606 ut
2698 551 2872 606 certis
2894 550 3240 606 lectionibus
3262 551 3677 618 utriusqueTe-

2037 623 2302 691 stamenti
2329 623 2680 690 prascriptis
2705 635 2801 691 per
2825 628 3034 691 septem
3057 623 3269 690 jejunii
3301 620 3680 676 hebdomadas

2043 689 2101 764 in
2124 689 2577 764 Quadragesima’
2598 689 2819 761 pararet
2838 689 3080 749 Domino
3106 692 3319 760 plebem
3355 691 3675 761 perfectam.

2040 759 2108 815 Ut
2140 777 2268 818 vero
2298 759 2372 818 id‘
2401 759 2644 820 feliciter
2673 766 2868 820 cedere
2905 759 3330 830 animadvertit,
3356 759 3684 818 conversus

2036 834 2206 906 etiam
2243 835 2309 889 ad
2346 837 2680 890 Nativitatis
2710 836 3020 891 Dominica
3046 836 3309 906 mysteria
3338 834 3500 890 cultu
3530 833 3683 889 cele-

2035 903 2218 959 briori
2250 906 2624 974 disponenda,
2662 908 2982 963 iterandum
3013 920 3077 962 ea
3103 903 3270 962 nocte
3293 907 3553 962 divinum
3585 919 3680 959 sa—

2035 976 2319 1031 criﬁcium
2347 979 2612 1046 pracepit
2638 997 2648 1031 :
2685 977 2923 1034 fortasse
2945 985 3006 1033 ut
3030 978 3353 1033 consuleret
3373 976 3684 1032 afﬂuentia

2037 1047 2318 1103 ﬁdelium.
2363 1050 2674 1117 plurimum
2715 1057 2896 1105 aucta
2940 1049 3049 1105 sub
3080 1050 3398 1104 Alexandro
3429 1062 3493 1102 ex
3541 1061 3684 1102 con-

2037 1119 2296 1173 versione
2326 1120 2589 1175 Romana
2617 1120 2945 1176 nobilitatis
2979 1121 3045 1174 ad
3083 1121 3398 1186 Christum,
3425 1133 3538 1187 quo
3561 1118 3685 1172 sci—

2037 1189 2172 1244 licet
2192 1191 2413 1258 copiam
2437 1192 2937 1247 sacrisassistendi
2962 1193 3308 1261 parationem
3335 1190 3604 1258 praeberet
3623 1188 3682 1243 in

2038 1268 2194 1315 tanta
2243 1261 2624 1318 solemnitate.
2689 1265 2986 1334 Hymmum
3051 1277 3279 1334 quoque
3333 1261 3680 1334 angelicum,

2037 1344 2096 1386 ea
2120 1337 2282 1387 nocte
2311 1331 3030 1390 concinendum'statuisse
3071 1331 3272 1397 fertur,
3311 1334 3378 1388 ad
3409 1331 3684 1388 beneﬁcia

2041 1405 2323 1472 praterita
2371 1405 2666 1461 recolenda
2713 1413 2886 1476 parta
2920 1406 3075 1475 pacis
3098 1406 3275 1460 Deum
3309 1405 3457 1460 inter
3491 1410 3547 1458 et
3576 1402 3685 1476 ho-

2043 1476 2242 1540 mines,
2275 1482 2446 1545 atque
2479 1477 2535 1531 in
2577 1473 2888 1532 Nativitate
2916 1473 3132 1532 Christi
3166 1477 3544 1532 annuntiata.
3588 1473 3686 1527 His

2041 1545 2224 1610 igitur
2247 1547 2614 1603 incrementis
2636 1563 2734 1617 pro
2765 1555 3082 1616 temporum
3107 1549 3537 1617 opportunitate
3558 1550 3685 1617 apte

2035 1617 2362 1686 distiositis,
2396 1620 2462 1674 ad
2492 1615 2897 1675 celebritatem
2921 1615 3273 1689 jejunicrum
3303 1625 3359 1673 et
3393 1615 3687 1689 Paschatis

2036 1702 2196 1757 aque
2237 1703 2303 1743 ac
2359 1691 2692 1745 Nativitatis
2739 1688 3050 1746 Dominica
3091 1690 3443 1745 recolendam
3491 1688 3687 1742 Teles—

2082 1760 2206 1814 hori
2239 1761 2462 1816 decreta
2488 1763 2891 1817 instruxerunt
2916 1765 3180 1818 Romana
3209 1760 3470 1816 Ecclesia
3494 1760 3689 1814 Ritua—

2061 1845 2119 1886 es
2137 1831 2352 1887 libros:
2385 1847 2627 1900 quorum
2655 1835 2871 1888 indicia
2890 1835 3032 1889 satis
3053 1832 3349 1888 manifesta
3370 1832 3534 1887 nobis
3555 1843 3688 1898 pra-

2037 1909 2264 1975 servant
2292 1904 2794 1975 ApologiaJustini
2824 1905 3110 1975 martyris,
3142 1912 3198 1960 et
3220 1905 3433 1973 scripta
3455 1901 3687 1958 Tertul—

2041 1973 2202 2028 liani.
2235 1975 2393 2043 Quod
2427 1973 2578 2030 enim
2615 1978 2859 2043 pertinet
2893 1973 3168 2032 ad‘ritum
3204 1976 3560 2045 jejuniorum
3593 1985 3684 2028 so-

2044 2045 2314 2100 lemnium
2347 2061 2443 2116 per
2469 2048 2992 2118 Quadragesimam,
3022 2046 3382 2103 manifestum
3411 2053 3498 2101 est
3523 2058 3686 2100 com-

2043 2118 2264 2186 paranti
2296 2121 2444 2173 ritus
2477 2127 2862 2175 memoratosa
2885 2118 3261 2187 Tertulliano,
3287 2118 3687 2186 indicatosque

2040 2203 2070 2242 a
2099 2189 2346 2256 Justino,
2380 2196 2553 2259 atque
2587 2191 2726 2246 adeo
2769 2197 3075 2261 usurpatos
3101 2191 3351 2246 secundo
3377 2188 3588 2244 saculo
3619 2188 3688 2242 de

2041 2274 2155 2330 quo
2210 2261 2522 2328 loquimur,
2574 2276 2703 2317 cum
2751 2263 3062 2332 descriptis
3109 2261 3178 2316 ab
3221 2261 3548 2331 Augustino
3591 2271 3688 2328 per

2041 2338 2307 2400 quartum
2337 2333 2633 2402 saculum,
2662 2348 2690 2387 a
2721 2333 2950 2390 Gelasio
2982 2347 3130 2394 vero,
3151 2339 3208 2388 et
3234 2332 3558 2401 aGregorio
3582 2332 3688 2385 Ma-

2041 2416 2150 2472 gno
2194 2404 2249 2457 in
2278 2405 2536 2460 ordinem
2570 2406 2904 2469 Romanum,
2936 2411 2990 2461 et
3020 2406 3076 2460 in
3109 2403 3562 2460 Sacramentaria
3591 2415 3688 2456 re-

2039 2475 2232 2529 ductis
2252 2475 2478 2545 quinto,
2501 2484 2678 2538 sexto.
2703 2485 2757 2531 et
2773 2479 3098 2532 consecutis
3114 2476 3364 2540 saculis,
3395 2473 3546 2529 nihil
3567 2486 3690 2528 esse

2040 2546 2318 2602 similius.
2347 2568 2372 2597 «
2403 2548 2845 2617 lngressurosad
2875 2549 3225 2617 baptismum
3251 2545 3692 2618 (aitTertullia—

2043 2632 2150 2671 nus
2169 2618 2408 2688 loquens
2428 2615 2497 2674 de
2520 2620 2760 2674 solemni
2780 2615 3022 2684 Pascha)
3048 2615 3413 2675 orationibus
3445 2615 3684 2683 crebris,

2036 2689 2910 2760 jejuniisetgeniculationibus,
2927 2699 2981 2746 et
2997 2691 3318 2760 pervigiliis
3338 2702 3501 2744 orare
3514 2700 3688 2760 opor~

2045 2757 2143 2828 tet,
2167 2767 2276 2816 etc.
2303 2779 2328 2810 υ
2354 2757 2480 2817 Hac
2507 2777 2628 2818 nem
2642 2776 2773 2831 pesu
2787 2769 2843 2817 nt
2864 2757 3310 2831 scrutiniafqua
3331 2765 3606 2816 vocantur
3631 2757 3688 2812 in

2046 2832 2378 2888 Ritualibus
2404 2834 2669 2889 Romana
2691 2834 2976 2897 Ecclesia,
2995 2847 3062 2889 ex
3099 2831 3355 2888 mediana
3382 2831 3691 2900 prasertim

2047 2903 2400 2960 hebdomade
2450 2906 2682 2961 illarum
2725 2912 2959 2975 septem,
3015 2918 3139 2974 qua
3190 2903 3690 2975 Quadragesimam

2043 2976 2425 3044 constituunt,
2469 2983 2522 3031 et
2548 2978 2662 3044 jam
2694 2971 2810 3031 tum
2835 2971 3261 3032 constituebant
3282 2971 3447 3044 juxta
3475 2972 3578 3026 hoc
3599 2971 3696 3025 de-

2043 3043 2591 3115 cretumTeleSphoi-t
2613 3048 2737 3116 ipso
2749 3049 3189 3103 administrante
3209 3043 3621 3116 pontificatum,
3638 3047 3692 3096 et

273 3111 498 3193 sphoro
528 3113 587 3193 in
615 3113 1137 3193 titulisnlfomanis,
1173 3132 1317 3193 quos
1353 3111 1552 3193 paucis
1581 3116 1932 3193 anteipsum
1963 3132 2010 3193 α
2049 3117 2197 3172 unde
2213 3111 2715 3186 majora'jejuniaa
2740 3119 3005 3193 Patribus
3027 3111 3313 3193 appellata
3341 3114 3527 3193 s_ole_r_it
3553 3119 3692 3193 vete-

273 3183 784 3259 annis_diviserat
820 3184 890 3241 25
951 3183 1296 3259 presbyteris
1352 3183 1668 3244 Evaristus.
1729 3183 1930 3259 Proxi—

277 3269 414 3309 mus
449 3255 690 3311 Evaristi
736 3255 1033 3315 successor
1075 3255 1394 3316 Alexander
1434 3261 1626 3315 statim
1659 3258 1935 3313 actitulis

275 3326 633 3400 singillatim
663 3327 955 3396 praefectos
985 3332 1129 3388 vidit
1169 3346 1198 3386 a
1229 3333 1526 3387 decessore
1550 3330 1929 3400 presbyteros,

277 3397 463 3472 legem
488 3398 757 3472 scriptam
783 3403 1022 3456 canonis
1045 3403 1368 3472 quotidiani
1397 3397 1668 3457 sacriﬁcii
1697 3397 1930 3456 contra—

276 3468 528 3549 dendam
574 3468 1075 3549 illiscuravittet‘
1115 3475 1399 3549 passionis
1442 3475 1755 3549 Dominica
1812 3485 1935 3526 me—

281 3541 550 3613 moriam,
582 3554 614 3595 a
645 3541 870 3613 Christi
923 3541 1505 3613 prima—institutione
1535 3551 1592 3600 et
1615 3545 1685 3598 ab
1714 3549 1934 3612 aposto-

284 3611 475 3665 lorum
506 3612 816 3685 traditione
855 3611 1216 3671 continenter
1261 3617 1550 3685 alligatam
1587 3633 1603 3684 ;
1637 3611 1771 3670 licet.
1813 3620 1932 3668 tum

284 3694 438 3746 eam,
469 3689 587 3736 tum
632 3681 932 3740 formulam
979 3694 1265 3742 certorum
1302 3681 1600 3742 verborum
1649 3687 1717 3742 ad
1755 3697 1938 3741 sacra.

285 3753 466 3806 menti
500 3754 884 3824 integritatem
931 3759 1340 3826 pertinentium
1369 3765 1578 3813 sartam
1617 3764 1935 3826 tectamque

284 3837 512 3906 sem-per
532 3826 874 3906 custoditam
893 3831 1086 3906 sciret,
1125 3830 1350 3906 praviis
1364 3836 1549 3906 tamen
1575 3829 1860 3906 precibus.
1874 3841 1937 3881 ac

285 3894 505 3976 ritibus
531 3896 598 3950 ad
632 3897 885 3976 ejusdem
937 3894 1224 3976 passionis
1251 3902 1541 3976 tremenda
1569 3894 1837 3976 mysteria
1862 3906 1936 3954 at-

285 3969 510 4040 tentius
525 3969 824 4040 recolenda
846 3973 1214 4040 sacerdotem,
1243 3973 1561 4038 ministros,
1587 3969 1640 4026 et
1667 3973 1936 4040 populum

284 4038 680 4117 escitantibus
753 4040 1061 4117 instruxit,
1126 4038 1475 4117 ut'abunde
1550 4038 1758 4117 notavi.
1829 4044 1940 4117 Hoc

284 4110 462 4189 etiam
531 4110 837 4189 instituto_
873 4115 1138 4189 providit.
1211 4121 1271 4170 ut
1322 4114 1471 4189 nihil
1530 4115 1820 4189 diversum
1881 4114 1938 4189 in

286 4179 484 4235 titulis
530 4181 840 4256 presbyteri
873 4179 1230 4240 'inducerent
1287 4186 1357 4241 ab
1405 4200 1470 4240 eo
1525 4187 1673 4256 quod
1725 4185 1938 4240 servari

288 4264 392 4320 per
467 4253 811 4326 episc0pumr
875 4256 1132 4311 viderent
1196 4257 1252 4311 in
1328 4253 1691 4326 quotidianis
1758 4258 1940 4312 sacris

287 4322 565 4399 exempla
595 4325 1003 4399 apostolorum.
1059 4329 1180 4383 Pari
1226 4322 1408 4399 igitur
1458 4343 1596 4384 cura
1633 4343 1699 4383 ac
1724 4328 1941 4399 sollici-

290 4393 500 4469 tudine
525 4393 922 4469 Telesphorus,
963 4393 1542 4469 postquamvcuratam
1573 4400 1722 4454 vidit
1762 4398 1941 4468 provi-

285 4464 495 4545 denter
525 4465 702 4545 legem
715 4471 913 4545 quotid
926 4464 1041 4525 iani
1061 4464 1615 4545 sacriﬁcii,_ejusque
1639 4464 1859 4545 rituum
1882 4470 1937 4524 in

290 4533 486 4589 titulis
515 4533 611 4604 per
639 4533 1046 4601 Ale'xandrum,
1080 4542 1304 4597 censuit
1333 4533 1446 4597 sibi
1476 4533 1599 4596 esse
1628 4543 1942 4598 consulen—

285 4605 454 4688 durn,
491 4614 585 4688 out!
622 4610 678 4664 in
733 4611 1394 4688 iisdem‘titulisiannua
1442 4627 1602 4688 sacra
1655 4615 1936 4688 potiorum

288 4675 691 4758 celebﬁritatum
741 4683 1034 4758 Paschalis
1071 4692 1130 4758 et
1180 4675 1940 4758 Nativitatis(sive-Epiphaf

291 4749 681 4830 niapomini)
722 4756 1026 4830 occasione
1069 4755 1338 4826 baptismi
1374 4749 1648 4830 solemnis
1676 4749 1816 4830 tunc
1850 4757 1942 4810 ad-

291 4822 665 4877 ministrandi
717 4822 1347 4891 frequentiores'catus
1386 4827 1640 4882 ﬁdelium
1675 4827 1941 4882 habitura

289 4891 784 4972 (quapdpquidem
858 4898 1360 4972 adubaptismum,
1430 4907 1485 4954 et
1547 4899 1939 4972 paenitentiam

288 4962 809 5042 administrandam
839 4962 1300 5042 titulipracipue
1323 4962 1844 5042 fuerant-instituti,
1881 4975 1941 5024 ut

285 5033 510 5113 diserte
539 5035 782 5107 legimus
811 5053 964 5113 nsum.
995 5033 1052 5095 Η
1081 5047 1135 5095 et
1165 5033 1254 5113 31)
1285 5049 1490 5097 certam
1523 5042 1698 5112 legem
1724 5033 1937 5096 rituum

287 5102 641 5175 obtinerent,
669 5123 781 5182 qua
807 5111 984 5179 pietas
1012 5102 1425 5170 conﬂuentium
1461 5102 1656 5182 aptius
1683 5113 1942 5181 dispone-

289 5181 458 5255 retur
491 5190 590 5246 per
619 5181 842 5236 easdem
871 5182 1231 5255 celebritates
1260 5185 1329 5240 ad
1358 5181 1598 5255 gloriam
1630 5186 1743 5239 Deo
1769 5184 1939 5238 exhi-

283 5245 559 5327 bendam,
604 5257 660 5304 et
705 5266 818 5308 uno
862 5254 1074 5327 spiritu
1117 5245 1504 5327 unaquevvoce
1552 5256 1942 5312 honorificen—

282 5317 436 5400 dutn
479 5322 674 5400 lgeum,
713 5329 786 5400 _ut
829 5317 1073 5400 apostoli
1109 5341 1213 5383 nos
1252 5317 1616 5400 'monuerant.
1668 5329 1940 5382 Procura-

284 5391 439 5472 tioni
475 5391 785 5472 Alexandri
833 5391 1305 5472 fuitadjumento
1337 5399 1809 5472 complementum
1838 5411 1941 5452 ca-

284 5462 465 5544 nonis
509 5461 788 5544 librorum
833 5469 974 5524 Novi
1018 5461 1387 5539 Testamenti,
1441 5461 1497 5522 in
1528 5470 1764 5544 Joannis
1794 5483 1938 5538 apo-

281 5531 428 5610 s_toli
457 5541 640 5593 morte
678 5546 1005 5606 peractum:
1048 5549 1110 5596 ut
1145 5531 1385 5610 posseta
1405 5541 1647 5608 receptis
1671 5531 1847 5608 perse,
1872 5555 1939 5595 ac

281 5603 639 5682 decessores,
667 5603 722 5663 et
747 5611 818 5666 ab
845 5612 1106 5668 universa
1130 5603 1222 5668 cui
1247 5617 1484 5682 praeerat
1511 5603 1940 5666 Ecclesialibris

285 5675 526 5765 ggsdem
553 5679 716 5762 ritus,
747 5688 1024 5765 etpreces
1052 5697 1163 5765 non
1194 5675 1597 5765 minusuiuam
1624 5697 1652 5737 a
1683 5683 1920 5765 traditio

284 5746 466 5802 nibus
493 5746 776 5808 derivare.
819 5746 1160 5810 Eorumdem
1207 5768 1336 5810 vero
1367 5746 1646 5810 librorum
1679 5760 1942 5810 sacratus

281 5829 500 5876 census
532 5822 703 5892 paulo
729 5825 847 5894 jam
874 5826 1164 5897 vulgatior
1192 5825 1300 5882 sub
1329 5826 1694 5898 Telesphoro,
1743 5839 1854 5882 non
1882 5825 1940 5881 in

1973 4507 2020 4566 D

2045 3201 2134 3242 res
2154 3195 2417 3242 auctores
2444 3202 2748 3255 arcessere,
2770 3190 2992 3243 vnvendi
3017 3190 3164 3256 apud
3189 3189 3250 3241 Β.
3274 3188 3329 3239 Ρ.
3355 3188 3416 3240 D.
3444 3187 3690 3238 Martene

2042 3259 2112 3334 de
2132 3259 2394 3334 antiquis
2412 3259 2677 3334 Ecclesia
2709 3260 2923 3334 ritibus
2949 3266 3120 3334 tomo,
3141 3265 3197 3313 et
3218 3257 3319 3334 lib.
3348 3272 3386 3323 ι,
3424 3257 3591 3334 artic.
3623 3268 3685 3334 tt.

2045 3331 2120 3383 Ex
2151 3329 2247 3384 illa
2281 3326 2652 3396 hebdomade,
2699 3345 2764 3384 ac
2806 3330 3106 3385 Dominica
3134 3329 3392 3384 mediana
3428 3326 3485 3380 in
3508 3326 3690 3396 sacris

2049 3401 2409 3470 quotidianis
2469 3395 2758 3471 Evangelii
2803 3401 3100 3456 lectionem
3149 3415 3218 3455 ex
3256 3401 3468 3454 Joanne
3517 3395 3692 3471 ferme

2045 3468 2246 3526 dietim
2289 3471 2535 3526 Ecclesia
2567 3468 2814 3527 Romana
2862 3479 3158 3527 mutuatur
3190 3491 3201 3524 :
3251 3471 3491 3525 inicium
3527 3468 3691 3536 plane

2051 3541 2414 3596 manifestum
2449 3543 2625 3612 hujus
2655 3544 2913 3599 delectus
2944 3557 3052 3597 non
3084 3542 3264 3597 habiti
3295 3547 3424 3596 ante
3455 3540 3688 3594 initium

2046 3614 2281 3669 secundi
2310 3614 2506 3668 saculi
2532 3611 2693 3679 tcum
2713 3615 2960 3671 dilectus
2976 3613 3189 3668 Christi
3214 3611 3691 3681 apostolusEvan-

2048 3685 2258 3751 gelium
2289 3700 2455 3739 suum
2481 3686 2671 3740 serius
2692 3687 3043 3741 mandaverit
3066 3685 3295 3751 litteris,
3314 3696 3482 3753 quam
3503 3689 3566 3736 ut
3582 3694 3693 3753 an-

2049 3761 2134 3811 tea
2163 3755 2270 3826 legi
2313 3757 2588 3825 potuerit.
2625 3757 2792 3812 Ritus
2832 3771 2963 3813 vero
3007 3752 3422 3826 scrutiniorum
3456 3766 3553 3822 per
3591 3752 3692 3826 has

2049 3823 2430 3882 hebdomadas
2445 3842 2660 3883 coavos
2686 3829 2976 3884 habendos
2998 3841 3123 3883 esse
3145 3841 3272 3882 cum
3301 3825 3590 3893 plerisque
3611 3823 3690 3878 il-

2051 3898 2236 3954 lorum
2269 3901 2764 3968 consequentium,
2799 3913 2945 3969 quos
2978 3911 3325 3967 usurpamus
3358 3897 3417 3969 i_n
3439 3896 3562 3969 ipsa
3586 3909 3695 3969 ma-

2046 3971 2160 4039 jori
2205 3966 2594 4034 hebdomada;
2641 3966 2938 4040 sacris—que
2981 3966 3339 4040 solemnibus
3371 3966 3513 4040 feria
3542 3979 3598 4040 vi
3635 3966 3690 4019 in

2053 4038 2375 4100 Parasceve.
2407 4048 2462 4096 et
2485 4041 2729 4097 Sabbato
2769 4038 2983 4108 sancto,
3016 4048 3070 4096 et
3102 4039 3360 4097 Paschali
3383 4039 3478 4093 die
3503 4038 3570 4092 ad
3602 4051 3696 4092 no-

2050 4119 2222 4167 stram
2248 4119 2465 4167 atatem
2491 4127 2556 4168 ex
2582 4113 2738 4168 hisce
2768 4111 3027 4168 fontibus
3062 4113 3369 4177 derivatos,
3397 4109 3695 4179 perspicue

2050 4184 2438 4254 comtemplarl
2481 4199 2786 4252 possumus
2833 4185 2890 4238 in
2922 4184 3200 4254 Apologia
3242 4185 3423 4252 prima
3451 4181 3692 4254 Justini,

2052 4263 2182 4310 sect.
2203 4250 2409 4310 35fubi
2446 4250 3334 4326 recensbaptizatos'deducense
3366 4267 3528 4308 sacro
3542 4250 3697 4326 fonte

2051 4327 2117 4381 ad
2144 4329 2400 4396 synaxim
2437 4342 2566 4383 cum
2599 4324 2820 4383 cate—ris
2850 4328 3115 4384 fidelibus
3149 4327 3564 4396 celebrandam,
3590 4324 3696 4396 de—

2051 4395 2257 4454 scribit
2277 4399 2476 4454 seriem
2514 4401 2753 4468 rituum,
2782 4405 2838 4454 et
2871 4414 3120 4469 precum,
3149 4406 3312 4454 atate
3339 4395 3691 4469 Telesphori,

2049 4483 2114 4524 ac
2140 4484 2241 4525 sua
2266 4477 2638 4525 servatorum.
2667 4465 2750 4526 ita
2775 4465 3126 4539 conceptam,
3155 4476 3215 4524 ut
3245 4467 3425 4522 videri
3448 4465 3695 4539 potuerit

2049 4541 2534 4618 compendiariam
2558 4535 2966 4618 [magiuempi‘g
2995 4535 3181 4618 ofﬁcio
3214 4539 3453 4618 majoris
3476 4535 3696 4618 hebdo-

2053 4608 2228 4666 mada
2269 4611 2506 4666 Ordinis
2559 4608 2818 4679 Romani,
2867 4611 3180 4678 Gelasiani,
3222 4608 3580 4678 Gregoriani,
3630 4619 3695 4661 ac

2052 4684 2233 4738 nostri
2255 4683 2496 4737 ﬁdeliter
2517 4683 2967 4753 transcripsisse,
2985 4683 3096 4738 nisi
3116 4682 3382 4748 anteipse
3395 4679 3693 4753 edidisset,

2051 4769 2220 4824 quam
2250 4753 2535 4816 Gelasius,
2555 4755 2604 4808 ei
2636 4749 2967 4824 Gregorius,
2997 4761 3054 4809 et
3079 4753 3258 4808 nostri
3283 4749 3693 4824 Ritualeslibri

2051 4821 2318 4879 Ordinem
2349 4826 2556 4894 missa,
2581 4821 3068 4895 expen‘dissentad
3095 4830 3465 4879 memoratum
3483 4821 3696 4876 sabba—

2054 4905 2196 4964 tum,
2220 4902 2276 4950 et
2301 4897 2654 4952 Dominicam
2681 4897 3138 4952 Resurrectionis
3163 4903 3287 4964 post
3312 4895 3569 4949 ordinem
3594 4905 3695 4947 so-

2054 4963 2261 5022 lemnis
2285 4967 2580 5036 baptismi.
2609 4971 2686 5023 Ita
2713 4969 2861 5023 enim
2880 4969 3084 5023 scribit
3116 4963 3497 5035 'Ilpetgaéatc.
3515 4963 3697 5018 Vertit

2053 5039 2111 5093 Ii.
2152 5041 2206 5092 P.
2239 5039 2569 5094 Joachimus
2603 5040 2900 5095 Perionius
2923 5040 3328 5095 Benedictinus
3358 5058 3367 5090 :
3403 5058 3428 5090 «
3450 5037 3566 5092 Nos
3583 5047 3696 5090 au-

2051 5117 2183 5175 tem,
2211 5119 2505 5179 postquam
2534 5112 2608 5165 ita
2623 5110 2712 5166 abl
2725 5112 2781 5166 ui
2794 5125 2936 5171 mus.
2960 5111 3435 5181 expiavimusque
3451 5121 3579 5164 eum
3594 5106 3691 5181 qui

2049 5181 2318 5250 credidit,
2350 5188 2405 5236 et
2431 5195 2700 5238 assensus
2727 5189 2831 5250 est,
2861 5197 2988 5238 eum
3013 5179 3080 5238 ad
3114 5196 3210 5237 eos
3235 5179 3568 5251 qui‘fratres
3595 5179 3697 5232 di—

2051 5261 2263 5308 cuntur
2297 5253 2569 5309 ducimus
2625 5269 2752 5309 eum
2806 5256 2861 5309 in
2920 5255 3104 5309 locum
3148 5267 3261 5322 quo
3309 5255 3695 5309 convenerunt

2051 5339 2171 5380 com
2184 5325 2448 5394 precandi
2473 5338 2533 5379 ca
2545 5339 2642 5380 usa
2663 5327 2948 5381 contentis
2968 5325 3201 5392 animis,
3230 5332 3284 5380 et
3310 5339 3407 5395 pro
3421 5338 3500 5390 se,
3524 5330 3580 5380 et
3596 5336 3696 5392 pro

2051 5411 2116 5452 eo
2143 5397 2242 5467 qui
2281 5396 2609 5452 illustratus
2632 5403 2738 5462 est,
2771 5397 3155 5467 omnibusque
3180 5395 3318 5452 aliis
3345 5397 3444 5466 qui
3483 5396 3694 5465 ubique

2051 5477 2207 5535 sunt,
2230 5474 2294 5524 ut
2319 5475 2373 5525 et
2400 5467 2661 5523 veritatis
2680 5468 2984 5539 discipuli,
3004 5476 3057 5524 et
3082 5469 3268 5537 reipsa
3292 5467 3694 5523 bonasancta-

2049 5553 2160 5610 que
2181 5540 2310 5593 vita
2329 5539 2598 5606 cultores,
2628 5546 2683 5596 et
2698 5547 3106 5609 praceptorum
3127 5540 3392 5595 custodes
3408 5540 3694 5608 possimus

2050 5611 2322 5672 inveniri.
2372 5617 2436 5665 ut
2477 5618 2742 5666 aternam
2776 5613 3017 5668 salutem
3068 5611 3480 5680 adipiscamur,
3513 5631 3539 5661 ι)
3570 5613 3693 5667 Hac

2048 5697 2178 5738 vero
2227 5682 2460 5737 omnino
2503 5685 2844 5751 respondent
2883 5683 3050 5738 statis
3103 5683 3367 5750 precibus
3401 5684 3692 5740 Paschalis

2051 5762 2278 5819 octava,
2329 5767 2425 5822 per
2451 5769 2594 5824 quas
2623 5769 2655 5810 a
2685 5757 2797 5811 Deo
2831 5768 3280 5824 comprecamur.
3331 5761 3394 5810 ut
3421 5755 3599 5809 renati
3633 5756 3688 5808 in

2041 5825 2270 5884 Christo
2294 5831 2693 5881 sacramentum
2737 5827 2965 5881 vivendo
3008 5831 3226 5882 teneant
3271 5827 3416 5896 quod
3443 5826 3549 5896 ﬁde
3570 5839 3688 5892 per-
