4024 6176
289 343 420 406 4485

1097 349 1419 408 HISTORIA
1478 352 1570 409 DE
1616 348 1790 408 VITIS
1836 345 2004 403 ROM.
2054 347 2260 404 PONT.
2316 377 2389 390 —-
2427 348 2485 405 S.
2536 347 2850 406 HYGINUS.

3542 351 3684 412 4486

285 471 456 545 etiam
483 470 849 545 civilium,_ot
874 478 1198 529 sanctorum
1229 475 1480 540 Patrum,
1505 474 1604 545 qui
1633 480 1687 529 et
1719 474 1924 542 quarto
1949 471 2002 530 A
2107 470 2275 545 Linea
2315 469 2374 545 2.
2431 502 2499 512 --
2529 474 2632 538 Hic
2669 475 2954 528 constituit
2985 478 3047 528 ut
3092 479 3290 543 septem
3321 477 3682 532 hebdomadas

283 555 335 596 et
364 542 568 615 quinto
612 543 821 615 saeculo
875 545 1213 610 ﬂoruerunt,
1259 549 1412 615 turpi
1456 542 1920 610 an’achronismo,

2033 549 2158 619 ante
2197 543 2405 619 I’asclta
2449 545 2730 619 jejunium
2779 546 3164 619 celebraretur.
3219 546 3680 619 Quadragesimae

282 613 587 681 eodemque
616 612 730 668 fere
777 616 946 685 stylo,
980 631 1044 671 ac
1090 617 1321 671 dicendi
1362 611 1691 672 charactere
1724 627 1922 685 magna
2027 611 2312 686 jejunium
2340 615 2454 682 jam
2484 611 2554 670 ab
2575 615 2856 684 apostolis
2887 617 3164 672 traditum
3193 611 3313 671 can.
3347 617 3381 672 6
3404 611 3597 686 Apost.
3627 627 3682 675 et

280 691 536 757 exparte
565 692 860 757 contextas
902 705 913 757 ς
951 701 1093 757 quas
1150 689 1397 756 primum
1447 703 1515 743 ex
1561 686 1919 757 Hispaniain

280 753 523 809 Galliam
579 755 790 811 detulit
845 753 1067 813 labente
1119 753 1316 814 octavo
1398 759 1608 815 saeculo
1659 753 1923 812 Riculfus

279 825 582 900 episcOpus
633 829 1009 898 Moguntinus
1043 835 1140 895 ;et
1192 831 1326 884 inde
1361 831 1416 884 in
1468 831 1618 885 alias
1661 829 1922 900 regiones

279 896 692 970 diss‘eminatze,
733 896 813 953 Iac
874 901 1260 956 communiter
1326 909 1564 970 recepta:
1611 896 1764 956 sunt.
1817 898 1919 952 Sed

283 967 506 1022 tandem
567 970 884 1037 impostura
942 972 1161 1025 detecta
1207 977 1311 1035 est,
1341 979 1398 1027 et
1428 967 1708 1027 Baronius
1733 972 1801 1025 de
1834 970 1925 1024 his

280 1038 544 1106 epistolis
574 1041 886 1106 disserens,
907 1041 1190 1108 ann0865,
1211 1057 1405 1098 earum
1427 1042 1732 1099 falsitatem
1757 1055 1927 1110 agno-

281 1111 500 1184 scit,_et
531 1117 726 1184 aperte
754 1110 986 1184 fatetur,
1039 1127 1106 1168 ne
1147 1115 1300 1184 quis,
1333 1115 1548 1184 inquit,
1576 1112 1922 1169 calumniari

280 1182 486 1250 possit,
505 1181 576 1234 ab
603 1182 855 1237 Ecclesia
883 1183 1130 1238 Romana
1149 1181 1374 1255 aliquid
1408 1181 1739 1254 hujusmodi
1771 1196 1924 1238 com-

279 1259 533 1326 mentum
583 1256 984 1326 esse.ii£arum
1041 1255 1222 1326 igitur
1269 1257 1622 1312 testimoniis
1654 1263 1922 1326 tanquam

275 1320 466 1396 falsis,
508 1329 562 1396 et
615 1323 951 1387 inutilibus,
1010 1320 1257 1396 rejectis,
1314 1329 1560 1382 certiora
1603 1340 1668 1382 ex
1700 1320 1850 1380 veris
1871 1331 1926 1380 et

279 1393 564 1462 legitimis
596 1395 930 1465 pontiﬁcum
957 1402 1014 1452 et
1060 1393 1288 1453 Patrum
1323 1399 1561 1468 scriptis
1590 1395 1923 1468 proferenda

280 1470 444 1519 sunt.
477 1483 501 1514 η

349 1537 504 1608 Hanc
557 1535 809 1608 regulam
865 1539 1101 1593 Baronii
1172 1546 1228 1594 et
1309 1541 1474 1595 Bonae
1533 1537 1921 1595 cardinalium

274 1607 574 1682 tenendam
603 1607 875 1677 p’r0posui
908 1611 963 1682 in
992 1609 1086 1682 his
1111 1610 1446 1682 seligendis,
1472 1625 1598 1681 qua:
1628 1610 1922 1682 illustrare

273 1685 510 1748 possent
536 1679 762 1734 decreta
811 1680 1144 1750 pontiﬁcum
1196 1679 1326 1736 ante
1349 1679 1648 1738 Siricium.
1679 1681 1747 1735 Ut
1768 1681 1920 1735 enim

273 1751 427 1804 Bona
462 1750 691 1821 laudato
721 1751 843 1806 loco
891 1753 1208 1821 exemplum
1260 1755 1488 1808 Baronii
1517 1759 1769 1817 secutus,
1827 1765 1923 1806 se—

275 1822 583 1901 positoque
612 1820 756 1901 falso
786 1820 1406 1901 Is_itloro,_et_epistolis
1427 1825 1709 1901 conﬁctis,
1735 1823 1921 1877 absti-
1949 1841 2000 1901 Β

273 1892 526 1946 nendum
576 1894 948 1965 essejudicat
1001 1895 1070 1947 ab
1120 1892 1191 1950 iis
1223 1909 1346 1964 qua)
1396 1897 1645 1965 originis
1695 1898 1922 1948 incertae

273 1970 436 2036 sunt.
462 1964 1137 2036 necproximisastatibus
1165 1973 1329 2031 notze,
1361 1964 1627 2036 solaSque
1653 1965 1922 2021 adhiben-

273 2034 385 2089 das
437 2035 516 2107 ad,
569 2036 826 2107 historiae
895 2036 1335 2100 ﬁrmamentum,
1394 2034 1840 2107 quat—petuntur
1891 2048 1922 2089 a

272 2104 830 2231 genuinisfontibus
858 2108 1222 2176 probatorum
1240 2104 1611 2178 scriptorum,
1647 2109 1923 2162 historica

312 2177 392 2230 de
427 2178 1036 2231 nrmstantium.autex
1063 2181 1336 2231 oneribus
1370 2183 1593 2231 Patrum
1625 2181 1681 2231 in
1712 2178 1923 2231 auibus

312 2177 392 2230 de
426 2178 1036 2245 prmstantium,autex
1063 2181 1336 2248 operibus
1370 2177 1593 2235 Patrum
1625 2181 1681 2234 in
1712 2178 1926 2249 quibus

280 2249 641 2318 recitantur;
664 2250 739 2304 ita
757 2250 896 2304 mihi
917 2253 1194 2319 prmstand
1209 2265 1298 2306 um
1313 2253 1499 2307 sentio
1524 2249 1924 2319 inexponenda

268 2321 604 2393 eorumdem
635 2322 1000 2376 decretorum
1055 2323 1286 2393 notitia,
1331 2323 1574 2391 origine,
1604 2321 1922 2393 occasione,

271 2391 585 2460 sententia,
621 2393 808 2462 praxi,
846 2399 1016 2462 prout
1039 2393 1095 2448 in
1128 2389 1383 2465 singulis
1411 2389 1594 2450 visum
1628 2392 1806 2449 fuerit
1834 2406 1927 2461 op.

274 2469 626 2530 portunum.

578 2582 730 2624 ΝΟΤᾸΞ
788 2583 844 2625 ΙΝ
893 2582 1206 2627 CATALOGUM
1276 2584 1637 2628 LIBERIANUM.

358 2675 536 2730 Linea
573 2675 622 2745 4,
653 2673 708 2730 2.
738 2706 812 2717 —
831 2676 1105 2731 Antonini
1131 2681 1388 2733 Macrini.
1403 2681 1562 2734 Mend
1577 2694 1667 2734 um
1694 2677 1926 2734 manife-

279 2752 441 2821 stum
473 2749 844 2803 amanuensis
878 2749 934 2803 in
961 2749 1147 2818 primo
1163 2750 1443 2820 catalogo.
1473 2752 1792 2821 Legendum
1815 2757 1920 2813 est,

275 2825 337 2873 ut
401 2819 458 2872 in
514 2822 789 2881 secundo,
838 2821 1112 2874 Antonini
1167 2830 1216 2875 et
1263 2819 1456 2886 Marci,
1503 2819 1606 2876 hoc
1631 2829 1717 2876 est
1757 2823 1836 2876 Pii
1871 2829 1926 2876 et

272 2891 344 2943 Μ.
385 2891 605 2945 Aurelii
637 2909 651 2962 ξ
686 2905 930 2960 quorum
975 2897 1228 2962 tempora
1279 2893 1540 2948 indicant
1567 2893 1835 2948 consules
1867 2893 1924 2947 in

275 2961 470 3030 primo
509 2961 768 3032 catalogo
797 2964 1088 3018 recensiti.

345 3032 523 3087 Linea
583 3029 619 3087 2
683 3029 754 3105 77'—
814 3034 1020 3088 Caesare
1085 3038 1136 3088 et
1200 3035 1424 3089 Albino.
1493 3035 1725 3105 Corrige
1807 3033 1930 3088 Cac—

271 3118 402 3157 sare
433 3117 471 3157 u
505 3108 556 3156 et
594 3104 823 3175 Balbino
853 3119 922 3159 ex
957 3106 1446 3175 inscriptionibus
1486 3104 1721 3161 editis’a
1769 3107 1928 3175 Gru—

274 3180 405 3249 tero
428 3187 596 3249 xxm,
623 3172 1029 3249 i2.et_465,10;
1057 3172 1273 3249 necnon
1303 3191 1333 3232 a
1361 3177 1624 3249 Fabretto
1647 3193 1770 3249 pag.
1800 3174 1923 3231 543.

274 3223 822 3315 ἰῖιὲῖειίίὖὶῗῖιῗήἐόζ
840 3223 1380 3319 siligineum};
1403 3223 1928 3305 "animum;
1959 3223 2006 3284 C

273 3318 579 3389 spectatis,
609 3327 666 3373 et
693 3319 964 3374 omnibus
986 3317 1172 3374 fastis.

915 3423 1238 3480 CIACONII.

345 3530 524 3586 Linea
558 3527 606 3585 4.
659 3561 728 3602 e
762 3531 1115 3602 Telesphorus
1154 3535 1376 3586 natione
1407 3533 1643 3589 Graecus.
1689 3531 1930 3602 Sanctus

265 3603 656 3668 Telesphorus
682 3601 934 3673 Gracus’,
968 3604 1148 3672 patria
1177 3604 1537 3668 Thuriensis,
1570 3604 1625 3657 in
1647 3601 1927 3673 Calabria,

271 3688 407 3744 quae
439 3674 575 3727 olim
603 3675 1034 3745 MagnaGraacia
1063 3676 1218 3730 dicta
1253 3673 1385 3745 fuit,
1420 3675 1590 3730 hodie
1618 3676 1929 3729 Ierranova

271 3747 329 3800 in
363 3745 603 3814 Sybaris
653 3747 900 3815 reliquis
928 3746 1226 3801 adiﬁcata.

350 3819 523 3870 Linea
545 3817 849 3871 ead—Em
867 3818 1187 3871 anachorita
1205 3857 1218 3871 .
1247 3817 1528 3886 Quoniam
1547 3815 1928 3886 Telesphorus

273 3885 390 3942 fuit
442 3889 797 3958 anachoreta:
855 3888 1033 3952 ﬁlius,
1093 3885 1328 3958 apparet
1386 3890 1445 3942 in
1493 3891 1674 3957 prima
1716 3885 1928 3943 Eccle-

271 3958 359 4012 sia
424 3957 656 4028 aliquos
714 3959 889 4028 hujus
918 3961 1104 4016 sancti
1137 3957 1416 4015 instituti
1469 3959 1648 4014 fuiSse
1674 3967 1926 4015 sectato-

271 4042 359 4083 res
367 4069 382 4081 .

2033 684 2180 758 apud
2209 686 2380 740 Clem.
2417 686 2520 758 lib.
2572 703 2624 740 ν.
2657 694 2733 758 et,
2760 701 2858 742 vn.
2909 687 3102 742 Const.
3138 690 3320 758 Ignat.
3353 684 3522 758 epist.
3557 689 3589 744 4
3613 694 3681 746 ad

2037 754 2308 828 Pbilipp.,
2339 757 2432 810 sed
2449 772 2478 811 a
2497 758 2694 812 multis
2713 757 2980 813 fortassis
3003 754 3229 828 propter
3258 754 3684 828 persecutiones

2035 827 2377 896 neglectum,
2413 842 2554 884 nova
2593 831 2780 885 edicto
2809 827 3178 886 restauravit.

2757 936 2962 992 PAGII.

2111 1039 2280 1115 Linea
2307 1037 2464 1115 2.__~
2495 1042 2910 1115 Ilicconstituit.
2945 1041 3242 1115 Institutio
3277 1043 3491 1112 jejunii
3520 1047 3685 1115 Qua—

2035 1110 2439 1183 dragesimalis
2513 1112 2854 1182 Telesphoro
2893 1127 2922 1168 a
2987 1110 3347 1183 quibusdam
3399 1110 3686 1175 tribuitur

2035 1181 2522 1261 apudEusebium
2559 1184 2612 1237 in
2639 1181 2940 1261 Chrqnico,
2968 1181 3040 1261 ad
3062 1198 3272 1261 annum
3305 1187 3521 1261 Christi
3557 1187 3679 1261 444,

2039 1253 2134 1326 ubi
2164 1253 2240 1326 ita
2282 1252 2496 1326 legitur
2527 1272 2539 1307 :
2575 1275 2599 1305 α
2631 1255 3135 1326 Quadragesimale
3181 1257 3468 1325 jejunium
3500 1273 3531 1314 a
3572 1252 3682 1317 Te-'

2039 1323 2302 1399 lesphoro
2335 1338 2432 1399 per
2470 1325 2575 1379 hoc
2601 1331 2825 1399 tempus
2855 1323 3208 1399 institutum.
3239 1323 3304 1382 ac
3339 1337 3678 1399 praeceptum

2037 1395 2266 1464 quidam
2299 1395 2584 1451 scribunt.
2618 1416 2643 1445 n
2678 1397 2880 1452 Verum
2912 1399 3026 1452 haec
3059 1398 3227 1453 verba
3271 1395 3493 1456 in’Mss.
3525 1395 3682 1458 codi-

2034 1466 2202 1521 cibus
2231 1466 2570 1531 desiderari,
2626 1467 2866 1537 ideoque
2891 1469 3176 1524 Chronico
3203 1469 3436 1526 Eusebii
3469 1473 3683 1529 inserta

2033 1550 2173 1612 esse.
2196 1537 2310 1612 jam
2339 1539 2872 1612 animadverterunt
2893 1539 3178 1612 Arnaldus
3207 1541 3502 1612 Pontacus,
3524 1551 3580 1599 et
3601 1546 3686 1600 Jo-

2032 1608 2244 1676 sephus
2261 1608 2580 1680 Scaligerin
2608 1617 2760 1665 notis
2777 1611 2843 1664 ad
2873 1611 3017 1665 illud
3047 1611 3368 1668 Chronicon
3416 1608 3683 1671 [tabanus

2033 1679 2263 1754 quidem
2284 1679 2513 1754 Ma_ur_u_s
2539 1680 2638 1754 lib.
2661 1682 2781 1754 nde
2804 1683 3038 1754 institut
3075 1682 3338 1738 clericor.
3361 1698 3482 1754 cap.
3513 1683 3602 1751 34,
3631 1694 3686 1742 et

2035 1751 2667 1825 ltupeftusTuitiensis
2695 1752 2871 1808 abbas
2898 1753 3002 1807 lib.
3032 1768 3085 1808 IV
3101 1753 3170 1807 de
3191 1755 3412 1809 divinis
3434 1751 3682 1825 'Oﬁiciis,

2033 1836 2154 1889 cap.
2181 1820 2233 1887 9,
2284 1822 2432 1876 idem
2461 1823 2725 1877 scribunt
2755 1837 2821 1878 ac
2871 1825 3194 1893 Eusebius;
3230 1827 3324 1880 sed
3368 1820 3678 1884 dicendum

2034 1893 2326 1947 Rabanum
2358 1901 2413 1946 et
2457 1893 2769 1962 Rupertum
2816 1895 3080 1963 deceptos
3114 1896 3311 1963 fuisse,
3353 1899 3474 1952 sive
3506 1900 3681 1954 testi-

2035 1965 2226 2036 monio
2255 1963 2391 2018 libri
2415 1965 2786 2030 Pontiticalis,
2809 1967 3410 2036 siveinterpolatojam
3447 1970 3678 2026 Eusebii

2032 2035 2349 2110 Chronico,
2378 2043 2434 2089 et
2468 2038 2812 2091 recentiores
2855 2050 2978 2092 esse
3007 2047 3272 2093 auctores
3298 2035 3526 2108 quibus
3567 2055 3681 2110 pra;

2034 2107 2254 2179 sanctis
2284 2105 2628 2179 Hieronymo
2654 2113 2709 2162 et
2741 2110 2921 2164 Leone
2952 2109 3092 2164 ﬁdes
3131 2110 3210 2164 sit
3239 2105 3583 2179 adhibenda,
3624 2118 3687 2168 ut

2038 2177 2205 2253 habet
2233 2178 2450 2253 Natalis
2479 2178 2795 2253 Alexander
2821 2181 3029 2253 saeculo
3053 2195 3114 2247 ll,
3148 2182 3381 2236 dissert.
3411 2179 3462 2244 4,
3487 2177 3596 2237 art.
3627 2182 3680 2253 3,

2039 2248 2394 2322 ubiprobat
2440 2251 2834 2318 antipaschale
2877 2252 3163 2320 jejunium
3197 2265 3262 2306 ex
3291 2248 3681 2322 apostolorum

2037 2320 2350 2390 traditione
2380 2327 2670 2390 acceptum
2701 2322 3063 2390 probabilius
3094 2323 3304 2377 asseri.

2107 2392 2279 2466 Linea
2300 2388 2352 2466 3.
2376 2421 2459 2466 7—
2486 2388 2565 2466 Et
2582 2388 2759 2466 natali
2780 2396 3014 2448 Domini.
3041 2395 3298 2466 Denique
3325 2393 3680 2466 Anastasius,

2037 2461 2154 2518 sive
2196 2461 2330 2535 libri
2370 2462 2722 2518 Pontiﬁcalis
2771 2471 2991 2523 auctor,
3041 2461 3248 2519 scribit
3278 2461 3681 2535 Telesphorum

2034 2533 2412 2589 constituisse
2449 2548 2517 2588 ne
2547 2538 2682 2602 quis
2706 2542 3073 2603 praesumeret
3101 2542 3232 2590 ante
3263 2533 3496 2592 cursum
3533 2538 3685 2594 horae

2036 2605 2218 2660 tertiae
2271 2605 2476 2660 missas
2506 2604 2830 2675 celebrare;
2857 2607 3039 2675 iquod
3086 2607 3377 2662 decretum
3430 2608 3685 2664 referunt

2034 2675 2362 2748 Amalarius
2394 2675 2494 2730 lib.
2535 2689 2618 2744 tu,
2651 2689 2779 2748 cap.
2809 2673 2987 2739 4:2,‘et
3033 2677 3235 2732 Strabo
3279 2693 3399 2748 cap.
3449 2677 3540 2735 25.
3575 2681 3678 2736 Sed

2037 2747 2140 2801 hos
2167 2747 2393 2820 decepit
2419 2747 2949 2820 pseudo—Isidorus,
2982 2749 3081 2817 qui
3103 2747 3413 2817 primorum
3444 2751 3685 2820 pontiﬁ-

2034 2832 2162 2873 cum
2184 2817 2462 2890 epistolas
2489 2819 2803 2874 decretales
2819 2833 2967 2890 ausu
2995 2822 3298 2876 temerario
3324 2817 3510 2890 ﬁnxit,
3538 2825 3686 2878 toti-

2035 2903 2147 3009 ?ue
2183 2889 2444 2944 Ecclesia:
2484 2896 2752 2959 tanquam
2816 2889 3104 2958 legitimas
3156 2905 3367 2946 merces
3410 2889 3682 2949 obtrusit.

2065 2960 2182 3009 )uid
2211 2960 2385 3009 enim.
2412 2961 2604 3009 inquit
2625 2959 2942 3009 cardinalis
2962 2961 3110 3009 Bona
3147 2961 3247 3009 lih.
3284 2975 3320 3009 ι-
3358 2975 3465 3009 rer-
3503 2965 3682 3009 Litnr.

2047 2959 2182 3027 Quid
2211 2960 2386 3029 enim,
2412 2961 2604 3028 inquit
2625 2959 2942 3015 cardinalis
2961 2961 3112 3015 Bona
3147 2961 3247 3016 lib.
3284 2975 3320 3029 ι,
3358 2975 3465 3017 rer.
3499 2965 3686 3020 Litur-

2037 3032 2149 3101 gic.
2181 3044 2301 3100 cap.
2325 3027 2412 3097 2i,
2447 3027 2506 3084 n.’
2531 3029 2584 3089 5,
2613 3031 3074 3101 ηιειςὶεγειιίθηιιπη
3104 3045 3133 3084 a
3157 3027 3488 3089 conditione
3521 3036 3686 3091 illius

2037 3100 2254 3176 szeculi,
2285 3115 2396 3176 quo
2421 3101 2760 3171 Christiani,
2788 3100 3104 3176 furentium
3132 3102 3538 3176 imperatorum
3563 3109 3684 3176 gla-

2035 3174 2164 3246 dios
2211 3173 2584 3246 declinantes,
2634 3185 2866 3246 summo
2887 3174 3084 3246 studio
3131 3172 3454 3241 latitabant,
3511 3172 3680 3246 qliam

2040 3244 2213 3312 hujus
2231 3243 2372 3313 legis
2390 3243 2592 3301 editio.
2610 3256 2734 3311 qua:
2749 3242 2908 3297 nullo
2936 3245 3098 3298 modo
3119 3242 3635 3311 poteratobservari
3655 3246 3684 3300 ‘I

2037 3318 2217 3370 Noctu
2243 3321 2299 3368 et
2332 3315 2387 3368 in
2422 3313 2837 3368 occultissimis
2864 3313 3008 3368 locis
3034 3317 3366 3369 convenisse
3390 3314 3583 3371 ﬁdeles
3610 3318 3678 3374 ad

2037 3387 2300 3454 synaxim
2347 3383 2740 3456 Tertulli-anus
2781 3385 2837 3438 in
2873 3383 3026 3456 libro
3049 3385 3120 3439 de
3149 3387 3298 3456 Fuga
3325 3387 3381 3440 in
3409 3401 3680 3455 persecu-

2037 3459 2214 3522 tione,
2247 3463 2302 3511 et
2330 3455 2471 3511 alibi
2499 3469 2600 3527 nos
2629 3455 2812 3520 docet,
2845 3456 2945 3526 qui
2978 3455 3204 3525 aliquot
3233 3455 3403 3513 annis
3433 3464 3557 3527 post
3585 3462 3685 3515 Te-

2041 3528 2369 3598 lesphorum
2400 3526 2650 3582 scribere
2692 3528 2884 3595 ςωρὶῑ,
2938 3527 3250 3596 imperante
3307 3526 3552 3599 Severo;
3585 3545 3686 3587 nec

2037 3600 2208 3654 aliter
2238 3613 2372 3654 sane
2406 3605 2685 3667 poterant,
2712 3607 2773 3652 ut
2795 3604 2850 3652 et
2875 3599 3149 3668 dignitati
3181 3599 3453 3654 sacriﬁcii
3479 3606 3534 3655 et
3565 3616 3688 3670 pro-

2040 3672 2178 3741 pria:
2209 3671 2338 3725 vitae
2367 3670 2662 3743 securitati
2696 3669 3104 3738 prospicerent.
3152 3670 3473 3743 Probabilis
3505 3669 3686 3743 igitur

2039 3743 2321 3798 sententia
2352 3742 2790 3812 est,magisque
2819 3753 3094 3811 congrua,
3130 3755 3295 3812 quam
3331 3741 3501 3798 refert
3522 3741 3684 3800 Baro-

2040 3814 2174 3868 nius
2221 3826 2372 3868 anno
2411 3809 2535 3881 382,
2588 3809 2732 3866 hanc
2773 3809 2958 3866 tertiae
3006 3809 3163 3867 horai
3213 3814 3596 3882 prteﬁxionem
3652 3830 3684 3871 a
3726 3837 3734 3842 ·

2037 3891 2234 3940 sancto
2279 3887 2516 3938 Damaso
2559 3884 2837 3938 sancitam
2887 3884 3085 3953 fuisse,
3119 3897 3184 3938 ex
3225 3888 3578 3954 praescripto,
3627 3894 3686 3942 ut

2035 3959 2222 4021 aiunt,
2265 3955 2506 4010 canonis
2536 3955 2774 4021 Nicaeni,
2828 3955 2929 4023 qui
2976 3961 3159 4009 tamen
3191 3969 3300 4010 non
3342 3964 3544 4012 exstat.
3574 3958 3684 4026 Qui

2036 4028 2202 4098 plura
2232 4027 2302 4082 de
2337 4027 2427 4081 his
2458 4027 2618 4096 cupit
2653 4027 2802 4098 legat
2831 4027 3040 4081 Bonam
3068 4027 3223 4082 card.
3260 4027 3576 4083 laudatum.

1465 4377 1568 4447 X.
1650 4375 2026 4447 SANCTUS
2094 4376 2540 4448 HYGINUS.‘

1234 4607 1414 4652 ANNO
1471 4605 1732 4653 CHRISTI
1764 4592 1902 4667 454,
1934 4606 2252 4651 ANTONINI
2308 4606 2394 4650 PII
2433 4605 2571 4648 IMP.
2623 4588 2719 4647 45.

565 4922 675 4986 10
745 4923 1106 5006 Hyginus,
1175 4922 1455 4987 natione
1530 4923 1819 4999 Graecus,

1916 4935 1998 4982 ea
2072 4913 2473 5000 philosople
2550 4913 2630 4977 de
2701 4910 3010 4990 Athenis,
3082 4909 3276 4988 cujus
3360 4905 3688 4988 genealo—

477 5021 598 5100 gis.
692 5039 825 5085 non
901 5022 1268 5101 invenitur,
1359 5020 1538 5085 sedit
1611 5036 1828 5083 annos
1893 5019 2209 5099 quatuor,
2289 5027 2550 5076 menses
2621 5014 2780 5090 tres,
2839 5009 2982 5072 dies
3057 5012 3200 5072 octo
3239 5020 3267 5048 τι
3325 5007 3494 5069 Fuit
3549 5022 3684 5068 au-

474 5131 606 5190 tem
690 5128 1104 5210 temporibus
1180 5128 1334 5193 Veri
1403 5131 1467 5191 et
1537 5125 1788 5202 Marci,
1855 5140 1896 5187 a
1954 5121 2315 5186 consulatu
2371 5118 2622 5200 Magni
2673 5121 2738 5180 et
2827 5116 3180 5179 Camerini
3259 5129 3471 5196 usque
3553 5112 3678 5175 0r-

432 5234 654 5311 ﬁdum
674 5239 740 5298 et
761 5236 1060 5298 Priscum
1116 5234 1166 5298 δ.
1191 5235 1329 5298 Hic
1347 5235 1602 5299 clerum
1625 5231 2014 5314 composuit,
2043 5233 2105 5292 et
2136 5240 2160 5269 ο
2183 5226 2539 5291 distribuit
2567 5226 2852 5306 gradus.
2887 5222 3008 5284 Hic
3029 5220 3195 5303 fecit
3217 5220 3684 5284 ordinationes

375 5331 416 5390 5
455 5335 595 5394 tres
643 5350 774 5413 per
828 5350 1116 5396 mensam
1168 5332 1582 5396 Decembrem
1630 5357 1650 5393 .-
1684 5329 2116 5411 presbyteros
2167 5325 2574 5408 quindecim,
2619 5324 2934 5387 diaconos
2967 5321 3288 5403 quinque,
3344 5319 3684 5399 episc0pos

473 5445 600 5509 per
621 5431 892 5494 diversa
920 5431 1065 5494 loca
1089 5434 1340 5512 septem
1358 5429 1385 5471 ἀ
1421 5477 1433 5490 .
1463 5430 1597 5504 Qui
1617 5429 1822 5491 etiam
1835 5425 2151 5508 sepultus
2187 5427 2286 5486 est
2303 5423 2520 5502 juxta
2541 5437 2786 5501 corpus
2809 5420 2983 5484 beati
3001 5418 3202 5482 Petri
3227 5417 3305 5480 in
3331 5415 3674 5492 Vaticano,

465 5536 668 5600 tertio
707 5537 868 5600 ldus
904 5538 1264 5616 Januarii,
1307 5541 1372 5602 et
1400 5536 1690 5600 cessavit
1719 5535 2146 5616 episcopatus
2172 5531 2317 5595 dies
2342 5535 2504 5594 tres.

1452 5679 1730 5724 NOTULE
1768 5676 2180 5720 MARGINALES
2212 5673 2539 5717 FABRO'I‘TI

331 5796 368 5830 ι
399 5786 473 5842 Α.
499 5799 594 5843 an.
626 5783 680 5859 4,
710 5787 906 5845 minus
932 5788 992 5845 d.
1016 5785 1070 5844 2.
1105 5805 1135 5849 b
1162 5788 1299 5845 Ant.
1326 5789 1414 5844 Pii
1441 5804 1476 5845 a
1523 5802 1629 5844 cos.
1655 5785 1843 5846 Glabr.
1877 5789 1926 5840 et
1987 5785 2227 5842 Variana
2273 5781 2348 5838 ad
2397 5783 2683 5841 Siluanum
2724 5781 2775 5835 et
2803 5775 3179 5846 Augurinum.
3233 5775 3289 5843 Ο,
3340 5775 3410 5832 ad
3458 5772 3684 5844 Orphi-

254 5882 416 5934 tum.
447 5887 473 5918 c
505 5876 643 5933 Vide
666 5878 800 5934 Bar.
823 5891 918 5934 an.
947 5875 1071 5936 458.
1099 5875 1128 5920 ἀ
1160 5877 1262 5944 CB,
1295 5891 1415 5952 sex,
