4036 6174
226 329 369 388 4489

1046 326 1369 386 HISTORIA
1424 329 1515 386 DE
1574 329 1750 387 VITIS
1794 330 1961 389 ROM.
2021 328 2219 388 PONT.
2264 360 2337 372 --
2384 334 2443 390 S.
2496 332 2815 395 HYGINUS.

3493 343 3632 405 4490

217 457 502 542 Aniceins
525 451 1873 542 Pio'prapositusiuitiiluneerrorem‘agnoivii
1898 455 1956 515 A
1980 454 2363 542 gemanornm
2409 459 2747 542 pontiilcum
2795 462 3178 542 ita__scribit:_
3200 469 3465 539 Hyginus,
3507 477 3630 542 post

222 534 354 598 post
370 528 592 584 obitum
618 525 960 598 Henscbenii
994 525 1436 598 Papebrocbius,
1459 526 1559 597 qui
1585 526 1642 598 in
1660 531 1869 580 conatu

216 597 836 656 Chronico-Historico
860 597 1091 665 fatetur,
1112 599 1263 668 quod
1295 611 1357 653 se
1375 597 1479 654 diu
1510 597 1870 666 multumque

221 672 287 727 in
318 685 539 728 omnem
584 678 797 740 partem
843 670 1097 738 verterit,
1135 667 1196 724 ut
1222 670 1576 739 antiquioris
1623 667 1867 740 catalogi

216 739 599 800 cbronotaxis
642 757 711 797 ex
764 741 1109 798 consulibus
1130 740 1430 810 desumpta
1463 754 1598 796 vero
1646 739 1869 810 calcnio

217 816 614 885 responderet.
650 833 675 865 ‹‹
698 816 754 869 in
788 819 944 885 tanta
975 808 1366 885 perplexitate,
1405 812 1600 882 inquit
1626 824 1752 882 pag.
1774 808 1868 885 22,

214 883 532 958 ambiguus
565 885 725 953 basi,
778 883 1115 958 fateor,diu
1170 884 1576 958 multumque,_
1601 890 1658 958 et
1690 895 1776 937 me
1810 883 1867 958 in

214 955 447 1014 omnem
481 965 695 1027 partem
743 956 907 1012 torsi.
953 955 1197 1010 Tandem
1231 962 1417 1011 tamen
1464 955 1677 1027 incidit
1700 955 1869 1027 anci—_

218 1030 368 1100 pitis
397 1024 628 1084 consilii
648 1028 952 1100 divinatio,
984 1040 1112 1100 qua
1135 1027 1344 1082 nodum
1381 1038 1491 1100 non
1513 1026 1751 1100 solvere,
1772 1024 1867 1080 sed

215 1097 489 1156 Scindere
527 1100 824 1169 videatur;
859 1097 949 1152 bis
969 1098 1197 1169 gemino
1222 1097 1525 1154 consulum
1572 1098 1691 1167 pari
1722 1097 1871 1151 inter

213 1173 374 1227 duos
423 1170 721 1241 pontifices
755 1170 926 1224 aliter
966 1169 1210 1241 digesto,
1264 1169 1351 1224 sic
1397 1175 1607 1237 tamen,
1658 1173 1722 1223 ut
1769 1180 1872 1222 eo-

214 1240 482 1298 rumde’m
532 1241 767 1297 nomina
809 1248 1109 1295 serventur
1148 1240 1381 1303 intacta.
1433 1245 1489 1295 et
1536 1241 1674 1295 Pius
1723 1252 1875 1308 pra—

214 1319 472 1384 ponatur
504 1313 763 1382 Aniceto,
819 1312 928 1384 levi
957 1309 1104 1366 facta
1136 1313 1457 1384 mutatinne
1483 1310 1875 1384 innantiquis-

213 1380 375 1441 simo
411 1385 669 1439 omnium
724 1380 1001 1454 cataIOgo,
1038 1383 1189 1437 unde
1234 1380 1501 1438 confusio
1547 1382 1606 1436 in
1639 1389 1874 1454 cateros

212 1468 421 1511 omnes
453 1454 613 1511 velut
640 1468 709 1510 ex
743 1452 896 1509 fonte
922 1452 1264 1523 proﬂuxisse
1296 1454 1553 1523 potuit.»
1596 1453 1875 1523 Μιιιτιιὶοέ-

215 1540 352 1582 nem
386 1527 544 1582 illam
590 1525 858 1596 proponit
890 1520 946 1579 in
979 1520 1338 1596 divinatione
1359 1537 1461 1596 sua
1501 1536 1625 1595 pag.
1652 1520 1741 1596 23,
1769 1522 1870 1578 ubi

217 1612 331 1668 pro
380 1592 741 1666 consulibus,
784 1596 882 1667 qui
921 1595 1185 1668 nunciita
1217 1596 1276 1668 in
1303 1592 1563 1667 catalogo
1580 1592 1868 1668 exhiben-

215 1666 357 1725 tur:
409 1666 865 1724 Anicetus....’a
910 1666 1195 1721 consulatu
1241 1666 1518 1722 Gallicani
1568 1670 1619 1719 et
1666 1667 1872 1722 Veteris

213 1755 396 1810 usque
444 1743 714 1795 Prasente
766 1743 817 1793 et
857 1740 1069 1808 Ruﬁno.
1095 1767 1168 1779 —
1215 1740 1443 1794 Pius...
1494 1753 1530 1791 α
1585 1737 1873 1810 consulatu

1978 527 2302 608 Piushpost
2353 527 2509 608 quem
2554 534 3183 608 Anicetus._rilegesippi
3234 527 3622 599 testimonium

1981 599 2284 686 reperitur;
2290 602 2441 686 apud
2468 603 2800 686 Eusebium,
2835 605 2938 686 lib_.
2965 599 3037 678 ἷν,
3066 599 3195 679 cap.
3226 608 3316 686 21,
3345 613 3444 686 ubi
3464 615 3630 686 Hege-

1979 670 2026 755 si
2034 670 2284 755 ppus‘nfnil
2296 680 2473 755 rmats
2498 693 2525 726 α
2542 675 2680 755 Cum
2703 670 2884 732 esSem
2906 670 3112 755 Roma,
3135 670 3317 755 mansi
3342 683 3422 738 ibi
3448 670 3627 755 usque

1979 742 2044 826 ad
2066 742 2357 826 pentiﬁcis
2370 745 2592 801 Aniceti
2614 752 2887 826 tempera,
2907 752 3075 820 cujus
3089 742 3209 826 tum
3224 754 3453 824 quidem
3470 742 3632 811 Eleu-

1982 812 2207 898 therius
2253 812 2909 898 diaconus_erat_.'H_uic
2960 812 3257 898 successit?
3290 826 3469 898 Sater,
3516 841 3629 897 quo

1982 890 2162 967 morie
2181 888 2486 967 exstincto,
2514 888 2897 967 ‘Eleutberius
2925 907 3134 950 munus
3164 888 3487 967 episcopale
3526 888 3630 953 ca-

1982 956 2179 1038 pessit.
2199 975 2231 1038 _»
2264 956 2387 1038 Quo
2419 959 2749 1038 testimonio
2777 963 2999 1038 nullum
3029 956 3391 1025 manifestius
3411 970 3630 1026 deside-

1980 1033 2094 1081 rari
2122 1034 2322 1097 potest,
2357 1042 2484 1084 cum
2509 1033 2664 1107 omni
2698 1036 3031 1107 exceptione
3064 1038 3247 1106 majus
3276 1041 3376 1107 sit,
3401 1047 3457 1096 et
3476 1041 3628 1097 clare

1977 1107 2567 1185 enueoappareat,’
2630 1105 2860 1185 Aniceto
2926 1105 3274 1185 successisse
3351 1105 3625 1185 Soterem,

1978 1168 2232 1247 adeoque
2265 1168 2422 1247 Pium
2461 1168 2699 1231 Aniceto
2728 1180 3168 1247 praponendum
3196 1194 3337 1237 esse.

2016 1236 2278 1327 ilum
2314 1242 2508 1327 itaque
2538 1259 2605 1327 ex_
2636 1236 2811 1327 dictis
2832 1236 3063 1327 constet
3086 1251 3222 1317 quid
3242 1236 3621 1327 statuendum

1982 1311 2728 1396 sitde‘primadiliicuitate
2755 1318 2902 1375 circa
2940 1311 3199 1396 ordinem
3248 1338 3363 1394 quo
3414 1326 3547 1381 Pius
3572 1334 3628 1382 et

1981 1382 2256 1461 Anicetus
2285 1385 2343 1438 in
2382 1387 2532 1461 serie
2577 1389 2957 1446 Romanorum
2993 1382 3327 1461 pontiﬁcu'm
3354 1396 3622 1453 collocari

1982 1452 2221 1540 debent;
2253 1456 2535 1540 agendum
2569 1472 2721 1540 nunc
2758 1469 2842 1516 est
2869 1462 2939 1517 de
2981 1452 3228 1540 secunda
3268 1452 3624 1540 difﬁcultate,

1984 1539 2111 1607 qua
2167 1532 2423 1608 movetur
2474 1532 2625 1585 circa
2669 1537 2894 1602 tempus
2926 1547 3038 1608 quo
3066 1535 3229 1591 Soter
3265 1542 3320 1608 et
3350 1532 3625 1595 Eleuthe—l

1984 1597 2128 1663 rius,
2169 1597 2392 1679 Aniceti
2418 1597 2830 1679 successores,
2855 1597 3043 1679 sedem
3068 1607 3438 1679 apostolicam
3467 1610 3627 1666 obti-

1983 1673 2258 1748 nuerunt.
2293 1669 2371 1724 Ac
2399 1670 2469 1726 de
2492 1672 2663 1727 annis
2692 1669 2922 1748 quidem
2953 1669 3169 1732 Soteris
3196 1672 3350 1748 papa
3380 1694 3626 1738 consen-

1981 1740 2140 1822 tiunt
2190 1737 2308 1822 fere
2352 1754 2546 1822 omnes
2594 1737 2839 1822 catalogi
2893 1748 2995 1822 Ms:
3055 1753 3112 1802 et
3154 1737 3306 1818 ty'pi's
3348 1751 3513 1822 editi,
3566 1737 3622 1809 in

214 1808 376 1888 gldri
426 1816 477 1888 et
523 1813 709 1888 Seueri
753 1824 923 1888 usque
971 1810 1188 1888 Duobus
1217 1810 1525 1888 Augustis;
1572 1809 1717 1878 petit
1754 1808 1870 1888 sibi
1906 1819 1956 1878 Β
1984 1809 2198 1888 quibus
2219 1811 2400 1888 Soteri
2437 1826 2635 1888 novem
2651 1808 2813 1884 anni',
2843 1816 3140 1888 etaliquot
3160 1808 3396 1888 menses,
3420 1808 3626 1881 acdies

213 1884 399 1939 licere
427 1882 543 1938 hac
567 1880 732 1937 verba
758 1882 836 1936 ita
865 1882 1164 1936 invertere.
1186 1910 1259 1920 —
1276 1883 1432 1934 Pius.
1455 1920 1468 1933 .
1492 1919 1504 1933 .
1533 1897 1566 1933 α
1590 1880 1876 1934 consulatu

213 1955 376 2009 Cleri
424 1960 476 2009 et
518 1954 703 2008 Seueri
745 1967 920 2022 usque
952 1953 1219 2007 Praesente
1270 1957 1320 2007 et
1374 1954 1584 2021 Ruﬁno.
1615 1980 1689 1990 —
1729 1953 1878 2006 Ani-

211 2031 399 2080 cetus.
421 2066 434 2079 .
457 2065 469 2078 .
499 2041 535 2080 a
551 2025 839 2080 consulatu
864 2023 1139 2079 Gallicani
1166 2029 1217 2079 et
1237 2026 1445 2080 Veteris
1464 2038 1634 2092 usque
1656 2023 1878 2077 Duobus

208 2099 508 2165 Augustis.

301 2190 323 2219 ιι
352 2169 466 2223 Hac
494 2168 648 2223 enim
700 2166 1016 2222 mutatione
1063 2166 1410 2237 permissa,»
1446 2165 1640 2237 inquit
1668 2177 1879 2237 conse-

214 2246 471 2311 quenter
517 2237 964 2309 Papebrocbius,
991 2258 1017 2290 α
1048 2238 1248 2294 videor
1294 2236 1436 2293 mibi
1470 2238 1576 2311 sic
1606 2236 1875 2293 ordinare

212 2309 445 2381 omnia,
478 2315 543 2366 ut
569 2312 915 2381 continuata
938 2322 1303 2365 successrone
1324 2309 1682 2380 pontiﬁcum,
1710 2311 1875 2381 vica-

213 2380 583 2452 riorumque,
615 2382 786 2437 etiam
812 2382 871 2434 in
905 2380 998 2436 his
1025 2381 1274 2451 duobus,
1307 2392 1363 2436 et
1386 2380 1757 2452 consequenti
1781 2380 1870 2434 So-

213 2463 363 2518 tere,
387 2467 453 2509 eo
469 2450 613 2523 loco,
642 2452 743 2508 ubi
767 2452 914 2507 alias
936 2454 1329 2523 requireretur
1356 2450 1871 2523 interpontiﬁcium

212 2527 531 2596 plusquam
580 2521 869 2590 Semestre,
920 2521 1088 2594 pauci
1126 2525 1253 2579 dies
1299 2523 1605 2592 subiciant,
1657 2521 1874 2593 quibus

212 2598 388 2653 sedes
406 2596 707 2651 vacaverit.
733 2614 761 2645 ››

295 2664 350 2723 3.
392 2668 677 2724 Hactenus
707 2666 1152 2736 Papebrocbius,
1189 2666 1291 2737 qui
1320 2670 1385 2721 ut
1402 2665 1758 2736 antiquioris
1788 2677 1876 2719 ca-

214 2739 404 2810 talogi
431 2738 831 2795 auctoritatem
865 2744 1114 2809 tueatur,
1140 2738 1287 2795 duos
1312 2738 1372 2794 in
1419 2738 1624 2808 primis
1646 2749 1871 2810 errores

212 2807 597 2882 corrigendos
641 2823 764 2866 esse
796 2815 974 2879 putat.
1029 2807 1237 2882 Verum
1285 2807 1743 2882 cum’catalogus
1773 2807 1873 2882 ille

213 2879 607 2962 opus_'habeat
637 2881 770 2936 istis
799 2881 1279 2962 cmrrectionibns,
1322 2895 1504 2962 memo
1539 2894 1650 2936 non
1696 2879 1868 2962 videt,

217 2950 491 3010 eumdem
522 2953 595 3008 ab
614 2966 681 3008 eo
702 2953 1110 3008 concinnatum
1136 2950 1335 3021 fuisse,
1384 2955 1484 3023 qui
1520 2950 1871 3008 accuratiori

215 3027 610 3081 Romanorum
642 3023 978 3094 pontiﬁcum
1029 3025 1237 3080 notitia
1264 3023 1576 3095 indigebat.
1625 3024 1693 3079 Et
1718 3023 1769 3078 si
1794 3024 1875 3077 ita

217 3097 426 3152 liceret
452 3102 671 3151 mutare
699 3096 757 3151 in
788 3096 966 3167 Actis,
1001 3102 1173 3166 prout
1198 3095 1314 3152 sibi
1340 3098 1495 3152 circa
1518 3095 1670 3151 hunc
1712 3099 1875 3150 cata-

215 3168 421 3240 logum
456 3167 628 3223 licere
672 3167 841 3237 petiit
866 3168 957 3222 vir
1001 3168 1290 3236 eruditus,
1322 3169 1421 3223 vix
1457 3166 1639 3240 ullum
1663 3179 1872 3240 monu—

216 3237 479 3295 mentum
508 3240 945 3309 supposititium
984 3239 1334 3308 reperiretur
1380 3238 1530 3309 quod
1558 3237 1874 3293 verisimile

218 3312 391 3367 reddi
441 3324 550 3365 non
598 3312 1102 3382 posset.Agnovit
1152 3311 1260 3382 hoc
1298 3310 1720 3382 Papebrocnins
1752 3309 1874 3382 ipse

216 3384 288 3439 in
332 3376 640 3453 Anamnesi
689 3383 759 3437 de
788 3376 942 3436 (Σιθιό
994 3389 1051 3437 et
1090 3376 1539 3453 Anacleto'pag.
1589 3376 1716 3451 247,
1771 3376 1870 3435 ubi

218 3456 476 3525 ingenue
503 3452 733 3523 fatetur,
770 3453 1031 3525 primum,
1072 3452 1663 3523 antiquissimamque
1709 3457 1874 3507 cata-

216 3524 419 3596 logum
477 3525 535 3579 in
569 3524 728 3582 hisce
761 3524 1071 3594 principiis
1099 3538 1208 3579 non
1241 3525 1319 3579 ita
1367 3530 1584 3580 certum
1615 3537 1760 3596 esse,
1812 3526 1872 3577 ut

206 3594 394 3668 possit
445 3598 607 3665 ﬁdem
653 3599 837 3664 facere
860 3597 1231 3649 indubitatam
1254 3600 1381 3666 post
1435 3594 1873 3668 animadversum

212 3666 282 3723 in
321 3671 565 3734 Aniceto,
599 3672 650 3722 et
685 3669 780 3722 Pio
826 3668 1228 3737 difﬁcultatem.
1274 3668 1515 3722 Relictis
1547 3668 1740 3736 itaque
1774 3666 1868 3735 iis,

215 3754 350 3812 qua
382 3742 449 3794 ad
497 3739 854 3812 antiquioris
887 3739 1545 3809 catalogiauctoritatem
1589 3744 1871 3812 spectant,

216 3810 520 3867 veniamus
548 3811 616 3866 ad
652 3811 900 3880 primum
931 3823 1202 3878 errorem,
1237 3824 1402 3880 quem
1452 3810 1875 3879 Papebrocbius

213 3882 628 3953 corrigendum
658 3883 850 3952 duxnt,
902 3887 958 3938 et
1007 3888 1390 3938 monstremus
1424 3881 1584 3936 Pium
1634 3882 1871 3936 Aniceto

216 3952 664 4026 praponendum
692 3967 836 4024 esse,
870 3961 1040 4023 prout
1070 3958 1410 4023 praponunt
1430 3952 1871 4026 compluresca.

216 4024 400 4096 talogi
456 4032 606 4093 ante,
654 4031 710 4080 et
753 4036 880 4095 post
934 4030 1189 4094 tempora
1218 4024 1508 4080 Anastasii
1545 4024 1871 4096 Bibliothe-

212 4095 392 4166 carii,
426 4096 578 4151 inter
616 4110 761 4166 quos
793 4103 1080 4165 reperitur
1130 4109 1281 4152 unus
1326 4098 1631 4151 Vaticanus
1669 4095 1865 4152 saculi

216 4168 537 4236 undecimi,
563 4167 710 4222 alter
729 4167 1093 4222 Bibliotheca
1110 4169 1397 4239 quondam
1425 4182 1483 4222 sa
1492 4167 1868 4236 pientissima

214 4240 434 4310 regina
460 4241 676 4293 Suecia
699 4239 896 4294 saculi
948 4242 1107 4310 noni,
1162 4240 1370 4295 tertius
1402 4240 1658 4294 Palatino
1706 4239 1868 4295 Vati—

213 4324 400 4368 canus
425 4310 621 4366 saculi
654 4311 861 4381 octavi,
892 4310 996 4365 alii
1045 4310 1418 4367 Corbeienses
1454 4315 1590 4381 duo,
1620 4324 1865 4381 quorum

210 4383 366 4438 alter
398 4382 570 4437 initio
612 4382 811 4437 saculi
854 4383 1059 4453 octavi,
1117 4382 1263 4437 alter
1300 4382 1508 4438 saculo
1557 4389 1716 4437 sexto
1758 4382 1867 4438 sub

213 4455 436 4524 Vigilio
480 4466 642 4525 papa,
698 4454 1027 4508 concinnati
1077 4461 1232 4509 sunt.
1284 4454 1682 4523 CataIOgorum
1735 4467 1867 4510 vero

209 4532 481 4581 auctores
520 4525 627 4579 hac
657 4526 716 4580 in
750 4538 809 4580 re
839 4525 1022 4580 secuti
1063 4530 1201 4581 sunt
1249 4525 1646 4580 testimonium
1678 4525 1862 4581 sancti

213 4579 504 4666 Prosperi.
536 4596 636 4664 qui
665 4579 723 4649 in
745 4579 1030 4652 Chronico
1062 4579 1190 4666 post
1208 4597 1491 4666 Hyginum
1520 4579 1719 4665 Pium,
1738 4579 1863 4666 post
1890 4579 1947 4643 D

207 4669 383 4723 Pium
412 4667 716 4723 Anicetum
759 4668 993 4738 retulit;
1015 4671 1170 4723 sicut
1197 4667 1558 4737 Epiphanius
1577 4666 1864 4724 baresi'27

206 4753 311 4794 eos
355 4738 587 4793 exhibet
615 4738 708 4794 bis
747 4739 967 4795 verbis:
1027 4740 1314 4801 Anicetus,
1346 4741 1442 4808 qui
1480 4742 1593 4810 Pio,
1630 4741 1867 4809 aliisque

201 4810 557 4880 pontiﬁczbus
587 4817 858 4865 successit.
891 4812 1239 4880 Desumptus
1263 4816 1555 4866 estautem
1602 4811 1696 4866 hic
1726 4813 1865 4868 ordo

202 4896 279 4937 ex
311 4881 547 4937 Eusebii
581 4882 866 4951 Pamphili
913 4882 1324 4951 Chron’ico,et
1369 4882 1624 4937 Historia
1675 4883 1866 4938 eccle—

202 4954 484 5009 siastica:
520 4952 671 5007 libro
702 4950 947 5024 namque
973 4952 1024 5024 4,
1067 4967 1190 5023 cap.
1228 4950 1315 5024 44,
1345 4955 1561 5009 diserte
1590 4951 1858 5009 afﬁrmat:

205 5045 237 5077 α
274 5025 496 5095 Hygino
525 5030 652 5093 post
676 5032 946 5095 quartum
978 5027 1343 5094 episcopatus
1367 5038 1580 5080 annum
1618 5031 1864 5096 mortuo,

201 5096 484 5151 Romana
517 5095 782 5151 Ecclesia
822 5097 1208 5153 sacerdotium
1262 5098 1520 5168 suscepit
1562 5097 1764 5152 Pius.»
1799 5095 1865 5154 Et

202 5167 462 5222 ibidem:
500 5186 527 5218 «
554 5170 693 5223 Cum
727 5169 864 5223 Pius
892 5180 1043 5225 anno
1080 5169 1443 5238 episcopatus
1472 5169 1566 5224 sui
1598 5182 1669 5223 xv
1690 5170 1863 5225 vitam

197 5253 340 5295 cum
395 5245 577 5294 morte
606 5246 1032 5310 commutasset,
1079 5241 1356 5296 Anicetus
1390 5241 1654 5297 Ecclesia
1700 5240 1865 5297 illius

196 5312 455 5365 antistes
486 5309 671 5366 factus
694 5318 800 5367 est.
821 5330 846 5361 λ)
882 5314 1055 5383 Porro
1088 5312 1228 5367 hanc
1257 5314 1641 5369 Romanorum
1683 5316 1866 5383 ponti-

200 5382 380 5437 ﬁcum
410 5384 831 5438 successionem
851 5382 1134 5439 Eusebius
1150 5383 1220 5438 ab
1248 5383 1570 5450 iisdidicit,
1600 5382 1700 5454 qui
1733 5385 1868 5440 Ani-

195 5461 420 5522 cetum,
449 5460 505 5509 et
532 5456 693 5509 Pium
720 5468 818 5525 per
851 5462 1070 5509 atatem
1100 5455 1291 5510 videre
1320 5463 1648 5524 potuerunt,
1670 5461 1726 5510 et
1755 5456 1864 5511 sub

193 5528 469 5594 Aniceto,
520 5531 577 5581 et
641 5526 972 5581 Eleutherio
1013 5527 1237 5581 Aniceti
1297 5539 1625 5581 successore
1678 5527 1864 5582 Roma

198 5596 471 5652 fuerunt.
499 5596 753 5652 Primum
775 5598 1042 5653 internos
1060 5598 1244 5652 locum
1265 5598 1485 5652 obtinet
1504 5599 1564 5650 υ.
1592 5598 1857 5666 Irenaus,

195 5671 308 5740 qui
338 5668 448 5723 sub
476 5668 811 5725 Eleutherio
854 5671 921 5723 ad
956 5669 1157 5723 Urbem
1180 5738 1189 5740 Α
1215 5669 1429 5723 missus
1453 5675 1539 5722 est
1562 5680 1595 5722 a
1640 5677 1862 5740 marty-

196 5738 375 5796 ribus
412 5740 931 5812 Lugbunensihus;
982 5738 1295 5812 secundum
1344 5740 1717 5812 Hegesippus,
1757 5738 1859 5811 qui

194 5814 399 5885 Roma
440 5811 623 5885 usque
647 5812 716 5867 ad
769 5817 1023 5885 tempora
1047 5811 1270 5867 Aniceti
1285 5811 1637 5885 permansit.
1660 5815 1858 5870 lrenai

193 5883 605 5942 testimonium
637 5887 825 5940 exstat
871 5883 976 5940 lib.
1005 5896 1094 5957 ιιι,
1125 5895 1250 5955 cap.
1278 5883 1331 5956 3,
1379 5883 1479 5941 ubi
1519 5884 1579 5940 in
1610 5884 1858 5956 catalogi

1986 1881 2343 1937 tribuuntur.
2364 1881 3136 1965 Antiquis‘simuscatalo'gus
3151 1881 3397 1965 iempore
3411 1895 3624 1951 Liberii

1987 1966 2143 2022 papa
2167 1955 2533 2025 conscriptus
2564 1954 2755 2025 refert,
2799 1954 3057 2014 Soterem'
3074 1954 3292 2019 sedisse
3320 1966 3490 2021 annis
3516 1980 3626 2023 no-

1986 2036 2128 2097 vem,
2158 2024 2453 2080 mensibus
2473 2026 2681 2097 tribus,
2713 2024 2921 2085 diebus
2944 2031 3202 2088 duobus:
3245 2036 3339 2091 cui
3372 2039 3630 2096 concinit

1986 2094 2281 2177 catalogus
2325 2094 2899 2177 Vaticanus_'_saculo
2947 2116 3095 2177 nono
3148 2112 3435 2162 exaratus.
3484 2094 3630 2166 Cor-l

1988 2165 2239 2249 beiensis
2269 2172 2519 2238 tempore
2538 2170 2738 2249 Vigilii
2764 2186 2919 2243 papa
2939 2175 3319 2249 concinnatus
3346 2178 3513 2235 habet
3531 2187 3625 2237 to-

1986 2238 2160 2319 iidem
2192 2251 2391 2319 annos,
2443 2238 2669 2319 menses
2706 2238 2871 2311 duos,
2923 2247 3135 2319 et_dies
3166 2249 3374 2319 viginti
3414 2265 3618 2308 unum.

1984 2309 2321 2365 Membrana
2345 2312 2794 2380 Antuerpienses
2822 2309 3017 2371 saculi
3046 2319 3192 2373 sexti
3214 2309 3423 2375 habent
3445 2336 3626 2380 annos

1986 2391 2205 2464 novem,
2235 2395 2478 2464 incuses
2526 2389 2675 2464 tres,
2713 2386 2838 2441 dies
2866 2388 3097 2464 viginti.
3129 2390 3434 2464 Catalﬁogus
3458 2395 3626 2451 Pala-

1984 2454 2459 2509 tino-Vaticanus
2480 2454 2677 2511 saculi
2711 2458 2894 2513 octavi
2926 2454 3167 2515 afﬁrmat
3200 2454 3419 2519 sedisse
3442 2478 3625 2522 annos

1984 2536 2201 2604 novem,
2264 2538 2653 2604 menses__sex,
2709 2528 2835 2604 dies
2890 2530 3192 2604 duodecim
3251 2539 3392 2604 quot
3444 2549 3626 2594 annos

1981 2601 2065 2674 et_
2092 2609 2311 2674 menses
2350 2597 2407 2674 ei
2438 2597 2706 2674 tribuuni
2733 2599 2838 2674 alii
2869 2601 3112 2674 catalogi
3143 2597 3393 2674 antiqui,
3430 2608 3487 2662 in
3522 2608 3627 2666 hoc

1982 2666 2169 2722 solum
2195 2668 2433 2747 diversi,
2460 2670 2615 2747 quod
2642 2670 2770 2726 dies
2797 2666 3096 2747 duodecim
3116 2674 3185 2747 in
3213 2666 3420 2747 viginti
3447 2693 3623 2735 unum

1980 2739 2588 2808 commutent.Quibus
2602 2745 3250 2801 consentitauctorlibri
3274 2739 3629 2808 Pontiﬁcalis

1985 2811 2041 2890 in
2085 2810 2281 2890 tribus
2298 2813 2436 2890 Mss.
2467 2812 2786 2890 codicibus.
2822 2814 3157 2890 Florentino
3180 2818 3479 2890 nimirum,
3514 2824 3625 2878 Re-

1982 2881 2077 2954 gio
2102 2887 2159 2936 et
2191 2882 2460 2938 Vaticano
2481 2898 2495 2935 :
2519 2896 2671 2947 nam,
2688 2885 3111 2958 juxtaillorum
3145 2881 3628 2958 lectionem,sedit

1983 2968 2397 3027 annosinovern,
2443 2969 2648 3027 menses
2695 2971 2807 3027 sem,
2845 2957 2962 3011 dies
2987 2960 3187 3027 viginti
3211 2975 3401 3015 unum.
3439 2957 3626 3022 Series

1986 3023 2320 3103 pontiiicum
2344 3025 2665 3103 in_ecclesia
2684 3026 2744 3081 S.
2787 3028 2949 3082 Pauli
2977 3023 3109 3084 ante
3138 3031 3484 3103 quingentos
3514 3048 3627 3091 an-

1985 3108 2093 3171 nos
2137 3095 2364 3171 depicta
2412 3095 2587 3171 habet
2635 3112 2811 3171 annos
2835 3112 3040 3171 novem,
3094 3095 3316 3157 menses'
3330 3110 3456 3171 tres,
3510 3107 3624 3163 dies

1981 3168 2179 3242 uiginti
2192 3182 2393 3242 unum:
2413 3180 2444 3220 a
2468 3166 2683 3237 quibus
2712 3168 2815 3242 alii
2837 3169 3080 3242 catalogi
3102 3186 3213 3227 non
3237 3166 3618 3233 dissentiunt:

1985 3239 2064 3293 ita
2097 3239 2351 3313 uijuxta
2381 3251 2737 3313 communem
2762 3240 2965 3295 borum
2989 3239 3375 3313 catalogorum
3393 3260 3626 3304 consen-

1982 3323 2109 3365 sum
2139 3309 2299 3364 Soter
2345 3309 2559 3364 sederit
2586 3322 2768 3365 annos
2794 3324 3008 3366 novem.
3043 3309 3245 3369 Diffe‘rt
3270 3315 3342 3370 ab
3370 3316 3474 3372 bac
3499 3325 3624 3376 tra—

1980 3382 2205 3455 ditione
2230 3380 2530 3455 catalogus
2554 3386 2807 3455 tempore
2844 3382 3058 3437 Justini
3094 3384 3458 3455 imperatoris
3479 3403 3625 3447 con-

1980 3453 2253 3521 scriptus,
2286 3452 2343 3505 in
2367 3465 2480 3521 quo
2499 3451 2682 3507 Soteri
2710 3451 3055 3509 tribuuntur
3071 3451 3233 3510 annis
3261 3462 3395 3522 octo,
3420 3475 3624 3519 menses

1980 3539 2096 3586 seca,
2123 3523 2241 3595 dies
2264 3523 2461 3595 uiginti
2488 3538 2650 3595 unus,
2677 3524 2917 3595 ejusque
2942 3532 3145 3582 auctor
3167 3528 3269 3584 hac
3300 3530 3360 3585 in
3393 3544 3453 3586 re
3468 3546 3625 3591 secu-

1981 3601 2076 3651 tus
2106 3593 2540 3671 est_Chronicon
2561 3594 2627 3671 _S.
2668 3593 2953 3665 Prosperi.
3009 3598 3068 3652 in
3096 3612 3210 3669 quo
3232 3600 3477 3671 legitur:
3508 3608 3625 3660 Ro—

1980 3680 2157 3739 mana
2194 3666 2443 3739 Ecclesia
2485 3666 2849 3736 episc0patum
2905 3682 2959 3722 χι
2992 3666 3229 3739 suscepit
3256 3666 3411 3726 Soter
3460 3679 3624 3732 annis

1980 3743 2114 3811 ceto.
2137 3736 2677 3811 Desumpsitautem
2707 3743 2758 3793 5.
2787 3739 3044 3809 Prosper,
3077 3736 3299 3811 tempus
3321 3746 3536 3803 Soteris
3551 3762 3620 3805 ex

1979 3808 2231 3865 Cbonico
2268 3808 2534 3880 Eusebii,
2579 3809 2639 3863 in
2662 3822 2776 3880 quo
2814 3808 3005 3866 eadem
3036 3808 3272 3870 omnino
3299 3815 3468 3872 verba
3514 3821 3624 3875 ba-

1979 3880 2207 3936 bentur.
2250 3878 2560 3934 Conﬁrmat
2594 3878 2710 3935 hac
2739 3883 2930 3937 omnia
2970 3884 3254 3940 Eusebius
3287 3886 3344 3942 in
3378 3886 3623 3948 historia

1980 3951 2081 4007 lib.
2113 3964 2167 4019 v,
2216 3949 2316 4006 ubi
2363 3952 2812 4020 persecutionem
2849 3954 2906 4008 in
2950 3954 3160 4010 Galliis
3208 3956 3317 4012 sub
3345 3957 3618 4019 Antonini

1978 4023 2101 4079 ﬁlio
2121 4031 2322 4095 motam
2346 4023 2767 4091 descripturus,
2795 4024 2886 4080 bis
2912 4026 3102 4082 verbis
3125 4029 3461 4095 proamium
3479 4033 3622 4090 dicti

1978 4096 2116 4151 libri
2138 4094 2377 4164 incipit:
2408 4114 2434 4144 α
2464 4095 2858 4171 lgiturSotere
2883 4094 3147 4153 Romana
3176 4099 3337 4171 urbis
3357 4103 3625 4171 episcopo

1980 4173 2106 4240 post
2130 4172 2389 4240 octavum
2418 4168 2783 4240 episcopatus
2798 4182 3011 4224 annum
3042 4176 3159 4225 vita
3182 4168 3627 4240 iunctm—duode-

1977 4237 2246 4293 cimusab
2258 4239 2537 4311 apostolis
2552 4238 2890 4294 Eleutherus
2911 4240 2967 4294 in
2981 4242 3106 4311 ejus
3124 4241 3309 4299 locum
3323 4237 3622 4305 successit.

1976 4312 2176 4385 Annus
2191 4314 2344 4385 illnc
2373 4308 2651 4385 agebatur
2667 4308 3233 4385 decimusseptimus
3257 4318 3487 4385 imperii
3522 4322 3627 4376 An-

1977 4382 2164 4437 tonini
2191 4379 2340 4435 Veri.
2371 4378 2494 4449 Quo
2512 4388 2906 4452 temporecum
2933 4384 2992 4439 in
3015 4378 3313 4441 nonnullis
3341 4378 3622 4447 'terrarum

1979 4454 2240 4523 partibus
2266 4452 2573 4509 violentior
2596 4454 2871 4510 adversus
2891 4465 3118 4511 nostros
3143 4460 3465 4525 persecutio
3479 4475 3626 4517 com-

1978 4532 2126 4579 mota
2143 4530 2292 4579 esset
2315 4536 2383 4579 ex
2407 4525 2738 4580 incursione
2761 4525 3147 4595 popularium,
3175 4527 3624 4588 innumerabiles

1977 4610 2150 4666 prope
2190 4602 2463 4669 martyres
2490 4610 2588 4665 per
2622 4596 2953 4669 universum
3005 4596 3197 4669 orbem
3223 4598 3522 4669 enituisse,
3554 4616 3623 4659 ex

1978 4670 2074 4739 iis,
2109 4680 2234 4741 quia
2274 4666 2334 4721 in
2363 4666 2533 4741 unica
2565 4667 2860 4741 provincia
2886 4668 3292 4741 contigeruntJ
3338 4666 3624 4741 conjicere

1974 4734 2080 4795 est.
2105 4734 2141 4787 ι’
2158 4740 2224 4809 Et
2254 4749 2378 4809 cap,
2410 4734 2431 4790 4
2462 4754 2474 4790 :
2506 4755 2531 4788 α
2566 4734 2738 4792 Porro
2761 4739 2936 4809 Regio
2960 4734 3110 4808 ipsa.
3132 4780 3145 4794 .
3166 4779 3214 4794 ..
3247 4734 3620 4801 Gallia'voca-

1976 4818 2102 4887 tur._
2123 4811 2186 4864 In
2213 4808 2317 4863 bac
2338 4808 2470 4887 dua
2496 4821 2608 4887 pra
2636 4808 3146 4887 cateris_insignes
3174 4820 3622 4887 prastantesque

1979 4880 2207 4963 urbium
2240 4878 2842 4963 matnescelebrantnr,
2868 4878 3311 4963 Lugd'unum,_ei
3333 4878 3567 4963 Vienna.
3591 4905 3618 4939 ιι

1972 4954 2157 5022 Atque
2173 4951 2289 5006 hac
2304 4950 2504 5005 estilla
2531 4952 2872 5019 persecutio,
2890 4950 3059 5020 cujus
3077 4967 3215 5008 mem
3229 4955 3339 5009 init
3383 4958 3622 5015 Severus

1974 5024 2262 5092 Sulpitius
2293 5021 2393 5076 lib.
2448 5034 2487 5074 ιι
2519 5022 2787 5076 Historia
2817 5035 3011 5090 sacra,
3065 5024 3155 5079 bis
3201 5025 3416 5083 verbis:
3446 5048 3471 5079 ς(
3504 5030 3622 5086 Sub

1975 5096 2212 5169 Aurelio
2242 5093 2517 5169 Antonini
2547 5092 3246 5169 ﬁ_lic_persecutioquinta
3276 5100 3524 5169 agitata:
3554 5115 3621 5158 ac

1979 5180 2036 5223 tu
2049 5182 2096 5220 ιιι
2118 5165 2205 5235 pri
2218 5178 2367 5220 mum
2393 5164 2545 5237 intra
2559 5162 2779 5220 Gallias
2804 5162 3081 5235 martyria
3092 5170 3232 5237 visa,
3251 5162 3441 5227 serius
3463 5181 3620 5229 trans

1978 5238 2160 5323 Alpes
2175 5237 2272 5291 Dei
2316 5236 2593 5323 re‘ligiene
2613 5243 2951 5323 susceptain

2044 5307 2095 5363 Pi.
2123 5307 2451 5384 Persecutio
2484 5308 2763 5384 itaque_i_n
2796 5308 3004 5384 Galliis
3036 5314 3186 5384 mota
3214 5309 3340 5384 fuit
3368 5318 3619 5384 tempore

1973 5381 2292 5456 Eleutherii
2327 5391 2503 5456 papa,
2531 5392 2659 5433 cum
2688 5381 2756 5433 M.
2802 5379 3077 5456 Aurelius
3100 5382 3385 5439 decimum
3432 5379 3621 5456 septi-

1975 5466 2127 5508 mum
2171 5450 2401 5521 imperii
2447 5462 2659 5522 annum
2699 5458 2910 5521 ageret,
2968 5452 3028 5506 in
3076 5466 3189 5522 qua
3223 5450 3619 5522 persecutione

1976 5525 2127 5599 passi
2160 5529 2297 5599 sunt
2325 5526 2378 5575 5.
2414 5521 2694 5576 Pothinus
2718 5523 3046 5599 episcopus,
3085 5521 3141 5578 et
3166 5521 3268 5599 nlii
3304 5531 3617 5599 quamplu-

1974 5597 2131 5665 rimi,
2156 5595 2227 5648 de
2256 5605 2502 5664 quorum
2535 5597 2810 5664 martyrio
2838 5594 3029 5649 caeteri
3059 5594 3414 5653 confessor-es
3433 5594 3619 5658 carce-

1973 5668 2137 5723 ribus
2167 5665 2381 5721 inclusi
2412 5665 2799 5739 ad_Ecclesias
2832 5667 2977 5721 Asia
3002 5672 3061 5721 et
3104 5667 3359 5739 Phrygia
3403 5673 3622 5729 retule—

1972 5745 2134 5815 runt.
2178 5739 2373 5815 Exstnt
2400 5750 2469 5815 ea
2483 5736 2555 5815 de
2586 5744 2979 5815 reinartyrum
3011 5736 3482 5815 nugdunénsium
3503 5747 3619 5815 epi-

1971 5811 2117 5868 stola
2134 5809 2282 5881 apud
2305 5807 2616 5864 Eusebium
2644 5808 2823 5882 lib._v,
2844 5822 2974 5880 cap.
3016 5807 3070 5879 2,
3093 5807 3150 5865 in
3173 5824 3286 5882 qua
3307 5807 3617 5871 Pothinum

1973 5891 2146 5956 prope
2180 5880 2652 5952 nonagenarium
2706 5880 2858 5938 diris
2916 5880 3277 5941 cruciatibus
3318 5892 3615 5942 caecatum
