4036 6174
131 340 262 401 4493

130 465 183 547 i_n
214 465 792 547 primitivaalgcclesia
821 467 1034 547 gradus
1063 472 1120 524 et
1146 467 1469 547 ministeria
1488 467 1764 547 distincta
1795 466 1852 527 A
1877 483 2008 547 num
2042 470 2272 547 Christi
2300 469 2423 536 462,
2457 473 2693 547 Rustico
2722 476 2793 547 et
2823 470 3102 547 Aquilino
3147 491 3292 534 coss.
3315 520 3329 547 ,

126 536 322 611 docent
350 542 477 611 acta
504 536 862 611 SS._Eusebi'i
892 545 945 594 et
978 542 1260 610 Procopii,
1293 555 1418 611 qua:
1457 543 1764 611 censentur

125 620 187 662 ex
212 607 558 682 collectione
589 609 858 682 Actorum
893 607 1206 682 martyrum
1233 607 1488 674 Eusebii,
1536 610 1634 665 ubi
1694 609 1764 664 de

128 685 365 751 martyre
395 680 642 736 Eusebio
666 681 837 751 (apud
872 680 1160 738 Valesium
1194 685 1252 738 in
1300 684 1452 739 notis
1482 683 1548 737 ad
1581 684 1764 736 Euse—

127 749 298 824 bium)
337 770 363 802 α
394 752 528 824 Tria
551 749 842 824 Ecclesia:
871 755 1196 810 ministeria
1227 755 1546 824 praebebat:
1584 765 1761 808 unum

129 822 182 875 in
236 822 457 894 legendi
504 821 727 894 ofﬁcio;
757 824 1001 880 alterum
1037 827 1095 880 in
1123 821 1246 896 Syri
1292 825 1766 894 interpretatione

123 895 442 1019 sermtonis;
472 902 528 950 et
544 896 778 952 tertium
810 897 1084 954 adversus
1113 895 1398 954 daemones
1426 909 1628 952 manus
1659 896 1760 949 im-

125 978 508 1019 oosnnone...
556 983 584 1016 υ

125 978 433 1033 posmone.
455 1005 468 1020 .
493 1004 508 1020 .
556 983 584 1016 υ

653 1074 816 1129 ΒΙΝΙΙ
844 1075 930 1130 ΕΤ
972 1074 1228 1132 LABBEI.

185 1161 285 1235 (Ex
321 1161 466 1235 BIN.)
503 1162 676 1218 Linea
714 1161 763 1235 4.
813 1193 884 1204 -
936 1165 981 1217 Η
998 1167 1046 1218 ie
1093 1165 1294 1220 clerum
1345 1167 1655 1235 composuit.
1715 1169 1767 1220 et

115 1234 320 1298 gradus
350 1233 653 1288 distribuit.
710 1233 868 1302 Quod
905 1235 1300 1294 hierarchicus
1325 1233 1622 1294 catholicae
1653 1237 1764 1290 Ec—

118 1305 307 1376 clesia;
333 1306 493 1371 ordo,
529 1319 642 1375 quo
674 1306 1042 1376 presbyteris,
1071 1313 1127 1362 et
1172 1309 1435 1365 diaconis
1491 1308 1761 1364 subditus

118 1382 220 1444 est,
255 1375 326 1430 ab
358 1377 577 1446 Hygino
606 1375 961 1446 compositus
991 1391 1112 1433 esse
1141 1378 1234 1434 hic
1251 1382 1486 1447 dicitur,
1519 1393 1628 1434 non
1657 1378 1762 1433 ali-

119 1447 481 1522 ter_intelli_gi
512 1453 716 1522 potest,
745 1462 912 1518 quam
937 1450 1085 1518 quod
1116 1451 1373 1522 Hyginus
1419 1450 1758 1522 hierarchiae

116 1517 516 1573 ecclesiasticae
559 1521 674 1587 jam
707 1517 976 1586 tempore
1026 1517 1410 1588 apostolorum
1441 1535 1473 1577 a
1528 1521 1756 1575 Christo

119 1590 355 1662 Domino
376 1591 724 1658 constitutae,
748 1597 804 1646 et
823 1604 855 1645 a
884 1592 1100 1646 sanctis
1143 1593 1565 1662 Patribuyipso
1594 1591 1756 1646 anti-

121 1659 422 1729 quioribus
471 1662 869 1730 comprobatae,
922 1662 1177 1732 quaedam
1217 1659 1497 1720 duntaxat
1536 1664 1755 1732 injuria

121 1740 454 1801 temporum,
496 1738 553 1787 et
582 1733 926 1802 scriptorum
967 1733 1264 1801 deperdita
1303 1736 1612 1801 addiderit,
1666 1732 1752 1788 vel

119 1803 512 1899 eademnque
567 1805 764 1899 divinLo
802 1805 932 1872 jure
982 1805 1268 1899 instituta,
1319 1812 1373 1862 et
1403 1820 1436 1862 a
1487 1805 1832 1899 PatribusB
1864 1803 2001 1890 ξῆξιῇ

116 1873 478 1999 comtprobata
506 1881 663 1947 sunt,
718 1875 823 1930 hac
873 1873 1287 1934 constitutione
1329 1891 1432 1934 sua
1486 1878 1756 1933 illustra-

116 1958 228 1998 vert
267 1985 280 1996 .

114 1958 280 1998 VCPII.

117 2015 287 2142 mag:
303 2015 463 2142 in.)
487 2016 660 2073 Linea
694 2014 742 2072 4.
773 2047 847 2059 -
885 2019 1053 2089 Cujus
1092 2021 1482 2090 genealogiam.
1531 2019 1757 2077 Absunt

117 2103 131 2142 ι
263 2129 276 2140 .
356 2128 370 2140 .

115 2103 172 2142 tn
211 2103 276 2142 υ.
303 2103 370 2142 Α.

182 2158 362 2215 Linea
388 2156 444 2214 3.
472 2189 542 2201 —
578 2162 724 2218 Veri.
751 2163 893 2234 Lege
912 2162 1113 2218 Severi.

757 2270 1019 2325 BLANCH
1029 2272 1122 2326 [NI

108 2369 270 2412 NOT£
295 2367 709 2413 CHRONOLOGICAE
735 2373 804 2413 AD
834 2373 988 2414 VITAS
1038 2375 1116 2415 SS.
1167 2373 1490 2418 PONTIFICUM
1545 2375 1754 2434 BYGINI,

577 2444 676 2497 PII,
706 2443 922 2486 ANICETI
957 2446 1019 2486 ET
1052 2445 1292 2488 SOTERIS.

180 2534 502 2590 Pontiﬁciai
554 2535 939 2608 chronologia;
1015 2539 1296 2594 studiosis
1365 2553 1589 2595 crucem
1635 2539 1761 2608 ﬁgit

107 2613 368 2682 quatuor
394 2607 754 2682 sequentium
801 2607 1131 2682 pcntiﬁcum
1164 2611 1550 2666 successionis
1596 2607 1756 2682 ordo,

101 2677 159 2733 et
187 2677 444 2752 spatium
482 2679 783 2748 regiminis
801 2677 858 2734 in
878 2682 1008 2735 sede
1029 2682 1292 2736 Romana.
1312 2683 1486 2752 Origo
1502 2677 1758 2738 difﬁculi-

104 2755 253 2823 tatis
272 2750 329 2803 in
346 2757 588 2823 utroque
603 2753 904 2823 statuendo
925 2753 1172 2807 manavit
1187 2766 1254 2808 ex
1273 2750 1519 2819 lacunis,
1533 2755 1758 2823 jamdiu

101 2821 877 2894 observatisvetustissimo
933 2825 990 2877 in
1043 2825 1301 2894 catalogo
1349 2821 1649 2881 Liberiano
1688 2825 1759 2880 ab

97 2892 368 2959 ejusdem
396 2891 613 2965 editore
633 2893 933 2960 Bucherio,
965 2901 1026 2949 ut
1048 2891 1427 2964 ipsius—verba
1445 2897 1759 2965 declarant,

98 2963 469 3035 observanda
502 2964 557 3017 in
591 2965 842 3035 margine
878 2963 1142 3034 opusculi
1179 2968 1349 3035 primi
1385 2967 1533 3022 inter
1564 2963 1760 3022 Proleé

96 3046 353 3106 gomena
379 3033 549 3100 hujus
603 3033 739 3089 tomi
801 3035 940 3090 folio
986 3051 1086 3091 vn.
1145 3033 1302 3092 Deest
1347 3039 1433 3092 hic
1475 3041 1756 3092 Anicetus.

101 3109 273 3161 Deest
327 3120 549 3158 rursum
598 3107 960 3178 Eleutherius.
1019 3111 1170 3162 Deest
1216 3112 1342 3163 item
1401 3110 1749 3178 Zephirinus.

986 349 1302 407 HISTORIA
1343 349 1432 405 DE
1469 348 1644 406 VITIS
1681 346 1849 406 ROM.
1890 348 2089 405 PONT.
2119 381 2192 392 —
2219 351 2274 407 S.
2318 353 2634 410 HYGINUS.

3383 360 3522 422 4494

1877 495 2008 525 uutu
2042 495 2255 528 uurtsu
2300 495 2423 536 τοι,
2457 495 2693 529 nusuco
2722 495 2779 530 el.
2823 495 3102 546 AqUIllno
3147 495 3329 547 0088.,
3379 495 3524 550 quos

1873 542 2044 616 etiam
2076 544 2340 616 consules
2359 545 2654 616 catalogus
2684 545 2892 601 Felicis
2907 545 3129 616 Quarti,
3161 549 3307 604 liber
3336 552 3522 606 Ponti-

1875 611 2078 690 ﬁ_cali_s,
2093 611 2794 690 ethric'tlenses'codices
2813 611 3526 690 assignant'exordioSote-

1875 684 1978 760 ris.
2003 686 2146 760 Sunt
2175 687 2354 757 igitur
2370 701 2436 741 ex
2455 701 2604 742 anno
2623 695 2903 756 postremo
2924 684 3278 760 'felesphori,
3303 691 3520 748 (Christi

1877 752 1998 826 437,
2047 757 2115 812 ad
2157 752 2365 813 annum
2419 752 2665 826 primum
2708 760 2925 816 Soteris
2953 752 3167 817 Christi
3218 752 3339 826 462,
3384 764 3519 818 anni

1875 825 2200 904 intermedii
2217 827 2309 896 25,
2331 825 2626 885 dividendi
2647 837 2762 886 tres
2790 833 2846 886 in
2873 833 3188 901 pontiﬁces,
3213 825 3516 904 Hyginum,

1878 899 2059 967 Pium,
2093 900 2426 974 Anicetum:
2459 916 2601 970 quos
2635 899 2971 958 enumerant
3014 905 3166 959 inter
3207 899 3523 974 Telesphoé

1878 972 2354 1046 runi_etSot_erem
2389 975 2692 1046 nongmodo
2723 975 2989 1046 catalogi,
3023 981 3079 1030 et
3121 976 3270 1031 liber
3313 972 3522 1031 Ponti-

1879 1040 2081 1116 ﬁcalis,
2111 1042 2203 1098 sed
2228 1044 2399 1116 etiam
2418 1044 2725 1113 scriptores
2748 1040 3074 1116 gravissimi
3101 1049 3312 1102 eisdem
3339 1048 3526 1116 ponli-
3599 1102 3602 1103 ν

1877 1111 2081 1167 ticibus
2132 1114 2398 1187 aequales,
2453 1111 2651 1184 nempe
2704 1111 3051 1187 Hégesippus
3121 1125 3176 1173 et
3229 1111 3514 1175 Irenaeus:

1875 1189 2115 1258 uterque
2131 1185 2319 1239 Romae
2336 1186 2710 1258 degensgcirca
2729 1185 3053 1244 eorumdem
3086 1197 3326 1258 aatatem,
3355 1191 3517 1245 adeo-

1875 1268 1982 1332 que
2036 1256 2278 1332 istorum
2314 1257 2709 1332 ChronoIOgia:
2765 1264 2936 1332 testes
2985 1262 3139 1316 omni
3181 1256 3516 1332 exceptione

1875 1327 2134 1402 τριήρεες.
2182 1329 2427 1402 Ιτθῃεξξιιξ
2460 1328 2560 1402 lib.
2595 1327 2678 1398 ut,
2711 1344 2836 1398 cap.
2892 1329 2926 1386 3
2968 1350 2980 1386 :
3020 1332 3235 1386 Ἔπειτα
3291 1327 3511 1402 ⁴Ῡγῖνος,

1871 1397 1974 1448 εἶτα
2001 1398 2148 1461 Πῖος,
2183 1399 2287 1469 μεθ’
2323 1397 2377 1472 ᾄν
2413 1399 2690 1465 Ἀνίκητος,
2738 1397 3085 1472 διὰδεξαμένου
3132 1401 3217 1456 τὸν
3252 1397 3512 1471 Ἀνίᾶιητον

1869 1469 2384 1546 Σωτῆρφςεῡεὶηίίθ
2434 1473 2703 1538 Hyginus,
2781 1469 3124 1542 postmodum
3190 1477 3338 1539 Pius,
3391 1469 3515 1546 post

1867 1557 2024 1609 quem
2043 1541 2300 1593 Anicetus
2326 1561 2342 1595 :
2364 1557 2483 1594 cum
2514 1546 2855 1598 successisset
2884 1546 3112 1599 Aniceto
3143 1546 3314 1601 Soter.
3345 1541 3413 1603 Εἰ
3453 1550 3511 1604 in

1864 1611 2106 1680 epistola
2138 1613 2204 1666 ad
2237 1611 2519 1667 Victorem
2545 1615 2768 1669 eosdem
2788 1619 3304 1673 enumeratordine
3322 1625 3510 1676 retro-

1863 1683 2087 1760 gradq‘.‘
2104 1683 2453 1760 Hegesippus
2483 1698 2712 1760 qu_oque
2740 1687 2887 1760 apud
2937 1688 3246 1760 Eusebium
3292 1690 3393 1746 lib.
3432 1705 3508 1760 tv,

1863 1751 1984 1834 Cap.
2018 1751 2107 1834 ἓξ,
2142 1753 2220 1807 ita
2252 1751 2515 1834 scribit:
2538 1751 2810 1834 Γξῦόμενές
2850 1755 2978 1834 ξεξν
3025 1751 3508 1834 Ῥιιξμηᾲδιαδοχήῦ

2008 1825 2170 1917 οιτςιὶιξηηγι
2209 1825 2382 1895 μέχρις
2433 1821 2711 1893 Ἀνιχήτοὺ,
2734 1821 2822 1917 ἓῧν
2853 1828 3074 1891 διάκονος
3099 1821 3157 1917 11v
3191 1821 3508 1903 ³Ελέυθερὖξ·

2021 1916 2025 1917 ,
2057 1916 2062 1917 γ
2192 1916 2196 1917 ,
2223 1916 2227 1917 ν
2283 1898 2342 1917 Ιμγ
2423 1898 2448 1917 δ
2507 1899 2531 1917 ’δ
2549 1899 2560 1917 Ι
2876 1901 2888 1917 1
3041 1901 3083 1917 Λῗ
3196 1902 3278 1917 Qn‘
3330 1905 3368 1917 In

1862 1897 1942 1973 ξαὶ
1972 1895 2107 1965 παρὰ
2136 1895 2382 1962 Ανικήτου
2421 1898 2703 1973 διαδέχεται
2734 1898 3083 1973 Σωτήρ-μεθ’
3110 1895 3170 1973 ὅνν
3196 1895 3504 1973 Ἐλεύοερος·

1864 1971 2087 2042 Romam
2111 1982 2379 2042 ueroeam
2406 1971 2687 2034 uenissem,
2709 1973 2890 2042 mansi
2923 1971 3002 2024 ibi
3025 1972 3177 2040 apud
3201 1971 3503 2042 Anicetum,

1865 2039 2034 2112 cujus
2066 2042 2179 2112 tum
2218 2039 2481 2112 diaconus
2548 2045 2691 2112 erat?
2733 2039 3094 2108 Eleutherus’;
3133 2050 3260 2112 post
3303 2039 3508 2100 obitum

1867 2109 2062 2234 gifinde
2107 2109 2329 2164 Aniceti
2374 2114 2630 2166 successit
2667 2111 2841 2179 Soter,
2897 2129 3054 2182 quem
3105 2109 3311 2186 eEccepit
3334 2119 3497 2171 Eleu-

1927 2195 2071 2234 erus.

1867 2186 2071 2236 therus.

1941 2251 2247 2326 Dividendi
2279 2257 2414 2326 sunt
2434 2253 2773 2326 igituranni
2798 2252 2889 2324 25,
2915 2269 3159 2326 quorum
3189 2258 3412 2326 primus
3429 2259 3510 2315 sit

1869 2337 1995 2378 atrae
2019 2323 2392 2399 Christi‘l378,
2417 2323 2794 2399 Camerinoet
2825 2323 3016 2399 Nigro
3063 2323 3423 2399 consulibus,
3456 2337 3514 2387 et

1873 2401 2193 2469 postremus
2217 2395 2296 2450 sit
2319 2396 2534 2469 Christi
2564 2393 2682 2469 464,
2707 2393 3227 2469 duobusAugustis
3257 2393 3514 2457 coss.'in-

1869 2473 1956 2542 ter
1994 2468 2296 2542 Hyginum,
2333 2468 2514 2542 Pium,
2544 2474 2598 2521 et
2619 2468 3179 2542 AnicetumJIygino
3207 2473 3512 2542 quadrien-

1872 2539 2028 2614 nium
2057 2539 2318 2593 Romanaa
2349 2539 2821 2614 sedis_assignant
2853 2543 3118 2614 universa
3149 2539 3510 2614 documenta,

1872 2610 1993 2679 pari
2014 2623 2295 2664 consensu
2320 2615 2434 2664 tres
2453 2610 2625 2664 etiam
2653 2624 2869 2666 menses
2885 2613 3172 2676 addentia,
3203 2620 3263 2669 ut
3282 2616 3339 2668 in
3363 2610 3511 2672 serie

1872 2683 2248 2754 Romanorum
2273 2682 2605 2754 pontificum
2623 2682 2773 2736 inter
2794 2684 3191 2754 Prolegomena
3205 2687 3384 2741 edidi.
3403 2687 3518 2742 Hu-

1864 2753 1962 2820 jus
1991 2753 2163 2806 etiam
2183 2753 2551 2821 quadriennii
2573 2754 2786 2821 primos
2800 2753 3437 2812 consulesCamerinum
3459 2763 3515 2814 et

1872 2821 2108 2900 _Nigr_um
2139 2830 2390 2900 recenset
2410 2829 2522 2900 tam
2545 2826 2839 2895 catalogus
2866 2826 3075 2900 Felicis
3097 2829 3181 2896 lV,
3210 2842 3379 2900 quam
3413 2830 3516 2900 Li-

1872 2895 1969 2966 ber
1994 2895 2365 2957 Pontiﬁcalis;
2402 2897 2499 2964 qui
2537 2899 2824 2966 pertinent
2865 2897 2933 2951 ad
2966 2895 3178 2952 annum
3227 2895 3348 2953 438.
3383 2899 3516 2954 Dif-

1871 2965 2140 3040 funditur
2169 2965 2484 3040 ergosedes
2511 2967 2713 3040 Hygini
2742 2967 2809 3040 ad
2842 2980 3057 3040 annum
3089 2968 3338 3023 solidum
3388 2968 3508 3040 444,

1870 3039 2108 3106 ejusque
2134 3051 2279 3093 coss.
2305 3038 2568 3090 Severum
2601 3043 2656 3090 et
2681 3038 3024 3092 Priscinum.
3054 3040 3296 3093 Priscum
3317 3038 3515 3096 mimi-'-

1872 3116 1970 3162 nat
2002 3107 2168 3161 Liber
2195 3107 2539 3181 Pontiﬁcalis
2593 3107 2717 3181 ioco
2741 3109 2994 3171 Prt'scini,
3036 3110 3263 3181 collega
3309 3112 3474 3181 Orﬁto
3499 3133 3516 3168 :

99 3179 390 3231 Praeterea
422 3177 688 3231 consules
708 3178 963 3247 implexi,
994 3186 1049 3234 et
1079 3181 1405 3248 pet-mutati,
1440 3194 1550 3235 non
1573 3195 1759 3246 secus,
1793 3190 1838 3252 α
1871 3185 1925 3233 et
1956 3179 2280 3252 successori
2303 3177 2398 3231 Pio
2427 3177 2635 3252 tribuit
2662 3180 2932 3252 Seuerum,
2963 3179 3179 3250 collega
3202 3177 3390 3234 Claro.
3409 3183 3513 3237 Sed

90 3262 161 3302 ac
193 3260 441 3303 summae
489 3261 792 3317 annorum,
843 3251 1123 3305 mensium
1171 3264 1236 3306 ac
1273 3253 1498 3306 dierum
1549 3251 1607 3305 in
1665 3253 1760 3306 Pio

89 3327 151 3374 et
183 3320 458 3392 Aniceto,
492 3320 920 3392 ut__indicatum
955 3321 1067 3377 fuit
1104 3322 1316 3377 eisdem
1371 3325 1426 3376 in
1494 3322 1762 3392 Prolego-

91 3393 320 3456 menis,
375 3390 470 3443 vix
526 3389 660 3463 ulla
697 3393 939 3463 vestigia
994 3399 1309 3463 temporum
1345 3393 1511 3448 nobis
1579 3389 1764 3448 relin-

85 3466 322 3531 quunt,
373 3474 498 3530 quae
551 3461 666 3516 sibi
712 3461 954 3518 invicem
998 3461 1124 3518 non
1167 3465 1556 3520 adversentur.
1621 3466 1761 3518 Hinc

86 3531 521 3606 intelligimus,
553 3546 660 3586 cur
685 3545 767 3588 toc
797 3535 852 3588 in
883 3536 1218 3598 sententias,
1251 3542 1477 3606 tamque
1505 3535 1764 3590 diversas

81 3603 381 3658 abierunt
408 3609 526 3657 tum
557 3612 772 3658 veteres
802 3608 1115 3676 scriptores
1147 3613 1270 3675 post
1300 3603 1563 3676 Upiatum
1594 3607 1766 3661 Mile-

82 3676 393 3742 vitanum,
445 3680 564 3728 tum
618 3684 868 3731 recentes
925 3678 1188 3731 historici
1252 3686 1375 3746 post
1418 3678 1758 3733 Baronium:

83 3760 252 3820 quos
283 3750 582 3820 enumerat
602 3746 1350 3820 SchelestratiusAntiquit.
1379 3749 1522 3804 Eccl.
1548 3755 1698 3804 tomo
1719 3751 1762 3820 Ι,

79 3813 348 3890 dissert.
380 3813 434 3883 2,
466 3815 668 3890 cap._4,
717 3820 865 3889 quod
905 3820 1186 3890 integrum
1218 3813 1284 3875 ut
1339 3820 1603 3875 ederetur
1653 3813 1763 3875 cu-'

82 3889 222 3961 ravi
267 3893 400 3957 post
441 3888 695 3956 ejusdem
728 3888 924 3945 breves
949 3888 1113 3945 notas
1143 3892 1212 3947 ad
1244 3898 1380 3947 sect.
1417 3890 1500 3947 40.
1537 3892 1594 3946 8.
1645 3893 1763 3961 Hy-

79 3960 271 4030 gini;
328 3971 398 4013 ne
447 3967 693 4027 repetam
741 3974 806 4016 ea
850 3976 974 4030 qua:
1013 3962 1078 4014 de
1117 3963 1270 4016 Nudo
1323 3963 1574 4017 historico
1622 3960 1765 4016 inter

72 4032 240 4107 duos
260 4031 560 4107 proximos
587 4032 795 4107 Hygini
846 4047 1173 4107 successores
1234 4035 1290 4087 P.
1342 4034 1764 4107 I’apebrochius

72 4102 340 4177 erudite
369 4102 570 4156 retulit
602 4103 657 4156 in
687 4111 895 4177 conatu
925 4105 1401 4177 Chronhistorico
1423 4102 1558 4177 pag.
1614 4103 1685 4159 22
1709 4112 1763 4159 et

71 4173 178 4241 23,
219 4178 419 4246 antea
455 4186 580 4242 qum
609 4175 879 4244 opposuit
925 4177 1131 4245 partim
1187 4173 1761 4246 Blondell'ofpartim

69 4242 445 4318 fautoribus
479 4242 659 4318 nostri
689 4242 982 4318 Anastasii
1015 4249 1358 4303 Pearsonius
1407 4249 1465 4303 in
1487 4242 1495 4246 ’
1519 4242 1763 4318 pesthu-

71 4319 256 4371 mis:
321 4314 491 4383 cujus
521 4315 762 4389 objectis
822 4319 876 4372 in
912 4326 1163 4373 nostram
1195 4314 1661 4389 Chronolog’iam,
1711 4319 1762 4373 si

64 4394 642 4461 quaesupererunt,
668 4386 868 4443 faciam
898 4390 1056 4445 satis.
1087 4392 1143 4444 In
1181 4391 1283 4446 hac
1308 4386 1766 4461 igitur'diﬁicul-

61 4457 229 4532 t’ateA
247 4457 571 4532 inhmtendi
597 4460 769 4513 certis
787 4462 1046 4532 vestigiis
1077 4475 1212 4516 num
1234 4457 1481 4516 feliéiter
1501 4461 1765 4530 procedat

61 4528 422 4602 methodus
445 4529 868 4587 Chronotaxeos
894 4528 957 4586 a'
980 4532 1145 4587 nobis
1177 4528 1513 4602 proprosita‘
1534 4533 1589 4586 in
1621 4534 1761 4587 Pro-

1872 3262 2136 3320 germana
2156 3247 2320 3302 lectio
2337 3248 2740 3320 consulatuum
2761 3248 2898 3302 huic
2918 3247 3157 3317 tempori
3179 3253 3522 3320 responden-

1874 3317 2017 3375 tium
2036 3317 2203 3374 facile
2218 3319 2626 3373 restituiturex
2641 3332 2920 3374 annorum
2941 3333 3177 3375 numero
3191 3317 3519 3379 constanter

1871 3391 2108 3462 deﬁnito
2143 3403 2237 3460 per
2252 3391 2694 3462 quadriennium
2724 3390 3028 3461 utrobique
3045 3392 3434 3462 assignatum:
3462 3401 3519 3450 et

1872 3461 2487 3537 cumprimiconsules
2529 3462 2728 3537 Hygini
2758 3462 2876 3537 sint
2903 3461 3238 3537 Camerinus
3267 3471 3322 3519 et
3349 3466 3520 3537 Niger

1871 3530 2106 3602 (Christi
2141 3530 2259 3602 438)
2285 3546 2350 3586 ex
2400 3530 2658 3603 catalogo
2690 3533 2895 3587 Felicis
2926 3535 3143 3603 quarti,
3192 3530 3519 3603 perinde'ac

1873 3619 1941 3660 ex
1962 3603 2133 3658 Libro
2149 3603 2464 3658 Pontiticali
2487 3605 3396 3673 ;quartusconsulatusdetiniens
3415 3615 3522 3663 ter-

1875 3677 2096 3730 minum
2131 3675 2295 3730 illius
2319 3675 2476 3729 sedis
2499 3676 2818 3730 necessario
2852 3676 3063 3745 pariari
3086 3677 3253 3732 debet
3279 3692 3408 3733 cum
3431 3680 3523 3734 Se-

1875 3761 2004 3802 vero
2034 3752 2089 3800 et
2133 3746 2411 3813 Priscino,
2465 3747 2564 3816 qui
2611 3747 2841 3816 signant
2882 3759 3092 3802 annum
3124 3747 3341 3803 Christi
3394 3748 3513 3805 444.

1871 3817 2259 3887 Quadriennio
2288 3816 2493 3888 Hygini
2525 3818 2942 3888 sicassignato,
2993 3825 3306 3887 supersunt
3333 3833 3400 3876 ex
3450 3819 3522 3876 25

1873 3886 2151 3945 annorum
2184 3886 2405 3943 summa
2445 3889 2580 3942 anni
2611 3886 2672 3942 2i
2719 3886 3011 3944 dividendi
3064 3886 3214 3945 inter
3252 3891 3412 3947 Pium
3467 3899 3524 3948 et

1872 3961 2172 4015 Anicetum
2203 3973 2269 4014 ex
2295 3957 2633 4014 consulibus
2662 3961 3137 4016 memoratisanni
3168 3958 3262 4016 444
3298 3964 3365 4018 ad
3391 3977 3524 4019 con-

1873 4032 2029 4088 sules
2047 4032 2183 4085 anni
2205 4028 2306 4085 462
2334 4031 2631 4086 Rusticum
2651 4041 2706 4086 et
2733 4032 3106 4101 Aquilinum:
3137 4034 3384 4103 quicum
3413 4037 3522 4090 So-

1876 4107 2014 4159 teris
2040 4103 2270 4175 initinm
2296 4104 2669 4175 constituant,
2694 4109 2803 4158 tam
2830 4103 2886 4157 in
2916 4104 3174 4175 catalogo
3205 4104 3521 4174 FelicislV,

1877 4188 2042 4245 quam
2075 4175 2132 4228 in
2167 4173 2337 4228 Libro
2367 4173 2706 4246 Pontiﬁcali,
2733 4179 2790 4228 et
2822 4176 2877 4230 in
2924 4175 3090 4230 libris
3116 4173 3518 4246 Lectionariis,

1878 4244 1978 4330 uti.
2022 4259 2208 4330 supra
2271 4245 2616 4328 recensitum
2665 4244 2797 4330 .fuit
2865 4246 3016 4301 inter
3086 4244 3517 4330 Prolegomena;

1877 4317 2216 4390 relinquunt
2270 4317 2429 4386 paria
2478 4317 3007 4390 consulumgunum
3057 4324 3113 4390 et
3156 4317 3387 4390 viginti,
3421 4335 3520 4376 seu

1876 4389 2227 4456 vicennium,
2287 4394 2344 4443 et
2395 4401 2607 4442 annum
2661 4388 2911 4443 solidum
2966 4388 3320 4454 partiendum
3373 4388 3522 4446 inter

1879 4461 2041 4513 Pium
2099 4464 2156 4513 et
2202 4460 2542 4514 Anicetum:
2597 4460 2744 4515 duos
2798 4459 3096 4528 pontiﬁces
3147 4461 3520 4517 intermedios

1877 4533 2028 4584 inter
2051 4532 2328 4600 Hyginum
2353 4537 2409 4585 et
2437 4534 2706 4599 Soterem,
2739 4544 2884 4600 quos
2910 4537 3203 4584 enumerat
3247 4533 3513 4598 lrenmus,

56 4599 450 4674 legqmenis,
475 4606 530 4674 et
554 4602 650 4674 cui
706 4617 806 4674 nos
854 4604 1122 4658 insistere
1177 4592 1530 4674 profitemur,
1584 4603 1760 4658 lector
1787 4592 1840 4652 D
1875 4602 1982 4658 sub
2009 4592 2210 4656 iisuEtn
2245 4603 2427 4674 Romae
2455 4615 2646 4674 agens,
2679 4592 2836 4674 ut'ab
2870 4601 2998 4674 ipso
3028 4592 3515 4674 perscriptumle—'

54 4670 284 4796 facilg
307 4670 596 4738 judicabit
619 4685 688 4727 ex
721 4673 816 4729 his
841 4689 966 4745 quae
996 4670 1296 4730 nobis—hic
1342 4670 1762 4730 erunt'consti-

54 4753 228 4796 tuen
295 4754 358 4795 a.

53 4753 358 4800 tuenda.

141 4812 462 4870 Perducta
480 4827 609 4868 cum
628 4815 706 4870 sit
725 4817 925 4878 series,
958 4823 1014 4872 et
1038 4817 1408 4888 chronologia
1428 4815 1763 4886 pontiﬁcum

48 4889 522 4960 Romanorum,
542 4899 821 4943 consensu
843 4890 1084 4960 catalog.
1107 4889 1474 4957 Vetustioris,
1495 4888 1765 4960 aliorum-

47 4972 190 5030 que
219 4956 742 5030 documentorum,
762 4961 829 5014 ad
853 4960 1018 5014 ﬁnem
1038 4956 1400 5029 Telesphori,
1426 4959 1766 5030 consulibus

47 5027 241 5086 [Elio
279 5027 508 5081 Caesare
539 5030 604 5097 ll,
631 5037 688 5083 et
718 5030 974 5094 Balbino,
1008 5045 1157 5087 anno
1185 5027 1401 5087 Christi
1449 5027 1570 5100 437,
1604 5043 1766 5100 (μηθ-

47 5101 282 5158 renda
326 5103 412 5171 est
442 5111 552 5153 tera
610 5102 925 5169 proximior
954 5103 1104 5158 inter
1134 5117 1512 5171 successores,
1549 5103 1608 5157 in
1655 5114 1764 5171 qua

48 5170 484 5246 :onsentiant
511 5171 702 5246 eadem
735 5174 1095 5241 documenta,
1129 5182 1184 5230 et
1214 5175 1480 5246 catalogi.
1507 5175 1628 5229 Erit
1653 5187 1764 5246 au—

48 5260 180 5302 .em
220 5253 368 5297 aera
417 5241 516 5295 illa
551 5243 784 5298 initium
822 5245 1071 5300 Soteris:
1105 5246 1199 5300 cui
1253 5241 1619 5302 anni'novem
1651 5244 1768 5299 tri-

48 5334 125 5375 )u
143 5332 186 5372 u
205 5320 381 5370 ntur
409 5317 529 5366 tum
548 5315 863 5386 a_catalogo
885 5317 1212 5380 vetustiori,
1234 5323 1353 5373 tum
1385 5331 1415 5372 a
1445 5317 1690 5386 picturis
1706 5315 1762 5370 S.

47 5405 118 5445 Ia
137 5389 214 5444 ul
233 5387 252 5440 i
269 5427 290 5452 ,
332 5388 451 5459 tum
474 5397 506 5438 a
526 5384 1082 5459 reliquiscataIOgis,
1111 5395 1167 5443 et
1186 5384 1486 5443 codicibus
1509 5389 1767 5443 recensi—

48 5464 126 5517 ,is
173 5461 264 5514 in
315 5456 470 5536 serie
503 5457 837 5536 pontiﬁcum
871 5456 1251 5515 Romanorum
1303 5461 1454 5538 inter
1495 5460 1766 5538 Prolegof

48 5543 282 5596 uena,
335 5526 496 5595 anni,
533 5527 785 5598 inquam,
808 5545 1003 5586 novem
1027 5538 1158 5586 ante
1187 5529 1545 5586 consulatum
1575 5526 1762 5583 Severi

57 5623 106 5674 ι,
149 5610 230 5659 et
275 5597 641 5674 Herennian’i
665 5601 900 5669 (Christi
930 5599 1078 5674 474),
1106 5603 1253 5657 unde
1280 5601 1471 5674 iidem
1517 5598 1764 5674 catalogi

47 5668 346 5749 praeter
375 5668 738 5749 Liberianum
775 5668 1149 5749 mutilumjet
1193 5668 1771 5749 codicesordiuntur

47 5741 609 5822 fuindgqennium
636 5744 929 5822 pontiﬁca_t
943 5741 1772 5822 us_Eleuth_erii,claudendum

58 5810 466 5879 onsulibus
519 5810 772 5871 Materno
800 5823 856 5871 et
895 5815 1136 5884 Bradua,
1181 5815 1395 5871 Christi
1434 5813 1554 5871 485.
1591 5815 1778 5883 Quare

47 5897 245 5956 uxta
299 5884 437 5941 haec
469 5885 796 5943 testimonia
829 5887 1046 5945 Soteris
1095 5887 1331 5944 initium
1363 5887 1520 5945 cadit
1562 5886 1623 5942 in
1669 5899 1781 5943 an‘

413 5984 646 6043 Parnm.
679 5986 952 6056 CXXVII,

1873 4675 2084 4745 gimus,
2109 4678 2359 4745 conteste
2379 4672 2715 4745 Hegesippo.
2750 4671 3002 4745 Catalogi
3023 4671 3200 4745 Italia:
3221 4675 3516 4745 vetustio-

1875 4742 1987 4822 res,
2018 4745 2176 4822 inter
2209 4742 2816 4822 Prolegomena‘relati,
2846 4742 3174 4822 vicennium
3216 4743 3401 4812 ipsum
3435 4745 3513 4801 ita

1870 4816 2142 4869 dividunt
2165 4814 2314 4867 inter
2339 4812 2495 4866 Pium
2529 4819 2584 4867 et
2601 4812 2898 4867 Anicetum
2921 4831 2934 4879 ;
2958 4819 3020 4867 ut
3041 4813 3136 4867 uni
3163 4817 3400 4869 istorum
3416 4829 3511 4871 an-

1875 4901 1978 4941 nos
1998 4886 2034 4939 8
2061 4885 2145 4939 vel
2171 4882 2205 4938 9
2224 4891 2279 4939 et
2308 4897 2526 4938 menses
2555 4882 2607 4946 3,
2639 4884 2804 4938 alteri
2831 4897 2960 4938 vero
2979 4897 3158 4939 annos
3177 4884 3234 4939 44
3265 4894 3322 4940 et
3348 4901 3510 4941 men—

1875 4971 1964 5013 ses
1983 4954 2014 5011 4
2038 4962 2363 5011 constanter
2387 4955 2699 5026 assignent.
2728 4956 3029 5010 Pariantur
3053 4956 3246 5026 itaque
3265 4958 3512 5014 rationes

1875 5028 2124 5083 vicennii
2158 5035 2305 5098 recte
2333 5025 2630 5080 distributi
2661 5027 2843 5080 hacin
2886 5025 3292 5098 chronologia:
3323 5043 3450 5098 qua:
3479 5043 3512 5085 a

1876 5100 2145 5171 genuinis
2164 5097 2421 5153 fontibus
2439 5097 2709 5151 Romanis
2727 5097 3250 5171 proximederivata
3267 5097 3511 5155 nativam

1878 5169 2082 5226 retinet
2101 5171 2429 5239 puritatem.
2444 5171 2709 5238 Superest
2729 5174 2791 5222 ut
2807 5169 3172 5224 ostendamus
3194 5173 3420 5226 cuinam
3445 5187 3513 5227 ex

1873 5241 2101 5298 duobus
2131 5239 2519 5310 pontiﬁcibus,
2549 5242 2644 5296 Pio
2665 5247 2721 5295 et
2748 5241 3003 5310 Aniceto,
3039 5240 3142 5295 hoc
3186 5243 3514 5298 vicennium

1880 5313 2273 5382 implentibus,
2293 5312 2634 5383 conveniant
2654 5313 2790 5366 anni
2817 5312 2924 5383 Set
2946 5325 3164 5366 menses
3184 5311 3250 5383 3;
3272 5315 3512 5369 utalteri

1877 5380 2171 5454 supersint
2190 5384 2398 5452 reliqui
2423 5381 2479 5436 44
2504 5390 2559 5437 et
2583 5396 2801 5437 menses
2823 5380 2854 5436 4
2878 5383 2951 5436 iis
2977 5383 3032 5437 in
3051 5380 3324 5454 catalogis
3343 5387 3518 5442 Italia:

1876 5453 2200 5512 constanter
2251 5455 2477 5508 asserti.
2534 5453 2773 5508 Picturze
2811 5454 3062 5509 basilicae
3087 5457 3138 5509 S.
3196 5453 3354 5510 Pauli
3387 5471 3514 5515 cum

1877 5531 2085 5583 lrenzeo
2106 5533 2162 5581 et
2182 5527 2495 5594 Hegesippo
2517 5524 2673 5579 litem
2692 5524 2985 5580 deﬁnient.
3015 5527 3168 5580 Licet
3197 5527 3342 5581 enim
3368 5531 3524 5586 circa

1883 5600 2163 5669 imagines
2185 5597 2491 5665 utriusque
2517 5595 2806 5670 pontiﬁcis
2825 5599 3054 5670 nomina
3072 5597 3393 5670 exciderint
3412 5620 3426 5670 ς
3442 5611 3526 5656 at-

1880 5667 2065 5726 tamen
2097 5670 2436 5738 superstites
2459 5668 2681 5723 numeri
2711 5669 2990 5723 mensium
3022 5667 3055 5723 3
3078 5669 3132 5722 in
3164 5671 3343 5738 priori
3377 5667 3531 5728 ima-

1883 5743 2034 5813 gine,
2057 5747 2110 5796 et
2140 5753 2421 5795 annorum
2447 5738 2503 5794 44
2525 5741 2593 5813 in
2621 5740 2869 5794 secunda
2889 5740 3031 5813 satis
3057 5741 3316 5796 indicant
3338 5747 3526 5800 sedem

1885 5811 1939 5869 ét
1959 5814 2248 5882 epocham,
2277 5813 2408 5868 inde
2428 5812 2678 5882 petitam,
2711 5825 2775 5866 ac
2794 5811 3127 5866 translatam
3153 5813 3209 5867 in
3238 5827 3334 5871 eos
3361 5818 3524 5871 anti-

1890 5884 2199 5957 quissimos
2239 5883 2415 5942 Italiae
2444 5883 2751 5958 catalogos,
2786 5884 3234 5958 Bergomensem,
3285 5885 3525 5943 Farfen-

3216 5981 3287 6040 38
