4024 6176
496 345 635 404 H99

492 490 523 533 χ
534 488 775 533 ειροτονια
821 486 834 533 ;
884 474 941 525 et

496 490 775 542 χειροτονία
821 490 834 533 ;
884 490 941 525 et
992 490 1336 540 promovere,
1408 490 1791 540 προοαΛΑεσυαι,
1856 490 2139 540 promatw,

496 540 723 613 προϐολι.
770 541 1135 613 Episcopum,
1179 542 1591 612 presbyterum,
1634 548 1689 596 et
1724 541 1873 596 alios
1904 559 2145 613 χειροτο-

494 611 645 675 νέοαι,
678 612 930 667 ordinari
957 632 975 680 ;
1007 611 1360 669 defensorem
1399 626 1549 680 vero,
1582 620 1638 668 et
1676 611 2054 679 meonom‘um,
2086 617 2144 667 et

508 685 972 767 paramonarinm
1034 685 1334 767 distingui.
1406 686 1614 767 Iterum
1676 684 1869 739 eodem
1928 696 2144 767 canone

508 755 1141 827 utrosqueidistingui,
1204 755 1337 811 licet
1400 756 2139 827 uiriquexaporovoouévm,

503 823 750 899 ordinati
785 823 1091 899 dicantur,
1114 827 1364 882 ordinati
1392 823 1611 882 scindet
1642 823 1805 893 ἔχ’ίεῆς
1839 823 2144 899 luperci/lat;

505 896 842 980 ﬁ‘RPOGO'Xijg,
886 913 953 952 ea:
993 898 1342 980 ordinatione
1378 899 1464 951 vel
1489 896 2146 980 promendum-Denique

506 974 782 1040 utrosque
824 983 946 1025 esse
976 970 1202 1035 canoni,
1244 971 1361 1025 sive
1393 969 1705 1025 matricula:
1752 969 2011 1025 Ecclesiae
2051 969 2151 1023 in-

505 1041 786 1111 scriptos:
823 1040 929 1096 hoc
967 1042 1120 1096 enim
1152 1046 1392 1097 estesse
1419 1042 1480 1111 _i_n
1513 1041 1686 1111 clero,
1728 1046 1828 1096 aut
1865 1054 1931 1096 ex
1973 1040 2147 1108 clero,

506 1119 572 1168 ut
595 1108 786 1168 videre
823 1118 911 1168 est
949 1126 1074 1167 can.
1109 1113 1338 1168 Nicaeno
1380 1108 1445 1167 Π
1476 1130 1487 1165 :
1526 1108 1684 1167 Multi
1720 1114 1817 1181 qui
1853 1115 1913 1165 in
1951 1125 2153 1166 canone

500 1189 860 1251 recensentur,
891 1189 1022 1251 etc.,
1058 1184 1164 1239 hoc
1192 1190 1279 1239 est
1304 1184 1404 1254 qui
1441 1185 1497 1238 in
1527 1184 1680 1240 clero
1707 1203 1722 1249 ς
1750 1190 1805 1239 et
1833 1183 2001 1253 paulo
2031 1186 2153 1250 post

501 1269 529 1308 e
559 1256 700 1310 clero
735 1256 1059 1325 deponatur,
1104 1260 1156 1309 et
1193 1258 1267 1309 sit
1307 1256 1521 1309 alienus
1554 1271 1587 1308 a
1623 1271 1844 1321 canone,
1893 1255 2041 1323 quod
2083 1254 2154 1308 de

502 1325 732 1397 clericis
775 1331 998 1381 tantum
1029 1326 1147 1380 dici
1195 1331 1398 1397 potest.
1438 1327 1575 1381 Cum
1619 1327 1800 1397 igitur
1837 1326 2152 1380 concilium

503 1396 959 1452 Chalcedonense
1003 1397 1150 1452 dicit
1185 1395 1563 1465 defensorem,
1594 1395 1972 1455 mconomum.
2017 1403 2149 1463 etc.,

502 1481 626 1524 esse
652 1468 710 1523 in
736 1481 971 1533 canone,
1000 1481 1066 1523 eo
1088 1468 1212 1537 ipso
1236 1468 1464 1524 clericis
1484 1482 1583 1524 eos
1606 1468 1842 1524 ascribit
1866 1487 1880 1534 ;
1903 1467 1999 1523 sed
2027 1488 2051 1518 «
2077 1466 2153 1522 iis

504 1539 624 1609 qui,
640 1538 1016 1595 sicutdicits.
1038 1539 1307 1607 Basilius,
1330 1541 1715 1596 ministerium
1736 1540 2152 1596 nanciscuntur

507 1611 657 1681 quod
689 1611 816 1666 sine
851 1624 1116 1667 manuum
1151 1611 1523 1680 impositione
1549 1612 1740 1668 datur.
1776 1631 1802 1661 ι)

572 1684 863 1754 [ntegrum
896 1682 1084 1738 locum
1116 1683 1324 1737 Morini
1354 1683 1797 1740 exscribeudum
1827 1696 1950 1738 esse
1978 1680 2143 1749 duxi,

504 1767 617 1825 quo
657 1753 876 1825 clarius
905 1759 1213 1819 constaret,
1250 1760 1453 1823 praeter
1481 1756 1751 1810 ordinum
1788 1755 2063 1823 majorum
2095 1758 2149 1807 et

1746 344 2102 406 ANASTASII
2139 343 2627 404 BIBLIOTHECAR
2635 348 2683 404 ΙΙ

3788 346 3913 407 4200

992 484 1336 543 promovere,
1408 469 1795 543 προϐάλλεσθαι,
1856 470 2139 540 promotio,
2172 468 2225 527 A
2254 467 2455 543 ordine
2478 468 2766 543 diaconali
2788 469 3083 541 insignitis
3105 469 3347 543 probant
3370 470 3724 543 largitiones
3759 470 3910 526 illic:
4000 522 4001 527 η

2258 539 2505 613 Romana
2545 541 2798 613 Ecclesia
2845 539 3197 599 transmissa:
3235 542 3309 612 (et
3354 539 3587 613 quidem
3636 541 3715 597 ab
3766 543 3912 597 illius

2254 610 2508 686 exordio)
2525 612 2591 666 ad
2614 626 2781 681 quam
2810 613 3002 686 plures
3026 610 3299 686 ecclesias
3322 610 3386 686 in
3397 614 3659 686 singulis
3680 613 3911 669 urbibus

2260 683 2627 756 constitutas,
2660 690 2728 756 et
2757 684 2826 756 ad
2879 684 3201 756 indigentes
3232 685 3425 741 ﬁdeles
3464 683 3643 740 etiam
3678 691 3908 747 exteros,

2265 757 2319 806 et
2358 755 2425 807 ad
2469 753 2637 825 longe
2674 754 2935 820 dissitos,
2970 753 3144 827 atque
3186 757 3252 811 ad
3304 757 3533 812 metalla
3577 758 3907 812 damnatos:

2262 836 2406 897 quas
2429 827 3036 897 memoratiDionysius
3061 828 3494 883 Corinthiorum
3516 828 3844 897 episcopus
3860 828 3908 881 ad

2259 895 2522 968 _Scterem
2536 895 2886 965 pontiﬁcem,
2905 906 2961 952 et
2983 901 3261 954 Romanos
3284 895 3748 968 scribens‘apud’
3768 900 3910 955 Ense

2261 963 2420 1020 bium
2465 963 2572 1040 lib.
2607 981 2685 1035 iv,
2729 963 3004 1038 cap.'23:
3038 990 3065 1022 α
3110 972 3235 1025 Haec
3272 972 3450 1038 enim,
3496 963 3730 1040 inquit,
3774 969 3911 1025 vobis

2262 1039 2617 1112 consuetudo
2654 1045 2740 1094 est
2765 1041 2883 1108 jam
2922 1041 2995 1096 ab
3041 1042 3164 1108 ipso
3214 1042 3518 1112 religionis
3561 1039 3841 1109 exordio,
3867 1052 3911 1097 ut

2264 1105 2470 1185 fratres
2501 1123 2697 1185 omnes
2729 1105 2888 1185 vario
2927 1105 3354 1185 bene—liciorum“
3375 1127 3589 1185 genere
3626 1105 3909 1185 aﬁ‘iciaftis,

2263 1183 2318 1234 et
2346 1180 2607 1256 ecclesiis
2640 1183 3105 1253 quamplurimis,
3139 1199 3264 1255 qua!
3293 1185 3352 1239 in
3380 1180 3650 1256 singulis
3686 1184 3910 1240 urbibus

2263 1252 2591 1307 constitutae
2616 1262 2770 1321 sunt,
2802 1257 3123 1310 necessaria
3155 1252 3284 1310 vita;
3311 1252 3585 1311 subsidia
3614 1257 3911 1311 transmit-

2266 1323 2420 1398 tatis.
2458 1322 2524 1377 Et
2560 1325 2667 1398 hac
2694 1326 2914 1398 ratione
2944 1334 3062 1382 tum
3102 1329 3389 1398 egentium
3427 1328 3708 1398 iunpiam,
3736 1327 3912 1383 suble-

2264 1394 2431 1463 vatis,
2476 1400 2596 1468 tum
2642 1394 2942 1465 fratribus,
2976 1398 3075 1467 qui
3106 1394 3163 1453 iii
3213 1398 3460 1454 metallis
3484 1394 3642 1468 opus
3687 1397 3910 1467 faciunt,

2264 1466 2587 1539 necessaria
2633 1466 3062 1536 suppeditans:
3102 1483 3202 1538 per
3256 1471 3375 1524 haec
3431 1466 3562 1539 quae
3624 1470 3706 1525 ab
3769 1466 3911 1525 initio

2263 1537 2650 1593 transmittere
2667 1540 3050 1595 consuevistis
3067 1537 3318 1607 munera,
3344 1537 3561 1596 morem
3586 1542 3909 1597 institutum

2264 1621 2374 1676 que
2402 1610 2807 1682 Romanorum,
2832 1625 2863 1665 a
2889 1612 3204 1679 majoribus
3232 1613 3439 1668 vestris
3461 1621 3786 1682 acceptum
3820 1614 3911 1667 Ro—

2263 1680 2415 1733 mani
2432 1680 2762 1754 retinentes.
2781 1682 2965 1753 Atque
2987 1684 3137 1737 hunc
3158 1697 3366 1739 morem
3387 1684 3599 1739 beatus
3612 1680 3913 1754 episcopus

2260 1756 2444 1805 vester
2498 1753 2660 1807 Soter
2726 1766 2834 1807 non
2908 1755 3155 1809 servavit
3211 1755 3423 1817 solum,
3484 1753 3701 1809 verum
3761 1755 3910 1811 etiam

505 1822 791 1900 minorum
812 1822 1957 1900 facultates,cumsacramentoinstitutas
1976 1824 2148 1900 initio
2181 1840 2231 1900 Β
2259 1822 2528 1900 adauxit:
2557 1830 2677 1878 tum
2707 1837 2939 1900 munera
2962 1827 3179 1880 sanctis
3201 1826 3487 1900 destinata
3518 1829 3774 1895 copiose
3791 1826 3909 1880 sub-

500 1897 767 1953 Ecclesiaa
795 1910 826 1953 a
857 1896 1088 1952 Christo
1118 1898 1377 1967 Domino,
1408 1909 1463 1954 et
1493 1898 1731 1953 collatas
1758 1900 1931 1953 certis
1961 1896 2150 1959 Signis

498 1968 932 2040 conferentibus
984 1970 1226 2040 gratiam
1271 1970 1339 2025 ad
1392 1983 1487 2025 eas
1537 1976 1725 2039 partes
1774 1968 2148 2025 sacerdotalis

499 2038 673 2122 cilicii
715 2038 1307 2122 sancte‘peragendas,
1341 2055 1468 2122 qute
1496 2038 1711 2122 clerum
1753 2042 1979 2122 proprie
2004 2053 2149 2122 con.—

498 2112 757 2167 stituunt
786 2116 1047 2167 vocatum
1081 2112 1140 2166 in
1180 2117 1389 2167 sortem
1432 2114 1682 2182 Domini,
1714 2120 1769 2167 et
1797 2112 2148 2168 characteris

502 2182 881 2255 impressione
907 2184 1238 2238 ordinatum
1262 2197 1294 2238 a
1313 2186 1536 2239 caeteris
1561 2191 1881 2255 secernunt,
1911 2182 2144 2255 agnosci

498 2267 532 2309 a
554 2253 646 2308 SS.
692 2253 966 2326 Patribus
986 2259 1044 2326 et
1069 2268 1101 2309 a
1134 2255 1406 2311 conciliis
1453 2255 1569 2311 alia
1598 2253 1802 2325 ofﬁcia,
1833 2253 1972 2326 quae
2002 2268 2149 2310 con-

498 2325 806 2396 gruentius
836 2325 1065 2381 clericis
1095 2340 1265 2395 quam
1300 2326 1467 2382 laicis
1496 2327 1732 2383 contrad
1745 2325 1938 2392 untur,
1968 2340 2148 2396 eaque

497 2394 611 2451 non
635 2394 979 2452 conferenda
1004 2410 1101 2468 per
1120 2394 1563 2468 Sacramentum,
1587 2412 1688 2454 seu
1717 2412 1812 2468 per
1831 2411 1950 2454 eam
1980 2394 2150 2454 ordic

498 2468 811 2535 nationem,
858 2482 984 2539 quae
1030 2467 1246 2541 Graecis
1289 2467 1570 2541 χειροτονίὰ
1605 2471 1847 2540 dicitur,
1892 2471 2148 2539 adeoque

495 2551 598 2594 nec
623 2541 864 2610 gratiam
894 2553 963 2595 ex
989 2554 1051 2596 se
1076 2540 1449 2609 conferentia,
1482 2542 1578 2596 sed
1614 2542 2008 2597 tantummodo
2037 2541 2147 2596 ad-

490 2610 747 2666 dicentia
777 2610 955 2665 alicui
990 2613 1268 2680 peculiari
1311 2612 1653 2678 ministerio,
1690 2613 1991 2668 mandante
2019 2612 2149 2681 epi—

491 2694 684 2749 sc0po,
708 2687 809 2736 aut
831 2682 933 2736 illo
953 2683 1021 2737 ad
1048 2695 1214 2752 quem
1240 2684 1502 2751 pertinet,
1533 2682 1799 2739 instituto
1819 2684 1886 2738 ad
1918 2684 2149 2738 utilita-

495 2758 605 2807 tem
646 2752 938 2824 Ecclesiaa,
974 2766 1104 2807 eum
1144 2755 1354 2820 virum,
1398 2755 1499 2824 qui
1535 2754 1853 2809 matriculae
1882 2754 2146 2810 Ecclesia;

486 2822 805 2879 ascribitur
827 2837 896 2878 ex
920 2824 1223 2894 adeptione
1242 2822 1639 2892 illius‘oﬁicii,
1671 2826 1801 2880 etin
1837 2826 1998 2881 Clero
2034 2826 2144 2881 late

496 2900 726 2965 sumpto
756 2901 1061 2966 censetur;
1093 2910 1223 2951 cum
1254 2897 1562 2966 caeteroqui
1597 2898 1812 2952 rectius
1841 2910 1906 2952 ac
1931 2897 2144 2953 decen-

494 2966 615 3022 tius
644 2966 790 3022 illud
824 2965 1096 3034 oﬁicium,
1126 2965 1609 3039 acministerium
1640 2968 1968 3024 conferatur
1997 2969 2137 3039 viro,

492 3051 592 3111 per
634 3046 1053 3094 sacramentum
1085 3038 1313 3095 ordinis
1346 3040 1462 3108 jam
1496 3045 1761 3095 assecuto
1789 3041 2051 3111 gratiam,
2085 3047 2142 3096 et

488 3109 876 3165 characterem
903 3111 1110 3165 animae
1144 3112 1508 3179 impressum.
1540 3113 1666 3166 Haac
1696 3109 1846 3167 inter
1871 3110 2056 3168 oﬁ‘icia
2085 3117 2141 3167 et

2257 1894 2596 1967 ministram,
2633 1901 2747 1948 tum
2790 1897 2994 1962 fratres
3020 1912 3243 1965 peregre
3277 1894 3631 1952 advenientes
3664 1903 3911 1967 tanquam

2261 1964 2455 2019 liberos
2506 1981 2632 2020 suos
2673 1972 2841 2035 pater
2890 1964 3301 2022 amantissimus
3356 1969 3527 2022 beatis
3579 1964 3911 2024 sermonibus

2259 2037 2609 2110 consolando.
2639 2056 2665 2087 υ
2696 2039 2805 2110 Has
2835 2046 3022 2094 autem
3055 2052 3251 2095 omnes
3283 2041 3602 2109 impensas,
3633 2054 3710 2096 ac
3740 2040 3908 2110 largi—

2260 2107 2468 2172 tiones,
2527 2115 2608 2163 tot
2654 2109 2937 2173 ecclesiis,
2988 2115 3074 2165 tot
3122 2107 3483 2175 civitatibus,
3535 2116 3624 2167 tot
3672 2107 3910 2167 diversis

2258 2180 2530 2247 cperibus
2553 2180 2869 2236 destinatas
2895 2195 3218 2251 procurare,
3242 2195 3555 2251 asservare,
3582 2183 3907 2252 dispertire,

2260 2254 2652 2307 transmittere
2673 2253 2801 2307 sine
2824 2253 3182 2323 rationariis,
3206 2252 3571 2321 custodibus,
3609 2254 3908 2310 thesaura-

2259 2323 2390 2385 riis,
2457 2324 3074 2379 commentariensibus
3138 2335 3401 2381 accurate
3451 2325 3699 2382 minime

2260 2406 2423 2449 nemo
2449 2407 2560 2450 non
2582 2395 2911 2467 intelligit:
2944 2395 3162 2465 quibus
3181 2396 3531 2467 dirigendis,
3559 2398 3710 2452 etin
3734 2396 3910 2453 omnis

2258 2466 2626 2521 continendis
2651 2467 2881 2521 diaconi
2915 2467 3251 2537 plerumque
3274 2466 3354 2523 ita
3380 2468 3829 2537 addicebantur,
3856 2476 3909 2523 ut

2255 2536 2476 2610 aliquis
2496 2537 2712 2610 exAillis
2735 2551 2941 2607 praeses
2962 2536 3329 2610 deligeretur,
3355 2541 3456 2609 qui
3477 2540 3547 2594 ad
3574 2536 3907 2610 episcopum

2255 2608 2464 2664 deinde
2492 2607 2742 2682 referret
2762 2611 3013 2679 praestita
3038 2624 3069 2664 a
3089 2607 3165 2666 'se
3192 2607 3424 2681 atquea
3454 2607 3688 2667 cazteris
3720 2607 3907 2682 pensa,

2255 2686 2309 2754 et
2332 2681 2902 2754 rationes._Addictos
2924 2682 3176 2737 vidimus
3204 2697 3302 2752 per
3326 2681 3799 2754 unamquamque
3824 2697 3912 2737 re-

2255 2751 2479 2824 gionem
2507 2751 2832 2808 scribendis
2864 2759 3177 2822 martyrum
3206 2751 3366 2809 Actis
3396 2751 3656 2810 notarios
3681 2751 3759 2809 ab
3789 2756 3909 2824 ipso

2254 2822 2538 2898 Clemente
2565 2824 3054 2898 Petridiscipulo.
3084 2825 3184 2880 His
3211 2839 3279 2881 ex
3309 2826 3532 2898 integro
3561 2822 3908 2896 colligendis

2256 2906 2415 2951 num.
2454 2892 2516 2948 21
2569 2892 2955 2950 subdiaconbs
2993 2901 3208 2966 septem
3247 2892 3563 2952 destinavit
3597 2892 3906 2953 Fabianus.

2255 2965 2781 3034 iisdemqnejussit,
2806 2973 2866 3021 ut
2890 2968 3130 3023 notariis
3156 2969 3554 3024 imminerent:
3580 2982 3718 3024 cum
3745 2970 3905 3035 paulo

2252 3042 2382 3091 ante
2403 3037 2847 3111 etiacmrAuterus
2869 3052 3025 3111 nuru.
3055 3036 3125 3093 20
3147 3045 3303 3111 gesta
3328 3047 3639 3110 martyrum
3666 3041 3888 3111 diliget:

2254 3112 2339 3183 ter
2364 3108 2654 3183 exquisita
2678 3110 2735 3162 in
2762 3109 3013 3183 Ecclesia
3046 3110 3421 3183 condidisset.
3450 3108 3530 3167 En
3562 3113 3763 3183 igitur
3782 3108 3905 3167 scri-

495 3182 1237 3273 ministeriadeputationis
1260 3182 1540 3273 humariaa,
1564 3184 1790 3239 diversa
1813 3197 1842 3238 a
1869 3185 2138 3273 ministe—
2173 3210 2221 3273 ρ
2258 3179 2453 3273 ιιὶξπιιζὶἱ⁸
2473 3186 2542 3263 ei.
2567 3179 3035 3273 chartopohylacis
3076 3180 3283 3273 officia,
3326 3196 3524 3273 supra
3545 3179 3904 3273 notariorum

488 3251 1230 3327 riisdivinojureconnexis
1245 3268 1373 3309 cum
1399 3254 1747 3327 charactere,
1761 3269 1826 3311 ac
1839 3255 2139 3327 signaculo

486 3324 706 3379 ordinis
757 3338 855 3394 per
898 3331 1316 3381 sacramentum
1362 3326 1595 3381 clericis
1624 3326 1853 3390 collato,
1889 3324 2143 3382 recenset

488 3397 748 3451 Morinus
791 3408 861 3452 ex
901 3397 1152 3452 concilio
1187 3397 1639 3453 Chalcedonensi
1682 3398 1990 3463 defensores
2028 3400 2142 3452 Ec—

482 3466 677 3540 clesiae,
724 3482 1072 3540 mcqnomum,
1101 3472 1152 3523 et
1183 3473 1655 3538 paramonarium.
1706 3469 1852 3524 Addi
1902 3474 2141 3540 possunt

484 3537 597 3594 alia
646 3539 942 3609 complura
991 3537 1200 3602 oﬁlcia;
1243 3553 1309 3595 ac
1356 3541 1699 3611 ministeria,
1743 3537 2040 3597 numerata
2069 3540 2141 3596 ab

489 3611 685 3666 eodem
732 3612 957 3666 Morino
998 3613 1057 3665 in
1093 3613 1305 3667 Notitia
1345 3612 1696 3680 dignitatum,
1744 3614 2050 3681 ofﬁciorum
2091 3617 2141 3667 et

486 3684 921 3737 ministeriorum
963 3683 1213 3754 Ecclesia
1249 3699 1464 3750 magna:
1506 3685 2135 3754 Constantinopolitanae,

488 3754 686 3828 eodem
716 3758 871 3828 tomo
905 3766 1028 3828 pag.
1059 3751 1166 3828 208
1194 3761 1251 3809 et
1280 3755 1658 3824 sequentibus
1685 3772 1698 3808 :
1737 3755 1836 3828 ubi
1857 3751 2142 3828 leguntur

488 3823 936 3897 ret‘crendarius,
972 3824 1282 3895 logotheta,
1327 3823 1882 3895 commentariensis,
1921 3823 2142 3897 primus

486 3892 772 3969 defensor,
817 3892 1230 3969 jeromnemon,
1271 3892 1547 3965 monitor,
1581 3898 1801 3969 doctor,
1848 3892 2136 3968 visitatur,

486 3965 1258 4038 praefecticteremoniarum
1303 3972 1360 4023 et
1409 3969 1765 4038 inspectores
1792 3965 1805 4023 ὲ
1836 3975 1892 4025 et
1937 3965 2142 4026 rursus

479 4038 713 4110 exercit.
741 4034 827 4110 i6,
849 4050 972 4110 cap.
999 4037 1025 4093 4
1052 4044 1109 4093 et
1127 4037 1181 4101 5,
1208 4034 1597 4095 memorantur
1620 4041 1894 4110 praecipui
1918 4041 2141 4098 cilicia-

487 4105 568 4162 les
599 4122 694 4163 sex
721 4108 863 4163 dicti
893 4105 1259 4183 caecatacmli,
1294 4124 1493 4179 nempe
1521 4105 1762 4183 magnus
1786 4105 2137 4181 teconomus,

487 4191 729 4251 magnus
756 4178 1119 4251 sacellarius,
1156 4194 1396 4251 magnus
1422 4178 1686 4237 vasoru'm
1713 4189 1930 4250 custos,
1963 4178 2139 4240 charé

487 4249 781 4320 tophylax,
842 4249 1146 4318 praefectus
1188 4249 1408 4320 sacelli,
1463 4253 1681 4321 primus
1726 4249 2009 4311 defensor.
2060 4258 2140 4312 Ne

486 4327 677 4376 autem
709 4327 988 4391 putentur
1036 4322 1154 4376 hmc
1184 4326 1376 4394 omnia
1417 4326 1607 4379 serius
1640 4325 1927 4394 instituta,
1967 4340 2134 4394 quam

488 4397 553 4470 ut
576 4396 800 4470 possint
821 4406 1015 4470 eorum
1045 4393 1323 4470 nonnulla
1345 4395 1414 4470 ad
1440 4396 1644 4470 Hygini
1668 4401 1888 4470 aetatem
1912 4393 2133 4470 referri,

490 4463 740 4540 legenda:
765 4463 1557 4540 sunﬁl‘apudThomassinum
1590 4468 1660 4523 de
1693 4468 1878 4524 Benef.
1915 4477 2058 4539 part.
2093 4463 2133 4540 ιζ

484 4533 589 4590 lib.
620 4551 687 4614 ii,
715 4550 837 4606 cap.
865 4534 939 4614 _30
967 4533 1024 4591 et
1047 4533 1118 4593 34
1142 4539 1524 4614 auctoritates
1546 4540 1639 4594 SS.
1669 4533 2134 4614 Patrum'Hygini

2256 3250 2647 3322 ministerium
2660 3252 2778 3320 jam
2804 3253 3091 3308 instituta.
3119 3250 3415 3322 Praepositi
3437 3253 3675 3310 fabrica
3698 3258 3763 3311 in
3783 3256 3908 3309 titu-

2256 3320 2335 3397 lis
2359 3324 2801 3397 ac_ccemeteriis
2840 3323 3177 3397 deessenon
3209 3320 3546 3394 debuerant,
3577 3340 3650 3381 ex
3680 3341 3806 3397 quo
3833 3327 3909 3380 ti-

2254 3393 2407 3468 tulos
2427 3394 2971 3468 Evaristusdivisit,
2998 3395 3133 3450 Pius
3151 3397 3459 3463 dedicavit,
3482 3393 3554 3452 ex
3575 3393 3911 3468 quo-cmme-

2251 3466 2395 3537 teria
2426 3471 2483 3520 et
2515 3466 2818 3522 memorias
2863 3473 3172 3537 martyrum
3203 3468 3514 3524 Anacletus
3546 3466 3611 3523 in
3644 3470 3911 3525 Vaticano

2251 3535 2440 3609 adhuc
2466 3536 2757 3607 presbyter
2774 3535 3103 3594 construxit
3126 3552 3260 3595 num
3280 3537 3335 3609 5,
3358 3553 3427 3594 ex
3453 3553 3569 3609 quo
3594 3540 3913 3596 Alexander

2254 3607 2346 3681 yia
2371 3610 2740 3681 Nomentana,
2763 3610 3040 3681 Anicetus
3060 3610 3241 3680 Appia
3263 3607 3597 3681 sepulcrum
3628 3611 3901 3667 obtinuit.

2254 3678 2677 3735 Laborantibus
2704 3693 2770 3735 ac
2796 3678 3138 3750 fossoribus,
3166 3695 3296 3737 cum
3326 3678 3545 3753 quibus
3576 3682 3911 3738 condendo—

2256 3763 2379 3823 rum
2414 3764 2717 3821 corporum
2753 3765 2950 3807 curam
2990 3753 3143 3821 ipsos
3172 3754 3340 3808 etiam
3377 3754 3681 3823 pontiﬁces
3710 3765 3909 3809 susce-

2255 3821 2409 3895 pisse
2441 3824 3236 3895 novimus,_quemadmodum
3283 3821 3639 3882 curaverunt
3664 3824 3905 3895 apostoli

2252 3894 2624 3967 Stephanum,
2657 3893 2945 3951 Fabianus
2971 3895 3301 3951 Cornelium
3331 3898 3457 3967 (qui
3500 3903 3550 3951 et
3582 3893 3787 3951 multa:
3807 3898 3908 3967 fa-

2256 3964 2434 4038 cricas
2481 3982 2579 4035 per
2621 3970 2923 4038 cmmejteria
2960 3970 3082 4035 ﬁeri
3114 3964 3389 4038 preceps?
3415 3969 3573 4023 infra
3610 3982 3769 4026 num.
3797 3964 3903 4033 2|).

2250 4036 2575 4109 Stephanus
2598 4037 3038 4109 Tertullianum,
3067 4036 3370 4095 Marcellus
3397 4040 3707 4109 Cyriacum
3732 4046 3784 4095 et
3807 4052 3908 4093 so-

2252 4107 2394 4181 cios,
2422 4108 2770 4181 Melchiades
2793 4108 3292 4181 Sebastianum_,get
3312 4107 3479 4166 solus
3507 4112 3906 4181 Eutychianus

2251 4179 2450 4248 (infra,
2484 4194 2638 4253 num.
2658 4177 2775 4253 _98)
2813 4186 3094 4253 martyres
3135 4179 3242 4236 342
3273 4195 3444 4237 manu
3476 4195 3586 4237 sua
3618 4177 3901 4253 sepelivit.

2252 4252 2624 4321 praepositum
2650 4251 2829 4307 fuisse
2852 4252 3240 4323 presbyterum
3270 4254 3509 4309 minime
3526 4251 3762 4319 dubito,
3784 4260 3899 4308 tum

2248 4335 2317 4378 ex
2347 4323 2609 4394 Dionysii
2644 4336 2800 4392 papae
2831 4323 3125 4391 instituto,
3171 4326 3498 4381 cmmeteria
3531 4324 3900 4395 presbyteris,

2251 4406 2362 4449 non
2396 4408 2560 4450 secus
2586 4409 2650 4450 ac
2683 4395 2887 4451 titulos
2912 4396 3230 4451 dividentis
3256 4414 3269 4450 :
3305 4403 3425 4452 tum
3449 4410 3521 4451 ex
3550 4410 3696 4452 cura
3725 4399 3902 4464 Euty—

2248 4466 2445 4521 chiani
2469 4466 2747 4535 jubentis,
2780 4473 2841 4522 ut
2865 4480 2995 4522 cum
3017 4467 3346 4537 dalmatica,
3370 4474 3477 4523 aut
3499 4468 3733 4523 colobio
3759 4481 3907 4538 pur-

2252 4545 2454 4609 purato
2487 4544 2763 4608 martyres
2788 4540 3190 4599 conderentur.
3224 4552 3403 4609 eaque
3426 4540 3503 4595 de
3532 4553 3596 4594 re
3619 4541 3691 4595 ad
3720 4553 3779 4594 se
3801 4551 3905 4592 re-

483 4604 694 4664 saaculo
719 4604 1132 4680 prbximorum,
1157 4623 1223 4665 ex
1244 4610 1335 4664 his
1355 4609 1562 4666 oﬁlciis
1584 4612 1862 4667 nonnulla
1880 4604 2134 4670 indican-
2163 4604 2214 4665 D
2247 4604 2533 4678 ferretur;
2562 4604 2683 4665 tum
2714 4622 2781 4664 ex
2807 4610 3033 4680 erudite
3052 4604 3345 4666 adnotatis
3374 4623 3473 4680 per
3503 4612 3565 4667 V.
3594 4612 3661 4665 C.
3692 4609 3901 4665 Benci—

484 4683 588 4754 tcs.
616 4680 893 4754 Memorat
919 4681 1070 4735 enim
1093 4681 1150 4734 S.
1175 4681 1498 4754 Cyprianus
1522 4681 1626 4737 lib.
1659 4696 1745 4753 ill,
1768 4684 2014 4752 epistola
2039 4683 2132 4754 22,

488 4749 729 4805 doctores
757 4752 1100 4824 audientium
1131 4749 1564 4824 ;7E’p'iphanius,
1608 4749 1927 4823 linguarum
1953 4749 2136 4810 inter—1

482 4827 659 4891 pretes
691 4830 803 4877 tam
838 4822 897 4877 in
929 4822 1305 4898 lectionibus,
1342 4837 1508 4898 quam
1540 4822 1597 4880 in
1638 4827 2017 4882 concionibus
2040 4846 2055 4898 ;
2077 4832 2134 4884 et

482 4899 749 4957 cantores,
789 4899 846 4948 et
886 4895 1281 4962 architectores,
1329 4901 1386 4950 et
1426 4897 1758 4961 laborantes,
1797 4905 1853 4953 et
1888 4895 2133 4954 custodes

478 4979 761 5038 sacrorum
803 4965 1211 5038 vestibulorum,
1259 4971 1317 5021 et
1362 4970 1586 5034 notarii,
1638 4974 1694 5023 et
1743 4972 2132 5038 martyriorum

479 5037 725 5110 custodes
758 5037 970 5110 passim
1004 5037 1274 5109 leguntur
1300 5038 1551 5110 in__Actis
1575 5037 1963 5110 martyrumet
1985 5055 2129 5097 con-

477 5108 775 5183 ciliorum.
809 5108 910 5183 [iis
936 5108 1287 5183 accensenda
1312 5108 1496 5183 oﬁicia
1530 5108 1764 5180 majora,
1792 5112 2129 5183 plerumque

475 5179 806 5236 concredita
825 5178 1079 5234 initiatis
1097 5181 1167 5235 ad
1192 5178 1661 5251 presbyteratum,
1685 5178 2052 5239 diaconatum
2073 5190 2130 5240 et

480 5251 983 5325 subdiaconatum,
1027 5253 1766 5325 quemadmodumrvicarii,
1814 5268 1913 5310 seu
1959 5257 2130 5325 primi

477 5322 814 5389 defensoris,
836 5326 936 5377 aut
962 5323 1358 5380 archidiaconi
1395 5324 1809 5389 ministerium,
1851 5322 2129 5381 non‘tan-

477 5398 597 5448 tum
623 5395 694 5450 ad
720 5392 1073 5450 sacriﬁcium
1105 5394 1477 5461 oﬁ‘erendum,
1505 5403 1608 5451 aut
1627 5396 1976 5453 sacriﬁcanti
2013 5398 2128 5452 mi-

470 5463 855 5538 nistrantium,
881 5467 1043 5538 quod
1057 5466 1125 5521 ad
1151 5468 1409 5523 ordinem
1438 5468 1706 5538 pertinet,
1733 5470 1827 5523 sed
1856 5470 2025 5524 etiam
2052 5470 2122 5525 ad

471 5537 851 5594 continendos
874 5535 931 5593 in
960 5535 1147 5593 oﬁicio
1172 5544 1425 5607 caeteros,
1439 5535 1549 5595 aut
1571 5540 1639 5595 ad
1662 5535 1981 5595 custodiam
2008 5540 2124 5596 the-

472 5606 633 5661 sauri
679 5609 955 5682 ecclesiae,
994 5618 1053 5682 et
1090 5609 1159 5665 ad
1201 5611 1327 5679 pias
1364 5611 1745 5682 erogationes,
1794 5624 2013 5667 necnon
2050 5613 2121 5668 ad

484 5688 681 5734 curam
703 5680 1088 5750 supellectilis
1107 5694 1301 5745 sacrae,
1321 5686 1378 5754 et
1397 5680 1544 5737 sacri
1568 5683 1903 5754 patrimonii
1925 5704 1937 5747 ;
1958 5697 2127 5754 quam

485 5760 684 5802 curam
728 5753 1053 5807 necessario
1090 5753 1541 5809 commendatam
1583 5752 1763 5809 fuisse
1803 5755 1956 5810 circa
1974 5752 2132 5811 hanc

488 5823 713 5888 aetatem
762 5822 941 5888 primi
979 5834 1046 5876 ac
1075 5825 1313 5880 secundi
1344 5837 1377 5878 a
1402 5824 1633 5880 Christo
1676 5825 1871 5881 saculi
1906 5826 2069 5882 lectis
2100 5840 2133 5882 a

487 5887 962 5962 pontiﬁce’viris,
1004 5890 1134 5964 ﬁde,
1174 5907 1240 5950 ac
1266 5894 1575 5966 diligentia
1618 5897 2048 5971 praestantibus,
2077 5901 2134 5954 et

2245 4680 2407 4736 nium
2434 4694 2609 4749 supra
2637 4695 2793 4752 num.
2822 4679 2876 4749 5,
2909 4695 3033 4752 pag.
3065 4680 3137 4736 62
3160 4689 3214 4737 et
3240 4679 3422 4752 seqq),
3445 4683 3520 4737 de
3546 4681 3907 4751 Presbyteris

2241 4754 2574 4821 Martyrum.
2606 4751 2803 4807 Oﬁicia
2835 4752 2944 4807 ista
2976 4751 3231 4821 praestita
3254 4751 3332 4808 ab
3353 4754 3598 4809 exordio
3632 4753 3907 4808 Ecclesia:

2243 4823 2505 4878 Romanae
2525 4825 2582 4877 in
2605 4823 3036 4894 largitionibus,
3055 4825 3113 4878 in
3132 4838 3270 4880 cura
3286 4838 3608 4890 sacrorum,
3632 4824 3910 4893 hospitii,

2241 4895 2485 4965 archivi,
2529 4894 2916 4965 bibliothecae,
2956 4895 3329 4965 epistolarum
3372 4894 3773 4956 formatarum.
3801 4894 3913 4950 fa-

2243 4965 2436 5037 bricae,
2464 4967 2919 5022 cmmeteriorum
2942 4978 3008 5021 ac
3032 4968 3356 5037 titulorum,
3380 4969 3624 5023 omnino
3649 4967 3913 5037 nequire-

2241 5036 2381 5093 bant
2422 5038 2881 5094 ministeriorum
2925 5039 3218 5109 prmsides,
3250 5046 3305 5094 et
3336 5036 3661 5095 ciliciorum
3706 5041 3915 5109 magi-

2240 5116 2411 5182 stros,
2437 5124 2582 5179 quos
2595 5123 2631 5182 re
2656 5110 2809 5166 clero
2830 5109 3169 5182 plerumque
3192 5118 3451 5180 sumptos
3474 5112 3757 5182 graduum
3782 5123 3919 5179 ap-

2243 5180 2552 5249 pellatione
2573 5181 2825 5237 dicimus
2845 5194 2877 5236 a
2900 5180 3680 5238 Bibiiothecarioenuntiari.
3701 5182 3920 5250 Neque

2239 5252 2392 5307 enim
2412 5265 2672 5325 unquam
2695 5267 2765 5308 ex
2790 5252 2893 5325 hac
2917 5254 3123 5325 Hygini
3145 5256 3312 5309 aetate
3329 5253 3613 5325 deﬁciunt
3634 5254 3921 5322 exempla

2237 5328 2296 5378 et
2326 5324 2542 5379 indicia
2569 5325 2848 5380 ordinata:
2881 5323 3055 5380 istius
3083 5325 3422 5393 partitionis
3447 5323 3791 5387 oﬁiciorum,
3820 5328 3915 5381 ad

2237 5402 2495 5464 posteros
2516 5395 2807 5451 derivata.
2833 5395 3230 5452 Praefecturam
3257 5396 3408 5451 sacri
3437 5396 3801 5464 patrimonii,
3834 5412 3923 5452 ac

2236 5466 2518 5529 thesauri,
2549 5472 2607 5522 et
2638 5467 3015 5538 largitionum
3065 5468 3277 5523 Lucius
3314 5467 3571 5523 contulit
3604 5466 3929 5538 Stephano

2234 5537 2478 5595 diacono
2503 5552 2609 5594 suo
2631 5536 2788 5594 num.
2814 5536 2904 5607 23,
2930 5538 3253 5609 Stephanus
3269 5539 3434 5595 Sixto
3455 5552 3617 5594 num.
3642 5536 3730 5605 εις
3750 5538 3817 5593 Si
3834 5554 3931 5593 x-

2242 5615 2338 5665 tus
2368 5610 2674 5667 Laurentio
2709 5610 2885 5681 (num.
2919 5609 3026 5678 25).
3064 5611 3299 5666 Munera
3336 5610 3819 5681 chartOphylacis
3856 5618 3935 5668 et

2241 5680 2695 5751 bibliothecarii,
2718 5680 2831 5737 seu
2876 5682 3199 5751 scriniarii,
3248 5695 3465 5737 necnon
3496 5680 3571 5736 ab
3599 5680 3931 5752 epistolis,

2241 5758 2299 5808 et
2341 5753 2696 5825 cancellarii,
2739 5754 2956 5810 Graecis
2994 5753 3316 5825 logothetaz,
3361 5754 3614 5810 diversis
3656 5754 3856 5825 quidc
3890 5774 3933 5809 τι

2244 5824 2601 5896 nominibus,
2631 5825 2756 5894 pari
2783 5830 2992 5893 tamen,
3014 5824 3136 5882 sive
3157 5839 3270 5881 non
3293 5825 3539 5881 multum
3563 5825 3799 5896 dispari
3830 5828 3951 5885 of-

2245 5895 2377 5954 ﬁcio
2405 5895 2477 5953 ab
2506 5910 2593 5969 eo,
2643 5897 2796 5968 quod
2838 5900 3162 5968 interpretes
3190 5897 3358 5955 Petro
3384 5895 3811 5969 praestiterant,
3864 5910 3953 5963 et
