4036 6174
107 369 246 426 4204

977 371 1294 434 HISTORIA
1339 373 1428 429 DE
1465 373 1639 430 VITIS
1689 371 1858 430 ROM.
1919 371 2112 428 PONT.
2148 401 2217 413 --
2247 371 2299 428 S.
2353 371 2666 428 IlYGlNUS.

3400 373 3539 434 4202

101 496 547 554 successoribus
569 499 930 566 formaturam
975 497 1313 553 diribitores
1338 501 1392 552 et
1444 503 1760 564 curatores,
1793 493 1850 554 A
1875 494 2116 568 nisterio
2147 495 2852 568 sacramentorum.iiianc
2891 510 3027 554 vero
3065 498 3435 568 disciplinam
3469 497 3530 552 in

103 569 478 623 retinuerunt
507 569 711 624 δωαυιξι
740 576 1045 624 consecuta
1070 587 1082 622 ε
1127 583 1237 624 non
1277 582 1442 623 secus
1466 583 1531 623 ac
1561 575 1763 623 caetera

105 641 165 694 in
207 640 426 696 Ordine
455 641 701 695 Romano
751 640 1109 710 postmodum
1138 639 1438 707 celebrata,
1471 645 1524 694 et
1549 639 1762 708 smpius

100 712 470 767 occurrentia
505 713 561 767 in
594 711 763 767 Libro
797 711 1136 780 Pontiﬁcali,
1182 711 1434 780 clericis,
1470 718 1532 766 ut
1568 711 1761 780 pluri-

105 795 264 837 mum
289 783 626 838 demandata
650 783 1045 839 inveniuntur.
1067 782 1362 838 Sacellaz-ii
1385 797 1592 838 munus
1612 783 1761 838 Gre-

102 855 274 921 gorio
303 855 350 907 li
381 862 499 924 tum
529 855 805 924 temporis
821 855 1174 908 subdiacono
1194 867 1225 908 a
1247 855 1444 924 Sergio
1471 867 1609 922 papa
1633 866 1762 924 cgn-

97 925 390 980 creditum
410 923 520 980 fuit
539 921 786 980 una‘cum
804 925 1315 980 bibliothectecura
1332 921 1481 979 infra
1498 921 1758 980 num.77.

99 997 354 1051 Numero
380 1002 568 1052 autem
593 993 656 1052 74
691 997 1039 1052 exhibentur
1059 1004 1260 1064 praeter
1279 997 1596 1066 episcopos,
1629 1009 1764 1064 pre-

98 1066 364 1136 sbyteros
391 1078 444 1122 et
473 1068 770 1132 diaconos,
798 1068 1005 1122 adlecti
1037 1069 1107 1122 de
1149 1082 1303 1123 more
1332 1069 1401 1123 ad
1425 1069 1762 1122 comitatum

101 1138 1438 1208 poniiﬁciscompluresoﬁiciorumadministri:
1472 1138 1569 1194 ubi
1589 1139 1761 1194 etiam

99 1211 418 1265 notandum
472 1219 558 1266 est
588 1211 794 1277 gradus
850 1210 1164 1266 nominati:
1221 1217 1284 1265 ut
1329 1211 1461 1265 inde
1501 1215 1763 1264 constare

99 1281 288 1349 possit
318 1284 477 1337 notio
519 1281 675 1336 verbi
707 1282 850 1337 satis
879 1287 1088 1351 aperta.
1137 1281 1219 1336 Ibi
1251 1283 1405 1337 enim
1431 1281 1763 1336 describens

102 1352 587 1408 Bibliothecarius
611 1353 721 1408 iter
745 1353 1101 1408 Constantini
1129 1367 1304 1424 papae,
1332 1353 1400 1407 ad
1429 1353 1640 1424 regiam
1666 1351 1762 1405 Ur—

98 1424 228 1478 bem
280 1425 454 1480 Roma
507 1425 926 1494 proficiscentis
983 1425 1223 1479 solemni
1269 1438 1399 1479 cum
1455 1423 1754 1491 comitatu,

94 1495 182 1548 ait
213 1513 226 1548 :
261 1515 286 1547 α
308 1497 498 1550 Secuti
533 1503 672 1551 sunt
699 1510 826 1552 eum
850 1497 1080 1550 Nicetas
1105 1496 1410 1564 episcopus
1429 1494 1606 1563 Sylva:
1621 1495 1757 1548 Can-

96 1567 275 1631 didaz,
307 1567 626 1636 Gregorius
655 1568 960 1636 episcopus
1001 1568 1354 1635 Portuensis,
1390 1565 1751 1634 Michaelius,

100 1638 336 1704 Paulus,
351 1640 634 1708 Georgius
656 1639 964 1708 presbyter,
981 1638 1185 1710 Georgi
1199 1653 1264 1693 us
1275 1639 1572 1710 diaconus,
1588 1637 1758 1692 Geor-

101 1710 236 1778 gius
257 1710 706 1775 secundicerius,
723 1712 962 1765 Joannes
978 1711 1120 1778 prim
1136 1708 1199 1765 us
1219 1708 1756 1773 defensor,Cosmus

101 1780 458 1848 sacellarius,
499 1781 797 1837 Sisinnius
832 1781 1279 1845 nomenculator,
1327 1782 1560 1850 Sergius
1603 1780 1758 1834 scri—

1871 566 2121 621 Ecclesia
2182 567 2430 622 Romana
2492 581 2604 622 non
2667 567 3076 637 intermissam,
3125 566 3237 624 sed‘
3283 569 3531 625 ﬁdeliter

1870 639 2218 693 custoditam
2251 647 2306 693 et
2356 639 2687 694 evidentius
2734 641 3078 705 explicatam
3128 641 3184 694 in
3221 641 3324 695 hac
3371 640 3530 709 pacis

1872 709 2298 779 tranquillitate
2330 723 2441 780 qua
2469 709 2769 782 fruitur,ia
2800 713 2908 766 Deo
2931 712 3044 767 sibi
3069 717 3224 782 parta
3251 725 3348 780 per
3375 712 3532 766 Con-

1868 787 2211 848 stantinum,
2243 782 2552 836 ostendunt
2572 781 2894 838 luculenter
2917 781 3204 852 praeterita
3233 782 3442 837 saecula
3471 781 3529 835 in

1868 851 2106 906 Ordinis
2139 853 2375 907 Romani
2411 853 2601 919 libris,
2637 860 2829 908 nostra
2863 869 2994 909 vero
3015 860 3152 909 tetas
3177 854 3350 909 etiam
3382 866 3531 909 ocu—

1871 921 1946 976 lis
1971 924 2211 992 subjicit
2244 924 2300 978 in
2334 930 2642 992 conspectu
2671 924 2863 979 throni
2898 925 3202 993 pontiﬁcii,
3227 932 3284 980 et
3312 926 3370 980 in
3402 937 3535 978 con-

1871 1007 2041 1048 sensu
2083 995 2231 1049 sacri
2260 1001 2515 1063 senatus,
2544 1004 2599 1050 et
2624 995 2680 1049 in
2713 997 2990 1052 comitatu
3015 1011 3080 1052 ac
3121 995 3526 1064 stipatoribus,

1870 1066 1937 1119 ad
1982 1065 2113 1120 solii
2149 1066 2361 1137 gradus
2395 1067 2504 1134 ipsi
2559 1067 2970 1136 assidentibus,
3026 1069 3343 1137 praesertim
3389 1067 3527 1121 dum

1875 1137 2130 1204 pontifex
2161 1138 2342 1191 sacris
2370 1145 2663 1206 operatur.
2701 1139 3076 1194 Praseminent
3107 1140 3164 1194 in
3200 1137 3528 1194 ministerio

1872 1215 2360 1263 sacramentorum
2409 1210 2575 1276 juxta
2622 1211 2833 1279 gradus
2885 1211 3186 1266 institutos
3216 1224 3246 1263 a
3295 1210 3527 1263 Christo

1870 1279 2132 1344 Domino,
2161 1280 2440 1349 episcopi,
2479 1281 2816 1350 presbyteri,
2843 1282 3073 1336 diaconi
3101 1281 3408 1350 caeterique
3438 1279 3529 1334 le-

1871 1350 2033 1422 vitici
2067 1351 2322 1422 muneris
2364 1352 2695 1406 administri
2731 1353 3039 1408 ordinibus
3073 1352 3386 1422 majoribus
3427 1357 3528 1406 aut

1871 1420 2195 1494 minoribus
2229 1422 2474 1476 initiati.
2509 1424 2773 1478 Eminent
2804 1438 3032 1494 quoque
3066 1425 3123 1478 in
3155 1420 3258 1478 hac
3288 1422 3524 1494 omnino

1867 1493 2144 1566 completa
2169 1494 2318 1566 sacri
2345 1494 2572 1549 ordinis
2597 1493 2921 1550 hierarchia
2939 1493 3152 1566 gradus
3173 1493 3525 1566 ministerio-

1868 1577 1993 1618 rum
2021 1564 2090 1618 ab
2124 1563 2309 1619 officio
2336 1565 2677 1621 sacerdotali
2719 1572 2920 1635 suapte
2944 1563 3174 1621 'natura
3212 1565 3523 1634 disparati,

1865 1635 1971 1706 sed
1991 1649 2240 1703 congrue
2265 1637 2446 1705 aptati
2473 1650 2539 1691 ac
2570 1637 2873 1692 distributi
2903 1651 2933 1691 a
2965 1637 3339 1706 pontificibus
3371 1635 3527 1691 inter

1865 1705 2107 1776 collegia
2137 1707 2309 1774 hujus
2340 1707 2502 1761 cieri.
2528 1709 2757 1762 Munera
2785 1709 2937 1762 enim
2965 1705 3322 1777 cancellarii,
3346 1719 3535 1763 came-

1867 1778 2030 1844 rarii,
2052 1777 2384 1847 signaturis,
2403 1777 2854 1842 bibliothecarii,
2871 1779 3222 1834 thesaurarii
3241 1777 3527 1848 praifecto-

104 1852 350 1919 niarius,
381 1853 702 1908 Dorotheus
731 1861 781 1907 et
811 1853 1079 1908 Julianus
1105 1849 1468 1916 subdiaconi,
1498 1856 1552 1904 et
1580 1851 1650 1905 de
1679 1863 1759 1904 re-
1790 1849 1837 1908 Β
1866 1861 2108 1918 rumque
2139 1850 2321 1904 sacris
2355 1849 2677 1905 redditibus
2699 1851 3012 1905 distributa
3032 1850 3410 1905 observantur
3441 1850 3526 1904 in-

99 1922 286 1992 liquis
317 1924 592 1993 gradibus
612 1924 871 1980 Ecclesiae
901 1925 1064 1992 pauci
1084 1924 1303 1979 clerici.
1323 1941 1347 1972 »
1371 1925 1523 1977 Inter
1547 1922 1754 1989 gradus

98 1993 286 2063 igitur
335 1995 620 2059 Ecclesiae,
653 1997 771 2050 sive
803 1993 986 2049 officia
1040 2004 1096 2049 et
1151 1994 1477 2049 ministeria
1524 1993 1754 2048 clericis

94 2067 365 2120 concredi
391 2067 561 2122 solita
592 2067 956 2122 adnumerari
984 2071 1207 2120 constat
1240 2066 1339 2120 illa
1371 2064 1671 2133 superiora
1701 2069 1756 2119 et

96 2137 335 2204 majora,
368 2143 489 2192 tum
539 2138 609 2192 ab
655 2139 746 2192 his
776 2138 1032 2206 proxima
1059 2139 1280 2202 notarii,
1317 2137 1661 2200 cubicularii,
1689 2149 1754 2190 ac

90 2207 341 2280 siinilia,
357 2209 642 2280 dignitate
663 2211 805 2264 satis
825 2210 1150 2276 praestantia
1177 2227 1195 2280 ;j
1219 2221 1346 2263 cum
1370 2208 1524 2280 viros
1548 2206 1752 2280 iisdem

88 2276 305 2334 oﬁiciis
329 2276 640 2350 insignitus
666 2276 1242 2349 legerintaliquando
1265 2278 1562 2348 pontiﬁces
1582 2279 1650 2332 ad
1674 2291 1753 2332 re-

93 2350 230 2420 gias
287 2351 601 2420 legationes
665 2352 994 2406 obeundas:
1053 2350 1534 2420 quemadmodum
1590 2363 1745 2403 num.

87 2416 202 2474 294
229 2416 516 2477 Adrianus
535 2424 822 2478 secundus
845 2423 911 2476 ad
941 2416 1300 2476 Desiderium
1327 2434 1510 2491 regem
1533 2421 1749 2475 direxit

91 2493 308 2547 missos
357 2507 513 2562 suos,
575 2494 909 2562 Stephanum
961 2495 1235 2546 notarium
1279 2493 1651 2558 regionarium
1699 2497 1748 2545 ct

85 2565 462 2630 sacellarium,
507 2570 557 2618 et
585 2567 819 2619 Paulum
860 2565 1274 2619 cubicularium.
1327 2565 1447 2618 Non
1479 2564 1745 2633 equidem

89 2636 444 2707 negaverim,
506 2637 776 2707 pleraque
822 2637 1055 2691 nomina
1104 2635 1546 2707 praepositorum
1588 2633 1746 2689 hisce

86 2705 307 2762 ofﬁciis
335 2705 524 2762 serius
551 2705 835 2773 adhibita,
868 2714 994 2776 post
1025 2708 1301 2762 redditam
1341 2705 1604 2760 Ecclesia:
1637 2718 1743 2774 pa-

85 2791 214 2831 cem
264 2792 294 2832 a
339 2780 731 2847 Constantino,
764 2787 818 2834 et
871 2779 1076 2833 collata
1118 2779 1355 2833 Maximo
1390 2776 1642 2847 pontiﬁci
1687 2780 1742 2830 et

87 2852 348 2904 Romano
387 2850 538 2906 clero
581 2849 933 2920 amplissima
964 2853 1130 2913 dona,
1161 2850 1374 2919 quibus
1416 2853 1645 2920 possent
1675 2861 1740 2902 ea

86 2921 387 2989 pr.esidia,
419 2928 476 2976 et
503 2922 772 2977 alimenta
807 2921 1061 2991 praestari
1094 2921 1344 2992 singulis
1374 2920 1514 2974 viris
1544 2919 1736 2992 eadem

81 2991 277 3047 ofﬁcia
307 2993 723 3058 exercentibus,
744 2993 1214 3064 qumampiiﬁcati
1243 2993 1550 3048 ministerii
1574 2991 1738 3064 modo

81 3072 491 3134 congruerent.
534 3062 795 3120 Attamen
830 3073 891 3121 ut
930 3079 995 3120 ea
1029 3067 1282 3134 praestari
1332 3077 1557 3119 necesse
1603 3062 1734 3133 fuit,

81 3150 222 3206 quae
243 3143 371 3191 ante
398 3137 781 3206 meminimus,
812 3137 868 3191 in
897 3138 1270 3205 procurandis
1295 3137 1627 3191 muneribus
1645 3138 1738 3190 Ec~

79 3208 399 3262 clesiarum
461 3209 726 3280 regimini
779 3210 1118 3264 necessariis
1179 3223 1520 3279 quacunque
1575 3214 1812 3280 aetatec

77 3285 226 3333 ante
253 3280 722 3335 Constantinum:
771 3280 848 3335 ita
879 3281 1072 3335 deesse
1099 3293 1390 3350 nunquam
1423 3281 1608 3348 potuit
1635 3293 1737 3333 or-

75 3352 290 3404 dinata
335 3351 588 3420 quaadam
616 3352 792 3406 series
831 3350 1145 3408 oﬁiciorum
1189 3353 1246 3406 in
1282 3353 1372 3406 his
1402 3353 1501 3420 qui
1531 3358 1738 3421 praesto

76 3427 282 3478 essent
312 3422 560 3478 Romano
593 3423 871 3493 pontiﬁci,
898 3424 1049 3479 unde
1075 3425 1290 3495 gradus
1305 3425 1737 3480 constitueren-

78 3504 184 3549 tur
219 3495 388 3548 etiam
421 3495 478 3549 in
505 3508 570 3551 eo
613 3496 958 3564 ministerio,
1002 3496 1150 3564 quod
1179 3497 1344 3564 juxta
1375 3496 1573 3550 Basilii
1603 3497 1733 3550 dis—

79 3566 430 3620 tinctionem
487 3580 594 3621 non
658 3565 951 3622 confertur
1002 3568 1371 3636 impositione
1439 3581 1729 3633 manuum,

75 3639 182 3692 sed
207 3637 582 3693 demandatur
607 3638 836 3695 clericis
857 3640 972 3708 jam
995 3639 1296 3702 ordinatis,
1322 3646 1376 3692 et
1401 3639 1734 3693 instituitur

75 3710 148 3763 ad
189 3708 441 3763 levamen
473 3710 725 3779 episcopi
764 3712 819 3765 in
870 3710 1202 3776 patrimonii
1237 3711 1386 3765 sacri
1420 3725 1577 3768 cura.
1603 3711 1735 3780 epi-

75 3780 387 3848 stolarum,
424 3780 802 3838 bibliothecas.
852 3780 1102 3847 fabricae,
1136 3782 1398 3850 hospitii,
1428 3788 1484 3836 et
1519 3783 1734 3850 hujus-

76 3852 243 3907 modi
294 3865 482 3906 rerum
514 3854 930 3920 sollicitudine,
963 3869 993 3909 a
1019 3853 1357 3909 sacerdotali
1409 3855 1733 3910 ministerio

75 3923 292 3995 altaris
335 3923 602 3979 discreta.
633 3924 925 3980 Graduum
959 3940 1088 3981 vero
1111 3927 1352 3981 istorum
1378 3927 1596 3995 aptatio
1639 3940 1733 3981 re-

75 3994 272 4068 fertur
300 3995 368 4050 ad
403 3995 756 4066 Hyginum,a
787 4011 899 4068 quo
925 4004 1054 4066 apta
1089 3999 1352 4052 materies
1377 3994 1444 4052 ad
1477 3997 1732 4066 plurium

76 4065 401 4120 ofﬁciorum
453 4065 1273 4135 praapositos'conStituendos
1325 4065 1733 4124 observabatur

75 4143 285 4205 parata
335 4151 432 4206 per
483 4153 619 4194 suos
668 4140 1013 4195 decessores.
1060 4142 1357 4209 Siquidem
1407 4149 1568 4196 ωῑςιῐθ
1597 4141 1731 4196 Cle-

75 4209 298 4262 mentis
322 4217 378 4263 et
406 4210 660 4266 Anacleti
694 4213 1046 4266 notariorum
1080 4213 1370 4267 institutio
1400 4253 1414 4278 ,
1448 4218 1503 4266 et
1527 4227 1729 4266 sacro—

75 4293 213 4352 rum
248 4279 524 4336 librorum
565 4283 754 4338 Canon
809 4285 900 4338 vix
927 4283 1338 4352 complebatur,
1394 4289 1450 4338 et
1493 4297 1620 4338 cum
1662 4297 1727 4339 eo

76 4350 330 4424 irchivi,
367 4365 432 4406 ac
462 4353 821 4410 bibliotheca
853 4350 1072 4410 tantum
1111 4357 1432 4410 rudimenta
1479 4355 1727 4424 appare—

76 4427 240 4476 Jant.
292 4423 437 4478 Sixti
488 4427 830 4482 constitutio
874 4427 944 4481 de
990 4427 1270 4481 Formatis
1312 4426 1380 4479 ab
1410 4423 1725 4494 apostolica

75 4495 215 4549 sede
246 4495 639 4563 impetrandis,
677 4499 972 4552 scriniarii
1004 4498 1456 4568 designationem
1480 4503 1535 4552 et
1565 4498 1727 4553 sedu-

86 4579 191 4619 am
217 4579 451 4640 _op_eram
488 4569 838 4640 requirebat.
875 4571 957 4624 Pii
995 4569 1314 4625 liberalitas
1341 4570 1398 4623 in
1429 4569 1662 4624 titulum
1693 4584 1723 4625 a

1867 1927 1951 1974 ter
1983 1933 2243 1988 proceres
2274 1921 2679 1976 ecclesiasticae
2712 1922 3070 1976 hierarchite.
3103 1923 3334 1977 Judices
3369 1934 3523 1991 quo-

1865 2005 1975 2060 que
1997 1992 2322 2060 graviorum
2354 2006 2677 2059 causarum,
2710 1993 3035 2048 libellorum
3063 1999 3119 2048 et
3148 1992 3521 2062 epistolarum

1867 2061 2191 2132 magistros,
2224 2069 2280 2118 et
2305 2072 2597 2118 curatores
2622 2065 2771 2119 sacri
2799 2065 3135 2133 patrimonii
3161 2061 3416 2119 adiectos
3437 2061 3524 2117 vi-

1863 2133 2064 2205 demus
2095 2147 2125 2188 e
2155 2134 2406 2202 clericis,
2442 2135 2714 2190 sacellani
2763 2142 2818 2190 et
2850 2136 3103 2205 acolythi
3158 2148 3390 2190 munere
3418 2147 3521 2205 per

1862 2201 2154 2278 functuris
2183 2208 2240 2260 in
2263 2219 2554 2261 sacrorum
2583 2206 2932 2262 celebritate.
2959 2201 3038 2261 ita
3067 2207 3220 2261 enim
3243 2201 3522 2278 gradibus

1861 2275 2088 2348 ordinis
2109 2290 2208 2330 sua
2241 2277 2569 2348 integritate
2589 2278 2869 2332 donatisa
2896 2278 3124 2333 Christo
3157 2275 3398 2332 Domino
3425 2289 3521 2344 per

1862 2345 2285 2418 institutionem
2304 2345 2667 2418 sacramenti,
2701 2350 2795 2404 cui
2824 2349 3170 2416 nihiladdit,
3199 2349 3520 2418 autdetra—

1860 2416 1948 2471 hit
1976 2419 2229 2473 admotio
2260 2420 2398 2473 cieri
2445 2421 2515 2474 ad
2551 2416 2665 2474 alia
2696 2420 3021 2475 ministeria
3053 2429 3112 2475 et
3142 2417 3349 2481 oﬁicia,
3388 2418 3517 2488 pie-

1860 2489 1996 2542 tatis
2021 2489 2192 2544 titulo
2222 2488 2433 2556 aﬁinia,
2459 2492 2554 2546 sed
2589 2497 2862 2560 potestate
2883 2492 3132 2555 diversa,
3167 2489 3518 2560 copulantur

1857 2560 2069 2628 gradus
2107 2560 2176 2614 ab
2217 2561 2434 2632 Hygino
2465 2563 2771 2618 distributi
2799 2567 2854 2618 et
2903 2563 3056 2618 clero
3100 2561 3296 2618 collati
3338 2562 3512 2616 etiam

1856 2642 1889 2684 a
1914 2632 2350 2687 successoribus
2369 2672 2382 2686 .

2528 2721 2851 2778 CIACONII.

1924 2809 2094 2866 Linea
2138 2807 2188 2864 4.
2238 2840 2308 2851 -
2377 2812 2479 2865 Hic
2521 2813 2723 2866 clerum
2777 2813 3092 2881 composuit,
3137 2815 3188 2867 et
3223 2811 3510 2867 distribuit

1847 2881 2074 2948 gradus.
2108 2883 2352 2937 Sanctus
2385 2884 2658 2954 Hyginus,
2701 2883 2794 2938 ubi
2831 2885 3080 2952 primum
3130 2882 3386 2953 pontifex
3415 2898 3516 2939 re-

1849 2954 2156 3009 nuntiatus
2206 2960 2312 3021 est,
2377 2954 2720 3010 clericorum
2771 2955 3004 3009 ordines
3056 2956 3366 3023 prudenter
3411 2969 3510 3024 per

1848 3025 2061 3096 gradus
2090 3025 2398 3080 distribuit
2422 3026 2830 3094 distinxitque,
2865 3030 2928 3079 ut
2960 3026 3017 3078 in
3038 3039 3408 3096 unoquoque
3441 3026 3511 3082 ti-

1849 3097 1991 3165 tuio,
2016 3112 2116 3153 seu
2153 3099 2523 3167 presbyterio,
2559 3098 2765 3166 partim
2792 3095 3137 3167 cardinales,
3160 3095 3370 3166 partim
3403 3098 3504 3167 qui

1847 3165 2245 3224 cardinalibus
2284 3165 2604 3236 subessent,
2640 3169 2852 3238 populo
2884 3165 3060 3234 ﬁdeli,
3095 3165 3225 3224 cum
3261 3183 3350 3223 res
3382 3165 3507 3238 ipsa

1851 3243 2184 3306 postularet,
2218 3242 2632 3296 ministrarent.
2665 3242 2741 3293 De
2771 3241 2980 3305 origine
3023 3247 3205 3294 autem
3230 3241 3504 3294 card-Ina—

1847 3311 1982 3365 lium
2021 3314 2144 3367 vide
2181 3313 2426 3367 eumdem
2463 3312 2606 3367 Ciac.
2642 3314 2703 3366 in
2737 3311 2977 3378 Hygino,
3019 3311 3115 3364 ubi
3139 3313 3326 3380 fusius
3363 3312 3507 3366 hanc

1844 3398 1958 3438 rem
1971 3390 2305 3454 pertractat.

2590 3472 2797 3530 PAGlI.

1916 3566 2084 3621 Linea
2137 3564 2188 3620 4.
2246 3595 2316 3607 -ο
2360 3566 2463 3620 Hic
2504 3567 2706 3620 clerum
2758 3570 3071 3637 composuit,
3109 3571 3160 3622 et
3203 3568 3495 3627 distribuit

1843 3639 2071 3707 gradus.
2109 3638 2243 3708 Quae
2287 3638 2366 3692 ita
2416 3638 2788 3709 intelligenda
2840 3653 2963 3695 esse
2995 3645 3186 3696 censet
3219 3641 3496 3699 Baronius

1843 3711 1992 3780 quod
2025 3723 2155 3764 cum
2193 3723 2256 3764 ea
2289 3723 2414 3778 quae
2443 3711 2512 3765 ad
2565 3710 3014 3782 ecclesiasticam
3044 3713 3332 3782 pertinent
3367 3713 3500 3769 hie-

1845 3782 2151 3837 rarcliiam.
2201 3781 2318 3849 jrim
2367 3795 2398 3836 a
2449 3781 2805 3851 temporibus
2859 3781 3254 3852 apostolorum
3303 3792 3495 3843 essent

1843 3853 2181 3925 composita,
2210 3867 2435 3925 (equum
2485 3866 2608 3908 esse
2638 3855 2995 3922 existimare,
3042 3856 3240 3925 aliqua
3272 3861 3494 3914 tantum

1844 3924 2324 4054 altitiqtua‘iaformm
2355 3923 2426 3980 ab
2477 3926 2697 3996 Hygino
2731 3925 2911 3981 fuisse
2940 3923 3161 3997 addita,
3190 3927 3272 3982 vel
3303 3930 3496 3985 eadem

1849 4014 1863 4052 ι
1923 4014 1988 4054 us
2021 4011 2076 4051 ra
2147 4037 2159 4050 .

1849 3999 2159 4054 illustrata.

1917 4069 2134 4138 Hygino
2163 4068 2412 4135 sedente,
2443 4068 2783 4126 Valentinus
2812 4076 2866 4126 et
2895 4070 3075 4126 Cerdo
3106 4069 3497 4128 haeresiarcha:

1840 4142 2073 4196 Romam
2126 4147 2514 4208 perrexerunt,
2575 4141 2785 4197 multas
2833 4143 2982 4211 apud
3053 4142 3247 4196 fideles
3296 4143 3496 4200 turbas

1839 4215 2186 4268 excitarunt.
2211 4213 2456 4266 Marcion
2483 4225 2612 4284 vero
2635 4213 2779 4268 alter
2808 4214 3184 4269 haeresiarcha
3206 4214 3498 4284 Ponticus,

1839 4299 1966 4339 cum
1999 4284 2070 4337 ob
2113 4285 2393 4338 incestum
2446 4283 2696 4338 Ecclesia
2745 4286 2948 4355 pulsus
3001 4284 3229 4349 fuisset,
3277 4288 3494 4357 Hygino

1832 4357 1946 4425 jam
1975 4363 2218 4427 mortuo,
2244 4357 2476 4427 Romam
2501 4369 2560 4410 se
2587 4357 2857 4426 contulit,
2891 4366 2951 4412 ut
2979 4357 3281 4427 colligitur
3300 4371 3367 4412 ex
3391 4361 3500 4413 ire-

1838 4441 1958 4482 nteo
1988 4425 2084 4481 lib.
2125 4441 2164 4492 ι,
2193 4441 2313 4494 cap.
2342 4425 2431 4490 28,
2479 4433 2533 4481 et
2577 4425 2898 4497 Epiphanio
2933 4425 3255 4484 haeresim.
3283 4442 3406 4496 cap.
3441 4427 3491 4482 4.

1833 4500 2019 4569 Quare
2045 4513 2172 4553 cum
2202 4499 2456 4570 Hyginus
2483 4512 2632 4554 anno
2661 4499 2876 4555 Christi
2907 4500 3218 4554 centesimo
3248 4501 3498 4567 quadra-

1834 4571 2051 4644 gesimo
2103 4569 2306 4644 primo,
2352 4575 2409 4624 et
2454 4570 2822 4644 quidemrdie
2869 4572 3086 4625 decima
3125 4569 3384 4644 Januarii
3419 4571 3488 4625 ad

75 4653 131 4691 se
198 4631 678 4712 dedicatum,'cui
736 4643 881 4699 dona
937 4642 1114 4696 multa
1167 4641 1376 4712 legitur
1419 4641 1718 4709 obtulisse,
1757 4631 2116 4698 Dcmlestem
2151 4641 2387 4698 iatriam
2439 4631 2755 4706 transierit,
2793 4650 3090 4711 postquam
3122 4653 3303 4712 annos
3331 4639 3492 4712 dun-

76 4721 240 4762 ium.
280 4705 364 4773 Η,
400 4705 549 4780 quod
581 4720 637 4768 et
669 4713 724 4767 in
757 4713 979 4769 caeteris
1004 4712 1092 4777 ‘23,
1121 4712 1191 4766 ab
1224 4705 1486 4767 ‘Evaristo
1515 4705 1725 4768 divisis

89 4787 237 4852 nter
269 4782 642 4852 presbyteros,
678 4793 732 4840 et
770 4794 950 4841 aucta:
972 4784 1079 4839 sub
1119 4784 1439 4838 Alexandro
1472 4783 1723 4839 oblatio-

76 4866 177 4926 res
213 4851 752 4926 iideliumtquando
782 4871 912 4926 pars
935 4869 1133 4915 magna
1163 4857 1422 4910 Romana:
1442 4855 1724 4910 nobilita—

87 4924 147 4976 is
179 4935 455 4980 conversa
495 4924 766 4984 fueratad
784 4924 982 4986 ﬁdem.
1017 4927 1280 4994 poscebat
1307 4927 1510 4981 aerario
1542 4927 1724 4982 Eccle-

89 4996 175 5047 ἤιε
209 4996 536 5064 ρηεῖθεῐηηι
567 5000 711 5068 dari,
745 5007 800 5055 et
830 5000 1008 5055 sacris
1044 4999 1466 5069 largitionibus,
1496 4999 1720 5067 qualem

76 5079 179 5120 ,ρο
215 5069 454 5135 Magnus
487 5071 767 5127 indicavit
793 5071 1181 5138 Laurentium,
1213 5071 1348 5126 dum
1381 5077 1541 5126 vocat
1574 5090 1598 5122 α
1623 5083 1722 5124 sa—

87 5141 250 5193 rarii
305 5141 621 5208 praisulem,
653 5144 752 5213 qui
790 5157 898 5198 non
944 5144 1130 5199 solum
1180 5143 1499 5197 ministerio
1521 5155 1722 5197 sacra-

76 5217 420 5280 mentorum,
481 5214 576 5268 sed
627 5221 772 5269 etam
823 5215 1254 5282 dispensatione
1318 5215 1722 5270 ecclesiasticae

81 5283 418 5357 ubstantiae
464 5285 884 5353 praecminebat.
924 5306 947 5336 ι)
981 5287 1168 5356 (Serm.
1203 5289 1263 5339 in
1288 5288 1417 5340 Nat.
1447 5287 1504 5339 S.
1533 5285 1723 5357 Laur.)

75 5357 140 5429 in
165 5355 375 5429 igitur
399 5363 527 5429 ante
556 5355 994 5414 Constantinum
1027 5359 1237 5429 gradus
1268 5357 1584 5412 ofﬁciorum
1616 5355 1720 5411 cie;

77 5427 212 5481 icis
243 5427 615 5486 distributos.
642 5442 885 5498 quorum
917 5427 1085 5485 cauSa
1103 5430 1270 5485 etiam
1293 5429 1723 5496 dispensatione

76 5512 375 5555 munerum
427 5501 829 5569 temporalium
878 5503 1303 5571 praaeminerent
1335 5506 1493 5571 extra
1520 5499 1719 5567 altare,

93 5571 168 5626 ui
195 5571 255 5626 in
283 5571 450 5628 altari
475 5571 654 5628 alium
679 5569 917 5643 gradum
943 5573 1236 5628 consecuti
1257 5569 1584 5626 eminebant
1607 5571 1726 5624 mi-

1835 4720 1989 4770 taxat
2012 4720 2258 4784 quatuor
2278 4712 2540 4777 sedisset,
2565 4714 2758 4768 eodem
2786 4714 2999 4781 pariter
3015 4724 3163 4784 anno
3183 4711 3491 4784 Marcionis

1833 4781 2067 4841 Romam
2098 4785 2393 4844 adventus,
2431 4792 2680 4850 tempore
2714 4782 3154 4854 interpontiﬁcii
3189 4781 3489 4854 collocan—

1831 4858 1942 4912 dus
1967 4863 2071 4910 est.
2137 4857 2306 4910 Porro
2360 4855 2703 4911 Philastrius
2754 4852 2955 4910 libfde
2988 4857 3216 4917 ll:eres.,
3249 4868 3372 4921 cap.
3420 4852 3489 4909 46

1832 4927 2058 4995 scribit,
2095 4927 2433 4981 Marcionem
2471 4928 2653 4994 primo
2687 4929 2743 4981 in
2793 4928 2928 4983 Asia
2958 4941 3180 4982 errores
3210 4939 3348 4980 suos
3377 4927 3488 4981 do-

1833 5000 2045 5056 cuisse.
2083 4997 2335 5067 ibiquea
2363 4998 2602 5052 Joannis
2639 4999 2885 5068 apostoli
2925 4997 3258 5066 discipulis,
3296 4999 3488 5065 potius

1835 5084 2003 5140 quam
2047 5071 2118 5124 ab
2146 5074 2269 5138 ipso
2317 5071 2530 5124 Joanne
2558 5071 2908 5130 convictum.
2944 5073 3174 5124 Romam
3227 5069 3475 5142 venisse.

1829 5142 1932 5197 Sed
1967 5155 2114 5206 cum.
2141 5142 2271 5196 sede
2309 5149 2562 5196 vacante.
2591 5155 2622 5196 a
2651 5142 2998 5212 presbyteris
3026 5142 3126 5210 qui
3149 5140 3484 5210 Eccles‘iam,

1832 5220 1894 5269 ut
1925 5227 2042 5268 mos
2064 5219 2201 5279 erat,
2226 5212 2730 5281 administrabant,
2763 5228 2830 5268 ne
2853 5213 3116 5269 Ecclesiae
3140 5212 3371 5282 quidem
3394 5212 3490 5267 ad-

1833 5287 1974 5340 itum
2007 5286 2309 5353 impetrare
2337 5285 2636 5353 potuisset,
2670 5287 2725 5340 in
2752 5287 2990 5340 Pontum
3024 5283 3216 5348 rediit,
3241 5290 3297 5338 et
3323 5285 3490 5352 majo-

1832 5371 1922 5412 res
1970 5357 2202 5411 trahens
2231 5357 2498 5425 spiritus,
2551 5357 2943 5412 vehementius
2974 5358 3032 5410 in
3084 5355 3308 5410 eosdem
3345 5368 3482 5410 suos

1829 5441 2051 5484 errores
2069 5428 2242 5497 cmpit
2264 5427 2612 5494 incumbere,
2640 5430 2709 5482 de
2732 5429 2946 5499 quibus
2970 5426 3241 5499 legendus
3263 5425 3487 5499 Natalis

1829 5499 2147 5555 Alexander
2172 5499 2381 5555 saeculo
2414 5513 2475 5566 ιι,
2511 5499 2608 5554 ubi
2631 5506 2688 5555 et
2709 5497 2780 5554 de
2805 5497 3089 5555 Valentini
3119 5510 3185 5552 ac
3204 5497 3482 5554 Cerdonis

1839 5571 2158 5627 hmresibus
2187 5572 2321 5627 agit.

1879 5572 2158 5627 mresibus
2187 5572 2321 5640 agit.
