4024 6176
467 342 604 402 4203

1682 352 2036 411 ΑΝΑΞΤΑΞΙΙ
2084 351 2628 408 BIBLIOTHECARII

3713 348 3852 410 4204

1599 693 1699 764 XI
1717 739 1738 762 .
1820 692 2193 764 SANCTUS
2264 691 2376 762 AN
2384 693 2406 762 l
2415 691 2680 763 CETUS
2696 737 2718 758 .

1381 897 1554 943 ANNO
1603 899 1864 944 CHRISTI
1898 885 2034 958 167,
2086 899 2159 942 Μ.
2211 898 2474 943 AURELII
2505 899 2586 942 ET
2616 899 2674 944 L.
2703 885 2936 943 VERI5.

1988 1096 2312 1108 ——_—

783 1245 825 1307 1
843 1247 882 1308 1
921 1257 950 1288 α
973 1246 1321 1329 Anicetus,
1351 1249 1633 1314 natione
1661 1249 1912 1331 Syrus,
1933 1269 2014 1315 ea
2032 1254 2240 1332 patre
2267 1254 2531 1317 Joanne
2561 1253 2638 1317 de
2666 1251 2808 1316 vico
2845 1251 3068 1316 Omisa
3096 1250 3124 1294 δ
3150 1248 3324 1314 sedit
3349 1267 3565 1312 annos
3595 1267 3864 1325 novem,

703 1367 966 1416 menses
996 1357 1152 1434 tres,
1187 1355 1328 1418 dies
1354 1360 1488 1419 tres
1534 1369 1559 1397 ο
1588 1358 1757 1420 Fuit
1796 1363 2019 1422 autem
2045 1357 2075 1400 ἀ
2125 1361 2533 1442 temporibus
2563 1359 2802 1423 Severi
2831 1363 2894 1422 et
2931 1358 3177 1436 Marci,
3211 1373 3254 1421 a
3284 1356 3654 1422 consulatu
3703 1355 3865 1419 Gal-

701 1458 836 1522 lica
849 1460 924 1522 ni
951 1465 1016 1524 et
1059 1464 1314 1527 Veteris
1347 1481 1558 1545 usque
1587 1465 1678 1527 ad
1696 1467 2101 1530 Praesentem
2129 1471 2194 1530 et
2220 1469 2554 1547 Ruﬁnum
2595 1468 2733 1531 Hic
2762 1466 3122 1530 constituit
3178 1469 3255 1528 ut
3285 1464 3510 1529 clerus
3537 1476 3565 1506 θ
3625 1481 3866 1527 comam

699 1583 834 1630 non
865 1571 1169 1634 nutriret
1220 1571 1586 1634 secundum
1626 1576 2028 1653 praeceptum
2072 1575 2374 1654 Apostoli
2437 1572 2476 1636 ί.
2506 1575 2643 1638 Hic
2683 1573 2851 1659 fecit
2877 1573 3341 1637 ordinationes
3388 1572 3698 1654 quinque
3749 1591 3869 1654 per

702 1691 990 1740 mensem
1019 1679 1473 1745 Decembrem:
1501 1680 1935 1762 presbyteros
1981 1683 2461 1762 septemdecim,
2510 1681 2823 1746 diaconos
2855 1685 3170 1764 quatuor,
3207 1681 3549 1764 episcopos
3595 1697 3734 1762 per
3764 1682 3868 1743 di-

700 1799 898 1847 versa
936 1783 1080 1849 loca
1110 1802 1386 1850 numero
1415 1805 1676 1850 novem.
1705 1789 1830 1864 Qui
1859 1788 2063 1851 etiam
2091 1788 2254 1851 obiit
2283 1792 2541 1870 martyr
2569 1793 2634 1851 et
2663 1791 2965 1870 sepultus
2997 1790 3094 1850 est
3115 1788 3189 1850 in
3219 1789 3596 1851 ccemeterio
3624 1789 3864 1851 Calixti

697 1893 821 1958 XII
862 1891 1026 1956 Kal.
1058 1894 1239 1958 Maii
1269 1905 1340 1974 ε,
1375 1898 1440 1959 et
1466 1895 1756 1960 cessavit
1776 1897 2213 1977 episcopatus
2243 1897 2387 1961 dies
2414 1901 2666 1978 septem
2688 1895 2718 1938 δ
2755 1943 2769 1958 .

1625 2076 2118 2142 CATALOGUS
2167 2075 2323 2140 SUB
2363 2077 2706 2140 LIBERIO

1815 2213 1904 2266 Ea:
1955 2211 2189 2266 editione
2241 2210 2516 2266 Bucherii.

1421 2329 1590 2387 Deest
1622 2328 1715 2385 hic
1762 2327 2045 2398 Anicetus,
2078 2326 2174 2384 cui
2215 2326 2356 2383 dant
2384 2340 2564 2384 annos
2598 2339 2738 2398 pene
2763 2330 2912 2384 octo.

1219 2447 1369 2502 Idem
1411 2463 1479 2503 ex
1507 2447 1744 2502 editione
1770 2446 2158 2511 Schelestratii,
2193 2447 2385 2499 eatacta
2410 2443 2486 2497 ad
2523 2459 2623 2498 ms.
2670 2443 2991 2506 Cmsareum,
3020 2446 3128 2498 etc.

781 2558 1099 2623 Anicetus
1167 2562 1390 2625 annis.
1448 2610 1462 2625 .
1511 2610 1525 2624 .
1581 2610 1594 2625 .
1645 2610 1658 2624 .
1709 2580 1750 2624 ε.
1799 2562 2156 2626 consulatu
2225 2559 2562 2624 Gallicani
2646 2563 2711 2624 et
2774 2560 3030 2625 Veteris
3098 2573 3312 2640 usque
3391 2561 3728 2622 Praesente
3803 2569 3866 2621 et

704 2657 972 2720 Ruﬁno.

708 2783 889 2839 Lectio
913 2784 1149 2853 catalogi
1167 2785 1467 2848 Liberiani,
1500 2785 1762 2855 suppletis
1795 2786 2024 2853 lacunis,
2055 2789 2310 2843 restituta
2340 2803 2408 2842 ea:
2432 2789 2669 2843 aliorum
2693 2787 3061 2855 catalogorum
3088 2785 3354 2849 subsidio,
3383 2788 3443 2840 ut
3467 2785 3625 2852 infra

1243 2874 1479 2928 ostendit
1507 2875 1844 2930 Blanchinus
1873 2877 1935 2929 in
1962 2878 2105 2930 notis
2134 2877 2524 2945 chronologieis
2553 2878 2630 2931 ad
2659 2879 2802 2932 hunc
2825 2892 3130 2931 numerum.

783 2986 1104 3050 Anicetus
1157 2988 1357 3050 annis
1415 2993 1510 3068 11,
1559 3003 1770 3051 mens.
1817 2991 1879 3068 4,
1935 2989 2109 3053 dieb.
2151 2992 2211 3053 3.
2259 2992 2415 3055 Fuit
2470 2991 2881 3073 temporibus
2908 2989 3231 3056 Antonini
3268 2988 3393 3070 Pii,
3439 3008 3478 3052 a
3505 2988 3871 3053 consulatu

708 3084 1050 3149 Gallicani
1079 3089 1144 3150 et
1173 3086 1429 3150 Veteris
1450 3103 1664 3168 usque
1685 3086 1944 3151 duobus
1972 3090 2325 3169 Augustis.

1584 3232 1865 3278 NOTULIE
1930 3233 2356 3278 MARGINALES
2421 3233 2767 3278 FABRO'I‘TI.

533 3345 564 3377 α
612 3335 742 3391 Bar.

463 3407 522 3463 d.
551 3411 606 3470 7.
720 3407 748 3449 ἀ
771 3411 834 3463 Β.
864 3413 936 3465 Μ.
966 3411 1187 3466 Aurelii
1213 3418 1269 3468 et
1298 3407 1516 3468 LIVeri
1539 3425 1572 3467 a
1597 3425 1745 3467 coss.
1769 3413 1873 3467 Puc

462 3479 736 3544 clericus.
764 3480 788 3524 ἰ
815 3483 840 3536 1
869 3483 977 3538 Cor
1009 3496 1066 3537 xx
1095 3495 1126 3536 ε
1149 3497 1219 3539 xv
1263 3483 1393 3539 Kal.
1436 3483 1539 3538 CB.
1568 3481 1598 3524 ιι
1648 3483 1753 3552 CB,
1788 3479 1873 3538 l7.

773 3339 969 3406 probat
993 3340 1222 3395 Aniceto
1243 3341 1681 3410 anteponendum
1718 3341 1878 3396 Pium
1924 3341 2000 3395 ad
2024 3357 2156 3395 ann.
2193 3337 2311 3396 158.

720 3407 748 3449 d
771 3411 837 3484 _B.
864 3413 936 3484 tl.
966 3411 1187 3466 Aurelii
1213 3418 1278 3484 et
1293 3407 1516 3484 iui—Veri
1539 3425 1579 3484 a_
1597 3425 1745 3484 coss.
1769 3413 2043 3484 Pudentis
2063 3419 2118 3468 et
2143 3413 2396 3484 Orphiti,
2420 3416 2490 3472 ad
2513 3407 2780 3470 Severum
2799 3414 2847 3468 ll
2874 3417 2929 3468 et
2948 3407 3155 3470 Claud.
3177 3411 3606 3482 Pompeianum.

3006 3350 3032 3382 ο
3057 3341 3159 3411 CB,
3204 3352 3338 3395 ann.
3361 3339 3397 3394 9
3426 3337 3621 3394 minus
3650 3353 3725 3394 m.
3758 3335 3798 3394 3
3829 3345 3874 3392 et

3006 3412 3148 3468 .aud.
3177 3411 3606 3468 Pompeianum.
3724 3421 3754 3451 ο
3779 3412 3871 3468 CB.

2451 3337 2480 3380 ι)
2513 3339 2570 3409 C,
2599 3340 2873 3397 Humisia.

1749 3637 2036 3701 VARIE
2100 3639 2460 3703 LECTION
2466 3641 2589 3702 ES.

747 3781 918 3853 Apud
953 3781 1268 3835 Fabrottum
1305 3793 1371 3833 ea:
1395 3777 1572 3834 codice
1595 3779 1834 3834 Freheri.

539 3893 703 3958 Num.
734 3886 821 3956 ll,
857 3889 950 3958 lin
979 3885 1032 3957 2,
1084 3887 1147 3956 B,
1189 3881 1243 3940 7.
1279 3885 1377 3941 lin.
1417 3883 1471 3956 5,
1504 3885 1621 3957 AB,
1673 3885 1724 3956 6,
1762 3887 1862 3941 lin.
1912 3885 1964 3958 6,
2026 3887 2122 3943 AB

471 3957 527 4016 8.
559 3963 658 4032 tin,
683 3957 738 4030 7,
769 3961 812 4013 B
847 3956 933 4014 49.

685 4086 771 4141 Ea:
812 4081 991 4138 codice
1033 4082 1216 4150 Regio,
1273 4081 1553 4136 Mazarino
1583 4086 1633 4137 et
1665 4083 1909 4138 Thuano.

543 4199 609 4252 In
652 4195 780 4260 Reg.
835 4195 887 4245 et
915 4190 1055 4244 Max.
1087 4191 1437 4261 anteponitur
1463 4191 1617 4254 Pius,
1659 4191 1912 4246 Aniceto.
1946 4192 2028 4247 lin
2073 4189 2122 4261 4,

473 4269 544 4323 de
585 4265 712 4322 vico
743 4261 1002 4333 Humisia
1045 4276 1092 4316 s.
1134 4273 1265 4333 ann.
1322 4259 1517 4333 ll,ﬂm.
1561 4266 1612 4329 4,
1664 4263 1790 4319 dies
1831 4261 1884 4318 3.
1919 4264 2018 4318 lin.
2067 4259 2122 4333 2,

473 4341 600 4406 Reg.
643 4333 815 4406 Marci
861 4338 914 4406 et
965 4332 1204 4406 Severi:
1224 4334 1378 4406 Mai.
1409 4332 1693 4406 Severiet
1731 4335 1926 4389 Marci.
1959 4336 2038 4390 lin
2069 4334 2123 4404 3,

2139 3764 2197 3824 A
2227 3768 2536 3819 constanter
2563 3763 2762 3818 habent
2779 3777 2904 3817 mss.
2937 3759 3314 3831 codices)7l(al.
3348 3773 3443 3816 xv.
3475 3757 3600 3816 Kal.
3633 3759 3704 3814 Μ.
3731 3761 3868 3815 Ha:-

2225 3848 2303 3892 xx
2333 3835 2456 3893 Kal.
2484 3837 2558 3892 M.
2585 3841 2640 3891 et
2669 3835 2915 3891 cessavit
2943 3847 3032 3905 ep.
3058 3834 3118 3889 d.
3148 3829 3240 3888 l7.

2650 3925 2738 3978 Ea:
2778 3923 2957 3978 codice
3011 3922 3236 3977 Thuano
3275 3921 3448 3976 altero

2295 4014 2664 4072 Anteponitur
2708 4015 2860 4067 Pius.
2911 4013 3009 4066 lin.
3052 4009 3103 4072 l.
3158 4011 3228 4067 de
3272 4010 3401 4067 vico
3450 4009 3685 4066 Umisiae
3731 4007 3872 4064 sedit

2226 4098 2360 4141 ann.
2398 4080 2483 4154 ll,
2511 4099 2582 4140 m.
2613 4083 2665 4139 4.
2701 4085 2796 4139 lin.
2827 4081 2883 4153 7,
2917 4084 3041 4139 dies
3076 4080 3163 4138 l7.

2510 4174 2678 4243 Apud
2698 4173 3033 4242 Hols_tenium
3061 4177 3112 4227 et
3131 4171 3596 4227 Schelestratium.

2293 4263 2416 4318 Lin.
2444 4260 2493 4331 ἶ,
2532 4264 2656 4318 Vat.
2683 4268 2733 4316 et
2758 4263 2882 4318 Flor
2913 4264 3103 4330 prim.,
3126 4261 3386 4328 Humisa,
3419 4259 3527 4312 lin.
3557 4256 3614 4327 2,
3642 4259 3870 4314 Floreat.

2226 4334 2354 4404 duo,
2378 4347 2481 4404 an.
2519 4331 2603 4402 ll,
2640 4348 2786 4390 men.
2815 4333 2866 4386 4.
2897 4334 2995 4387 lin.
3045 4331 3096 4402 4,
3127 4333 3318 4387 Cassin
3347 4337 3397 4386 et
3427 4332 3603 4404 Flo_r.,
3631 4331 3868 4404 nutriat.

479 4398 662 4480 usque
689 4405 759 4480 ad
789 4403 1266 4480 Ruﬁnumhetl’r.
1291 4403 1418 4480 AHic
1444 4404 1750 4480 constituit
1788 4412 1852 4480 ut
1876 4398 2128 4464 clericus
2229 4398 2452 4480 ὶίῃᾙὲἱ,Δ
2467 4398 2618 4480 flor.
2667 4406 3030 4480 dyoLYatic.
3076 4398 3155 4480 et‘
3179 4404 3326 4458 Cass.
3355 4398 3738 4480 presbyteros
3791 4398 3868 4458 49.

479 4471 694 4537 co.'tin.
721 4475 777 4547 5,
811 4475 997 4547 presb.
1029 4471 1115 4530 48.
1154 4475 1252 4530 lin.
1283 4473 1336 4545 6,
1381 4474 1504 4548 loca
1537 4473 1593 4541 9,
1625 4477 1726 4548 qui
1763 4477 1935 4533 etiam
1970 4493 2127 4535 mar-
2227 4471 2516 4546 episc.'12.
2565 4477 2662 4532 lin.
2693 4474 2748 4548 7,
2775 4471 2922 4532 Flor.
2953 4475 3082 4539 duo,
3116 4475 3267 4532 Cass.
3313 4479 3361 4530 et
3384 4471 3396 4473 ’
3423 4471 3600 4530 Vatic.
3634 4474 3755 4530 dies
3784 4485 3873 4527 se.

478 4551 630 4624 tyrio
680 4545 989 4608 coronatus
1035 4551 1123 4603 est
1164 4551 1220 4604 et
1279 4545 1540 4618 sepultus
1583 4545 1659 4604 in‘
1690 4549 1980 4606 cimiterio
2029 4551 2126 4622 (sic
2228 4545 2596 4620 ptemdecim.

1802 4696 2050 4760 NOTE
2099 4698 2562 4762 VARIORUM.

1033 4820 1574 4877 SCHELESTRATE.

554 4910 913 4970 Duodecimus
941 4910 1222 4964 Anicetus.
1257 4909 1336 4964 Ex
1361 4909 1466 4965 hoc
1495 4923 1731 4967 numero
1765 4912 2134 4980 pontificatus

483 4983 844 5042 duodecimo,
884 4987 1035 5052 patet
1064 4987 1353 5037 auctorem
1391 4981 1543 5036 Libri
1579 4983 1929 5038 Pontiﬁcalis
1972 4984 2130 5038 Pium

2241 4827 2459 4878 cretum
2487 4828 2590 4889 est,
2626 4835 2695 4878 ne
2723 4820 2920 4878 clerici
2947 4833 3165 4876 comam
3197 4819 3480 4883 nutriant.
3511 4820 3612 4877 sed
3648 4819 3874 4888 desuper

2242 4901 2414 4963 caput
2456 4893 2513 4949 in
2561 4894 2788 4950 modum
2837 4893 3071 4962 sphaerae
3130 4892 3351 4961 radant,
3407 4903 3535 4946 can.
3583 4891 3873 4963 Prohibere.

2243 4960 2328 5021 33⁷
2357 4966 2495 5021 dist.
2540 4968 2616 5020 Ex
2658 4960 2897 5034 antiqua
2943 4960 3363 5020 consuetudine
3408 4963 3670 5034 Ecclesia:
3696 4960 3875 5019 clerici

485 5033 1352 5125 λῖιῖεέιῖ”ι3ῐθὲθῦὄέἰι’ίέὲὲ;“ἐάτὶῖ
1387 5033 1543 5108 Suilli
1579 5033 2135 5125 “Η’9ὲ⁷ί“ιῖιὶἷιί”διέιίιῖεἶὶ
2165 5096 2215 5125 ι)
2245 5035 2425 5125 Wire.
2445 5037 2700 5125 ίίὶιὲδέὲἕι.
2719 5033 3876 5125 ἓφέίέηεέξη;-ἒὲἓὲ,ἓξὲ·.λέ¹ἒξ¹ἰῖο,ἓί¹ἰ·.ἐῖτ

485 5096 868 5192 ἃὲἓῖιῖιίἶωῗέἶ
879 5096 1178 5180 Ἆῖιῖἰὲὲῖῖῶ
1195 5096 2135 5193 ἅιῖὲ›’ἁθὲἱ”ιὶιᾞηι’,’ἷ›ἷίὶξἷὲἰάιῖἱῖᾶἶιῖἑ
2165 5096 2217 5156 Β
2245 5123 2370 5193 αξη).
2404 5107 2452 5193 1,
2473 5110 2541 5193 ᾳθ
2560 5107 2873 5191 Τηβοᾱοτρ.
2903 5107 3000 5176 qui
3012 5120 3050 5193 Ξ
3077 5105 3365 5193 Υίίιειξξξιρρ
3397 5096 3878 5193 rapientium}

487 5199 644 5254 Libri
674 5195 1027 5260 Pontiﬁcalis
1047 5195 1348 5251 codicibus
1376 5197 1722 5251 intercedere
1739 5197 1962 5266 debuit,
1980 5197 2134 5253 sicut

487 5275 794 5326 attestatur
818 5269 994 5324 Lucas
1015 5267 1365 5333 Holstenius,
1386 5269 1486 5336 qui
1518 5273 1672 5322 notat
1697 5286 1709 5321 :
1739 5269 1917 5322 Hicin
1947 5284 2136 5323 manu-

485 5343 704 5412 scriptis
743 5341 1072 5412 Florentinis
1091 5341 1319 5412 ponitur
1345 5340 1498 5412 Pius,
1541 5342 1629 5412 cui
1657 5340 1914 5394 subditur
1937 5340 2134 5394 deinde

485 5410 763 5468 Anicetus.
790 5414 855 5467 Et
875 5411 1148 5467 siccodex
1172 5410 1380 5480 regina:
1395 5410 1629 5466 Sueciaa.
1646 5413 1888 5467 Notatur
1906 5424 2133 5481 quoque

487 5485 547 5540 in
575 5498 812 5554 corpore
837 5482 1160 5552 Byzantina:
1189 5483 1455 5537 Historiae
1490 5488 1615 5552 post
1643 5483 1933 5539 Anastasii
1978 5483 2133 5538 Vitas

484 5556 905 5679 Bomigcumtin
925 5555 1086 5623 Regio
1113 5558 1163 5607 et
1187 5555 1464 5610 Μαιαῖοὶηο
1489 5555 1762 5609 codicibus
1783 5555 2135 5624 anteponitur

532 5641 615 5679 ius
702 5641 816 5679 mce
842 5640 890 5678 ο.

532 5627 615 5680 ius
645 5627 890 5679 Aniceto.

1085 5731 1528 5787 ALTASERRIE.

555 5819 727 5874 Linea
773 5817 825 5874 3.
882 5846 954 5858 —
1000 5823 1099 5875 Hic
1137 5823 1416 5875 constituit
1454 5826 1516 5875 ut
1562 5821 1735 5877 clerus
1780 5838 1984 5878 comam
2021 5839 2131 5879 non

477 5892 730 5958 nutriret,
761 5889 1055 5946 secundum
1091 5897 1420 5962 praeceptum
1465 5892 1736 5964 Apostoti.
1762 5895 1988 5952 Aniceti
2023 5896 2132 5953 de—

2243 5177 2380 5236 etin
2406 5181 2756 5234 Britanniam
2779 5181 2991 5234 missus
3009 5177 3301 5248 Evangelii
3325 5178 3679 5246 praedicandi
3696 5188 3876 5248 causa:

2246 5271 2270 5302 ‹‹
2312 5249 2418 5318 Qui
2467 5251 2858 5306 subdiaconus
2906 5247 3226 5316 ordinatus,
3263 5256 3515 5318 quatuor
3541 5247 3882 5320 exspectavit

2244 5336 2482 5390 menses,
2513 5323 2692 5378 donec
2725 5322 2812 5376 illi
2843 5335 3054 5376 corona
3079 5326 3377 5384 cresceret,
3410 5334 3524 5390 quo
3548 5321 3610 5376 in
3632 5331 3881 5377 coronam

2241 5395 2467 5449 tonderi
2495 5403 2714 5463 posset:
2745 5392 3186 5448 habueratenim
3205 5397 3500 5446 tonsuram
3527 5406 3684 5448 more
3703 5391 3882 5448 Orieno

2246 5467 2444 5522 talium
2468 5466 2651 5521 sancti
2683 5465 2847 5520 Pauli
2877 5463 3142 5533 apostoli.
3179 5481 3203 5512 υ
3233 5463 3489 5517 Nativam
3510 5477 3784 5520 coronam
3809 5474 3882 5516 ca-

2246 5538 2516 5607 pillorum
2564 5537 2766 5594 ordine
2808 5549 2912 5591 suo
2974 5535 3032 5590 in
3071 5534 3263 5607 orbem
3309 5541 3582 5604 surgente
3626 5536 3883 5590 habuisse

2246 5606 3226 5679 memoraturNicetiusTreviren_sis
3243 5607 3886 5679 epis_copus.Gregorins

2242 5683 2454 5736 Turon.
2480 5682 2549 5736 de
2575 5679 2688 5736 Vit.
2723 5680 2896 5745 Patr.,
2929 5692 3056 5748 cap.
3090 5675 3153 5732 l7
3180 5697 3197 5731 :
3232 5697 3256 5727 cr
3287 5677 3472 5748 Igitur
3501 5675 3761 5734 sanctus.
3792 5677 3885 5730 Ni—

2242 5752 2427 5806 cetius
2451 5780 2459 5799 ι
2483 5751 2772 5820 piscopus,
2801 5749 2870 5804 ab
2901 5749 3024 5820 ipso
3059 5754 3221 5805 ortus
3246 5750 3344 5820 sui
3373 5755 3628 5820 tempore
3650 5749 3888 5805 clericus

2240 5817 2571 5893 designatus
2594 5817 2680 5877 est
2706 5839 2718 5876 :
2747 5817 2874 5876 nam
2894 5817 3022 5878 cum
3048 5825 3211 5893 partu
3234 5817 3438 5893 fuisset
3461 5818 3700 5893 effusus,
3732 5831 3889 5893 omne

2240 5891 2410 5968 caput
2434 5895 2580 5966 ejus,
2610 5898 2670 5950 ut
2687 5899 2773 5951 est
2793 5892 3147 5951 consuetudo
3168 5891 3528 5949 nascentium
3556 5891 3886 5968 infantium,
