  <div class='ocr_page' id='page_1' title='image "/cluster/home/n/w/nwhite01/storage/ocr_20150623/127/hvd.32044054759881/608.png"; bbox 0 0 4024 6176; ppageno 0'>
   <div class='ocr_carea' id='block_1_1' title="bbox 182 300 331 360">
    <p class='ocr_par' dir='ltr' id='par_1_1' title="bbox 182 300 331 360">
     <span class='ocr_line' id='line_1_1' title="bbox 182 300 331 360; baseline 0.02 -2"><span class='ocrx_word' id='word_1_1' title='bbox 182 300 331 360; x_wconf 78' lang='grc'>1205</span> 
     </span>
    </p>
   </div>
   <div class='ocr_carea' id='block_1_2' title="bbox 184 427 748 497">
    <p class='ocr_par' dir='ltr' id='par_1_2' title="bbox 184 427 748 497">
     <span class='ocr_line' id='line_1_2' title="bbox 184 427 748 497; baseline 0.009 -16"><span class='ocrx_word' id='word_1_2' title='bbox 184 440 219 481; x_wconf 89' lang='lat' dir='ltr'><strong>a</strong></span> <span class='ocrx_word' id='word_1_3' title='bbox 264 427 500 497; x_wconf 84' lang='lat' dir='ltr'><strong>capillis</strong></span> <span class='ocrx_word' id='word_1_4' title='bbox 530 428 748 486; x_wconf 88' lang='lat' dir='ltr'><strong>nudum</strong></span> 
     </span>
    </p>
   </div>
   <div class='ocr_carea' id='block_1_3' title="bbox 186 501 1841 575">
    <p class='ocr_par' dir='ltr' id='par_1_3' title="bbox 186 501 1841 575">
     <span class='ocr_line' id='line_1_3' title="bbox 186 501 1841 575; baseline 0.005 -25"><span class='ocrx_word' id='word_1_5' title='bbox 186 511 335 575; x_wconf 77' lang='lat' dir='ltr'><strong>vero</strong></span> <span class='ocrx_word' id='word_1_6' title='bbox 358 501 712 575; x_wconf 80' lang='lat' dir='ltr'><strong>modicorum</strong></span> <span class='ocrx_word' id='word_1_7' title='bbox 747 501 993 575; x_wconf 84' lang='lat' dir='ltr'><strong>pilorum</strong></span> <span class='ocrx_word' id='word_1_8' title='bbox 1023 505 1163 560; x_wconf 87' lang='lat' dir='ltr'><strong>ordo</strong></span> <span class='ocrx_word' id='word_1_9' title='bbox 1192 506 1481 575; x_wconf 91' lang='lat' dir='ltr'><strong>apparuit,</strong></span> <span class='ocrx_word' id='word_1_10' title='bbox 1515 511 1579 561; x_wconf 93' lang='lat' dir='ltr'><strong>ut</strong></span> <span class='ocrx_word' id='word_1_11' title='bbox 1609 510 1841 575; x_wconf 85' lang='lat' dir='ltr'><strong>putares</strong></span> 
     </span>
    </p>
   </div>
   <div class='ocr_carea' id='block_1_4' title="bbox 181 569 1624 649">
    <p class='ocr_par' dir='ltr' id='par_1_4' title="bbox 181 569 1624 649">
     <span class='ocr_line' id='line_1_4' title="bbox 181 569 1624 649; baseline 0.004 -24"><span class='ocrx_word' id='word_1_12' title='bbox 181 569 259 624; x_wconf 89' lang='lat' dir='ltr'><strong>ab</strong></span> <span class='ocrx_word' id='word_1_13' title='bbox 284 570 501 627; x_wconf 87' lang='lat' dir='ltr'><strong>eisdem</strong></span> <span class='ocrx_word' id='word_1_14' title='bbox 533 569 800 628; x_wconf 87' lang='lat' dir='ltr'><strong>coronam</strong></span> <span class='ocrx_word' id='word_1_15' title='bbox 827 573 1024 630; x_wconf 83' lang='lat' dir='ltr'><strong>clerici</strong></span> <span class='ocrx_word' id='word_1_16' title='bbox 1048 569 1557 649; x_wconf 61' lang='lat' dir='ltr'><strong>fuisse&#39;s&#39;ignatam.</strong></span> <span class='ocrx_word' id='word_1_17' title='bbox 1598 569 1624 627; x_wconf 66' lang='grc' dir='ltr'><strong><em>ὖ</em></strong></span> 
     </span>
    </p>
   </div>
   <div class='ocr_carea' id='block_1_5' title="bbox 743 680 1292 738">
    <p class='ocr_par' dir='ltr' id='par_1_5' title="bbox 743 680 1292 738">
     <span class='ocr_line' id='line_1_5' title="bbox 743 680 1292 738; baseline 0.007 -5"><span class='ocrx_word' id='word_1_18' title='bbox 743 680 907 735; x_wconf 82' lang='lat' dir='ltr'><strong>BINII</strong></span> <span class='ocrx_word' id='word_1_19' title='bbox 936 694 1001 736; x_wconf 76' lang='lat' dir='ltr'><strong>ET</strong></span> <span class='ocrx_word' id='word_1_20' title='bbox 1031 683 1292 738; x_wconf 82' lang='lat' dir='ltr'><strong>LABBEI.</strong></span> 
     </span>
    </p>
   </div>
   <div class='ocr_carea' id='block_1_6' title="bbox 258 764 1840 841">
    <p class='ocr_par' dir='ltr' id='par_1_6' title="bbox 258 764 1840 841">
     <span class='ocr_line' id='line_1_6' title="bbox 258 764 1840 841; baseline 0.004 -21"><span class='ocrx_word' id='word_1_21' title='bbox 258 764 362 836; x_wconf 90' lang='lat' dir='ltr'><strong>(Ex</strong></span> <span class='ocrx_word' id='word_1_22' title='bbox 382 764 725 841; x_wconf 16' lang='lat' dir='ltr'><strong>BiN.)iLinea</strong></span> <span class='ocrx_word' id='word_1_23' title='bbox 760 765 808 822; x_wconf 91' lang='lat'><strong>4.</strong></span> <span class='ocrx_word' id='word_1_24' title='bbox 837 799 906 808; x_wconf 88' lang='lat'><strong><em>—</em></strong></span> <span class='ocrx_word' id='word_1_25' title='bbox 946 770 1225 826; x_wconf 84' lang='lat' dir='ltr'><strong>Anicetus.</strong></span> <span class='ocrx_word' id='word_1_26' title='bbox 1260 770 1370 841; x_wconf 87' lang='lat' dir='ltr'><strong>Qui</strong></span> <span class='ocrx_word' id='word_1_27' title='bbox 1403 771 1699 829; x_wconf 87' lang='lat' dir='ltr'><strong>Anicetum</strong></span> <span class='ocrx_word' id='word_1_28' title='bbox 1739 771 1840 827; x_wconf 91' lang='lat' dir='ltr'><strong>Pio</strong></span> 
     </span>
    </p>
   </div>
   <div class='ocr_carea' id='block_1_7' title="bbox 182 838 1836 914">
    <p class='ocr_par' dir='ltr' id='par_1_7' title="bbox 182 838 1836 914">
     <span class='ocr_line' id='line_1_7' title="bbox 182 838 1836 914; baseline 0.005 -24"><span class='ocrx_word' id='word_1_29' title='bbox 182 838 646 914; x_wconf 66' lang='lat' dir='ltr'><strong>anteponendum</strong></span> <span class='ocrx_word' id='word_1_30' title='bbox 696 848 1173 914; x_wconf 82' lang='lat' dir='ltr'><strong>essesenserunt,</strong></span> <span class='ocrx_word' id='word_1_31' title='bbox 1206 838 1510 914; x_wconf 81' lang='lat' dir='ltr'><strong>[legesippi</strong></span> <span class='ocrx_word' id='word_1_32' title='bbox 1538 852 1593 900; x_wconf 89' lang='lat' dir='ltr'><strong>et</strong></span> <span class='ocrx_word' id='word_1_33' title='bbox 1641 844 1836 900; x_wconf 72' lang='lat' dir='ltr'><strong>lrenaei</strong></span> 
     </span>
    </p>
   </div>
   <div class='ocr_carea' id='block_1_8' title="bbox 186 908 1318 970">
    <p class='ocr_par' dir='ltr' id='par_1_8' title="bbox 186 908 1318 970">
     <span class='ocr_line' id='line_1_8' title="bbox 186 908 1318 970; baseline 0.005 -8"><span class='ocrx_word' id='word_1_34' title='bbox 186 909 523 963; x_wconf 89' lang='lat' dir='ltr'><strong>testimonio</strong></span> <span class='ocrx_word' id='word_1_35' title='bbox 547 908 943 967; x_wconf 69' lang='lat' dir='ltr'><strong>efficacissime</strong></span> <span class='ocrx_word' id='word_1_36' title='bbox 974 908 1318 970; x_wconf 47' lang='lat' dir='ltr'><strong>refutantur:</strong></span> 
     </span>
    </p>
   </div>
   <div class='ocr_carea' id='block_1_9' title="bbox 252 978 1839 1057">
    <p class='ocr_par' dir='ltr' id='par_1_9' title="bbox 252 978 1839 1057">
     <span class='ocr_line' id='line_1_9' title="bbox 252 978 1839 1057; baseline 0.004 -24"><span class='ocrx_word' id='word_1_37' title='bbox 252 978 359 1057; x_wconf 79' lang='lat' dir='ltr'><strong>(_Ex</strong></span> <span class='ocrx_word' id='word_1_38' title='bbox 382 978 542 1057; x_wconf 54' lang='lat' dir='ltr'><strong>iam.)</strong></span> <span class='ocrx_word' id='word_1_39' title='bbox 578 980 835 1057; x_wconf 49' lang='lat' dir='ltr'><strong>Linea}.</strong></span> <span class='ocrx_word' id='word_1_40' title='bbox 862 1012 936 1024; x_wconf 93' lang='grc'><strong>--</strong></span> <span class='ocrx_word' id='word_1_41' title='bbox 982 984 1291 1041; x_wconf 84' lang='lat' dir='ltr'><strong>Secundum</strong></span> <span class='ocrx_word' id='word_1_42' title='bbox 1313 990 1646 1057; x_wconf 60' lang='lat' dir='ltr'><strong>pracepfum</strong></span> <span class='ocrx_word' id='word_1_43' title='bbox 1680 987 1839 1057; x_wconf 83' lang='lat' dir='ltr'><strong>Apo-</strong></span> 
     </span>
    </p>
   </div>
   <div class='ocr_carea' id='block_1_10' title="bbox 183 1050 789 1108">
    <p class='ocr_par' dir='ltr' id='par_1_10' title="bbox 183 1050 789 1108">
     <span class='ocr_line' id='line_1_10' title="bbox 183 1050 789 1108; baseline 0.007 -4"><span class='ocrx_word' id='word_1_44' title='bbox 183 1052 309 1105; x_wconf 77' lang='lat' dir='ltr'><strong>stol.</strong></span> <span class='ocrx_word' id='word_1_45' title='bbox 330 1050 554 1107; x_wconf 89' lang='lat' dir='ltr'><strong>Absuut</strong></span> <span class='ocrx_word' id='word_1_46' title='bbox 575 1065 608 1108; x_wconf 89' lang='lat' dir='ltr'><strong>a</strong></span> <span class='ocrx_word' id='word_1_47' title='bbox 632 1054 690 1107; x_wconf 93' lang='lat' dir='ltr'><strong>C.</strong></span> <span class='ocrx_word' id='word_1_48' title='bbox 723 1054 789 1108; x_wconf 89' lang='lat' dir='ltr'><strong>H.</strong></span> 
     </span>
    </p>
   </div>
   <div class='ocr_carea' id='block_1_11' title="bbox 824 1142 1189 1199">
    <p class='ocr_par' dir='ltr' id='par_1_11' title="bbox 824 1142 1189 1199">
     <span class='ocr_line' id='line_1_11' title="bbox 824 1142 1189 1199; baseline 0.008 -3"><span class='ocrx_word' id='word_1_49' title='bbox 824 1142 1189 1199; x_wconf 84' lang='lat' dir='ltr'><strong>BLANCHINI</strong></span> 
     </span>
    </p>
   </div>
   <div class='ocr_carea' id='block_1_12' title="bbox 711 1260 1339 1306">
    <p class='ocr_par' dir='ltr' id='par_1_12' title="bbox 711 1260 1339 1306">
     <span class='ocr_line' id='line_1_12' title="bbox 711 1260 1339 1306; baseline 0.005 -3"><span class='ocrx_word' id='word_1_50' title='bbox 711 1260 864 1303; x_wconf 67' lang='lat' dir='ltr'><strong>NOTAE</strong></span> <span class='ocrx_word' id='word_1_51' title='bbox 895 1261 1314 1306; x_wconf 67' lang='lat' dir='ltr'><strong>CHRONOLOGICE</strong></span> <span class='ocrx_word' id='word_1_52' title='bbox 1326 1291 1339 1305; x_wconf 83' lang='lat'><em>.</em></span> 
     </span>
    </p>
   </div>
   <div class='ocr_carea' id='block_1_13' title="bbox 253 1349 1836 1426">
    <p class='ocr_par' dir='ltr' id='par_1_13' title="bbox 253 1349 1836 1426">
     <span class='ocr_line' id='line_1_13' title="bbox 253 1349 1836 1426; baseline 0.005 -20"><span class='ocrx_word' id='word_1_53' title='bbox 253 1349 391 1418; x_wconf 67' lang='lat' dir='ltr'><strong>Quae</strong></span> <span class='ocrx_word' id='word_1_54' title='bbox 419 1352 662 1426; x_wconf 91' lang='lat' dir='ltr'><strong>dicenda</strong></span> <span class='ocrx_word' id='word_1_55' title='bbox 694 1361 831 1411; x_wconf 87' lang='lat' dir='ltr'><strong>sunt</strong></span> <span class='ocrx_word' id='word_1_56' title='bbox 858 1357 928 1411; x_wconf 91' lang='lat' dir='ltr'><strong>de</strong></span> <span class='ocrx_word' id='word_1_57' title='bbox 956 1358 1314 1426; x_wconf 84' lang='lat' dir='ltr'><strong>temporibus</strong></span> <span class='ocrx_word' id='word_1_58' title='bbox 1337 1358 1563 1415; x_wconf 78' lang='lat' dir='ltr'><strong>Aniceti</strong></span> <span class='ocrx_word' id='word_1_59' title='bbox 1597 1372 1836 1414; x_wconf 90' lang='lat' dir='ltr'><strong>noscun-</strong></span> 
     </span>
    </p>
   </div>
   <div class='ocr_carea' id='block_1_14' title="bbox 180 1425 1837 1501">
    <p class='ocr_par' dir='ltr' id='par_1_14' title="bbox 180 1425 1837 1501">
     <span class='ocr_line' id='line_1_14' title="bbox 180 1425 1837 1501; baseline 0.005 -25"><span class='ocrx_word' id='word_1_60' title='bbox 180 1428 277 1501; x_wconf 76' lang='lat' dir='ltr'><strong>tur</strong></span> <span class='ocrx_word' id='word_1_61' title='bbox 306 1436 437 1501; x_wconf 87' lang='lat' dir='ltr'><strong>esse</strong></span> <span class='ocrx_word' id='word_1_62' title='bbox 466 1425 543 1479; x_wconf 91' lang='lat' dir='ltr'><strong>ita</strong></span> <span class='ocrx_word' id='word_1_63' title='bbox 573 1439 830 1501; x_wconf 82' lang='lat' dir='ltr'><strong>connexa</strong></span> <span class='ocrx_word' id='word_1_64' title='bbox 877 1441 1006 1483; x_wconf 90' lang='lat' dir='ltr'><strong>cum</strong></span> <span class='ocrx_word' id='word_1_65' title='bbox 1035 1425 1407 1501; x_wconf 89' lang='lat' dir='ltr'><strong>chronol0gia</strong></span> <span class='ocrx_word' id='word_1_66' title='bbox 1444 1430 1545 1500; x_wconf 87' lang='lat' dir='ltr'><strong>Pii,</strong></span> <span class='ocrx_word' id='word_1_67' title='bbox 1591 1443 1837 1499; x_wconf 70' lang='lat' dir='ltr'><strong>pmser—</strong></span> 
     </span>
    </p>
   </div>
   <div class='ocr_carea' id='block_1_15' title="bbox 178 1493 1836 1571">
    <p class='ocr_par' dir='ltr' id='par_1_15' title="bbox 178 1493 1836 1571">
     <span class='ocr_line' id='line_1_15' title="bbox 178 1493 1836 1571; baseline 0.005 -23"><span class='ocrx_word' id='word_1_68' title='bbox 178 1493 283 1571; x_wconf 76' lang='lat' dir='ltr'><strong>tim</strong></span> <span class='ocrx_word' id='word_1_69' title='bbox 318 1499 447 1562; x_wconf 86' lang='lat' dir='ltr'><strong>post</strong></span> <span class='ocrx_word' id='word_1_70' title='bbox 473 1499 778 1571; x_wconf 85' lang='lat' dir='ltr'><strong>utriusque</strong></span> <span class='ocrx_word' id='word_1_71' title='bbox 804 1498 927 1553; x_wconf 88' lang='lat' dir='ltr'><strong>loca</strong></span> <span class='ocrx_word' id='word_1_72' title='bbox 960 1501 1199 1555; x_wconf 85' lang='lat' dir='ltr'><strong>invicem</strong></span> <span class='ocrx_word' id='word_1_73' title='bbox 1232 1493 1567 1571; x_wconf 53' lang='lat' dir='ltr'><strong>pervinutata,</strong></span> <span class='ocrx_word' id='word_1_74' title='bbox 1592 1493 1836 1556; x_wconf 78' lang='lat' dir='ltr'><strong>nonnul-</strong></span> 
     </span>
    </p>
   </div>
   <div class='ocr_carea' id='block_1_16' title="bbox 174 1564 1830 1642">
    <p class='ocr_par' dir='ltr' id='par_1_16' title="bbox 174 1564 1830 1642">
     <span class='ocr_line' id='line_1_16' title="bbox 174 1564 1830 1642; baseline 0.005 -24"><span class='ocrx_word' id='word_1_75' title='bbox 174 1564 325 1642; x_wconf 83' lang='lat' dir='ltr'><strong>lisin</strong></span> <span class='ocrx_word' id='word_1_76' title='bbox 346 1567 624 1637; x_wconf 89' lang='lat' dir='ltr'><strong>catalogis</strong></span> <span class='ocrx_word' id='word_1_77' title='bbox 645 1564 1132 1640; x_wconf 82' lang='lat' dir='ltr'><strong>atquecodicibus</strong></span> <span class='ocrx_word' id='word_1_78' title='bbox 1154 1564 1464 1642; x_wconf 72' lang='lat' dir='ltr'><strong>Anastasii,</strong></span> <span class='ocrx_word' id='word_1_79' title='bbox 1494 1564 1830 1642; x_wconf 59' lang='lat' dir='ltr'><strong>ut&#39;separari</strong></span> 
     </span>
    </p>
   </div>
   <div class='ocr_carea' id='block_1_17' title="bbox 179 1635 1832 1712">
    <p class='ocr_par' dir='ltr' id='par_1_17' title="bbox 179 1635 1832 1712">
     <span class='ocr_line' id='line_1_17' title="bbox 179 1635 1832 1712; baseline 0.007 -23"><span class='ocrx_word' id='word_1_80' title='bbox 179 1635 422 1712; x_wconf 85' lang='lat' dir='ltr'><strong>minime</strong></span> <span class='ocrx_word' id='word_1_81' title='bbox 482 1635 703 1712; x_wconf 83' lang='lat' dir='ltr'><strong>possint</strong></span> <span class='ocrx_word' id='word_1_82' title='bbox 726 1635 976 1696; x_wconf 62' lang='lat' dir='ltr'><strong>&#39;examen</strong></span> <span class='ocrx_word' id='word_1_83' title='bbox 1017 1648 1072 1696; x_wconf 90' lang='lat' dir='ltr'><strong>et</strong></span> <span class='ocrx_word' id='word_1_84' title='bbox 1124 1635 1548 1700; x_wconf 84' lang='lat' dir='ltr'><strong>observationes</strong></span> <span class='ocrx_word' id='word_1_85' title='bbox 1604 1635 1832 1712; x_wconf 62' lang='lat' dir='ltr'><strong>e&#39;pochte</strong></span> 
     </span>
    </p>
   </div>
   <div class='ocr_carea' id='block_1_18' title="bbox 177 1707 1831 1785">
    <p class='ocr_par' dir='ltr' id='par_1_18' title="bbox 177 1707 1831 1785">
     <span class='ocr_line' id='line_1_18' title="bbox 177 1707 1831 1785; baseline 0.006 -25"><span class='ocrx_word' id='word_1_86' title='bbox 177 1707 475 1785; x_wconf 78' lang='lat' dir='ltr'><strong>amborum</strong></span> <span class='ocrx_word' id='word_1_87' title='bbox 506 1711 861 1779; x_wconf 87' lang='lat' dir='ltr'><strong>pontificum.</strong></span> <span class='ocrx_word' id='word_1_88' title='bbox 893 1713 1078 1781; x_wconf 82' lang='lat' dir='ltr'><strong>Quare</strong></span> <span class='ocrx_word' id='word_1_89' title='bbox 1110 1716 1177 1769; x_wconf 87' lang='lat' dir='ltr'><strong>ad</strong></span> <span class='ocrx_word' id='word_1_90' title='bbox 1212 1721 1520 1785; x_wconf 90' lang='lat' dir='ltr'><strong>utrumque</strong></span> <span class='ocrx_word' id='word_1_91' title='bbox 1546 1707 1831 1784; x_wconf 73' lang='lat' dir='ltr'><strong>pertinere</strong></span> 
     </span>
    </p>
   </div>
   <div class='ocr_carea' id='block_1_19' title="bbox 1057 272 2759 367">
    <p class='ocr_par' dir='ltr' id='par_1_19' title="bbox 1057 272 2759 367">
     <span class='ocr_line' id='line_1_19' title="bbox 1057 272 2759 367; baseline 0.003 -7"><span class='ocrx_word' id='word_1_92' title='bbox 1057 305 1374 364; x_wconf 75' lang='lat' dir='ltr'><strong>HISTORIA</strong></span> <span class='ocrx_word' id='word_1_93' title='bbox 1411 310 1500 365; x_wconf 90' lang='lat' dir='ltr'><strong>DE</strong></span> <span class='ocrx_word' id='word_1_94' title='bbox 1538 308 1714 366; x_wconf 85' lang='lat' dir='ltr'><strong>vms</strong></span> <span class='ocrx_word' id='word_1_95' title='bbox 1752 306 1920 364; x_wconf 71' lang='lat' dir='ltr'><strong>non.</strong></span> <span class='ocrx_word' id='word_1_96' title='bbox 1982 307 2179 364; x_wconf 72' lang='lat' dir='ltr'><strong>rom.</strong></span> <span class='ocrx_word' id='word_1_97' title='bbox 2209 335 2278 350; x_wconf 91' lang='lat'><strong><em>—</em></strong></span> <span class='ocrx_word' id='word_1_98' title='bbox 2307 310 2364 365; x_wconf 91' lang='lat' dir='ltr'><strong>s.</strong></span> <span class='ocrx_word' id='word_1_99' title='bbox 2403 272 2759 367; x_wconf 82' lang='lat' dir='ltr'><strong>ANICETUS.</strong></span> 
     </span>
    </p>
   </div>
   <div class='ocr_carea' id='block_1_20' title="bbox 3462 309 3602 370">
    <p class='ocr_par' dir='ltr' id='par_1_20' title="bbox 3462 309 3602 370">
     <span class='ocr_line' id='line_1_20' title="bbox 3462 309 3602 370; baseline 0.021 -3"><span class='ocrx_word' id='word_1_100' title='bbox 3462 309 3602 370; x_wconf 82' lang='grc'>1206</span> 
     </span>
    </p>
   </div>
   <div class='ocr_carea' id='block_1_21' title="bbox 830 430 3593 510">
    <p class='ocr_par' dir='ltr' id='par_1_21' title="bbox 830 430 3593 510">
     <span class='ocr_line' id='line_1_21' title="bbox 830 430 3593 510; baseline 0.003 -23"><span class='ocrx_word' id='word_1_101' title='bbox 830 430 1021 488; x_wconf 90' lang='lat' dir='ltr'><strong>uidem</strong></span> <span class='ocrx_word' id='word_1_102' title='bbox 1063 433 1448 510; x_wconf 59' lang='lat' dir='ltr'><strong>cernebatur;</strong></span> <span class='ocrx_word' id='word_1_103' title='bbox 1483 435 1541 490; x_wconf 90' lang='lat' dir='ltr'><strong>in</strong></span> <span class='ocrx_word' id='word_1_104' title='bbox 1586 432 1839 490; x_wconf 84' lang='lat' dir='ltr'><strong>circuitu</strong></span> <span class='ocrx_word' id='word_1_105' title='bbox 1862 431 1917 491; x_wconf 92' lang='lat' dir='ltr'><strong>A</strong></span> <span class='ocrx_word' id='word_1_106' title='bbox 1954 433 2199 510; x_wconf 72' lang='lat' dir='ltr'><strong>phanus,</strong></span> <span class='ocrx_word' id='word_1_107' title='bbox 2236 449 2328 510; x_wconf 77' lang='lat' dir='ltr'><strong>an.</strong></span> <span class='ocrx_word' id='word_1_108' title='bbox 2356 434 2411 510; x_wconf 72' lang='lat'><strong>_4,</strong></span> <span class='ocrx_word' id='word_1_109' title='bbox 2445 451 2650 510; x_wconf 91' lang='lat' dir='ltr'><strong>_mens.</strong></span> <span class='ocrx_word' id='word_1_110' title='bbox 2700 434 2776 510; x_wconf 85' lang='lat'><strong>2,</strong></span> <span class='ocrx_word' id='word_1_111' title='bbox 2801 436 2955 493; x_wconf 88' lang='lat' dir='ltr'><strong>dieb.</strong></span> <span class='ocrx_word' id='word_1_112' title='bbox 2994 435 3061 510; x_wconf 73' lang='grc'><strong>21</strong></span> <span class='ocrx_word' id='word_1_113' title='bbox 3093 455 3109 507; x_wconf 88' lang='lat'><strong>;</strong></span> <span class='ocrx_word' id='word_1_114' title='bbox 3144 437 3371 510; x_wconf 73' lang='lat' dir='ltr'><strong>Sixtus,</strong></span> <span class='ocrx_word' id='word_1_115' title='bbox 3403 452 3497 495; x_wconf 87' lang='lat' dir='ltr'><strong>an.</strong></span> <span class='ocrx_word' id='word_1_116' title='bbox 3536 436 3593 510; x_wconf 88' lang='lat'><strong>2,</strong></span> 
     </span>
    </p>
   </div>
   <div class='ocr_carea' id='block_1_22' title="bbox 1953 505 3588 578">
    <p class='ocr_par' dir='ltr' id='par_1_22' title="bbox 1953 505 3588 578">
     <span class='ocr_line' id='line_1_22' title="bbox 1953 505 3588 578; baseline 0.002 -17"><span class='ocrx_word' id='word_1_117' title='bbox 1953 518 2110 578; x_wconf 83' lang='lat' dir='ltr'><strong>mens</strong></span> <span class='ocrx_word' id='word_1_118' title='bbox 2139 505 2222 571; x_wconf 85' lang='lat'><strong>44,</strong></span> <span class='ocrx_word' id='word_1_119' title='bbox 2255 507 2409 563; x_wconf 91' lang='lat' dir='ltr'><strong>dieb.</strong></span> <span class='ocrx_word' id='word_1_120' title='bbox 2433 507 2467 565; x_wconf 93' lang='lat'><strong><em>6</em></strong></span> <span class='ocrx_word' id='word_1_121' title='bbox 2497 527 2512 578; x_wconf 87' lang='lat'><strong>;</strong></span> <span class='ocrx_word' id='word_1_122' title='bbox 2546 505 2879 578; x_wconf 80' lang='lat' dir='ltr'><strong>Dyonisius,</strong></span> <span class='ocrx_word' id='word_1_123' title='bbox 2913 521 3005 563; x_wconf 91' lang='lat' dir='ltr'><strong>an.</strong></span> <span class='ocrx_word' id='word_1_124' title='bbox 3032 505 3298 578; x_wconf 66' lang='lat' dir='ltr'><strong>8,&#39;mens.</strong></span> <span class='ocrx_word' id='word_1_125' title='bbox 3343 507 3399 577; x_wconf 98' lang='lat'><strong>2,</strong></span> <span class='ocrx_word' id='word_1_126' title='bbox 3435 505 3588 565; x_wconf 74' lang='lat' dir='ltr'><strong>dieb.</strong></span> 
     </span>
    </p>
   </div>
   <div class='ocr_carea' id='block_1_23' title="bbox 1952 572 3582 649">
    <p class='ocr_par' dir='ltr' id='par_1_23' title="bbox 1952 572 3582 649">
     <span class='ocr_line' id='line_1_23' title="bbox 1952 572 3582 649; baseline 0.004 -20"><span class='ocrx_word' id='word_1_127' title='bbox 1952 572 1984 629; x_wconf 77' lang='grc'>4</span> <span class='ocrx_word' id='word_1_128' title='bbox 2019 595 2033 630; x_wconf 87' lang='lat'>:</span> <span class='ocrx_word' id='word_1_129' title='bbox 2072 578 2253 649; x_wconf 82' lang='lat' dir='ltr'><strong>_Felix,</strong></span> <span class='ocrx_word' id='word_1_130' title='bbox 2286 591 2378 649; x_wconf 82' lang='lat' dir='ltr'><strong>an.</strong></span> <span class='ocrx_word' id='word_1_131' title='bbox 2407 578 2474 649; x_wconf 12' lang='lat'><strong>,5,</strong></span> <span class='ocrx_word' id='word_1_132' title='bbox 2501 572 2684 635; x_wconf 78' lang='lat' dir='ltr'><strong>mens.</strong></span> <span class='ocrx_word' id='word_1_133' title='bbox 2730 577 2814 641; x_wconf 86' lang='lat'><strong>44,</strong></span> <span class='ocrx_word' id='word_1_134' title='bbox 2849 572 3001 634; x_wconf 89' lang='lat' dir='ltr'><strong>dieb.</strong></span> <span class='ocrx_word' id='word_1_135' title='bbox 3030 572 3139 647; x_wconf 69' lang='lat'><strong>23;</strong></span> <span class='ocrx_word' id='word_1_136' title='bbox 3168 572 3582 649; x_wconf 80' lang='lat' dir='ltr'><strong>Eutychianus,</strong></span> 
     </span>
    </p>
   </div>
   <div class='ocr_carea' id='block_1_24' title="bbox 1953 646 3587 721">
    <p class='ocr_par' dir='ltr' id='par_1_24' title="bbox 1953 646 3587 721">
     <span class='ocr_line' id='line_1_24' title="bbox 1953 646 3587 721; baseline 0.003 -19"><span class='ocrx_word' id='word_1_137' title='bbox 1953 660 2043 721; x_wconf 78' lang='lat' dir='ltr'><strong>an.</strong></span> <span class='ocrx_word' id='word_1_138' title='bbox 2066 646 2119 715; x_wconf 91' lang='grc'><strong>8,</strong></span> <span class='ocrx_word' id='word_1_139' title='bbox 2146 663 2322 721; x_wconf 85' lang='lat' dir='ltr'><strong>mens.</strong></span> <span class='ocrx_word' id='word_1_140' title='bbox 2356 648 2441 716; x_wconf 84' lang='lat'><strong>44,</strong></span> <span class='ocrx_word' id='word_1_141' title='bbox 2463 646 2619 706; x_wconf 85' lang='lat' dir='ltr'><strong>dieb.</strong></span> <span class='ocrx_word' id='word_1_142' title='bbox 2655 650 2707 706; x_wconf 87' lang='grc'><strong>3.</strong></span> <span class='ocrx_word' id='word_1_143' title='bbox 2730 646 3587 721; x_wconf 63' lang='grc' dir='ltr'>(Σοιιίςίιιιιιβιιιηηιξιειῐιηονιιιιι</span> 
     </span>
    </p>
   </div>
   <div class='ocr_carea' id='block_1_25' title="bbox 1949 715 3592 788">
    <p class='ocr_par' dir='ltr' id='par_1_25' title="bbox 1949 715 3592 788">
     <span class='ocr_line' id='line_1_25' title="bbox 1949 715 3592 788; baseline 0.001 -14"><span class='ocrx_word' id='word_1_144' title='bbox 1949 715 2037 788; x_wconf 87' lang='lat'><strong>69,</strong></span> <span class='ocrx_word' id='word_1_145' title='bbox 2074 733 2248 776; x_wconf 88' lang='lat' dir='ltr'><strong>mens.</strong></span> <span class='ocrx_word' id='word_1_146' title='bbox 2282 720 2334 787; x_wconf 88' lang='lat'><strong>9,</strong></span> <span class='ocrx_word' id='word_1_147' title='bbox 2359 728 2413 777; x_wconf 93' lang='lat' dir='ltr'><strong>et</strong></span> <span class='ocrx_word' id='word_1_148' title='bbox 2434 715 2587 778; x_wconf 31' lang='lat' dir='ltr'><strong>&#39;dier.</strong></span> <span class='ocrx_word' id='word_1_149' title='bbox 2619 721 2673 777; x_wconf 94' lang='lat'><strong>8.</strong></span> <span class='ocrx_word' id='word_1_150' title='bbox 2699 724 2777 777; x_wconf 89' lang='lat' dir='ltr'><strong>Ex</strong></span> <span class='ocrx_word' id='word_1_151' title='bbox 2793 715 2942 777; x_wconf 77' lang='lat' dir='ltr'><strong>anno</strong></span> <span class='ocrx_word' id='word_1_152' title='bbox 2971 718 3079 776; x_wconf 87' lang='lat'><strong>248</strong></span> <span class='ocrx_word' id='word_1_153' title='bbox 3122 723 3439 776; x_wconf 86' lang='lat' dir='ltr'><strong>numeratis</strong></span> <span class='ocrx_word' id='word_1_154' title='bbox 3480 736 3592 776; x_wconf 90' lang='lat' dir='ltr'><strong>an-</strong></span> 
     </span>
    </p>
   </div>
   <div class='ocr_carea' id='block_1_26' title="bbox 1951 788 3590 863">
    <p class='ocr_par' dir='ltr' id='par_1_26' title="bbox 1951 788 3590 863">
     <span class='ocr_line' id='line_1_26' title="bbox 1951 788 3590 863; baseline 0.002 -19"><span class='ocrx_word' id='word_1_155' title='bbox 1951 790 2043 863; x_wconf 88' lang='lat' dir='ltr'><strong>nis</strong></span> <span class='ocrx_word' id='word_1_156' title='bbox 2062 788 2132 846; x_wconf 92' lang='lat' dir='ltr'><strong>7O</strong></span> <span class='ocrx_word' id='word_1_157' title='bbox 2161 790 2429 861; x_wconf 83' lang='lat' dir='ltr'><strong>(inclusis</strong></span> <span class='ocrx_word' id='word_1_158' title='bbox 2449 794 2761 863; x_wconf 82' lang='lat' dir='ltr'><strong>extremis),</strong></span> <span class='ocrx_word' id='word_1_159' title='bbox 2796 792 3054 862; x_wconf 89' lang='lat' dir='ltr'><strong>provenit</strong></span> <span class='ocrx_word' id='word_1_160' title='bbox 3079 805 3267 846; x_wconf 90' lang='lat' dir='ltr'><strong>annus</strong></span> <span class='ocrx_word' id='word_1_161' title='bbox 3290 788 3415 846; x_wconf 82' lang='lat'><strong>287.</strong></span> <span class='ocrx_word' id='word_1_162' title='bbox 3449 793 3590 861; x_wconf 87' lang='lat' dir='ltr'><strong>Qua-</strong></span> 
     </span>
    </p>
   </div>
   <div class='ocr_carea' id='block_1_27' title="bbox 1949 861 3593 934">
    <p class='ocr_par' dir='ltr' id='par_1_27' title="bbox 1949 861 3593 934">
     <span class='ocr_line' id='line_1_27' title="bbox 1949 861 3593 934; baseline 0.001 -18"><span class='ocrx_word' id='word_1_163' title='bbox 1949 861 2280 934; x_wconf 90' lang='lat' dir='ltr'><strong>driennium</strong></span> <span class='ocrx_word' id='word_1_164' title='bbox 2316 864 2487 919; x_wconf 86' lang='lat' dir='ltr'><strong>istius</strong></span> <span class='ocrx_word' id='word_1_165' title='bbox 2509 861 2764 933; x_wconf 64' lang='lat' dir='ltr'><strong>summat,</strong></span> <span class='ocrx_word' id='word_1_166' title='bbox 2790 861 2939 934; x_wconf 86' lang='lat' dir='ltr'><strong>quod</strong></span> <span class='ocrx_word' id='word_1_167' title='bbox 2963 863 3281 934; x_wconf 76' lang='lat' dir='ltr'><strong>abundaret</strong></span> <span class='ocrx_word' id='word_1_168' title='bbox 3315 867 3442 934; x_wconf 83' lang='lat' dir='ltr'><strong>post</strong></span> <span class='ocrx_word' id='word_1_169' title='bbox 3462 876 3593 918; x_wconf 91' lang='lat' dir='ltr'><strong>con-</strong></span> 
     </span>
    </p>
   </div>
   <div class='ocr_carea' id='block_1_28' title="bbox 1948 931 3591 999">
    <p class='ocr_par' dir='ltr' id='par_1_28' title="bbox 1948 931 3591 999">
     <span class='ocr_line' id='line_1_28' title="bbox 1948 931 3591 999; baseline 0.001 -12"><span class='ocrx_word' id='word_1_170' title='bbox 1948 933 2200 989; x_wconf 84' lang='lat' dir='ltr'><strong>sulatum</strong></span> <span class='ocrx_word' id='word_1_171' title='bbox 2225 936 2420 990; x_wconf 89' lang='lat' dir='ltr'><strong>Carini</strong></span> <span class='ocrx_word' id='word_1_172' title='bbox 2448 937 2494 990; x_wconf 89' lang='lat' dir='ltr'><strong>II</strong></span> <span class='ocrx_word' id='word_1_173' title='bbox 2513 942 2567 990; x_wconf 90' lang='lat' dir='ltr'><strong>et</strong></span> <span class='ocrx_word' id='word_1_174' title='bbox 2592 936 2719 991; x_wconf 89' lang='lat' dir='ltr'><strong>Cari</strong></span> <span class='ocrx_word' id='word_1_175' title='bbox 2751 931 2899 990; x_wconf 84' lang='lat' dir='ltr'><strong>anno</strong></span> <span class='ocrx_word' id='word_1_176' title='bbox 2921 935 3135 989; x_wconf 82' lang='lat' dir='ltr'><strong>Christi</strong></span> <span class='ocrx_word' id='word_1_177' title='bbox 3166 931 3292 999; x_wconf 85' lang='lat'><strong>283,</strong></span> <span class='ocrx_word' id='word_1_178' title='bbox 3317 931 3591 990; x_wconf 79' lang='lat' dir='ltr'><strong>refundi—</strong></span> 
     </span>
    </p>
   </div>
   <div class='ocr_carea' id='block_1_29' title="bbox 1946 1004 3587 1075">
    <p class='ocr_par' dir='ltr' id='par_1_29' title="bbox 1946 1004 3587 1075">
     <span class='ocr_line' id='line_1_29' title="bbox 1946 1004 3587 1075; baseline 0.001 -17"><span class='ocrx_word' id='word_1_179' title='bbox 1946 1007 2044 1058; x_wconf 90' lang='lat' dir='ltr'><strong>tur</strong></span> <span class='ocrx_word' id='word_1_180' title='bbox 2089 1005 2147 1059; x_wconf 90' lang='lat' dir='ltr'><strong>in</strong></span> <span class='ocrx_word' id='word_1_181' title='bbox 2189 1019 2410 1061; x_wconf 86' lang='lat' dir='ltr'><strong>menses</strong></span> <span class='ocrx_word' id='word_1_182' title='bbox 2457 1007 2771 1062; x_wconf 88' lang='lat' dir='ltr'><strong>vicariatus</strong></span> <span class='ocrx_word' id='word_1_183' title='bbox 2809 1006 3036 1075; x_wconf 87' lang='lat' dir='ltr'><strong>aliquot</strong></span> <span class='ocrx_word' id='word_1_184' title='bbox 3068 1004 3401 1074; x_wconf 84' lang='lat' dir='ltr'><strong>pontificum</strong></span> <span class='ocrx_word' id='word_1_185' title='bbox 3436 1005 3492 1059; x_wconf 93' lang='lat' dir='ltr'><strong>in</strong></span> <span class='ocrx_word' id='word_1_186' title='bbox 3524 1017 3587 1059; x_wconf 91' lang='lat' dir='ltr'><strong>ea</strong></span> 
     </span>
    </p>
   </div>
   <div class='ocr_carea' id='block_1_30' title="bbox 1946 1075 3591 1147">
    <p class='ocr_par' dir='ltr' id='par_1_30' title="bbox 1946 1075 3591 1147">
     <span class='ocr_line' id='line_1_30' title="bbox 1946 1075 3591 1147; baseline 0.001 -18"><span class='ocrx_word' id='word_1_187' title='bbox 1946 1088 2169 1131; x_wconf 91' lang='lat' dir='ltr'><strong>summa</strong></span> <span class='ocrx_word' id='word_1_188' title='bbox 2201 1078 2474 1146; x_wconf 89' lang='lat' dir='ltr'><strong>repetitos</strong></span> <span class='ocrx_word' id='word_1_189' title='bbox 2532 1078 2590 1132; x_wconf 91' lang='lat' dir='ltr'><strong>in</strong></span> <span class='ocrx_word' id='word_1_190' title='bbox 2622 1078 2836 1147; x_wconf 87' lang='lat' dir='ltr'><strong>epocha</strong></span> <span class='ocrx_word' id='word_1_191' title='bbox 2878 1076 3242 1147; x_wconf 63' lang='lat' dir='ltr'><strong>decessoris;</strong></span> <span class='ocrx_word' id='word_1_192' title='bbox 3278 1076 3449 1145; x_wconf 88' lang='lat' dir='ltr'><strong>quisi</strong></span> <span class='ocrx_word' id='word_1_193' title='bbox 3483 1075 3591 1147; x_wconf 82' lang='lat' dir='ltr'><strong>de-</strong></span> 
     </span>
    </p>
   </div>
   <div class='ocr_carea' id='block_1_31' title="bbox 1950 1145 3593 1218">
    <p class='ocr_par' dir='ltr' id='par_1_31' title="bbox 1950 1145 3593 1218">
     <span class='ocr_line' id='line_1_31' title="bbox 1950 1145 3593 1218; baseline -0.001 -17"><span class='ocrx_word' id='word_1_194' title='bbox 1950 1153 2198 1218; x_wconf 83' lang='lat' dir='ltr'><strong>mantur,</strong></span> <span class='ocrx_word' id='word_1_195' title='bbox 2222 1145 2477 1216; x_wconf 82' lang='lat' dir='ltr'><strong>proxime</strong></span> <span class='ocrx_word' id='word_1_196' title='bbox 2495 1145 2837 1218; x_wconf 86' lang='lat' dir='ltr'><strong>respondent</strong></span> <span class='ocrx_word' id='word_1_197' title='bbox 2856 1148 2967 1203; x_wconf 91' lang='lat' dir='ltr'><strong>sibi</strong></span> <span class='ocrx_word' id='word_1_198' title='bbox 2993 1145 3363 1218; x_wconf 89' lang='lat' dir='ltr'><strong>chronologia</strong></span> <span class='ocrx_word' id='word_1_199' title='bbox 3390 1146 3593 1215; x_wconf 86' lang='lat' dir='ltr'><strong>ponti-</strong></span> 
     </span>
    </p>
   </div>
   <div class='ocr_carea' id='block_1_32' title="bbox 1950 1217 3545 1299">
    <p class='ocr_par' dir='ltr' id='par_1_32' title="bbox 1950 1217 3545 1299">
     <span class='ocr_line' id='line_1_32' title="bbox 1950 1217 3545 1299; baseline 0.002 -28"><span class='ocrx_word' id='word_1_200' title='bbox 1950 1217 2079 1299; x_wconf 72' lang='lat' dir='ltr'><strong>ficia</strong></span> <span class='ocrx_word' id='word_1_201' title='bbox 2108 1224 2164 1299; x_wconf 85' lang='lat' dir='ltr'><strong>_et</strong></span> <span class='ocrx_word' id='word_1_202' title='bbox 2193 1219 2518 1299; x_wconf 82' lang='lat' dir='ltr'><strong>consularis</strong></span> <span class='ocrx_word' id='word_1_203' title='bbox 2544 1217 2842 1299; x_wconf 6' lang='lat' dir='ltr'><strong>ai’Callisto</strong></span> <span class='ocrx_word' id='word_1_204' title='bbox 2863 1220 2930 1299; x_wconf 89' lang='lat' dir='ltr'><strong>ad</strong></span> <span class='ocrx_word' id='word_1_205' title='bbox 2960 1218 3451 1299; x_wconf 60' lang='lat' dir='ltr'><strong>_Eutychianum.&quot;</strong></span> <span class='ocrx_word' id='word_1_206' title='bbox 3533 1286 3545 1299; x_wconf 45' lang='lat'><em>.</em></span> 
     </span>
    </p>
   </div>
   <div class='ocr_carea' id='block_1_33' title="bbox 2018 1287 3588 1358">
    <p class='ocr_par' dir='ltr' id='par_1_33' title="bbox 2018 1287 3588 1358">
     <span class='ocr_line' id='line_1_33' title="bbox 2018 1287 3588 1358; baseline 0 -17"><span class='ocrx_word' id='word_1_207' title='bbox 2018 1287 2120 1342; x_wconf 89' lang='lat' dir='ltr'><strong>Sed</strong></span> <span class='ocrx_word' id='word_1_208' title='bbox 2154 1302 2373 1344; x_wconf 92' lang='lat' dir='ltr'><strong>summa</strong></span> <span class='ocrx_word' id='word_1_209' title='bbox 2398 1290 2633 1345; x_wconf 89' lang='lat' dir='ltr'><strong>collecta</strong></span> <span class='ocrx_word' id='word_1_210' title='bbox 2663 1305 2731 1345; x_wconf 88' lang='lat' dir='ltr'><strong>ex</strong></span> <span class='ocrx_word' id='word_1_211' title='bbox 2772 1290 3007 1357; x_wconf 90' lang='lat' dir='ltr'><strong>epochis</strong></span> <span class='ocrx_word' id='word_1_212' title='bbox 3032 1287 3275 1358; x_wconf 85' lang='lat' dir='ltr'><strong>catalogi</strong></span> <span class='ocrx_word' id='word_1_213' title='bbox 3307 1288 3377 1342; x_wconf 89' lang='lat' dir='ltr'><strong>ab</strong></span> <span class='ocrx_word' id='word_1_214' title='bbox 3406 1287 3588 1358; x_wconf 86' lang='lat' dir='ltr'><strong>Hygi—</strong></span> 
     </span>
    </p>
   </div>
   <div class='ocr_carea' id='block_1_34' title="bbox 1949 1359 3584 1428">
    <p class='ocr_par' dir='ltr' id='par_1_34' title="bbox 1949 1359 3584 1428">
     <span class='ocr_line' id='line_1_34' title="bbox 1949 1359 3584 1428; baseline 0 -15"><span class='ocrx_word' id='word_1_215' title='bbox 1949 1371 2022 1413; x_wconf 93' lang='lat' dir='ltr'><strong>no</strong></span> <span class='ocrx_word' id='word_1_216' title='bbox 2047 1359 2115 1414; x_wconf 89' lang='lat' dir='ltr'><strong>ad</strong></span> <span class='ocrx_word' id='word_1_217' title='bbox 2138 1360 2385 1415; x_wconf 90' lang='lat' dir='ltr'><strong>Soterem</strong></span> <span class='ocrx_word' id='word_1_218' title='bbox 2419 1361 2646 1416; x_wconf 89' lang='lat' dir='ltr'><strong>abludit</strong></span> <span class='ocrx_word' id='word_1_219' title='bbox 2665 1376 2695 1416; x_wconf 89' lang='lat' dir='ltr'><strong>a</strong></span> <span class='ocrx_word' id='word_1_220' title='bbox 2726 1360 3017 1417; x_wconf 88' lang='lat' dir='ltr'><strong>consulari</strong></span> <span class='ocrx_word' id='word_1_221' title='bbox 3054 1373 3151 1428; x_wconf 89' lang='lat' dir='ltr'><strong>per</strong></span> <span class='ocrx_word' id='word_1_222' title='bbox 3176 1372 3356 1414; x_wconf 92' lang='lat' dir='ltr'><strong>annos</strong></span> <span class='ocrx_word' id='word_1_223' title='bbox 3378 1359 3584 1427; x_wconf 77' lang='lat' dir='ltr'><strong>viginti</strong></span> 
     </span>
    </p>
   </div>
   <div class='ocr_carea' id='block_1_35' title="bbox 1949 1429 3586 1502">
    <p class='ocr_par' dir='ltr' id='par_1_35' title="bbox 1949 1429 3586 1502">
     <span class='ocr_line' id='line_1_35' title="bbox 1949 1429 3586 1502; baseline 0 -19"><span class='ocrx_word' id='word_1_224' title='bbox 1949 1441 2167 1502; x_wconf 82' lang='lat' dir='ltr'><strong>novem,</strong></span> <span class='ocrx_word' id='word_1_225' title='bbox 2203 1431 2335 1486; x_wconf 91' lang='lat' dir='ltr'><strong>licet</strong></span> <span class='ocrx_word' id='word_1_226' title='bbox 2357 1439 2604 1502; x_wconf 86' lang='lat' dir='ltr'><strong>quatuor</strong></span> <span class='ocrx_word' id='word_1_227' title='bbox 2624 1438 2846 1487; x_wconf 85' lang='lat' dir='ltr'><strong>tantum</strong></span> <span class='ocrx_word' id='word_1_228' title='bbox 2864 1446 2929 1486; x_wconf 84' lang='lat' dir='ltr'><strong>ex</strong></span> <span class='ocrx_word' id='word_1_229' title='bbox 2953 1429 3416 1502; x_wconf 64' lang='lat' dir='ltr'><strong>pontificibusin</strong></span> <span class='ocrx_word' id='word_1_230' title='bbox 3439 1435 3586 1484; x_wconf 87' lang='lat' dir='ltr'><strong>cata-</strong></span> 
     </span>
    </p>
   </div>
   <div class='ocr_carea' id='block_1_36' title="bbox 1947 1498 3579 1574">
    <p class='ocr_par' dir='ltr' id='par_1_36' title="bbox 1947 1498 3579 1574">
     <span class='ocr_line' id='line_1_36' title="bbox 1947 1498 3579 1574; baseline -0.001 -19"><span class='ocrx_word' id='word_1_231' title='bbox 1947 1498 2430 1574; x_wconf 61' lang='lat' dir='ltr'><strong>iogocolligatu&#39;r,</strong></span> <span class='ocrx_word' id='word_1_232' title='bbox 2453 1504 2553 1573; x_wconf 88' lang='lat' dir='ltr'><strong>qui</strong></span> <span class='ocrx_word' id='word_1_233' title='bbox 2584 1510 2729 1574; x_wconf 79' lang='lat' dir='ltr'><strong>sunt</strong></span> <span class='ocrx_word' id='word_1_234' title='bbox 2745 1522 2759 1574; x_wconf 9' lang='grc' dir='ltr'>τ,</span> <span class='ocrx_word' id='word_1_235' title='bbox 2784 1498 3061 1574; x_wconf 82' lang='lat' dir='ltr'><strong>Hyginus,</strong></span> <span class='ocrx_word' id='word_1_236' title='bbox 3095 1498 3373 1574; x_wconf 32' lang='lat' dir='ltr'><strong>annisA42,</strong></span> <span class='ocrx_word' id='word_1_237' title='bbox 3403 1513 3579 1574; x_wconf 76' lang='lat' dir='ltr'><strong>mens.</strong></span> 
     </span>
    </p>
   </div>
   <div class='ocr_carea' id='block_1_37' title="bbox 1942 1568 3581 1643">
    <p class='ocr_par' dir='ltr' id='par_1_37' title="bbox 1942 1568 3581 1643">
     <span class='ocr_line' id='line_1_37' title="bbox 1942 1568 3581 1643; baseline 0 -17"><span class='ocrx_word' id='word_1_238' title='bbox 1942 1569 1996 1642; x_wconf 89' lang='lat'><strong>3,</strong></span> <span class='ocrx_word' id='word_1_239' title='bbox 2011 1568 2302 1643; x_wconf 60' lang='lat' dir='ltr'><strong>&#39;diebus&#39;6</strong></span> <span class='ocrx_word' id='word_1_240' title='bbox 2335 1592 2349 1643; x_wconf 82' lang='lat'><strong>;</strong></span> <span class='ocrx_word' id='word_1_241' title='bbox 2390 1568 2544 1640; x_wconf 81' lang='lat' dir='ltr'><strong>Pius,</strong></span> <span class='ocrx_word' id='word_1_242' title='bbox 2579 1588 2672 1629; x_wconf 90' lang='lat' dir='ltr'><strong>an.</strong></span> <span class='ocrx_word' id='word_1_243' title='bbox 2705 1572 2794 1642; x_wconf 93' lang='lat'><strong>20,</strong></span> <span class='ocrx_word' id='word_1_244' title='bbox 2831 1568 2986 1629; x_wconf 47' lang='lat' dir='ltr'><strong>in&#39;ens</strong></span> <span class='ocrx_word' id='word_1_245' title='bbox 3008 1568 3059 1639; x_wconf 78' lang='grc'>4,</span> <span class='ocrx_word' id='word_1_246' title='bbox 3083 1570 3235 1643; x_wconf 82' lang='lat' dir='ltr'><strong>dieb.</strong></span> <span class='ocrx_word' id='word_1_247' title='bbox 3268 1568 3331 1627; x_wconf 86' lang='lat'><strong>24</strong></span> <span class='ocrx_word' id='word_1_248' title='bbox 3366 1571 3581 1643; x_wconf 71' lang='lat' dir='ltr'><strong>,Soter,</strong></span> 
     </span>
    </p>
   </div>
   <div class='ocr_carea' id='block_1_38' title="bbox 1942 1639 3579 1713">
    <p class='ocr_par' dir='ltr' id='par_1_38' title="bbox 1942 1639 3579 1713">
     <span class='ocr_line' id='line_1_38' title="bbox 1942 1639 3579 1713; baseline -0.001 -17"><span class='ocrx_word' id='word_1_249' title='bbox 1942 1639 2034 1697; x_wconf 89' lang='lat' dir='ltr'><strong>an.</strong></span> <span class='ocrx_word' id='word_1_250' title='bbox 2069 1641 2121 1713; x_wconf 87' lang='lat'><strong>9,</strong></span> <span class='ocrx_word' id='word_1_251' title='bbox 2176 1639 2352 1699; x_wconf 71' lang='lat' dir='ltr'><strong>mens.</strong></span> <span class='ocrx_word' id='word_1_252' title='bbox 2398 1647 2452 1711; x_wconf 83' lang='lat'><strong>3,</strong></span> <span class='ocrx_word' id='word_1_253' title='bbox 2499 1645 2653 1701; x_wconf 92' lang='lat' dir='ltr'><strong>dieb.</strong></span> <span class='ocrx_word' id='word_1_254' title='bbox 2687 1643 2755 1708; x_wconf 80' lang='lat'><strong>2;</strong></span> <span class='ocrx_word' id='word_1_255' title='bbox 2784 1639 3006 1709; x_wconf 59' lang='lat' dir='ltr'><strong>&#39;Victor,</strong></span> <span class='ocrx_word' id='word_1_256' title='bbox 3058 1657 3150 1698; x_wconf 91' lang='lat' dir='ltr'><strong>an.</strong></span> <span class='ocrx_word' id='word_1_257' title='bbox 3188 1640 3251 1713; x_wconf 14' lang='lat'><strong>‘9,</strong></span> <span class='ocrx_word' id='word_1_258' title='bbox 3297 1655 3473 1697; x_wconf 90' lang='lat' dir='ltr'><strong>mens.</strong></span> <span class='ocrx_word' id='word_1_259' title='bbox 3523 1639 3579 1713; x_wconf 81' lang='lat'><strong>2,</strong></span> 
     </span>
    </p>
   </div>
   <div class='ocr_carea' id='block_1_39' title="bbox 1940 1710 3580 1783">
    <p class='ocr_par' dir='ltr' id='par_1_39' title="bbox 1940 1710 3580 1783">
     <span class='ocr_line' id='line_1_39' title="bbox 1940 1710 3580 1783; baseline -0.001 -14"><span class='ocrx_word' id='word_1_260' title='bbox 1940 1710 2116 1769; x_wconf 68' lang='lat' dir='ltr'><strong>dieb.</strong></span> <span class='ocrx_word' id='word_1_261' title='bbox 2159 1713 2242 1770; x_wconf 91' lang='lat'><strong>40.</strong></span> <span class='ocrx_word' id='word_1_262' title='bbox 2291 1710 2557 1771; x_wconf 89' lang='lat' dir='ltr'><strong>Provenit</strong></span> <span class='ocrx_word' id='word_1_263' title='bbox 2595 1730 2819 1771; x_wconf 88' lang='lat' dir='ltr'><strong>summa</strong></span> <span class='ocrx_word' id='word_1_264' title='bbox 2860 1728 3141 1770; x_wconf 90' lang='lat' dir='ltr'><strong>annorum</strong></span> <span class='ocrx_word' id='word_1_265' title='bbox 3182 1711 3273 1781; x_wconf 80' lang='lat'><strong>54,</strong></span> <span class='ocrx_word' id='word_1_266' title='bbox 3311 1727 3489 1768; x_wconf 89' lang='lat' dir='ltr'><strong>mens.</strong></span> <span class='ocrx_word' id='word_1_267' title='bbox 3530 1710 3580 1783; x_wconf 90' lang='lat'><strong>4,</strong></span> 
     </span>
    </p>
   </div>
   <div class='ocr_carea' id='block_1_40' title="bbox 178 1780 3582 1868">
    <p class='ocr_par' dir='ltr' id='par_1_40' title="bbox 178 1780 3582 1868">
     <span class='ocr_line' id='line_1_40' title="bbox 178 1780 3582 1868; baseline 0.002 -36"><span class='ocrx_word' id='word_1_268' title='bbox 178 1780 626 1868; x_wconf 39' lang='lat' dir='ltr'><strong>censenda‘sunt</strong></span> <span class='ocrx_word' id='word_1_269' title='bbox 653 1789 770 1837; x_wconf 91' lang='lat' dir='ltr'><strong>tum</strong></span> <span class='ocrx_word' id='word_1_270' title='bbox 800 1797 863 1838; x_wconf 82' lang='lat' dir='ltr'><strong>ea</strong></span> <span class='ocrx_word' id='word_1_271' title='bbox 895 1780 1019 1854; x_wconf 65' lang='lat' dir='ltr'><strong>qua:</strong></span> <span class='ocrx_word' id='word_1_272' title='bbox 1047 1785 1140 1839; x_wconf 92' lang='lat' dir='ltr'><strong>hic</strong></span> <span class='ocrx_word' id='word_1_273' title='bbox 1170 1785 1370 1868; x_wconf 72' lang='lat' dir='ltr'><strong>dixero</strong></span> <span class='ocrx_word' id='word_1_274' title='bbox 1399 1780 1468 1842; x_wconf 63' lang='lat' dir='ltr'><strong>a&#39;d</strong></span> <span class='ocrx_word' id='word_1_275' title='bbox 1521 1780 1826 1868; x_wconf 61' lang='lat' dir='ltr'><strong>numerum</strong></span> <span class='ocrx_word' id='word_1_276' title='bbox 1860 1807 1911 1868; x_wconf 79' lang='grc' dir='ltr'>Β</span> <span class='ocrx_word' id='word_1_277' title='bbox 1939 1785 2083 1868; x_wconf 68' lang='lat' dir='ltr'><strong>dier.</strong></span> <span class='ocrx_word' id='word_1_278' title='bbox 2110 1782 2163 1868; x_wconf 62' lang='lat' dir='ltr'><strong>Si,</strong></span> <span class='ocrx_word' id='word_1_279' title='bbox 2198 1802 2325 1868; x_wconf 64' lang='lat' dir='ltr'><strong>quae</strong></span> <span class='ocrx_word' id='word_1_280' title='bbox 2353 1801 2481 1868; x_wconf 78' lang='lat' dir='ltr'><strong>cum</strong></span> <span class='ocrx_word' id='word_1_281' title='bbox 2505 1787 2758 1868; x_wconf 73' lang='lat' dir='ltr'><strong>incipiat</strong></span> <span class='ocrx_word' id='word_1_282' title='bbox 2787 1800 2986 1868; x_wconf 80' lang='lat' dir='ltr'><strong>acoss.</strong></span> <span class='ocrx_word' id='word_1_283' title='bbox 3012 1785 3195 1868; x_wconf 39' lang='lat' dir='ltr'><strong>Nigro.</strong></span> <span class='ocrx_word' id='word_1_284' title='bbox 3210 1790 3263 1839; x_wconf 89' lang='lat' dir='ltr'><strong>et</strong></span> <span class='ocrx_word' id='word_1_285' title='bbox 3282 1780 3582 1868; x_wconf 78' lang='lat' dir='ltr'><strong>Camerino</strong></span> 
     </span>
    </p>
   </div>
   <div class='ocr_carea' id='block_1_41' title="bbox 172 1850 1825 1927">
    <p class='ocr_par' dir='ltr' id='par_1_41' title="bbox 172 1850 1825 1927">
     <span class='ocr_line' id='line_1_41' title="bbox 172 1850 1825 1927; baseline 0.004 -22"><span class='ocrx_word' id='word_1_286' title='bbox 172 1850 423 1927; x_wconf 65' lang='lat' dir='ltr'><strong>Aniceti,</strong></span> <span class='ocrx_word' id='word_1_287' title='bbox 460 1857 575 1927; x_wconf 84' lang='lat' dir='ltr'><strong>tum</strong></span> <span class='ocrx_word' id='word_1_288' title='bbox 623 1866 685 1908; x_wconf 89' lang='lat' dir='ltr'><strong>ea</strong></span> <span class='ocrx_word' id='word_1_289' title='bbox 728 1868 852 1927; x_wconf 70' lang='lat' dir='ltr'><strong>quae</strong></span> <span class='ocrx_word' id='word_1_290' title='bbox 880 1850 1234 1912; x_wconf 87' lang='lat' dir='ltr'><strong>reservavero</strong></span> <span class='ocrx_word' id='word_1_291' title='bbox 1263 1857 1332 1912; x_wconf 92' lang='lat' dir='ltr'><strong>ad</strong></span> <span class='ocrx_word' id='word_1_292' title='bbox 1368 1871 1667 1912; x_wconf 65' lang='lat' dir='ltr'><strong>numerum</strong></span> <span class='ocrx_word' id='word_1_293' title='bbox 1700 1857 1825 1927; x_wconf 85' lang='lat' dir='ltr'><strong>Pii;</strong></span> 
     </span>
    </p>
   </div>
   <div class='ocr_carea' id='block_1_42' title="bbox 177 1922 1827 1999">
    <p class='ocr_par' dir='ltr' id='par_1_42' title="bbox 177 1922 1827 1999">
     <span class='ocr_line' id='line_1_42' title="bbox 177 1922 1827 1999; baseline 0.006 -25"><span class='ocrx_word' id='word_1_294' title='bbox 177 1922 655 1999; x_wconf 70' lang='lat' dir='ltr'><strong>quemadmodum</strong></span> <span class='ocrx_word' id='word_1_295' title='bbox 680 1922 913 1996; x_wconf 80' lang='lat' dir='ltr'><strong>utrique</strong></span> <span class='ocrx_word' id='word_1_296' title='bbox 938 1929 1263 1999; x_wconf 88' lang='lat' dir='ltr'><strong>communia</strong></span> <span class='ocrx_word' id='word_1_297' title='bbox 1291 1936 1427 1984; x_wconf 89' lang='lat' dir='ltr'><strong>sunt</strong></span> <span class='ocrx_word' id='word_1_298' title='bbox 1458 1928 1728 1999; x_wconf 89' lang='lat' dir='ltr'><strong>pleraque</strong></span> <span class='ocrx_word' id='word_1_299' title='bbox 1758 1922 1827 1984; x_wconf 81' lang='lat' dir='ltr'><strong>ex</strong></span> 
     </span>
    </p>
   </div>
   <div class='ocr_carea' id='block_1_43' title="bbox 174 1993 1829 2069">
    <p class='ocr_par' dir='ltr' id='par_1_43' title="bbox 174 1993 1829 2069">
     <span class='ocr_line' id='line_1_43' title="bbox 174 1993 1829 2069; baseline 0.005 -23"><span class='ocrx_word' id='word_1_300' title='bbox 174 1993 256 2047; x_wconf 91' lang='lat' dir='ltr'><strong>iis</strong></span> <span class='ocrx_word' id='word_1_301' title='bbox 287 2007 413 2062; x_wconf 62' lang='lat' dir='ltr'><strong>quae</strong></span> <span class='ocrx_word' id='word_1_302' title='bbox 439 1996 733 2069; x_wconf 67' lang='lat' dir='ltr'><strong>praemissa</strong></span> <span class='ocrx_word' id='word_1_303' title='bbox 765 1993 901 2052; x_wconf 84' lang='lat' dir='ltr'><strong>sunt</strong></span> <span class='ocrx_word' id='word_1_304' title='bbox 933 1998 990 2053; x_wconf 92' lang='lat' dir='ltr'><strong>in</strong></span> <span class='ocrx_word' id='word_1_305' title='bbox 1038 1999 1275 2069; x_wconf 88' lang='lat' dir='ltr'><strong>Hygino.</strong></span> <span class='ocrx_word' id='word_1_306' title='bbox 1310 2000 1444 2054; x_wconf 90' lang='lat' dir='ltr'><strong>Erat</strong></span> <span class='ocrx_word' id='word_1_307' title='bbox 1459 1993 1658 2055; x_wconf 77' lang='lat' dir='ltr'><strong>autem</strong></span> <span class='ocrx_word' id='word_1_308' title='bbox 1686 2000 1829 2054; x_wconf 92' lang='lat' dir='ltr'><strong>uni-</strong></span> 
     </span>
    </p>
   </div>
   <div class='ocr_carea' id='block_1_44' title="bbox 172 2065 1826 2139">
    <p class='ocr_par' dir='ltr' id='par_1_44' title="bbox 172 2065 1826 2139">
     <span class='ocr_line' id='line_1_44' title="bbox 172 2065 1826 2139; baseline 0.006 -22"><span class='ocrx_word' id='word_1_309' title='bbox 172 2075 469 2119; x_wconf 81' lang='lat' dir='ltr'><strong>versarum</strong></span> <span class='ocrx_word' id='word_1_310' title='bbox 501 2065 964 2124; x_wconf 86' lang='lat' dir='ltr'><strong>Observationum</strong></span> <span class='ocrx_word' id='word_1_311' title='bbox 995 2065 1187 2139; x_wconf 75' lang='lat' dir='ltr'><strong>caput,</strong></span> <span class='ocrx_word' id='word_1_312' title='bbox 1233 2070 1485 2125; x_wconf 84' lang='lat' dir='ltr'><strong>Lacunas</strong></span> <span class='ocrx_word' id='word_1_313' title='bbox 1513 2073 1826 2139; x_wconf 83' lang='lat' dir='ltr'><strong>frequentes</strong></span> 
     </span>
    </p>
   </div>
   <div class='ocr_carea' id='block_1_45' title="bbox 170 2139 1826 2210">
    <p class='ocr_par' dir='ltr' id='par_1_45' title="bbox 170 2139 1826 2210">
     <span class='ocr_line' id='line_1_45' title="bbox 170 2139 1826 2210; baseline 0.006 -23"><span class='ocrx_word' id='word_1_314' title='bbox 170 2149 455 2210; x_wconf 62' lang='lat' dir='ltr'><strong>occurrere</strong></span> <span class='ocrx_word' id='word_1_315' title='bbox 492 2139 553 2191; x_wconf 82' lang='lat' dir='ltr'><strong>in</strong></span> <span class='ocrx_word' id='word_1_316' title='bbox 595 2144 747 2210; x_wconf 67' lang='lat' dir='ltr'><strong>textu</strong></span> <span class='ocrx_word' id='word_1_317' title='bbox 789 2141 1025 2208; x_wconf 79' lang='lat' dir='ltr'><strong>catalogi</strong></span> <span class='ocrx_word' id='word_1_318' title='bbox 1070 2142 1354 2195; x_wconf 79' lang='lat' dir='ltr'><strong>Liberiani</strong></span> <span class='ocrx_word' id='word_1_319' title='bbox 1388 2142 1554 2210; x_wconf 83' lang='lat' dir='ltr'><strong>juxta</strong></span> <span class='ocrx_word' id='word_1_320' title='bbox 1599 2142 1826 2197; x_wconf 89' lang='lat' dir='ltr'><strong>codices</strong></span> 
     </span>
    </p>
   </div>
   <div class='ocr_carea' id='block_1_46' title="bbox 169 2206 1821 2282">
    <p class='ocr_par' dir='ltr' id='par_1_46' title="bbox 169 2206 1821 2282">
     <span class='ocr_line' id='line_1_46' title="bbox 169 2206 1821 2282; baseline 0.004 -23"><span class='ocrx_word' id='word_1_321' title='bbox 169 2206 454 2282; x_wconf 79' lang='lat' dir='ltr'><strong>ejusdem,</strong></span> <span class='ocrx_word' id='word_1_322' title='bbox 478 2209 831 2282; x_wconf 75' lang='lat' dir='ltr'><strong>Cuspiniano</strong></span> <span class='ocrx_word' id='word_1_323' title='bbox 851 2218 907 2266; x_wconf 88' lang='lat' dir='ltr'><strong>et</strong></span> <span class='ocrx_word' id='word_1_324' title='bbox 926 2206 1202 2268; x_wconf 86' lang='lat' dir='ltr'><strong>Bucherio</strong></span> <span class='ocrx_word' id='word_1_325' title='bbox 1227 2206 1406 2268; x_wconf 61' lang='lat' dir='ltr'><strong>visos.</strong></span> <span class='ocrx_word' id='word_1_326' title='bbox 1424 2213 1536 2268; x_wconf 87' lang='lat' dir='ltr'><strong>Has</strong></span> <span class='ocrx_word' id='word_1_327' title='bbox 1566 2212 1821 2282; x_wconf 87' lang='lat' dir='ltr'><strong>lacunas,</strong></span> 
     </span>
    </p>
   </div>
   <div class='ocr_carea' id='block_1_47' title="bbox 173 2276 1826 2355">
    <p class='ocr_par' dir='ltr' id='par_1_47' title="bbox 173 2276 1826 2355">
     <span class='ocr_line' id='line_1_47' title="bbox 173 2276 1826 2355; baseline 0.005 -25"><span class='ocrx_word' id='word_1_328' title='bbox 173 2276 462 2355; x_wconf 69' lang='lat' dir='ltr'><strong>indic-atas</strong></span> <span class='ocrx_word' id='word_1_329' title='bbox 490 2292 522 2333; x_wconf 92' lang='lat' dir='ltr'><strong>a</strong></span> <span class='ocrx_word' id='word_1_330' title='bbox 553 2276 820 2355; x_wconf 79' lang='lat' dir='ltr'><strong>Bucherii</strong></span> <span class='ocrx_word' id='word_1_331' title='bbox 848 2282 1102 2355; x_wconf 81' lang='lat' dir='ltr'><strong>editione</strong></span> <span class='ocrx_word' id='word_1_332' title='bbox 1144 2288 1202 2338; x_wconf 88' lang='lat' dir='ltr'><strong>in</strong></span> <span class='ocrx_word' id='word_1_333' title='bbox 1228 2286 1486 2355; x_wconf 82' lang='lat' dir='ltr'><strong>margine</strong></span> <span class='ocrx_word' id='word_1_334' title='bbox 1509 2298 1577 2338; x_wconf 90' lang='lat' dir='ltr'><strong>ex</strong></span> <span class='ocrx_word' id='word_1_335' title='bbox 1609 2276 1826 2354; x_wconf 78' lang='lat' dir='ltr'><strong>Hygino</strong></span> 
     </span>
    </p>
   </div>
   <div class='ocr_carea' id='block_1_48' title="bbox 168 2347 1827 2425">
    <p class='ocr_par' dir='ltr' id='par_1_48' title="bbox 168 2347 1827 2425">
     <span class='ocr_line' id='line_1_48' title="bbox 168 2347 1827 2425; baseline 0.007 -26"><span class='ocrx_word' id='word_1_336' title='bbox 168 2347 595 2425; x_wconf 76' lang='lat' dir='ltr'><strong>a_d_Cal_listum,</strong></span> <span class='ocrx_word' id='word_1_337' title='bbox 634 2351 727 2405; x_wconf 91' lang='lat' dir='ltr'><strong>hic</strong></span> <span class='ocrx_word' id='word_1_338' title='bbox 756 2353 1104 2422; x_wconf 90' lang='lat' dir='ltr'><strong>supplendas</strong></span> <span class='ocrx_word' id='word_1_339' title='bbox 1133 2347 1385 2424; x_wconf 74' lang='lat' dir='ltr'><strong>propono</strong></span> <span class='ocrx_word' id='word_1_340' title='bbox 1416 2368 1585 2425; x_wconf 88' lang='lat' dir='ltr'><strong>quam</strong></span> <span class='ocrx_word' id='word_1_341' title='bbox 1635 2347 1827 2409; x_wconf 77' lang='lat' dir='ltr'><strong>emen-</strong></span> 
     </span>
    </p>
   </div>
   <div class='ocr_carea' id='block_1_49' title="bbox 168 2418 1829 2494">
    <p class='ocr_par' dir='ltr' id='par_1_49' title="bbox 168 2418 1829 2494">
     <span class='ocr_line' id='line_1_49' title="bbox 168 2418 1829 2494; baseline 0.005 -22"><span class='ocrx_word' id='word_1_342' title='bbox 168 2418 493 2494; x_wconf 86' lang='lat' dir='ltr'><strong>datissime,</strong></span> <span class='ocrx_word' id='word_1_343' title='bbox 543 2418 622 2476; x_wconf 88' lang='lat' dir='ltr'><strong>ita</strong></span> <span class='ocrx_word' id='word_1_344' title='bbox 672 2426 735 2477; x_wconf 93' lang='lat' dir='ltr'><strong>ut</strong></span> <span class='ocrx_word' id='word_1_345' title='bbox 787 2418 1178 2489; x_wconf 78' lang='lat' dir='ltr'><strong>supplementa</strong></span> <span class='ocrx_word' id='word_1_346' title='bbox 1227 2418 1603 2494; x_wconf 77' lang='lat' dir='ltr'><strong>respondeant</strong></span> <span class='ocrx_word' id='word_1_347' title='bbox 1632 2431 1829 2483; x_wconf 86' lang='lat' dir='ltr'><strong>exacte</strong></span> 
     </span>
    </p>
   </div>
   <div class='ocr_carea' id='block_1_50' title="bbox 171 2491 1822 2566">
    <p class='ocr_par' dir='ltr' id='par_1_50' title="bbox 171 2491 1822 2566">
     <span class='ocr_line' id='line_1_50' title="bbox 171 2491 1822 2566; baseline 0.005 -24"><span class='ocrx_word' id='word_1_348' title='bbox 171 2496 292 2543; x_wconf 90' lang='lat' dir='ltr'><strong>tum</strong></span> <span class='ocrx_word' id='word_1_349' title='bbox 326 2491 473 2566; x_wconf 86' lang='lat' dir='ltr'><strong>s_tylo</strong></span> <span class='ocrx_word' id='word_1_350' title='bbox 498 2494 754 2566; x_wconf 80' lang='lat' dir='ltr'><strong>auctoris</strong></span> <span class='ocrx_word' id='word_1_351' title='bbox 775 2494 1043 2565; x_wconf 89' lang='lat' dir='ltr'><strong>catalogi,</strong></span> <span class='ocrx_word' id='word_1_352' title='bbox 1076 2502 1195 2551; x_wconf 93' lang='lat' dir='ltr'><strong>tum</strong></span> <span class='ocrx_word' id='word_1_353' title='bbox 1229 2491 1437 2566; x_wconf 80' lang='lat' dir='ltr'><strong>spatiis</strong></span> <span class='ocrx_word' id='word_1_354' title='bbox 1465 2496 1822 2560; x_wconf 87' lang='lat' dir='ltr'><strong>lacunarum,</strong></span> 
     </span>
    </p>
   </div>
   <div class='ocr_carea' id='block_1_51' title="bbox 171 2560 1825 2637">
    <p class='ocr_par' dir='ltr' id='par_1_51' title="bbox 171 2560 1825 2637">
     <span class='ocr_line' id='line_1_51' title="bbox 171 2560 1825 2637; baseline 0.005 -24"><span class='ocrx_word' id='word_1_355' title='bbox 171 2560 710 2637; x_wconf 35' lang='lat' dir='ltr'><strong>tum_chro.nologiae</strong></span> <span class='ocrx_word' id='word_1_356' title='bbox 737 2560 1063 2621; x_wconf 79' lang='lat' dir='ltr'><strong>rationibus</strong></span> <span class='ocrx_word' id='word_1_357' title='bbox 1106 2560 1353 2622; x_wconf 82' lang='lat' dir='ltr'><strong>maxime</strong></span> <span class='ocrx_word' id='word_1_358' title='bbox 1397 2567 1698 2637; x_wconf 82' lang='lat' dir='ltr'><strong>castigatis</strong></span> <span class='ocrx_word' id='word_1_359' title='bbox 1728 2580 1825 2636; x_wconf 89' lang='lat' dir='ltr'><strong>per</strong></span> 
     </span>
    </p>
   </div>
   <div class='ocr_carea' id='block_1_52' title="bbox 170 2632 1823 2708">
    <p class='ocr_par' dir='ltr' id='par_1_52' title="bbox 170 2632 1823 2708">
     <span class='ocr_line' id='line_1_52' title="bbox 170 2632 1823 2708; baseline 0.005 -24"><span class='ocrx_word' id='word_1_360' title='bbox 170 2632 407 2686; x_wconf 90' lang='lat' dir='ltr'><strong>nomina</strong></span> <span class='ocrx_word' id='word_1_361' title='bbox 445 2632 727 2691; x_wconf 73' lang='lat' dir='ltr'><strong>Caesarum</strong></span> <span class='ocrx_word' id='word_1_362' title='bbox 759 2642 813 2691; x_wconf 91' lang='lat' dir='ltr'><strong>et</strong></span> <span class='ocrx_word' id='word_1_363' title='bbox 854 2639 1159 2693; x_wconf 92' lang='lat' dir='ltr'><strong>consulum</strong></span> <span class='ocrx_word' id='word_1_364' title='bbox 1217 2640 1276 2693; x_wconf 92' lang='lat' dir='ltr'><strong>in</strong></span> <span class='ocrx_word' id='word_1_365' title='bbox 1329 2638 1524 2694; x_wconf 91' lang='lat' dir='ltr'><strong>eodem</strong></span> <span class='ocrx_word' id='word_1_366' title='bbox 1551 2632 1823 2708; x_wconf 63' lang='lat' dir='ltr'><strong>&#39;catalogo</strong></span> 
     </span>
    </p>
   </div>
   <div class='ocr_carea' id='block_1_53' title="bbox 171 2708 1821 2779">
    <p class='ocr_par' dir='ltr' id='par_1_53' title="bbox 171 2708 1821 2779">
     <span class='ocr_line' id='line_1_53' title="bbox 171 2708 1821 2779; baseline 0.005 -23"><span class='ocrx_word' id='word_1_367' title='bbox 171 2708 637 2779; x_wconf 68' lang='lat' dir='ltr'><strong>memoratorum.</strong></span> <span class='ocrx_word' id='word_1_368' title='bbox 670 2709 926 2763; x_wconf 90' lang='lat' dir='ltr'><strong>Lacunas</strong></span> <span class='ocrx_word' id='word_1_369' title='bbox 953 2722 1077 2764; x_wconf 89' lang='lat' dir='ltr'><strong>esse</strong></span> <span class='ocrx_word' id='word_1_370' title='bbox 1104 2722 1215 2764; x_wconf 90' lang='lat' dir='ltr'><strong>non</strong></span> <span class='ocrx_word' id='word_1_371' title='bbox 1251 2723 1458 2779; x_wconf 87' lang='lat' dir='ltr'><strong>paucas</strong></span> <span class='ocrx_word' id='word_1_372' title='bbox 1505 2723 1573 2764; x_wconf 86' lang='lat' dir='ltr'><strong>ex</strong></span> <span class='ocrx_word' id='word_1_373' title='bbox 1604 2710 1821 2779; x_wconf 87' lang='lat' dir='ltr'><strong>Hygino</strong></span> 
     </span>
    </p>
   </div>
   <div class='ocr_carea' id='block_1_54' title="bbox 165 2773 1820 2850">
    <p class='ocr_par' dir='ltr' id='par_1_54' title="bbox 165 2773 1820 2850">
     <span class='ocr_line' id='line_1_54' title="bbox 165 2773 1820 2850; baseline 0.004 -23"><span class='ocrx_word' id='word_1_374' title='bbox 165 2773 237 2828; x_wconf 87' lang='lat' dir='ltr'><strong>ad</strong></span> <span class='ocrx_word' id='word_1_375' title='bbox 272 2774 571 2850; x_wconf 56' lang='lat' dir='ltr'><strong>uailistum</strong></span> <span class='ocrx_word' id='word_1_376' title='bbox 604 2779 956 2834; x_wconf 88' lang='lat' dir='ltr'><strong>demonstrat</strong></span> <span class='ocrx_word' id='word_1_377' title='bbox 981 2785 1097 2835; x_wconf 90' lang='lat' dir='ltr'><strong>tum</strong></span> <span class='ocrx_word' id='word_1_378' title='bbox 1131 2780 1231 2835; x_wconf 86' lang='lat' dir='ltr'><strong>illa</strong></span> <span class='ocrx_word' id='word_1_379' title='bbox 1252 2773 1590 2850; x_wconf 79' lang='lat' dir='ltr'><strong>suppressio</strong></span> <span class='ocrx_word' id='word_1_380' title='bbox 1642 2773 1820 2835; x_wconf 76' lang='lat' dir='ltr'><strong>trium</strong></span> 
     </span>
    </p>
   </div>
   <div class='ocr_carea' id='block_1_55' title="bbox 171 2844 1819 2920">
    <p class='ocr_par' dir='ltr' id='par_1_55' title="bbox 171 2844 1819 2920">
     <span class='ocr_line' id='line_1_55' title="bbox 171 2844 1819 2920; baseline 0.005 -23"><span class='ocrx_word' id='word_1_381' title='bbox 171 2844 506 2920; x_wconf 72' lang='lat' dir='ltr'><strong>pontiﬁcum</strong></span> <span class='ocrx_word' id='word_1_382' title='bbox 561 2847 663 2905; x_wconf 89' lang='lat' dir='ltr'><strong>hos</strong></span> <span class='ocrx_word' id='word_1_383' title='bbox 714 2852 864 2905; x_wconf 89' lang='lat' dir='ltr'><strong>inter</strong></span> <span class='ocrx_word' id='word_1_384' title='bbox 919 2851 1298 2917; x_wconf 91' lang='lat' dir='ltr'><strong>inclusorum,</strong></span> <span class='ocrx_word' id='word_1_385' title='bbox 1334 2844 1543 2920; x_wconf 61' lang='lat' dir='ltr'><strong>&#39;n&#39;empe</strong></span> <span class='ocrx_word' id='word_1_386' title='bbox 1574 2851 1819 2920; x_wconf 85' lang='lat' dir='ltr'><strong>Aniceti,</strong></span> 
     </span>
    </p>
   </div>
   <div class='ocr_carea' id='block_1_56' title="bbox 164 2916 1819 2994">
    <p class='ocr_par' dir='ltr' id='par_1_56' title="bbox 164 2916 1819 2994">
     <span class='ocr_line' id='line_1_56' title="bbox 164 2916 1819 2994; baseline 0.004 -24"><span class='ocrx_word' id='word_1_387' title='bbox 164 2916 482 2994; x_wconf 82' lang='lat' dir='ltr'><strong>Eieutheri,</strong></span> <span class='ocrx_word' id='word_1_388' title='bbox 515 2925 571 2974; x_wconf 90' lang='lat' dir='ltr'><strong>et</strong></span> <span class='ocrx_word' id='word_1_389' title='bbox 599 2922 913 2991; x_wconf 86' lang='lat' dir='ltr'><strong>Zephirini,</strong></span> <span class='ocrx_word' id='word_1_390' title='bbox 948 2936 979 2977; x_wconf 93' lang='lat' dir='ltr'><strong>a</strong></span> <span class='ocrx_word' id='word_1_391' title='bbox 1017 2916 1296 2979; x_wconf 90' lang='lat' dir='ltr'><strong>Bucherio</strong></span> <span class='ocrx_word' id='word_1_392' title='bbox 1324 2923 1380 2978; x_wconf 93' lang='lat' dir='ltr'><strong>in</strong></span> <span class='ocrx_word' id='word_1_393' title='bbox 1419 2916 1672 2994; x_wconf 76' lang='lat' dir='ltr'><strong>margine</strong></span> <span class='ocrx_word' id='word_1_394' title='bbox 1700 2916 1819 2977; x_wconf 60' lang='lat' dir='ltr'><strong>suae</strong></span> 
     </span>
    </p>
   </div>
   <div class='ocr_carea' id='block_1_57' title="bbox 161 2988 1817 3066">
    <p class='ocr_par' dir='ltr' id='par_1_57' title="bbox 161 2988 1817 3066">
     <span class='ocr_line' id='line_1_57' title="bbox 161 2988 1817 3066; baseline 0.005 -25"><span class='ocrx_word' id='word_1_395' title='bbox 161 2988 447 3066; x_wconf 76' lang='lat' dir='ltr'><strong>editionis</strong></span> <span class='ocrx_word' id='word_1_396' title='bbox 481 2988 697 3066; x_wconf 80' lang='lat' dir='ltr'><strong>_notata,</strong></span> <span class='ocrx_word' id='word_1_397' title='bbox 732 2995 817 3049; x_wconf 90' lang='lat' dir='ltr'><strong>uti</strong></span> <span class='ocrx_word' id='word_1_398' title='bbox 851 2988 954 3050; x_wconf 78' lang='lat' dir='ltr'><strong>nes</strong></span> <span class='ocrx_word' id='word_1_399' title='bbox 979 2995 1036 3048; x_wconf 92' lang='lat' dir='ltr'><strong>in</strong></span> <span class='ocrx_word' id='word_1_400' title='bbox 1060 2988 1817 3066; x_wconf 65' lang='lat' dir='ltr'><strong>Prolegomenise&#39;didimus</strong></span> 
     </span>
    </p>
   </div>
   <div class='ocr_carea' id='block_1_58' title="bbox 163 3058 1814 3134">
    <p class='ocr_par' dir='ltr' id='par_1_58' title="bbox 163 3058 1814 3134">
     <span class='ocr_line' id='line_1_58' title="bbox 163 3058 1814 3134; baseline 0.004 -21"><span class='ocrx_word' id='word_1_401' title='bbox 163 3058 279 3134; x_wconf 74' lang='lat' dir='ltr'><strong>sub</strong></span> <span class='ocrx_word' id='word_1_402' title='bbox 311 3062 662 3134; x_wconf 86' lang='lat' dir='ltr'><strong>principium</strong></span> <span class='ocrx_word' id='word_1_403' title='bbox 687 3058 708 3134; x_wconf 73' lang='grc' dir='ltr'><strong>’ς</strong></span> <span class='ocrx_word' id='word_1_404' title='bbox 740 3072 861 3119; x_wconf 91' lang='lat' dir='ltr'><strong>tum</strong></span> <span class='ocrx_word' id='word_1_405' title='bbox 897 3066 1179 3134; x_wconf 89' lang='lat' dir='ltr'><strong>posterior</strong></span> <span class='ocrx_word' id='word_1_406' title='bbox 1209 3058 1389 3121; x_wconf 82' lang='lat' dir='ltr'><strong>editio</strong></span> <span class='ocrx_word' id='word_1_407' title='bbox 1423 3065 1814 3121; x_wconf 87' lang='lat' dir='ltr'><strong>Schelestratii</strong></span> 
     </span>
    </p>
   </div>
   <div class='ocr_carea' id='block_1_59' title="bbox 164 3129 1814 3208">
    <p class='ocr_par' dir='ltr' id='par_1_59' title="bbox 164 3129 1814 3208">
     <span class='ocr_line' id='line_1_59' title="bbox 164 3129 1814 3208; baseline 0.004 -24"><span class='ocrx_word' id='word_1_408' title='bbox 164 3129 377 3186; x_wconf 89' lang='lat' dir='ltr'><strong>collata</strong></span> <span class='ocrx_word' id='word_1_409' title='bbox 406 3132 474 3187; x_wconf 88' lang='lat' dir='ltr'><strong>ad</strong></span> <span class='ocrx_word' id='word_1_410' title='bbox 506 3129 1021 3208; x_wconf 33' lang='lat' dir='ltr'><strong>‘aliud&#39;exemplar-</strong></span> <span class='ocrx_word' id='word_1_411' title='bbox 1066 3150 1167 3192; x_wconf 92' lang='lat' dir='ltr'><strong>ms.</strong></span> <span class='ocrx_word' id='word_1_412' title='bbox 1212 3138 1473 3193; x_wconf 65' lang='lat' dir='ltr'><strong>Caesarei.</strong></span> <span class='ocrx_word' id='word_1_413' title='bbox 1528 3139 1814 3208; x_wconf 81' lang='lat' dir='ltr'><strong>[ntegrum</strong></span> 
     </span>
    </p>
   </div>
   <div class='ocr_carea' id='block_1_60' title="bbox 160 3205 1820 3280">
    <p class='ocr_par' dir='ltr' id='par_1_60' title="bbox 160 3205 1820 3280">
     <span class='ocr_line' id='line_1_60' title="bbox 160 3205 1820 3280; baseline 0.004 -24"><span class='ocrx_word' id='word_1_414' title='bbox 160 3215 307 3280; x_wconf 70' lang='lat' dir='ltr'><strong>vero</strong></span> <span class='ocrx_word' id='word_1_415' title='bbox 323 3216 444 3258; x_wconf 89' lang='lat' dir='ltr'><strong>esse</strong></span> <span class='ocrx_word' id='word_1_416' title='bbox 474 3205 793 3275; x_wconf 85' lang='lat' dir='ltr'><strong>catalogum</strong></span> <span class='ocrx_word' id='word_1_417' title='bbox 822 3213 932 3262; x_wconf 82' lang='lat' dir='ltr'><strong>tam</strong></span> <span class='ocrx_word' id='word_1_418' title='bbox 965 3215 1096 3280; x_wconf 83' lang='lat' dir='ltr'><strong>ante</strong></span> <span class='ocrx_word' id='word_1_419' title='bbox 1135 3208 1438 3280; x_wconf 86' lang='lat' dir='ltr'><strong>Hyginum,</strong></span> <span class='ocrx_word' id='word_1_420' title='bbox 1470 3220 1635 3280; x_wconf 88' lang='lat' dir='ltr'><strong>quam</strong></span> <span class='ocrx_word' id='word_1_421' title='bbox 1657 3205 1820 3280; x_wconf 55' lang='lat' dir='ltr'><strong>&#39;_post</strong></span> 
     </span>
    </p>
   </div>
   <div class='ocr_carea' id='block_1_61' title="bbox 157 3273 1819 3335">
    <p class='ocr_par' dir='ltr' id='par_1_61' title="bbox 157 3273 1819 3335">
     <span class='ocr_line' id='line_1_61' title="bbox 157 3273 1819 3335; baseline 0.005 -9"><span class='ocrx_word' id='word_1_422' title='bbox 157 3273 466 3330; x_wconf 75' lang='lat' dir='ltr'><strong>Callistum</strong></span> <span class='ocrx_word' id='word_1_423' title='bbox 494 3273 718 3332; x_wconf 85' lang='lat' dir='ltr'><strong>constat</strong></span> <span class='ocrx_word' id='word_1_424' title='bbox 768 3291 835 3334; x_wconf 90' lang='lat' dir='ltr'><strong>ex</strong></span> <span class='ocrx_word' id='word_1_425' title='bbox 869 3273 1196 3335; x_wconf 78' lang='lat' dir='ltr'><strong>rationibus</strong></span> <span class='ocrx_word' id='word_1_426' title='bbox 1221 3273 1377 3335; x_wconf 68' lang='lat' dir='ltr'><strong>satis</strong></span> <span class='ocrx_word' id='word_1_427' title='bbox 1406 3273 1616 3335; x_wconf 69' lang='lat' dir='ltr'><strong>exacta:</strong></span> <span class='ocrx_word' id='word_1_428' title='bbox 1641 3273 1819 3334; x_wconf 78' lang='lat' dir='ltr'><strong>chro—</strong></span> 
     </span>
    </p>
   </div>
   <div class='ocr_carea' id='block_1_62' title="bbox 162 3344 1819 3417">
    <p class='ocr_par' dir='ltr' id='par_1_62' title="bbox 162 3344 1819 3417">
     <span class='ocr_line' id='line_1_62' title="bbox 162 3344 1819 3417; baseline 0.004 -18"><span class='ocrx_word' id='word_1_429' title='bbox 162 3344 432 3414; x_wconf 71' lang='lat' dir='ltr'><strong>nol0gize,</strong></span> <span class='ocrx_word' id='word_1_430' title='bbox 468 3348 745 3417; x_wconf 67' lang='lat' dir='ltr'><strong>quaeinde</strong></span> <span class='ocrx_word' id='word_1_431' title='bbox 773 3350 1096 3405; x_wconf 85' lang='lat' dir='ltr'><strong>eliciuntur</strong></span> <span class='ocrx_word' id='word_1_432' title='bbox 1124 3350 1228 3405; x_wconf 90' lang='lat' dir='ltr'><strong>hac</strong></span> <span class='ocrx_word' id='word_1_433' title='bbox 1282 3351 1566 3407; x_wconf 89' lang='lat' dir='ltr'><strong>methodo.</strong></span> <span class='ocrx_word' id='word_1_434' title='bbox 1602 3350 1819 3405; x_wconf 89' lang='lat' dir='ltr'><strong>Calalo-</strong></span> 
     </span>
    </p>
   </div>
   <div class='ocr_carea' id='block_1_63' title="bbox 159 3420 1818 3493">
    <p class='ocr_par' dir='ltr' id='par_1_63' title="bbox 159 3420 1818 3493">
     <span class='ocr_line' id='line_1_63' title="bbox 159 3420 1818 3493; baseline 0.003 -23"><span class='ocrx_word' id='word_1_435' title='bbox 159 3431 274 3485; x_wconf 74' lang='lat' dir='ltr'><strong>gus</strong></span> <span class='ocrx_word' id='word_1_436' title='bbox 307 3426 575 3493; x_wconf 74' lang='lat' dir='ltr'><strong>numerat</strong></span> <span class='ocrx_word' id='word_1_437' title='bbox 600 3420 1061 3493; x_wconf 77' lang='lat' dir='ltr'><strong>inpontiﬂcibus</strong></span> <span class='ocrx_word' id='word_1_438' title='bbox 1089 3435 1119 3476; x_wconf 95' lang='lat' dir='ltr'><strong>a</strong></span> <span class='ocrx_word' id='word_1_439' title='bbox 1161 3424 1301 3477; x_wconf 90' lang='lat' dir='ltr'><strong>Lino</strong></span> <span class='ocrx_word' id='word_1_440' title='bbox 1330 3422 1398 3477; x_wconf 90' lang='lat' dir='ltr'><strong>ad</strong></span> <span class='ocrx_word' id='word_1_441' title='bbox 1444 3422 1723 3493; x_wconf 87' lang='lat' dir='ltr'><strong>Hyginum</strong></span> <span class='ocrx_word' id='word_1_442' title='bbox 1749 3435 1818 3476; x_wconf 88' lang='lat' dir='ltr'><strong>ex</strong></span> 
     </span>
    </p>
   </div>
   <div class='ocr_carea' id='block_1_64' title="bbox 156 3489 1816 3562">
    <p class='ocr_par' dir='ltr' id='par_1_64' title="bbox 156 3489 1816 3562">
     <span class='ocr_line' id='line_1_64' title="bbox 156 3489 1816 3562; baseline 0.005 -22"><span class='ocrx_word' id='word_1_443' title='bbox 156 3489 504 3562; x_wconf 72' lang='lat' dir='ltr'><strong>consulibus</strong></span> <span class='ocrx_word' id='word_1_444' title='bbox 538 3490 813 3560; x_wconf 85' lang='lat' dir='ltr'><strong>Capitone</strong></span> <span class='ocrx_word' id='word_1_445' title='bbox 837 3500 892 3547; x_wconf 90' lang='lat' dir='ltr'><strong>et</strong></span> <span class='ocrx_word' id='word_1_446' title='bbox 927 3492 1067 3548; x_wconf 82' lang='lat' dir='ltr'><strong>ltufo</strong></span> <span class='ocrx_word' id='word_1_447' title='bbox 1093 3493 1216 3547; x_wconf 90' lang='lat' dir='ltr'><strong>Lini</strong></span> <span class='ocrx_word' id='word_1_448' title='bbox 1245 3489 1565 3562; x_wconf 82' lang='lat' dir='ltr'><strong>postremis,</strong></span> <span class='ocrx_word' id='word_1_449' title='bbox 1591 3493 1659 3547; x_wconf 91' lang='lat' dir='ltr'><strong>ad</strong></span> <span class='ocrx_word' id='word_1_450' title='bbox 1685 3506 1816 3548; x_wconf 87' lang='lat' dir='ltr'><strong>con-</strong></span> 
     </span>
    </p>
   </div>
   <div class='ocr_carea' id='block_1_65' title="bbox 158 3559 1814 3633">
    <p class='ocr_par' dir='ltr' id='par_1_65' title="bbox 158 3559 1814 3633">
     <span class='ocr_line' id='line_1_65' title="bbox 158 3559 1814 3633; baseline 0.004 -20"><span class='ocrx_word' id='word_1_451' title='bbox 158 3559 323 3633; x_wconf 80' lang='lat' dir='ltr'><strong>sules</strong></span> <span class='ocrx_word' id='word_1_452' title='bbox 344 3559 555 3633; x_wconf 72' lang='lat' dir='ltr'><strong>.IElium</strong></span> <span class='ocrx_word' id='word_1_453' title='bbox 587 3559 858 3619; x_wconf 61' lang='lat' dir='ltr'><strong>Caesarem</strong></span> <span class='ocrx_word' id='word_1_454' title='bbox 886 3565 932 3619; x_wconf 94' lang='grc'>1[</span> <span class='ocrx_word' id='word_1_455' title='bbox 960 3570 1016 3619; x_wconf 90' lang='lat' dir='ltr'><strong>et</strong></span> <span class='ocrx_word' id='word_1_456' title='bbox 1044 3559 1345 3620; x_wconf 80' lang='lat' dir='ltr'><strong>Balbinum</strong></span> <span class='ocrx_word' id='word_1_457' title='bbox 1374 3571 1684 3633; x_wconf 89' lang='lat' dir='ltr'><strong>postremos</strong></span> <span class='ocrx_word' id='word_1_458' title='bbox 1713 3564 1814 3619; x_wconf 88' lang='lat' dir='ltr'><strong>Te-</strong></span> 
     </span>
    </p>
   </div>
   <div class='ocr_carea' id='block_1_66' title="bbox 160 3631 1810 3707">
    <p class='ocr_par' dir='ltr' id='par_1_66' title="bbox 160 3631 1810 3707">
     <span class='ocr_line' id='line_1_66' title="bbox 160 3631 1810 3707; baseline 0.004 -21"><span class='ocrx_word' id='word_1_459' title='bbox 160 3631 420 3707; x_wconf 61' lang='lat' dir='ltr'><strong>lesphori</strong></span> <span class='ocrx_word' id='word_1_460' title='bbox 450 3631 562 3707; x_wconf 81' lang='lat' dir='ltr'><strong>(cui</strong></span> <span class='ocrx_word' id='word_1_461' title='bbox 597 3636 855 3707; x_wconf 88' lang='lat' dir='ltr'><strong>succedit</strong></span> <span class='ocrx_word' id='word_1_462' title='bbox 882 3636 1159 3707; x_wconf 89' lang='lat' dir='ltr'><strong>Hyginus)</strong></span> <span class='ocrx_word' id='word_1_463' title='bbox 1187 3631 1486 3707; x_wconf 53' lang='lat' dir='ltr'><strong>annos&#39;70,</strong></span> <span class='ocrx_word' id='word_1_464' title='bbox 1519 3649 1738 3691; x_wconf 91' lang='lat' dir='ltr'><strong>menses</strong></span> <span class='ocrx_word' id='word_1_465' title='bbox 1757 3635 1810 3700; x_wconf 88' lang='lat'><strong>6,</strong></span> 
     </span>
    </p>
   </div>
   <div class='ocr_carea' id='block_1_67' title="bbox 160 3699 1420 3774">
    <p class='ocr_par' dir='ltr' id='par_1_67' title="bbox 160 3699 1420 3774">
     <span class='ocr_line' id='line_1_67' title="bbox 160 3699 1420 3774; baseline 0.002 -16"><span class='ocrx_word' id='word_1_466' title='bbox 160 3705 291 3758; x_wconf 83' lang='lat' dir='ltr'><strong>dies</strong></span> <span class='ocrx_word' id='word_1_467' title='bbox 319 3699 411 3771; x_wconf 90' lang='lat'><strong>22,</strong></span> <span class='ocrx_word' id='word_1_468' title='bbox 436 3699 650 3760; x_wconf 76' lang='lat' dir='ltr'><strong>emisso</strong></span> <span class='ocrx_word' id='word_1_469' title='bbox 689 3706 875 3774; x_wconf 89' lang='lat' dir='ltr'><strong>spatio</strong></span> <span class='ocrx_word' id='word_1_470' title='bbox 901 3699 1219 3763; x_wconf 71' lang='lat' dir='ltr'><strong>vacationis</strong></span> <span class='ocrx_word' id='word_1_471' title='bbox 1245 3708 1420 3763; x_wconf 89' lang='lat' dir='ltr'><strong>sedis.</strong></span> 
     </span>
    </p>
   </div>
   <div class='ocr_carea' id='block_1_68' title="bbox 230 3775 1809 3851">
    <p class='ocr_par' dir='ltr' id='par_1_68' title="bbox 230 3775 1809 3851">
     <span class='ocr_line' id='line_1_68' title="bbox 230 3775 1809 3851; baseline 0.005 -23"><span class='ocrx_word' id='word_1_472' title='bbox 230 3776 380 3851; x_wconf 79' lang='lat' dir='ltr'><strong>Sunt</strong></span> <span class='ocrx_word' id='word_1_473' title='bbox 418 3788 550 3851; x_wconf 78' lang='lat' dir='ltr'><strong>vero</strong></span> <span class='ocrx_word' id='word_1_474' title='bbox 600 3775 909 3851; x_wconf 72' lang='lat' dir='ltr'><strong>Clementis</strong></span> <span class='ocrx_word' id='word_1_475' title='bbox 944 3779 1098 3851; x_wconf 80' lang='lat' dir='ltr'><strong>anni</strong></span> <span class='ocrx_word' id='word_1_476' title='bbox 1120 3782 1179 3851; x_wconf 86' lang='lat'><strong>_9,</strong></span> <span class='ocrx_word' id='word_1_477' title='bbox 1242 3792 1419 3851; x_wconf 89' lang='lat' dir='ltr'><strong>mens.</strong></span> <span class='ocrx_word' id='word_1_478' title='bbox 1451 3776 1508 3845; x_wconf 87' lang='lat'><strong>2,</strong></span> <span class='ocrx_word' id='word_1_479' title='bbox 1540 3779 1666 3835; x_wconf 89' lang='lat' dir='ltr'><strong>dies</strong></span> <span class='ocrx_word' id='word_1_480' title='bbox 1697 3776 1809 3851; x_wconf 81' lang='lat'><strong>42;</strong></span> 
     </span>
    </p>
   </div>
   <div class='ocr_carea' id='block_1_69' title="bbox 157 3844 1808 3918">
    <p class='ocr_par' dir='ltr' id='par_1_69' title="bbox 157 3844 1808 3918">
     <span class='ocr_line' id='line_1_69' title="bbox 157 3844 1808 3918; baseline 0.005 -19"><span class='ocrx_word' id='word_1_481' title='bbox 157 3844 330 3912; x_wconf 90' lang='lat' dir='ltr'><strong>Cleti,</strong></span> <span class='ocrx_word' id='word_1_482' title='bbox 361 3858 454 3918; x_wconf 76' lang='lat' dir='ltr'><strong>an.</strong></span> <span class='ocrx_word' id='word_1_483' title='bbox 517 3845 570 3916; x_wconf 80' lang='grc'>6,</span> <span class='ocrx_word' id='word_1_484' title='bbox 609 3860 784 3918; x_wconf 86' lang='lat' dir='ltr'><strong>mens.</strong></span> <span class='ocrx_word' id='word_1_485' title='bbox 835 3846 888 3916; x_wconf 84' lang='lat'><strong>2,</strong></span> <span class='ocrx_word' id='word_1_486' title='bbox 921 3849 1046 3905; x_wconf 90' lang='lat' dir='ltr'><strong>dies</strong></span> <span class='ocrx_word' id='word_1_487' title='bbox 1077 3844 1187 3918; x_wconf 55' lang='lat'><strong>40&#39;;</strong></span> <span class='ocrx_word' id='word_1_488' title='bbox 1229 3844 1507 3918; x_wconf 88' lang='lat' dir='ltr'><strong>Anacleti,</strong></span> <span class='ocrx_word' id='word_1_489' title='bbox 1560 3864 1652 3906; x_wconf 91' lang='lat' dir='ltr'><strong>an.</strong></span> <span class='ocrx_word' id='word_1_490' title='bbox 1723 3844 1808 3918; x_wconf 71' lang='lat'><strong>42,</strong></span> 
     </span>
    </p>
   </div>
   <div class='ocr_carea' id='block_1_70' title="bbox 163 3915 1809 3991">
    <p class='ocr_par' dir='ltr' id='par_1_70' title="bbox 163 3915 1809 3991">
     <span class='ocr_line' id='line_1_70' title="bbox 163 3915 1809 3991; baseline 0.005 -22"><span class='ocrx_word' id='word_1_491' title='bbox 163 3930 351 3991; x_wconf 76' lang='lat' dir='ltr'><strong>mens.</strong></span> <span class='ocrx_word' id='word_1_492' title='bbox 388 3915 472 3991; x_wconf 84' lang='lat'><strong>40,</strong></span> <span class='ocrx_word' id='word_1_493' title='bbox 504 3915 631 3974; x_wconf 89' lang='lat' dir='ltr'><strong>dies</strong></span> <span class='ocrx_word' id='word_1_494' title='bbox 653 3917 729 3991; x_wconf 61' lang='grc' dir='ltr'><strong>ξς</strong></span> <span class='ocrx_word' id='word_1_495' title='bbox 762 3915 1032 3991; x_wconf 76' lang='lat' dir='ltr'><strong>Evarlsti,</strong></span> <span class='ocrx_word' id='word_1_496' title='bbox 1063 3934 1155 3975; x_wconf 92' lang='lat' dir='ltr'><strong>an.</strong></span> <span class='ocrx_word' id='word_1_497' title='bbox 1177 3915 1277 3991; x_wconf 83' lang='grc'><strong>13,</strong></span> <span class='ocrx_word' id='word_1_498' title='bbox 1303 3936 1475 3978; x_wconf 88' lang='lat' dir='ltr'><strong>mens.</strong></span> <span class='ocrx_word' id='word_1_499' title='bbox 1498 3915 1553 3990; x_wconf 87' lang='grc'><strong>7,</strong></span> <span class='ocrx_word' id='word_1_500' title='bbox 1586 3922 1712 3978; x_wconf 90' lang='lat' dir='ltr'><strong>dies</strong></span> <span class='ocrx_word' id='word_1_501' title='bbox 1738 3915 1809 3991; x_wconf 62' lang='lat'><strong>2,</strong></span> 
     </span>
    </p>
   </div>
   <div class='ocr_carea' id='block_1_71' title="bbox 157 3987 1806 4063">
    <p class='ocr_par' dir='ltr' id='par_1_71' title="bbox 157 3987 1806 4063">
     <span class='ocr_line' id='line_1_71' title="bbox 157 3987 1806 4063; baseline 0.005 -22"><span class='ocrx_word' id='word_1_502' title='bbox 157 3987 725 4063; x_wconf 35' lang='lat' dir='ltr'><strong>Alexandri,_an.‘7,</strong></span> <span class='ocrx_word' id='word_1_503' title='bbox 751 4004 927 4063; x_wconf 77' lang='lat' dir='ltr'><strong>mens.</strong></span> <span class='ocrx_word' id='word_1_504' title='bbox 966 3987 1028 4058; x_wconf 80' lang='lat'><strong>2,</strong></span> <span class='ocrx_word' id='word_1_505' title='bbox 1079 3993 1206 4047; x_wconf 89' lang='lat' dir='ltr'><strong>dies</strong></span> <span class='ocrx_word' id='word_1_506' title='bbox 1258 3990 1347 4063; x_wconf 81' lang='lat'><strong>4__;</strong></span> <span class='ocrx_word' id='word_1_507' title='bbox 1395 3987 1564 4062; x_wconf 52' lang='lat' dir='ltr'><strong>Sixti&#39;,</strong></span> <span class='ocrx_word' id='word_1_508' title='bbox 1592 4007 1683 4049; x_wconf 89' lang='lat' dir='ltr'><strong>an.</strong></span> <span class='ocrx_word' id='word_1_509' title='bbox 1722 3987 1806 4063; x_wconf 83' lang='lat'><strong>40,</strong></span> 
     </span>
    </p>
   </div>
   <div class='ocr_carea' id='block_1_72' title="bbox 162 4057 1809 4135">
    <p class='ocr_par' dir='ltr' id='par_1_72' title="bbox 162 4057 1809 4135">
     <span class='ocr_line' id='line_1_72' title="bbox 162 4057 1809 4135; baseline 0.005 -21"><span class='ocrx_word' id='word_1_510' title='bbox 162 4071 342 4135; x_wconf 68' lang='lat' dir='ltr'><strong>mens.</strong></span> <span class='ocrx_word' id='word_1_511' title='bbox 373 4057 430 4126; x_wconf 89' lang='grc'>3,</span> <span class='ocrx_word' id='word_1_512' title='bbox 472 4060 596 4116; x_wconf 88' lang='lat' dir='ltr'><strong>dies</strong></span> <span class='ocrx_word' id='word_1_513' title='bbox 624 4057 743 4131; x_wconf 79' lang='lat'><strong>24;</strong></span> <span class='ocrx_word' id='word_1_514' title='bbox 775 4062 1106 4135; x_wconf 79' lang='lat' dir='ltr'><strong>Telesphori</strong></span> <span class='ocrx_word' id='word_1_515' title='bbox 1134 4077 1227 4118; x_wconf 93' lang='lat' dir='ltr'><strong>an.</strong></span> <span class='ocrx_word' id='word_1_516' title='bbox 1260 4057 1346 4135; x_wconf 79' lang='lat'><strong>44,</strong></span> <span class='ocrx_word' id='word_1_517' title='bbox 1381 4057 1562 4121; x_wconf 72' lang='lat' dir='ltr'><strong>mens.</strong></span> <span class='ocrx_word' id='word_1_518' title='bbox 1605 4063 1658 4131; x_wconf 90' lang='lat'><strong>3,</strong></span> <span class='ocrx_word' id='word_1_519' title='bbox 1683 4057 1809 4122; x_wconf 86' lang='lat' dir='ltr'><strong>dies</strong></span> 
     </span>
    </p>
   </div>
   <div class='ocr_carea' id='block_1_73' title="bbox 157 4127 1811 4207">
    <p class='ocr_par' dir='ltr' id='par_1_73' title="bbox 157 4127 1811 4207">
     <span class='ocr_line' id='line_1_73' title="bbox 157 4127 1811 4207; baseline 0.005 -22"><span class='ocrx_word' id='word_1_520' title='bbox 157 4127 211 4185; x_wconf 88' lang='lat'><strong>3.</strong></span> <span class='ocrx_word' id='word_1_521' title='bbox 236 4130 477 4207; x_wconf 67' lang='lat' dir='ltr'><strong>Summa</strong></span> <span class='ocrx_word' id='word_1_522' title='bbox 511 4141 597 4187; x_wconf 91' lang='lat' dir='ltr'><strong>est</strong></span> <span class='ocrx_word' id='word_1_523' title='bbox 619 4127 899 4207; x_wconf 85' lang='lat' dir='ltr'><strong>annorum</strong></span> <span class='ocrx_word' id='word_1_524' title='bbox 929 4127 1019 4207; x_wconf 91' lang='grc'><strong>70,</strong></span> <span class='ocrx_word' id='word_1_525' title='bbox 1058 4148 1230 4207; x_wconf 82' lang='lat' dir='ltr'><strong>mens.</strong></span> <span class='ocrx_word' id='word_1_526' title='bbox 1275 4127 1344 4204; x_wconf 56' lang='lat'><strong>6,’</strong></span> <span class='ocrx_word' id='word_1_527' title='bbox 1379 4136 1523 4191; x_wconf 89' lang='lat' dir='ltr'><strong>dier.</strong></span> <span class='ocrx_word' id='word_1_528' title='bbox 1570 4127 1659 4203; x_wconf 77' lang='lat'><strong>22,</strong></span> <span class='ocrx_word' id='word_1_529' title='bbox 1685 4152 1811 4207; x_wconf 75' lang='lat' dir='ltr'><strong>quae</strong></span> 
     </span>
    </p>
   </div>
   <div class='ocr_carea' id='block_1_74' title="bbox 158 4204 1808 4278">
    <p class='ocr_par' dir='ltr' id='par_1_74' title="bbox 158 4204 1808 4278">
     <span class='ocr_line' id='line_1_74' title="bbox 158 4204 1808 4278; baseline 0.005 -22"><span class='ocrx_word' id='word_1_530' title='bbox 158 4204 309 4278; x_wconf 75' lang='lat' dir='ltr'><strong>satis</strong></span> <span class='ocrx_word' id='word_1_531' title='bbox 330 4209 531 4278; x_wconf 80' lang='lat' dir='ltr'><strong>exacte</strong></span> <span class='ocrx_word' id='word_1_532' title='bbox 558 4206 862 4278; x_wconf 88' lang='lat' dir='ltr'><strong>respondet</strong></span> <span class='ocrx_word' id='word_1_533' title='bbox 892 4205 1221 4278; x_wconf 86' lang='lat' dir='ltr'><strong>rationibus</strong></span> <span class='ocrx_word' id='word_1_534' title='bbox 1245 4207 1643 4278; x_wconf 76' lang='lat' dir='ltr'><strong>Chronologiae</strong></span> <span class='ocrx_word' id='word_1_535' title='bbox 1671 4204 1808 4265; x_wconf 87' lang='lat' dir='ltr'><strong>con-</strong></span> 
     </span>
    </p>
   </div>
   <div class='ocr_carea' id='block_1_75' title="bbox 156 4273 1810 4348">
    <p class='ocr_par' dir='ltr' id='par_1_75' title="bbox 156 4273 1810 4348">
     <span class='ocr_line' id='line_1_75' title="bbox 156 4273 1810 4348; baseline 0.005 -20"><span class='ocrx_word' id='word_1_536' title='bbox 156 4273 414 4348; x_wconf 84' lang='lat' dir='ltr'><strong>sularis:</strong></span> <span class='ocrx_word' id='word_1_537' title='bbox 442 4274 501 4330; x_wconf 88' lang='lat' dir='ltr'><strong>in</strong></span> <span class='ocrx_word' id='word_1_538' title='bbox 533 4273 867 4348; x_wconf 9' lang='lat' dir='ltr'><strong>quar’gapito</strong></span> <span class='ocrx_word' id='word_1_539' title='bbox 891 4284 947 4332; x_wconf 91' lang='lat' dir='ltr'><strong>et</strong></span> <span class='ocrx_word' id='word_1_540' title='bbox 972 4275 1155 4333; x_wconf 84' lang='lat' dir='ltr'><strong>Rufus</strong></span> <span class='ocrx_word' id='word_1_541' title='bbox 1182 4282 1464 4348; x_wconf 85' lang='lat' dir='ltr'><strong>pertinere</strong></span> <span class='ocrx_word' id='word_1_542' title='bbox 1488 4273 1810 4335; x_wconf 84' lang='lat' dir='ltr'><strong>ostendun-</strong></span> 
     </span>
    </p>
   </div>
   <div class='ocr_carea' id='block_1_76' title="bbox 158 4344 1806 4421">
    <p class='ocr_par' dir='ltr' id='par_1_76' title="bbox 158 4344 1806 4421">
     <span class='ocr_line' id='line_1_76' title="bbox 158 4344 1806 4421; baseline 0.005 -22"><span class='ocrx_word' id='word_1_543' title='bbox 158 4351 267 4421; x_wconf 62' lang='lat' dir='ltr'><strong>tur</strong></span> <span class='ocrx_word' id='word_1_544' title='bbox 285 4345 355 4400; x_wconf 91' lang='lat' dir='ltr'><strong>ad</strong></span> <span class='ocrx_word' id='word_1_545' title='bbox 386 4344 597 4403; x_wconf 84' lang='lat' dir='ltr'><strong>annum</strong></span> <span class='ocrx_word' id='word_1_546' title='bbox 623 4344 850 4421; x_wconf 57' lang='lat' dir='ltr'><strong>67mm</strong></span> <span class='ocrx_word' id='word_1_547' title='bbox 872 4349 1089 4421; x_wconf 83' lang='lat' dir='ltr'><strong>Christi</strong></span> <span class='ocrx_word' id='word_1_548' title='bbox 1125 4344 1466 4405; x_wconf 83' lang='lat' dir='ltr'><strong>communis.</strong></span> <span class='ocrx_word' id='word_1_549' title='bbox 1500 4351 1724 4421; x_wconf 86' lang='lat' dir='ltr'><strong>Quibus</strong></span> <span class='ocrx_word' id='word_1_550' title='bbox 1754 4353 1806 4407; x_wconf 92' lang='lat' dir='ltr'><strong>si</strong></span> 
     </span>
    </p>
   </div>
   <div class='ocr_carea' id='block_1_77' title="bbox 154 4415 1809 4492">
    <p class='ocr_par' dir='ltr' id='par_1_77' title="bbox 154 4415 1809 4492">
     <span class='ocr_line' id='line_1_77' title="bbox 154 4415 1809 4492; baseline 0.004 -21"><span class='ocrx_word' id='word_1_551' title='bbox 154 4416 636 4492; x_wconf 70' lang='lat' dir='ltr'><strong>addantur_anni</strong></span> <span class='ocrx_word' id='word_1_552' title='bbox 666 4415 738 4475; x_wconf 88' lang='grc'>70</span> <span class='ocrx_word' id='word_1_553' title='bbox 772 4420 828 4474; x_wconf 91' lang='lat' dir='ltr'><strong>in</strong></span> <span class='ocrx_word' id='word_1_554' title='bbox 854 4419 974 4492; x_wconf 85' lang='lat' dir='ltr'><strong>hac</strong></span> <span class='ocrx_word' id='word_1_555' title='bbox 1012 4434 1235 4476; x_wconf 89' lang='lat' dir='ltr'><strong>summa</strong></span> <span class='ocrx_word' id='word_1_556' title='bbox 1263 4415 1809 4492; x_wconf 48' lang='lat' dir='ltr'><strong>collectifprovenit</strong></span> 
     </span>
    </p>
   </div>
   <div class='ocr_carea' id='block_1_78' title="bbox 152 4485 1799 4561">
    <p class='ocr_par' dir='ltr' id='par_1_78' title="bbox 152 4485 1799 4561">
     <span class='ocr_line' id='line_1_78' title="bbox 152 4485 1799 4561; baseline 0.004 -18"><span class='ocrx_word' id='word_1_557' title='bbox 152 4501 349 4561; x_wconf 85' lang='lat' dir='ltr'><strong>annus</strong></span> <span class='ocrx_word' id='word_1_558' title='bbox 393 4485 492 4561; x_wconf 90' lang='lat'><strong>437</strong></span> <span class='ocrx_word' id='word_1_559' title='bbox 521 4496 748 4561; x_wconf 87' lang='lat' dir='ltr'><strong>notatus</strong></span> <span class='ocrx_word' id='word_1_560' title='bbox 795 4491 972 4561; x_wconf 89' lang='lat' dir='ltr'><strong>Nigro</strong></span> <span class='ocrx_word' id='word_1_561' title='bbox 995 4498 1052 4547; x_wconf 90' lang='lat' dir='ltr'><strong>et</strong></span> <span class='ocrx_word' id='word_1_562' title='bbox 1090 4492 1389 4549; x_wconf 90' lang='lat' dir='ltr'><strong>Camerino</strong></span> <span class='ocrx_word' id='word_1_563' title='bbox 1408 4485 1750 4550; x_wconf 75' lang='lat' dir='ltr'><strong>consulibus</strong></span> <span class='ocrx_word' id='word_1_564' title='bbox 1785 4513 1799 4549; x_wconf 88' lang='lat'><strong>:</strong></span> 
     </span>
    </p>
   </div>
   <div class='ocr_carea' id='block_1_79' title="bbox 1936 1856 3585 1937">
    <p class='ocr_par' dir='ltr' id='par_1_79' title="bbox 1936 1856 3585 1937">
     <span class='ocr_line' id='line_1_79' title="bbox 1936 1856 3585 1937; baseline 0 -27"><span class='ocrx_word' id='word_1_565' title='bbox 1936 1856 2161 1937; x_wconf 72' lang='lat' dir='ltr'><strong>Chrisii</strong></span> <span class='ocrx_word' id='word_1_566' title='bbox 2190 1856 2312 1926; x_wconf 90' lang='lat'><strong>438,</strong></span> <span class='ocrx_word' id='word_1_567' title='bbox 2350 1859 2553 1937; x_wconf 79' lang='lat' dir='ltr'><strong>primis</strong></span> <span class='ocrx_word' id='word_1_568' title='bbox 2580 1872 2649 1937; x_wconf 85' lang='lat' dir='ltr'><strong>ex</strong></span> <span class='ocrx_word' id='word_1_569' title='bbox 2672 1856 3332 1937; x_wconf 33' lang='lat' dir='ltr'><strong>HyginouassiguatisLet</strong></span> <span class='ocrx_word' id='word_1_570' title='bbox 3360 1857 3585 1937; x_wconf 78' lang='lat' dir='ltr'><strong>pertin—</strong></span> 
     </span>
    </p>
   </div>
   <div class='ocr_carea' id='block_1_80' title="bbox 1936 1927 3583 1998">
    <p class='ocr_par' dir='ltr' id='par_1_80' title="bbox 1936 1927 3583 1998">
     <span class='ocr_line' id='line_1_80' title="bbox 1936 1927 3583 1998; baseline 0 -18"><span class='ocrx_word' id='word_1_571' title='bbox 1936 1933 2032 1998; x_wconf 89' lang='lat' dir='ltr'><strong>gat</strong></span> <span class='ocrx_word' id='word_1_572' title='bbox 2068 1928 2138 1983; x_wconf 93' lang='lat' dir='ltr'><strong>ad</strong></span> <span class='ocrx_word' id='word_1_573' title='bbox 2188 1927 2456 1985; x_wconf 88' lang='lat' dir='ltr'><strong>consules</strong></span> <span class='ocrx_word' id='word_1_574' title='bbox 2484 1927 2838 1984; x_wconf 84' lang='lat' dir='ltr'><strong>Antoninum</strong></span> <span class='ocrx_word' id='word_1_575' title='bbox 2886 1930 2955 1983; x_wconf 85' lang='lat' dir='ltr'><strong>III</strong></span> <span class='ocrx_word' id='word_1_576' title='bbox 2984 1934 3041 1983; x_wconf 91' lang='lat' dir='ltr'><strong>et</strong></span> <span class='ocrx_word' id='word_1_577' title='bbox 3070 1927 3408 1996; x_wconf 87' lang='lat' dir='ltr'><strong>Adventum,</strong></span> <span class='ocrx_word' id='word_1_578' title='bbox 3454 1927 3583 1998; x_wconf 87' lang='lat' dir='ltr'><strong>pri-</strong></span> 
     </span>
    </p>
   </div>
   <div class='ocr_carea' id='block_1_81' title="bbox 1938 1997 3582 2069">
    <p class='ocr_par' dir='ltr' id='par_1_81' title="bbox 1938 1997 3582 2069">
     <span class='ocr_line' id='line_1_81' title="bbox 1938 1997 3582 2069; baseline -0.001 -16"><span class='ocrx_word' id='word_1_579' title='bbox 1938 1997 2057 2069; x_wconf 83' lang='lat' dir='ltr'><strong>mos</strong></span> <span class='ocrx_word' id='word_1_580' title='bbox 2082 2012 2150 2054; x_wconf 89' lang='lat' dir='ltr'><strong>ex</strong></span> <span class='ocrx_word' id='word_1_581' title='bbox 2180 2000 2483 2056; x_wconf 90' lang='lat' dir='ltr'><strong>attributis</strong></span> <span class='ocrx_word' id='word_1_582' title='bbox 2500 2000 2738 2055; x_wconf 87' lang='lat' dir='ltr'><strong>Callisto</strong></span> <span class='ocrx_word' id='word_1_583' title='bbox 2760 1999 3016 2069; x_wconf 81' lang='lat' dir='ltr'><strong>proxime</strong></span> <span class='ocrx_word' id='word_1_584' title='bbox 3035 1997 3362 2069; x_wconf 76' lang='lat' dir='ltr'><strong>succedenti</strong></span> <span class='ocrx_word' id='word_1_585' title='bbox 3386 1997 3582 2069; x_wconf 89' lang='lat' dir='ltr'><strong>ponti-</strong></span> 
     </span>
    </p>
   </div>
   <div class='ocr_carea' id='block_1_82' title="bbox 1937 2066 3581 2137">
    <p class='ocr_par' dir='ltr' id='par_1_82' title="bbox 1937 2066 3581 2137">
     <span class='ocr_line' id='line_1_82' title="bbox 1937 2066 3581 2137; baseline 0 -14"><span class='ocrx_word' id='word_1_586' title='bbox 1937 2068 2132 2125; x_wconf 88' lang='lat' dir='ltr'><strong>ficatui</strong></span> <span class='ocrx_word' id='word_1_587' title='bbox 2166 2072 2435 2135; x_wconf 85' lang='lat' dir='ltr'><strong>Victoris,</strong></span> <span class='ocrx_word' id='word_1_588' title='bbox 2468 2077 2522 2126; x_wconf 92' lang='lat' dir='ltr'><strong>et</strong></span> <span class='ocrx_word' id='word_1_589' title='bbox 2547 2069 2742 2126; x_wconf 81' lang='lat' dir='ltr'><strong>afﬁxos</strong></span> <span class='ocrx_word' id='word_1_590' title='bbox 2760 2066 2912 2126; x_wconf 81' lang='lat' dir='ltr'><strong>anno</strong></span> <span class='ocrx_word' id='word_1_591' title='bbox 2941 2070 3156 2125; x_wconf 87' lang='lat' dir='ltr'><strong>Christi</strong></span> <span class='ocrx_word' id='word_1_592' title='bbox 3183 2066 3311 2137; x_wconf 85' lang='lat'><strong>248,</strong></span> <span class='ocrx_word' id='word_1_593' title='bbox 3343 2068 3581 2137; x_wconf 89' lang='lat' dir='ltr'><strong>implere</strong></span> 
     </span>
    </p>
   </div>
   <div class='ocr_carea' id='block_1_83' title="bbox 1933 2138 3579 2211">
    <p class='ocr_par' dir='ltr' id='par_1_83' title="bbox 1933 2138 3579 2211">
     <span class='ocr_line' id='line_1_83' title="bbox 1933 2138 3579 2211; baseline -0.001 -16"><span class='ocrx_word' id='word_1_594' title='bbox 1933 2140 2211 2197; x_wconf 84' lang='lat' dir='ltr'><strong>debuerat</strong></span> <span class='ocrx_word' id='word_1_595' title='bbox 2235 2144 2488 2211; x_wconf 90' lang='lat' dir='ltr'><strong>spatium</strong></span> <span class='ocrx_word' id='word_1_596' title='bbox 2520 2155 2803 2197; x_wconf 90' lang='lat' dir='ltr'><strong>annorum</strong></span> <span class='ocrx_word' id='word_1_597' title='bbox 2828 2139 2920 2207; x_wconf 91' lang='lat'><strong>80,</strong></span> <span class='ocrx_word' id='word_1_598' title='bbox 2947 2155 2979 2196; x_wconf 91' lang='lat' dir='ltr'><strong>a</strong></span> <span class='ocrx_word' id='word_1_599' title='bbox 3020 2154 3134 2211; x_wconf 92' lang='lat' dir='ltr'><strong>quo</strong></span> <span class='ocrx_word' id='word_1_600' title='bbox 3162 2139 3401 2211; x_wconf 85' lang='lat' dir='ltr'><strong>proinde</strong></span> <span class='ocrx_word' id='word_1_601' title='bbox 3429 2138 3579 2194; x_wconf 86' lang='lat' dir='ltr'><strong>defl—</strong></span> 
     </span>
    </p>
   </div>
   <div class='ocr_carea' id='block_1_84' title="bbox 1935 2210 3581 2337">
    <p class='ocr_par' dir='ltr' id='par_1_84' title="bbox 1935 2210 3581 2337">
     <span class='ocr_line' id='line_1_84' title="bbox 1935 2210 3581 2337; baseline -0.001 -71"><span class='ocrx_word' id='word_1_602' title='bbox 1935 2212 2181 2337; x_wconf 62' lang='lat' dir='ltr'><strong>(fzilttotis</strong></span> <span class='ocrx_word' id='word_1_603' title='bbox 2217 2210 2286 2270; x_wconf 85' lang='lat'><strong>27</strong></span> <span class='ocrx_word' id='word_1_604' title='bbox 2314 2215 2506 2283; x_wconf 89' lang='lat' dir='ltr'><strong>annis,</strong></span> <span class='ocrx_word' id='word_1_605' title='bbox 2541 2214 2654 2269; x_wconf 89' lang='lat' dir='ltr'><strong>nisi</strong></span> <span class='ocrx_word' id='word_1_606' title='bbox 2698 2213 2915 2269; x_wconf 65' lang='lat' dir='ltr'><strong>lacunae</strong></span> <span class='ocrx_word' id='word_1_607' title='bbox 2943 2210 3179 2268; x_wconf 87' lang='lat' dir='ltr'><strong>aliunde</strong></span> <span class='ocrx_word' id='word_1_608' title='bbox 3203 2210 3581 2281; x_wconf 88' lang='lat' dir='ltr'><strong>suppleantur</strong></span> 
     </span>
     <span class='ocr_line' id='line_1_85' title="bbox 1960 2296 2190 2337; baseline 0 0"><span class='ocrx_word' id='word_1_609' title='bbox 1960 2296 1989 2337; x_wconf 90' lang='lat' dir='ltr'><strong>e</strong></span> <span class='ocrx_word' id='word_1_610' title='bbox 2019 2297 2190 2337; x_wconf 86' lang='lat' dir='ltr'><strong>lClllS.</strong></span> 
     </span>
    </p>
   </div>
   <div class='ocr_carea' id='block_1_85' title="bbox 1960 2296 2190 2339">
    <p class='ocr_par' dir='ltr' id='par_1_85' title="bbox 1960 2296 2190 2339">
     <span class='ocr_line' id='line_1_86' title="bbox 1960 2296 2190 2339; baseline -0.004 -2"><span class='ocrx_word' id='word_1_611' title='bbox 1960 2296 2190 2339; x_wconf 74' lang='lat' dir='ltr'><strong>eucrus.</strong></span> 
     </span>
    </p>
   </div>
   <div class='ocr_carea' id='block_1_86' title="bbox 2003 2351 3585 2434">
    <p class='ocr_par' dir='ltr' id='par_1_86' title="bbox 2003 2351 3585 2434">
     <span class='ocr_line' id='line_1_87' title="bbox 2003 2351 3585 2434; baseline -0.001 -26"><span class='ocrx_word' id='word_1_612' title='bbox 2003 2354 2236 2434; x_wconf 86' lang='lat' dir='ltr'><strong>Constat</strong></span> <span class='ocrx_word' id='word_1_613' title='bbox 2267 2355 2481 2434; x_wconf 66' lang='lat' dir='ltr'><strong>itaque,</strong></span> <span class='ocrx_word' id='word_1_614' title='bbox 2517 2354 3162 2434; x_wconf 40' lang='lat' dir='ltr'><strong>tumex‘suppressione</strong></span> <span class='ocrx_word' id='word_1_615' title='bbox 3187 2352 3363 2408; x_wconf 90' lang='lat' dir='ltr'><strong>trium</strong></span> <span class='ocrx_word' id='word_1_616' title='bbox 3392 2351 3585 2434; x_wconf 52' lang='lat' dir='ltr'><strong>ponti:-</strong></span> 
     </span>
    </p>
   </div>
   <div class='ocr_carea' id='block_1_87' title="bbox 1936 2423 3575 2489">
    <p class='ocr_par' dir='ltr' id='par_1_87' title="bbox 1936 2423 3575 2489">
     <span class='ocr_line' id='line_1_88' title="bbox 1936 2423 3575 2489; baseline -0.001 -11"><span class='ocrx_word' id='word_1_617' title='bbox 1936 2423 2125 2489; x_wconf 86' lang='lat' dir='ltr'><strong>ticum,</strong></span> <span class='ocrx_word' id='word_1_618' title='bbox 2152 2433 2272 2481; x_wconf 91' lang='lat' dir='ltr'><strong>tum</strong></span> <span class='ocrx_word' id='word_1_619' title='bbox 2303 2423 2384 2481; x_wconf 67' lang='lat' dir='ltr'><strong>ex&#39;</strong></span> <span class='ocrx_word' id='word_1_620' title='bbox 2404 2427 2687 2482; x_wconf 89' lang='lat' dir='ltr'><strong>tricennio</strong></span> <span class='ocrx_word' id='word_1_621' title='bbox 2718 2423 2893 2481; x_wconf 82' lang='lat' dir='ltr'><strong>ferme</strong></span> <span class='ocrx_word' id='word_1_622' title='bbox 2919 2424 3107 2480; x_wconf 90' lang='lat' dir='ltr'><strong>solido</strong></span> <span class='ocrx_word' id='word_1_623' title='bbox 3127 2437 3253 2479; x_wconf 69' lang='lat' dir='ltr'><strong>aerze</strong></span> <span class='ocrx_word' id='word_1_624' title='bbox 3282 2423 3575 2480; x_wconf 88' lang='lat' dir='ltr'><strong>consulari</strong></span> 
     </span>
    </p>
   </div>
   <div class='ocr_carea' id='block_1_88' title="bbox 1932 2495 3580 2575">
    <p class='ocr_par' dir='ltr' id='par_1_88' title="bbox 1932 2495 3580 2575">
     <span class='ocr_line' id='line_1_89' title="bbox 1932 2495 3580 2575; baseline 0 -26"><span class='ocrx_word' id='word_1_625' title='bbox 1932 2495 2184 2575; x_wconf 75' lang='lat' dir='ltr'><strong>detracto</strong></span> <span class='ocrx_word' id='word_1_626' title='bbox 2214 2510 2246 2551; x_wconf 92' lang='lat' dir='ltr'><strong>a</strong></span> <span class='ocrx_word' id='word_1_627' title='bbox 2272 2498 2567 2575; x_wconf 78' lang='lat' dir='ltr'><strong>pontiﬁcia</strong></span> <span class='ocrx_word' id='word_1_628' title='bbox 2588 2497 2831 2568; x_wconf 88' lang='lat' dir='ltr'><strong>catalogi</strong></span> <span class='ocrx_word' id='word_1_629' title='bbox 2862 2495 3355 2575; x_wconf 67' lang='lat' dir='ltr'><strong>inter&#39;Callistum,</strong></span> <span class='ocrx_word' id='word_1_630' title='bbox 3383 2500 3438 2551; x_wconf 87' lang='lat' dir='ltr'><strong>et</strong></span> <span class='ocrx_word' id='word_1_631' title='bbox 3459 2496 3580 2575; x_wconf 39' lang='lat' dir='ltr'><strong>Eu:-</strong></span> 
     </span>
    </p>
   </div>
   <div class='ocr_carea' id='block_1_89' title="bbox 1938 2567 3570 2638">
    <p class='ocr_par' dir='ltr' id='par_1_89' title="bbox 1938 2567 3570 2638">
     <span class='ocr_line' id='line_1_90' title="bbox 1938 2567 3570 2638; baseline 0 -19"><span class='ocrx_word' id='word_1_632' title='bbox 1938 2568 2289 2636; x_wconf 89' lang='lat' dir='ltr'><strong>tychianum,</strong></span> <span class='ocrx_word' id='word_1_633' title='bbox 2353 2568 2589 2625; x_wconf 90' lang='lat' dir='ltr'><strong>lacunas</strong></span> <span class='ocrx_word' id='word_1_634' title='bbox 2620 2582 2729 2624; x_wconf 91' lang='lat' dir='ltr'><strong>non</strong></span> <span class='ocrx_word' id='word_1_635' title='bbox 2783 2567 2993 2638; x_wconf 83' lang='lat' dir='ltr'><strong>paucas</strong></span> <span class='ocrx_word' id='word_1_636' title='bbox 3042 2568 3228 2623; x_wconf 90' lang='lat' dir='ltr'><strong>inesse</strong></span> <span class='ocrx_word' id='word_1_637' title='bbox 3254 2567 3391 2623; x_wconf 88' lang='lat' dir='ltr'><strong>huic</strong></span> <span class='ocrx_word' id='word_1_638' title='bbox 3423 2567 3570 2636; x_wconf 87' lang='lat' dir='ltr'><strong>parti</strong></span> 
     </span>
    </p>
   </div>
   <div class='ocr_carea' id='block_1_90' title="bbox 1932 2638 2524 2695">
    <p class='ocr_par' dir='ltr' id='par_1_90' title="bbox 1932 2638 2524 2695">
     <span class='ocr_line' id='line_1_91' title="bbox 1932 2638 2524 2695; baseline 0.003 -4"><span class='ocrx_word' id='word_1_639' title='bbox 1932 2638 2176 2695; x_wconf 73' lang='lat' dir='ltr'><strong>catalogi</strong></span> <span class='ocrx_word' id='word_1_640' title='bbox 2205 2639 2524 2695; x_wconf 80' lang='lat' dir='ltr'><strong>Liberiani.</strong></span> 
     </span>
    </p>
   </div>
   <div class='ocr_carea' id='block_1_91' title="bbox 2001 2707 3572 2780">
    <p class='ocr_par' dir='ltr' id='par_1_91' title="bbox 2001 2707 3572 2780">
     <span class='ocr_line' id='line_1_92' title="bbox 2001 2707 3572 2780; baseline 0.001 -18"><span class='ocrx_word' id='word_1_641' title='bbox 2001 2707 2236 2764; x_wconf 86' lang='lat' dir='ltr'><strong>Easdem</strong></span> <span class='ocrx_word' id='word_1_642' title='bbox 2263 2710 2530 2780; x_wconf 85' lang='lat' dir='ltr'><strong>supplere</strong></span> <span class='ocrx_word' id='word_1_643' title='bbox 2550 2714 2791 2765; x_wconf 90' lang='lat' dir='ltr'><strong>conatus</strong></span> <span class='ocrx_word' id='word_1_644' title='bbox 2808 2714 2897 2764; x_wconf 91' lang='lat' dir='ltr'><strong>est</strong></span> <span class='ocrx_word' id='word_1_645' title='bbox 2918 2709 3200 2779; x_wconf 91' lang='lat' dir='ltr'><strong>antiquus</strong></span> <span class='ocrx_word' id='word_1_646' title='bbox 3220 2708 3441 2779; x_wconf 88' lang='lat' dir='ltr'><strong>aliquis</strong></span> <span class='ocrx_word' id='word_1_647' title='bbox 3464 2707 3572 2763; x_wconf 87' lang='lat' dir='ltr'><strong>de-</strong></span> 
     </span>
    </p>
   </div>
   <div class='ocr_carea' id='block_1_92' title="bbox 1931 2780 3577 2851">
    <p class='ocr_par' dir='ltr' id='par_1_92' title="bbox 1931 2780 3577 2851">
     <span class='ocr_line' id='line_1_93' title="bbox 1931 2780 3577 2851; baseline 0.001 -18"><span class='ocrx_word' id='word_1_648' title='bbox 1931 2780 2181 2851; x_wconf 83' lang='lat' dir='ltr'><strong>scriptor</strong></span> <span class='ocrx_word' id='word_1_649' title='bbox 2205 2782 2458 2848; x_wconf 87' lang='lat' dir='ltr'><strong>ejusdem</strong></span> <span class='ocrx_word' id='word_1_650' title='bbox 2481 2782 2747 2851; x_wconf 88' lang='lat' dir='ltr'><strong>catalogi,</strong></span> <span class='ocrx_word' id='word_1_651' title='bbox 2773 2782 2865 2836; x_wconf 86' lang='lat' dir='ltr'><strong>sed</strong></span> <span class='ocrx_word' id='word_1_652' title='bbox 2908 2780 3071 2835; x_wconf 87' lang='lat' dir='ltr'><strong>valde</strong></span> <span class='ocrx_word' id='word_1_653' title='bbox 3117 2780 3423 2849; x_wconf 84' lang='lat' dir='ltr'><strong>imperitus</strong></span> <span class='ocrx_word' id='word_1_654' title='bbox 3444 2785 3577 2851; x_wconf 79' lang='lat' dir='ltr'><strong>tum</strong></span> 
     </span>
    </p>
   </div>
   <div class='ocr_carea' id='block_1_93' title="bbox 1934 2848 3581 2929">
    <p class='ocr_par' dir='ltr' id='par_1_93' title="bbox 1934 2848 3581 2929">
     <span class='ocr_line' id='line_1_94' title="bbox 1934 2848 3581 2929; baseline 0.001 -27"><span class='ocrx_word' id='word_1_655' title='bbox 1934 2849 2204 2929; x_wconf 66' lang='lat' dir='ltr'><strong>historiae,</strong></span> <span class='ocrx_word' id='word_1_656' title='bbox 2232 2860 2352 2907; x_wconf 90' lang='lat' dir='ltr'><strong>tum</strong></span> <span class='ocrx_word' id='word_1_657' title='bbox 2378 2848 2783 2923; x_wconf 73' lang='lat' dir='ltr'><strong>chronologiae.</strong></span> <span class='ocrx_word' id='word_1_658' title='bbox 2805 2852 2860 2905; x_wconf 92' lang='lat' dir='ltr'><strong>Si</strong></span> <span class='ocrx_word' id='word_1_659' title='bbox 2884 2853 3069 2929; x_wconf 82' lang='lat' dir='ltr'><strong>_enim,</strong></span> <span class='ocrx_word' id='word_1_660' title='bbox 3090 2852 3177 2905; x_wconf 90' lang='lat' dir='ltr'><strong>vel</strong></span> <span class='ocrx_word' id='word_1_661' title='bbox 3208 2848 3414 2929; x_wconf 79' lang='lat' dir='ltr'><strong>leviter</strong></span> <span class='ocrx_word' id='word_1_662' title='bbox 3435 2848 3581 2929; x_wconf 66' lang='lat' dir='ltr'><strong>fuis-</strong></span> 
     </span>
    </p>
   </div>
   <div class='ocr_carea' id='block_1_94' title="bbox 1930 2922 3575 2994">
    <p class='ocr_par' dir='ltr' id='par_1_94' title="bbox 1930 2922 3575 2994">
     <span class='ocr_line' id='line_1_95' title="bbox 1930 2922 3575 2994; baseline 0.001 -19"><span class='ocrx_word' id='word_1_663' title='bbox 1930 2926 2016 2994; x_wconf 86' lang='lat' dir='ltr'><strong>set</strong></span> <span class='ocrx_word' id='word_1_664' title='bbox 2048 2922 2104 2977; x_wconf 92' lang='lat' dir='ltr'><strong>in</strong></span> <span class='ocrx_word' id='word_1_665' title='bbox 2158 2929 2400 2994; x_wconf 91' lang='lat' dir='ltr'><strong>utraque</strong></span> <span class='ocrx_word' id='word_1_666' title='bbox 2447 2922 2725 2991; x_wconf 88' lang='lat' dir='ltr'><strong>versatus,</strong></span> <span class='ocrx_word' id='word_1_667' title='bbox 2773 2922 3022 2993; x_wconf 85' lang='lat' dir='ltr'><strong>profecto</strong></span> <span class='ocrx_word' id='word_1_668' title='bbox 3089 2934 3200 2976; x_wconf 90' lang='lat' dir='ltr'><strong>non</strong></span> <span class='ocrx_word' id='word_1_669' title='bbox 3243 2922 3575 2991; x_wconf 87' lang='lat' dir='ltr'><strong>reliquisset</strong></span> 
     </span>
    </p>
   </div>
   <div class='ocr_carea' id='block_1_95' title="bbox 1928 2993 3575 3063">
    <p class='ocr_par' dir='ltr' id='par_1_95' title="bbox 1928 2993 3575 3063">
     <span class='ocr_line' id='line_1_96' title="bbox 1928 2993 3575 3063; baseline 0.001 -16"><span class='ocrx_word' id='word_1_670' title='bbox 1928 2993 2068 3048; x_wconf 89' lang='lat' dir='ltr'><strong>adeo</strong></span> <span class='ocrx_word' id='word_1_671' title='bbox 2102 2993 2403 3049; x_wconf 82' lang='lat' dir='ltr'><strong>immanem</strong></span> <span class='ocrx_word' id='word_1_672' title='bbox 2434 2995 2654 3049; x_wconf 89' lang='lat' dir='ltr'><strong>hiatum</strong></span> <span class='ocrx_word' id='word_1_673' title='bbox 2690 2994 3087 3063; x_wconf 87' lang='lat' dir='ltr'><strong>undetriginta</strong></span> <span class='ocrx_word' id='word_1_674' title='bbox 3127 3005 3431 3061; x_wconf 91' lang='lat' dir='ltr'><strong>annorum,</strong></span> <span class='ocrx_word' id='word_1_675' title='bbox 3471 3006 3575 3048; x_wconf 87' lang='lat' dir='ltr'><strong>ne-</strong></span> 
     </span>
    </p>
   </div>
   <div class='ocr_carea' id='block_1_96' title="bbox 1930 3064 3576 3135">
    <p class='ocr_par' dir='ltr' id='par_1_96' title="bbox 1930 3064 3576 3135">
     <span class='ocr_line' id='line_1_97' title="bbox 1930 3064 3576 3135; baseline 0.001 -17"><span class='ocrx_word' id='word_1_676' title='bbox 1930 3077 2038 3133; x_wconf 87' lang='lat' dir='ltr'><strong>que</strong></span> <span class='ocrx_word' id='word_1_677' title='bbox 2086 3065 2380 3120; x_wconf 89' lang='lat' dir='ltr'><strong>omisisset</strong></span> <span class='ocrx_word' id='word_1_678' title='bbox 2407 3073 2521 3120; x_wconf 91' lang='lat' dir='ltr'><strong>tres</strong></span> <span class='ocrx_word' id='word_1_679' title='bbox 2541 3065 2835 3133; x_wconf 88' lang='lat' dir='ltr'><strong>pontitlces</strong></span> <span class='ocrx_word' id='word_1_680' title='bbox 2853 3077 3254 3135; x_wconf 88' lang='lat' dir='ltr'><strong>recognoscere</strong></span> <span class='ocrx_word' id='word_1_681' title='bbox 3275 3068 3331 3119; x_wconf 89' lang='lat' dir='ltr'><strong>in</strong></span> <span class='ocrx_word' id='word_1_682' title='bbox 3352 3064 3576 3120; x_wconf 90' lang='lat' dir='ltr'><strong>lacunis</strong></span> 
     </span>
    </p>
   </div>
   <div class='ocr_carea' id='block_1_97' title="bbox 1929 3136 3576 3205">
    <p class='ocr_par' dir='ltr' id='par_1_97' title="bbox 1929 3136 3576 3205">
     <span class='ocr_line' id='line_1_98' title="bbox 1929 3136 3576 3205; baseline 0.002 -17"><span class='ocrx_word' id='word_1_683' title='bbox 1929 3137 2160 3203; x_wconf 89' lang='lat' dir='ltr'><strong>proprio</strong></span> <span class='ocrx_word' id='word_1_684' title='bbox 2183 3136 2304 3191; x_wconf 91' lang='lat' dir='ltr'><strong>loco</strong></span> <span class='ocrx_word' id='word_1_685' title='bbox 2345 3136 2751 3201; x_wconf 68' lang='lat' dir='ltr'><strong>restituendos,</strong></span> <span class='ocrx_word' id='word_1_686' title='bbox 2774 3149 2845 3190; x_wconf 85' lang='lat' dir='ltr'><strong>ex</strong></span> <span class='ocrx_word' id='word_1_687' title='bbox 2866 3136 3106 3190; x_wconf 88' lang='lat' dir='ltr'><strong>indiciis</strong></span> <span class='ocrx_word' id='word_1_688' title='bbox 3128 3148 3394 3192; x_wconf 91' lang='lat' dir='ltr'><strong>versuum</strong></span> <span class='ocrx_word' id='word_1_689' title='bbox 3425 3150 3576 3205; x_wconf 68' lang='lat' dir='ltr'><strong>prae—</strong></span> 
     </span>
    </p>
   </div>
   <div class='ocr_carea' id='block_1_98' title="bbox 1925 3206 3569 3280">
    <p class='ocr_par' dir='ltr' id='par_1_98' title="bbox 1925 3206 3569 3280">
     <span class='ocr_line' id='line_1_99' title="bbox 1925 3206 3569 3280; baseline 0.002 -21"><span class='ocrx_word' id='word_1_690' title='bbox 1925 3206 2249 3280; x_wconf 86' lang='lat' dir='ltr'><strong>cedentium</strong></span> <span class='ocrx_word' id='word_1_691' title='bbox 2288 3213 2346 3263; x_wconf 92' lang='lat' dir='ltr'><strong>et</strong></span> <span class='ocrx_word' id='word_1_692' title='bbox 2383 3207 2858 3277; x_wconf 89' lang='lat' dir='ltr'><strong>consequentium</strong></span> <span class='ocrx_word' id='word_1_693' title='bbox 2893 3207 2952 3263; x_wconf 87' lang='lat' dir='ltr'><strong>in</strong></span> <span class='ocrx_word' id='word_1_694' title='bbox 2995 3220 3061 3262; x_wconf 87' lang='lat' dir='ltr'><strong>ea</strong></span> <span class='ocrx_word' id='word_1_695' title='bbox 3116 3214 3277 3275; x_wconf 87' lang='lat' dir='ltr'><strong>parte</strong></span> <span class='ocrx_word' id='word_1_696' title='bbox 3321 3208 3569 3280; x_wconf 87' lang='lat' dir='ltr'><strong>catalogi</strong></span> 
     </span>
    </p>
   </div>
   <div class='ocr_carea' id='block_1_99' title="bbox 1926 3279 2366 3347">
    <p class='ocr_par' dir='ltr' id='par_1_99' title="bbox 1926 3279 2366 3347">
     <span class='ocr_line' id='line_1_100' title="bbox 1926 3279 2366 3347; baseline -0.002 -16"><span class='ocrx_word' id='word_1_697' title='bbox 1926 3279 2366 3347; x_wconf 89' lang='lat' dir='ltr'><strong>superstitibus.</strong></span> 
     </span>
    </p>
   </div>
   <div class='ocr_carea' id='block_1_100' title="bbox 2012 3345 3568 3418">
    <p class='ocr_par' dir='ltr' id='par_1_100' title="bbox 2012 3345 3568 3418">
     <span class='ocr_line' id='line_1_101' title="bbox 2012 3345 3568 3418; baseline -0.001 -14"><span class='ocrx_word' id='word_1_698' title='bbox 2012 3350 2192 3418; x_wconf 88' lang='lat' dir='ltr'><strong>Quam</strong></span> <span class='ocrx_word' id='word_1_699' title='bbox 2233 3348 2429 3405; x_wconf 82' lang='lat' dir='ltr'><strong>facilis</strong></span> <span class='ocrx_word' id='word_1_700' title='bbox 2473 3350 2551 3404; x_wconf 90' lang='lat' dir='ltr'><strong>sit</strong></span> <span class='ocrx_word' id='word_1_701' title='bbox 2591 3348 2918 3410; x_wconf 74' lang='lat' dir='ltr'><strong>designatio</strong></span> <span class='ocrx_word' id='word_1_702' title='bbox 2964 3348 3301 3404; x_wconf 89' lang='lat' dir='ltr'><strong>lacunarum</strong></span> <span class='ocrx_word' id='word_1_703' title='bbox 3335 3348 3393 3403; x_wconf 93' lang='lat' dir='ltr'><strong>in</strong></span> <span class='ocrx_word' id='word_1_704' title='bbox 3423 3345 3568 3404; x_wconf 89' lang='lat' dir='ltr'><strong>locis</strong></span> 
     </span>
    </p>
   </div>
   <div class='ocr_carea' id='block_1_101' title="bbox 1927 3419 3568 3491">
    <p class='ocr_par' dir='ltr' id='par_1_101' title="bbox 1927 3419 3568 3491">
     <span class='ocr_line' id='line_1_102' title="bbox 1927 3419 3568 3491; baseline 0.001 -17"><span class='ocrx_word' id='word_1_705' title='bbox 1927 3419 2201 3491; x_wconf 89' lang='lat' dir='ltr'><strong>singulis,</strong></span> <span class='ocrx_word' id='word_1_706' title='bbox 2246 3426 2302 3476; x_wconf 92' lang='lat' dir='ltr'><strong>et</strong></span> <span class='ocrx_word' id='word_1_707' title='bbox 2352 3420 2645 3477; x_wconf 89' lang='lat' dir='ltr'><strong>restitutio</strong></span> <span class='ocrx_word' id='word_1_708' title='bbox 2675 3419 2977 3476; x_wconf 89' lang='lat' dir='ltr'><strong>verborum</strong></span> <span class='ocrx_word' id='word_1_709' title='bbox 3018 3419 3272 3490; x_wconf 85' lang='lat' dir='ltr'><strong>singulis</strong></span> <span class='ocrx_word' id='word_1_710' title='bbox 3302 3419 3568 3476; x_wconf 89' lang='lat' dir='ltr'><strong>versibus</strong></span> 
     </span>
    </p>
   </div>
   <div class='ocr_carea' id='block_1_102' title="bbox 1928 3491 3569 3563">
    <p class='ocr_par' dir='ltr' id='par_1_102' title="bbox 1928 3491 3569 3563">
     <span class='ocr_line' id='line_1_103' title="bbox 1928 3491 3569 3563; baseline 0.001 -18"><span class='ocrx_word' id='word_1_711' title='bbox 1928 3492 2369 3557; x_wconf 87' lang='lat' dir='ltr'><strong>reddendorum,</strong></span> <span class='ocrx_word' id='word_1_712' title='bbox 2394 3491 2607 3563; x_wconf 86' lang='lat' dir='ltr'><strong>patebit</strong></span> <span class='ocrx_word' id='word_1_713' title='bbox 2630 3491 2716 3562; x_wconf 90' lang='lat' dir='ltr'><strong>(ut</strong></span> <span class='ocrx_word' id='word_1_714' title='bbox 2733 3493 2999 3562; x_wconf 61' lang='lat' dir='ltr'><strong>eqnidem</strong></span> <span class='ocrx_word' id='word_1_715' title='bbox 3026 3491 3212 3563; x_wconf 86' lang='lat' dir='ltr'><strong>spero)</strong></span> <span class='ocrx_word' id='word_1_716' title='bbox 3240 3504 3308 3547; x_wconf 86' lang='lat' dir='ltr'><strong>ex</strong></span> <span class='ocrx_word' id='word_1_717' title='bbox 3334 3504 3569 3561; x_wconf 88' lang='lat' dir='ltr'><strong>compa-</strong></span> 
     </span>
    </p>
   </div>
   <div class='ocr_carea' id='block_1_103' title="bbox 1927 3562 3572 3630">
    <p class='ocr_par' dir='ltr' id='par_1_103' title="bbox 1927 3562 3572 3630">
     <span class='ocr_line' id='line_1_104' title="bbox 1927 3562 3572 3630; baseline 0.001 -14"><span class='ocrx_word' id='word_1_718' title='bbox 1927 3563 2150 3618; x_wconf 91' lang='lat' dir='ltr'><strong>ratione</strong></span> <span class='ocrx_word' id='word_1_719' title='bbox 2170 3562 2596 3619; x_wconf 39' lang='lat' dir='ltr'><strong>oculari’trium</strong></span> <span class='ocrx_word' id='word_1_720' title='bbox 2621 3564 2935 3618; x_wconf 89' lang='lat' dir='ltr'><strong>lectionum</strong></span> <span class='ocrx_word' id='word_1_721' title='bbox 2965 3562 3219 3630; x_wconf 88' lang='lat' dir='ltr'><strong>ejusdem</strong></span> <span class='ocrx_word' id='word_1_722' title='bbox 3252 3570 3444 3618; x_wconf 88' lang='lat' dir='ltr'><strong>textus</strong></span> <span class='ocrx_word' id='word_1_723' title='bbox 3467 3576 3572 3618; x_wconf 90' lang='lat' dir='ltr'><strong>ca-</strong></span> 
     </span>
    </p>
   </div>
   <div class='ocr_carea' id='block_1_104' title="bbox 1925 3633 3568 3705">
    <p class='ocr_par' dir='ltr' id='par_1_104' title="bbox 1925 3633 3568 3705">
     <span class='ocr_line' id='line_1_105' title="bbox 1925 3633 3568 3705; baseline 0 -16"><span class='ocrx_word' id='word_1_724' title='bbox 1925 3633 2099 3704; x_wconf 89' lang='lat' dir='ltr'><strong>talogi</strong></span> <span class='ocrx_word' id='word_1_725' title='bbox 2127 3634 2438 3701; x_wconf 88' lang='lat' dir='ltr'><strong>Liberiani,</strong></span> <span class='ocrx_word' id='word_1_726' title='bbox 2467 3648 2610 3705; x_wconf 86' lang='lat' dir='ltr'><strong>quas</strong></span> <span class='ocrx_word' id='word_1_727' title='bbox 2641 3635 2875 3689; x_wconf 92' lang='lat' dir='ltr'><strong>totidem</strong></span> <span class='ocrx_word' id='word_1_728' title='bbox 2908 3648 3005 3703; x_wconf 89' lang='lat' dir='ltr'><strong>per</strong></span> <span class='ocrx_word' id='word_1_729' title='bbox 3021 3634 3321 3689; x_wconf 90' lang='lat' dir='ltr'><strong>columnas</strong></span> <span class='ocrx_word' id='word_1_730' title='bbox 3349 3635 3428 3689; x_wconf 88' lang='lat' dir='ltr'><strong>ita</strong></span> <span class='ocrx_word' id='word_1_731' title='bbox 3448 3634 3568 3705; x_wconf 85' lang='lat' dir='ltr'><strong>dis—</strong></span> 
     </span>
    </p>
   </div>
   <div class='ocr_carea' id='block_1_105' title="bbox 1928 3704 3564 3787">
    <p class='ocr_par' dir='ltr' id='par_1_105' title="bbox 1928 3704 3564 3787">
     <span class='ocr_line' id='line_1_106' title="bbox 1928 3704 3564 3787; baseline 0 -28"><span class='ocrx_word' id='word_1_732' title='bbox 1928 3718 2108 3787; x_wconf 43' lang='lat' dir='ltr'><strong>po‘no._</strong></span> <span class='ocrx_word' id='word_1_733' title='bbox 2136 3708 2210 3787; x_wconf 84' lang='lat' dir='ltr'><strong>In_</strong></span> <span class='ocrx_word' id='word_1_734' title='bbox 2252 3704 2518 3787; x_wconf 71' lang='lat' dir='ltr'><strong>columna</strong></span> <span class='ocrx_word' id='word_1_735' title='bbox 2552 3706 2737 3787; x_wconf 78' lang='lat' dir='ltr'><strong>media</strong></span> <span class='ocrx_word' id='word_1_736' title='bbox 2785 3706 3005 3787; x_wconf 83' lang='lat' dir='ltr'><strong>colloco</strong></span> <span class='ocrx_word' id='word_1_737' title='bbox 3054 3711 3272 3787; x_wconf 73' lang='lat' dir='ltr'><strong>textum</strong></span> <span class='ocrx_word' id='word_1_738' title='bbox 3317 3704 3564 3787; x_wconf 71' lang='lat' dir='ltr'><strong>catalogi</strong></span> 
     </span>
    </p>
   </div>
   <div class='ocr_carea' id='block_1_106' title="bbox 1923 3776 3565 3845">
    <p class='ocr_par' dir='ltr' id='par_1_106' title="bbox 1923 3776 3565 3845">
     <span class='ocr_line' id='line_1_107' title="bbox 1923 3776 3565 3845; baseline -0.001 -13"><span class='ocrx_word' id='word_1_739' title='bbox 1923 3776 2213 3832; x_wconf 90' lang='lat' dir='ltr'><strong>Liberiani</strong></span> <span class='ocrx_word' id='word_1_740' title='bbox 2255 3792 2385 3833; x_wconf 90' lang='lat' dir='ltr'><strong>cum</strong></span> <span class='ocrx_word' id='word_1_741' title='bbox 2427 3778 2655 3833; x_wconf 89' lang='lat' dir='ltr'><strong>lacunis</strong></span> <span class='ocrx_word' id='word_1_742' title='bbox 2690 3778 2944 3833; x_wconf 91' lang='lat' dir='ltr'><strong>nondum</strong></span> <span class='ocrx_word' id='word_1_743' title='bbox 2989 3777 3296 3845; x_wconf 88' lang='lat' dir='ltr'><strong>suppletis.</strong></span> <span class='ocrx_word' id='word_1_744' title='bbox 3337 3777 3400 3830; x_wconf 90' lang='lat' dir='ltr'><strong>In</strong></span> <span class='ocrx_word' id='word_1_745' title='bbox 3447 3776 3565 3831; x_wconf 91' lang='lat' dir='ltr'><strong>alia</strong></span> 
     </span>
    </p>
   </div>
   <div class='ocr_carea' id='block_1_107' title="bbox 1921 3848 3568 3921">
    <p class='ocr_par' dir='ltr' id='par_1_107' title="bbox 1921 3848 3568 3921">
     <span class='ocr_line' id='line_1_108' title="bbox 1921 3848 3568 3921; baseline 0 -19"><span class='ocrx_word' id='word_1_746' title='bbox 1921 3848 2187 3921; x_wconf 85' lang='lat' dir='ltr'><strong>columna</strong></span> <span class='ocrx_word' id='word_1_747' title='bbox 2215 3850 2284 3921; x_wconf 84' lang='lat' dir='ltr'><strong>ad</strong></span> <span class='ocrx_word' id='word_1_748' title='bbox 2308 3850 2596 3905; x_wconf 87' lang='lat' dir='ltr'><strong>dexteram</strong></span> <span class='ocrx_word' id='word_1_749' title='bbox 2621 3848 2865 3921; x_wconf 90' lang='lat' dir='ltr'><strong>legentis</strong></span> <span class='ocrx_word' id='word_1_750' title='bbox 2886 3849 3149 3918; x_wconf 89' lang='lat' dir='ltr'><strong>apposita</strong></span> <span class='ocrx_word' id='word_1_751' title='bbox 3165 3848 3411 3921; x_wconf 82' lang='lat' dir='ltr'><strong>exhibeo</strong></span> <span class='ocrx_word' id='word_1_752' title='bbox 3434 3861 3568 3916; x_wconf 91' lang='lat' dir='ltr'><strong>sup-</strong></span> 
     </span>
    </p>
   </div>
   <div class='ocr_carea' id='block_1_108' title="bbox 1925 3919 3561 3990">
    <p class='ocr_par' dir='ltr' id='par_1_108' title="bbox 1925 3919 3561 3990">
     <span class='ocr_line' id='line_1_109' title="bbox 1925 3919 3561 3990; baseline -0.001 -16"><span class='ocrx_word' id='word_1_753' title='bbox 1925 3919 2205 3989; x_wconf 89' lang='lat' dir='ltr'><strong>plementa</strong></span> <span class='ocrx_word' id='word_1_754' title='bbox 2237 3919 2594 3988; x_wconf 86' lang='lat' dir='ltr'><strong>lacunarum,</strong></span> <span class='ocrx_word' id='word_1_755' title='bbox 2653 3919 2793 3975; x_wconf 82' lang='lat' dir='ltr'><strong>olim</strong></span> <span class='ocrx_word' id='word_1_756' title='bbox 2855 3921 3076 3990; x_wconf 89' lang='lat' dir='ltr'><strong>adjecta</strong></span> <span class='ocrx_word' id='word_1_757' title='bbox 3113 3926 3286 3990; x_wconf 90' lang='lat' dir='ltr'><strong>atque</strong></span> <span class='ocrx_word' id='word_1_758' title='bbox 3343 3919 3561 3974; x_wconf 90' lang='lat' dir='ltr'><strong>inserta</strong></span> 
     </span>
    </p>
   </div>
   <div class='ocr_carea' id='block_1_109' title="bbox 1921 3990 3559 4072">
    <p class='ocr_par' dir='ltr' id='par_1_109' title="bbox 1921 3990 3559 4072">
     <span class='ocr_line' id='line_1_110' title="bbox 1921 3990 3559 4072; baseline -0.001 -26"><span class='ocrx_word' id='word_1_759' title='bbox 1921 3992 2103 4046; x_wconf 86' lang='lat' dir='ltr'><strong>textui</strong></span> <span class='ocrx_word' id='word_1_760' title='bbox 2135 3991 2205 4072; x_wconf 81' lang='lat' dir='ltr'><strong>ab</strong></span> <span class='ocrx_word' id='word_1_761' title='bbox 2238 3991 2509 4060; x_wconf 89' lang='lat' dir='ltr'><strong>imperito</strong></span> <span class='ocrx_word' id='word_1_762' title='bbox 2542 3992 2644 4072; x_wconf 83' lang='lat' dir='ltr'><strong>ilio</strong></span> <span class='ocrx_word' id='word_1_763' title='bbox 2669 3992 3023 4072; x_wconf 74' lang='lat' dir='ltr'><strong>descriptore</strong></span> <span class='ocrx_word' id='word_1_764' title='bbox 3040 3991 3332 4072; x_wconf 87' lang='lat' dir='ltr'><strong>sequioris</strong></span> <span class='ocrx_word' id='word_1_765' title='bbox 3352 3990 3559 4072; x_wconf 73' lang='lat' dir='ltr'><strong>aetatis,</strong></span> 
     </span>
    </p>
   </div>
   <div class='ocr_carea' id='block_1_110' title="bbox 1920 4061 3566 4133">
    <p class='ocr_par' dir='ltr' id='par_1_110' title="bbox 1920 4061 3566 4133">
     <span class='ocr_line' id='line_1_111' title="bbox 1920 4061 3566 4133; baseline -0.001 -16"><span class='ocrx_word' id='word_1_766' title='bbox 1920 4076 2088 4133; x_wconf 87' lang='lat' dir='ltr'><strong>quem</strong></span> <span class='ocrx_word' id='word_1_767' title='bbox 2106 4063 2340 4118; x_wconf 91' lang='lat' dir='ltr'><strong>unicum</strong></span> <span class='ocrx_word' id='word_1_768' title='bbox 2354 4064 2723 4133; x_wconf 88' lang='lat' dir='ltr'><strong>superstitem</strong></span> <span class='ocrx_word' id='word_1_769' title='bbox 2749 4062 2916 4118; x_wconf 90' lang='lat' dir='ltr'><strong>nobis</strong></span> <span class='ocrx_word' id='word_1_770' title='bbox 2949 4067 3351 4131; x_wconf 64' lang='lat' dir='ltr'><strong>praeservatum</strong></span> <span class='ocrx_word' id='word_1_771' title='bbox 3377 4061 3566 4133; x_wconf 89' lang='lat' dir='ltr'><strong>edidit</strong></span> 
     </span>
    </p>
   </div>
   <div class='ocr_carea' id='block_1_111' title="bbox 1920 4132 3565 4203">
    <p class='ocr_par' dir='ltr' id='par_1_111' title="bbox 1920 4132 3565 4203">
     <span class='ocr_line' id='line_1_112' title="bbox 1920 4132 3565 4203; baseline -0.001 -14"><span class='ocrx_word' id='word_1_772' title='bbox 1920 4132 2256 4199; x_wconf 89' lang='lat' dir='ltr'><strong>Bucherius,</strong></span> <span class='ocrx_word' id='word_1_773' title='bbox 2285 4142 2339 4189; x_wconf 91' lang='lat' dir='ltr'><strong>et</strong></span> <span class='ocrx_word' id='word_1_774' title='bbox 2369 4132 2472 4189; x_wconf 76' lang='lat' dir='ltr'><strong>nes</strong></span> <span class='ocrx_word' id='word_1_775' title='bbox 2497 4149 2565 4190; x_wconf 89' lang='lat' dir='ltr'><strong>ex</strong></span> <span class='ocrx_word' id='word_1_776' title='bbox 2598 4134 2701 4190; x_wconf 93' lang='lat' dir='ltr'><strong>illo</strong></span> <span class='ocrx_word' id='word_1_777' title='bbox 2721 4135 2837 4203; x_wconf 87' lang='lat' dir='ltr'><strong>jam</strong></span> <span class='ocrx_word' id='word_1_778' title='bbox 2869 4134 3154 4198; x_wconf 90' lang='lat' dir='ltr'><strong>dedimus,</strong></span> <span class='ocrx_word' id='word_1_779' title='bbox 3194 4133 3343 4188; x_wconf 90' lang='lat' dir='ltr'><strong>inter</strong></span> <span class='ocrx_word' id='word_1_780' title='bbox 3367 4132 3565 4188; x_wconf 89' lang='lat' dir='ltr'><strong>Prole-</strong></span> 
     </span>
    </p>
   </div>
   <div class='ocr_carea' id='block_1_112' title="bbox 1919 4203 3563 4279">
    <p class='ocr_par' dir='ltr' id='par_1_112' title="bbox 1919 4203 3563 4279">
     <span class='ocr_line' id='line_1_113' title="bbox 1919 4203 3563 4279; baseline -0.001 -18"><span class='ocrx_word' id='word_1_781' title='bbox 1919 4219 2175 4279; x_wconf 85' lang='lat' dir='ltr'><strong>gomena,</strong></span> <span class='ocrx_word' id='word_1_782' title='bbox 2213 4206 2403 4279; x_wconf 46' lang='lat' dir='ltr'><strong>initio.</strong></span> <span class='ocrx_word' id='word_1_783' title='bbox 2442 4208 2500 4261; x_wconf 91' lang='lat' dir='ltr'><strong>In</strong></span> <span class='ocrx_word' id='word_1_784' title='bbox 2526 4207 2798 4279; x_wconf 82' lang='lat' dir='ltr'><strong>columna</strong></span> <span class='ocrx_word' id='word_1_785' title='bbox 2823 4206 3132 4279; x_wconf 86' lang='lat' dir='ltr'><strong>sinistrum</strong></span> <span class='ocrx_word' id='word_1_786' title='bbox 3166 4203 3352 4279; x_wconf 84' lang='lat' dir='ltr'><strong>locum</strong></span> <span class='ocrx_word' id='word_1_787' title='bbox 3379 4218 3563 4279; x_wconf 79' lang='lat' dir='ltr'><strong>occu-</strong></span> 
     </span>
    </p>
   </div>
   <div class='ocr_carea' id='block_1_113' title="bbox 1920 4275 3564 4348">
    <p class='ocr_par' dir='ltr' id='par_1_113' title="bbox 1920 4275 3564 4348">
     <span class='ocr_line' id='line_1_114' title="bbox 1920 4275 3564 4348; baseline -0.001 -17"><span class='ocrx_word' id='word_1_788' title='bbox 1920 4275 2108 4348; x_wconf 78' lang='lat' dir='ltr'><strong>pante,</strong></span> <span class='ocrx_word' id='word_1_789' title='bbox 2142 4278 2445 4347; x_wconf 88' lang='lat' dir='ltr'><strong>spectanda</strong></span> <span class='ocrx_word' id='word_1_790' title='bbox 2476 4277 2693 4347; x_wconf 62' lang='lat' dir='ltr'><strong>praebeo</strong></span> <span class='ocrx_word' id='word_1_791' title='bbox 2710 4278 3105 4347; x_wconf 89' lang='lat' dir='ltr'><strong>supplementa</strong></span> <span class='ocrx_word' id='word_1_792' title='bbox 3121 4276 3447 4333; x_wconf 90' lang='lat' dir='ltr'><strong>earumdem</strong></span> <span class='ocrx_word' id='word_1_793' title='bbox 3472 4275 3564 4348; x_wconf 87' lang='lat' dir='ltr'><strong>la-</strong></span> 
     </span>
    </p>
   </div>
   <div class='ocr_carea' id='block_1_114' title="bbox 1917 4347 3555 4411">
    <p class='ocr_par' dir='ltr' id='par_1_114' title="bbox 1917 4347 3555 4411">
     <span class='ocr_line' id='line_1_115' title="bbox 1917 4347 3555 4411; baseline -0.002 -7"><span class='ocrx_word' id='word_1_794' title='bbox 1917 4363 2198 4404; x_wconf 86' lang='lat' dir='ltr'><strong>cunarum</strong></span> <span class='ocrx_word' id='word_1_795' title='bbox 2244 4363 2312 4405; x_wconf 86' lang='lat' dir='ltr'><strong>ex</strong></span> <span class='ocrx_word' id='word_1_796' title='bbox 2355 4355 2550 4405; x_wconf 86' lang='lat' dir='ltr'><strong>nostra</strong></span> <span class='ocrx_word' id='word_1_797' title='bbox 2605 4350 2887 4405; x_wconf 86' lang='lat' dir='ltr'><strong>sententia</strong></span> <span class='ocrx_word' id='word_1_798' title='bbox 2951 4350 3133 4404; x_wconf 85' lang='lat' dir='ltr'><strong>textui</strong></span> <span class='ocrx_word' id='word_1_799' title='bbox 3190 4347 3555 4411; x_wconf 89' lang='lat' dir='ltr'><strong>restituendi,</strong></span> 
     </span>
    </p>
   </div>
   <div class='ocr_carea' id='block_1_115' title="bbox 1916 4418 3555 4492">
    <p class='ocr_par' dir='ltr' id='par_1_115' title="bbox 1916 4418 3555 4492">
     <span class='ocr_line' id='line_1_116' title="bbox 1916 4418 3555 4492; baseline -0.003 -16"><span class='ocrx_word' id='word_1_800' title='bbox 1916 4422 2156 4490; x_wconf 87' lang='lat' dir='ltr'><strong>ejusque</strong></span> <span class='ocrx_word' id='word_1_801' title='bbox 2196 4435 2474 4492; x_wconf 70' lang='lat' dir='ltr'><strong>germana:</strong></span> <span class='ocrx_word' id='word_1_802' title='bbox 2497 4421 2753 4477; x_wconf 81' lang='lat' dir='ltr'><strong>lectioni.</strong></span> <span class='ocrx_word' id='word_1_803' title='bbox 2789 4423 2999 4477; x_wconf 91' lang='lat' dir='ltr'><strong>Horum</strong></span> <span class='ocrx_word' id='word_1_804' title='bbox 3027 4418 3555 4492; x_wconf 83' lang='lat' dir='ltr'><strong>supplementorum</strong></span> 
     </span>
    </p>
   </div>
   <div class='ocr_carea' id='block_1_116' title="bbox 1918 4488 3557 4562">
    <p class='ocr_par' dir='ltr' id='par_1_116' title="bbox 1918 4488 3557 4562">
     <span class='ocr_line' id='line_1_117' title="bbox 1918 4488 3557 4562; baseline -0.002 -16"><span class='ocrx_word' id='word_1_805' title='bbox 1918 4488 2110 4548; x_wconf 82' lang='lat' dir='ltr'><strong>vadem</strong></span> <span class='ocrx_word' id='word_1_806' title='bbox 2147 4488 2258 4548; x_wconf 76' lang='lat' dir='ltr'><strong>non</strong></span> <span class='ocrx_word' id='word_1_807' title='bbox 2289 4494 2524 4548; x_wconf 90' lang='lat' dir='ltr'><strong>unicum</strong></span> <span class='ocrx_word' id='word_1_808' title='bbox 2546 4493 2683 4548; x_wconf 90' lang='lat' dir='ltr'><strong>dare</strong></span> <span class='ocrx_word' id='word_1_809' title='bbox 2703 4505 2954 4562; x_wconf 91' lang='lat' dir='ltr'><strong>possum.</strong></span> <span class='ocrx_word' id='word_1_810' title='bbox 2987 4492 3212 4545; x_wconf 88' lang='lat' dir='ltr'><strong>Primus</strong></span> <span class='ocrx_word' id='word_1_811' title='bbox 3234 4489 3347 4543; x_wconf 91' lang='lat' dir='ltr'><strong>erit</strong></span> <span class='ocrx_word' id='word_1_812' title='bbox 3369 4488 3557 4562; x_wconf 80' lang='lat' dir='ltr'><strong>stylus</strong></span> 
     </span>
    </p>
   </div>
   <div class='ocr_carea' id='block_1_117' title="bbox 155 4558 3559 4632">
    <p class='ocr_par' dir='ltr' id='par_1_117' title="bbox 155 4558 3559 4632">
     <span class='ocr_line' id='line_1_118' title="bbox 155 4558 3559 4632; baseline -0.001 -17"><span class='ocrx_word' id='word_1_813' title='bbox 155 4559 261 4630; x_wconf 92' lang='lat' dir='ltr'><strong>qui</strong></span> <span class='ocrx_word' id='word_1_814' title='bbox 286 4559 545 4632; x_wconf 65' lang='lat' dir='ltr'><strong>proximi</strong></span> <span class='ocrx_word' id='word_1_815' title='bbox 568 4568 706 4618; x_wconf 87' lang='lat' dir='ltr'><strong>sunt</strong></span> <span class='ocrx_word' id='word_1_816' title='bbox 727 4576 760 4617; x_wconf 89' lang='lat' dir='ltr'><strong>a</strong></span> <span class='ocrx_word' id='word_1_817' title='bbox 790 4558 1005 4618; x_wconf 68' lang='lat' dir='ltr'><strong>Caesare</strong></span> <span class='ocrx_word' id='word_1_818' title='bbox 1029 4564 1077 4618; x_wconf 89' lang='lat' dir='ltr'>II</span> <span class='ocrx_word' id='word_1_819' title='bbox 1114 4572 1169 4619; x_wconf 92' lang='lat' dir='ltr'><strong>et</strong></span> <span class='ocrx_word' id='word_1_820' title='bbox 1198 4564 1437 4620; x_wconf 82' lang='lat' dir='ltr'><strong>Balbino</strong></span> <span class='ocrx_word' id='word_1_821' title='bbox 1462 4566 1804 4623; x_wconf 89' lang='lat' dir='ltr'><strong>consulibus</strong></span> <span class='ocrx_word' id='word_1_822' title='bbox 1832 4570 1884 4632; x_wconf 90' lang='lat' dir='ltr'>D</span> <span class='ocrx_word' id='word_1_823' title='bbox 1915 4564 2170 4620; x_wconf 90' lang='lat' dir='ltr'><strong>auctoris</strong></span> <span class='ocrx_word' id='word_1_824' title='bbox 2186 4564 2454 4632; x_wconf 87' lang='lat' dir='ltr'><strong>catalogi,</strong></span> <span class='ocrx_word' id='word_1_825' title='bbox 2476 4564 2619 4618; x_wconf 74' lang='lat' dir='ltr'><strong>hanc</strong></span> <span class='ocrx_word' id='word_1_826' title='bbox 2648 4558 2973 4618; x_wconf 86' lang='lat' dir='ltr'><strong>methodum</strong></span> <span class='ocrx_word' id='word_1_827' title='bbox 2995 4566 3323 4615; x_wconf 87' lang='lat' dir='ltr'><strong>constanter</strong></span> <span class='ocrx_word' id='word_1_828' title='bbox 3352 4558 3559 4632; x_wconf 90' lang='lat' dir='ltr'><strong>obser-</strong></span> 
     </span>
    </p>
   </div>
   <div class='ocr_carea' id='block_1_118' title="bbox 152 4628 1803 4706">
    <p class='ocr_par' dir='ltr' id='par_1_118' title="bbox 152 4628 1803 4706">
     <span class='ocr_line' id='line_1_119' title="bbox 152 4628 1803 4706; baseline 0.005 -20"><span class='ocrx_word' id='word_1_829' title='bbox 152 4628 299 4686; x_wconf 81' lang='lat' dir='ltr'><strong>anni</strong></span> <span class='ocrx_word' id='word_1_830' title='bbox 335 4628 463 4706; x_wconf 70' lang='lat'><strong>437.</strong></span> <span class='ocrx_word' id='word_1_831' title='bbox 508 4633 709 4706; x_wconf 84' lang='lat' dir='ltr'><strong>Annus</strong></span> <span class='ocrx_word' id='word_1_832' title='bbox 756 4636 908 4689; x_wconf 88' lang='lat' dir='ltr'><strong>enim</strong></span> <span class='ocrx_word' id='word_1_833' title='bbox 950 4634 1050 4704; x_wconf 91' lang='lat' dir='ltr'><strong>qui</strong></span> <span class='ocrx_word' id='word_1_834' title='bbox 1089 4634 1343 4691; x_wconf 90' lang='lat' dir='ltr'><strong>abundat</strong></span> <span class='ocrx_word' id='word_1_835' title='bbox 1370 4637 1717 4706; x_wconf 88' lang='lat' dir='ltr'><strong>dispertitur</strong></span> <span class='ocrx_word' id='word_1_836' title='bbox 1746 4640 1803 4694; x_wconf 87' lang='lat' dir='ltr'><strong>in</strong></span> 
     </span>
    </p>
   </div>
   <div class='ocr_carea' id='block_1_119' title="bbox 156 4704 1805 4777">
    <p class='ocr_par' dir='ltr' id='par_1_119' title="bbox 156 4704 1805 4777">
     <span class='ocr_line' id='line_1_120' title="bbox 156 4704 1805 4777; baseline 0.006 -21"><span class='ocrx_word' id='word_1_837' title='bbox 156 4715 386 4777; x_wconf 78' lang='lat' dir='ltr'><strong>menses</strong></span> <span class='ocrx_word' id='word_1_838' title='bbox 416 4704 639 4759; x_wconf 68' lang='lat' dir='ltr'><strong>vicaria:</strong></span> <span class='ocrx_word' id='word_1_839' title='bbox 664 4705 1071 4777; x_wconf 90' lang='lat' dir='ltr'><strong>ordinationis,</strong></span> <span class='ocrx_word' id='word_1_840' title='bbox 1097 4720 1216 4761; x_wconf 87' lang='lat' dir='ltr'><strong>com</strong></span> <span class='ocrx_word' id='word_1_841' title='bbox 1228 4704 1490 4776; x_wconf 85' lang='lat' dir='ltr'><strong>pensatos</strong></span> <span class='ocrx_word' id='word_1_842' title='bbox 1513 4710 1805 4766; x_wconf 90' lang='lat' dir='ltr'><strong>mensibus</strong></span> 
     </span>
    </p>
   </div>
   <div class='ocr_carea' id='block_1_120' title="bbox 150 4774 1804 4849">
    <p class='ocr_par' dir='ltr' id='par_1_120' title="bbox 150 4774 1804 4849">
     <span class='ocr_line' id='line_1_121' title="bbox 150 4774 1804 4849; baseline 0.005 -21"><span class='ocrx_word' id='word_1_843' title='bbox 150 4781 211 4849; x_wconf 83' lang='lat' dir='ltr'><strong>et</strong></span> <span class='ocrx_word' id='word_1_844' title='bbox 237 4774 448 4830; x_wconf 90' lang='lat' dir='ltr'><strong>diebus</strong></span> <span class='ocrx_word' id='word_1_845' title='bbox 463 4777 781 4849; x_wconf 84' lang='lat' dir='ltr'><strong>vacationis</strong></span> <span class='ocrx_word' id='word_1_846' title='bbox 797 4778 972 4845; x_wconf 88' lang='lat' dir='ltr'><strong>sedis,</strong></span> <span class='ocrx_word' id='word_1_847' title='bbox 999 4774 1144 4833; x_wconf 64' lang='lat' dir='ltr'><strong>satis</strong></span> <span class='ocrx_word' id='word_1_848' title='bbox 1165 4774 1421 4848; x_wconf 84' lang='lat' dir='ltr'><strong>proxime</strong></span> <span class='ocrx_word' id='word_1_849' title='bbox 1442 4781 1804 4849; x_wconf 87' lang='lat' dir='ltr'><strong>pariantibus</strong></span> 
     </span>
    </p>
   </div>
   <div class='ocr_carea' id='block_1_121' title="bbox 151 4846 939 4915">
    <p class='ocr_par' dir='ltr' id='par_1_121' title="bbox 151 4846 939 4915">
     <span class='ocr_line' id='line_1_122' title="bbox 151 4846 939 4915; baseline 0.004 -16"><span class='ocrx_word' id='word_1_850' title='bbox 151 4846 308 4900; x_wconf 89' lang='lat' dir='ltr'><strong>banc</strong></span> <span class='ocrx_word' id='word_1_851' title='bbox 342 4848 615 4915; x_wconf 90' lang='lat' dir='ltr'><strong>temporis</strong></span> <span class='ocrx_word' id='word_1_852' title='bbox 639 4862 939 4904; x_wconf 86' lang='lat' dir='ltr'><strong>summam.</strong></span> 
     </span>
    </p>
   </div>
   <div class='ocr_carea' id='block_1_122' title="bbox 232 4918 1803 4991">
    <p class='ocr_par' dir='ltr' id='par_1_122' title="bbox 232 4918 1803 4991">
     <span class='ocr_line' id='line_1_123' title="bbox 232 4918 1803 4991; baseline 0.004 -20"><span class='ocrx_word' id='word_1_853' title='bbox 232 4918 339 4991; x_wconf 74' lang='lat' dir='ltr'><strong>Par</strong></span> <span class='ocrx_word' id='word_1_854' title='bbox 391 4923 490 4991; x_wconf 10' lang='lat' dir='ltr'><strong>est!</strong></span> <span class='ocrx_word' id='word_1_855' title='bbox 526 4932 888 4991; x_wconf 81' lang='lat' dir='ltr'><strong>commensus</strong></span> <span class='ocrx_word' id='word_1_856' title='bbox 951 4934 1232 4977; x_wconf 88' lang='lat' dir='ltr'><strong>annorum</strong></span> <span class='ocrx_word' id='word_1_857' title='bbox 1283 4926 1339 4977; x_wconf 89' lang='lat' dir='ltr'><strong>et</strong></span> <span class='ocrx_word' id='word_1_858' title='bbox 1378 4921 1724 4991; x_wconf 89' lang='lat' dir='ltr'><strong>epocharum</strong></span> <span class='ocrx_word' id='word_1_859' title='bbox 1771 4937 1803 4978; x_wconf 90' lang='lat' dir='ltr'><strong>a</strong></span> 
     </span>
    </p>
   </div>
   <div class='ocr_carea' id='block_1_123' title="bbox 143 4987 1804 5065">
    <p class='ocr_par' dir='ltr' id='par_1_123' title="bbox 143 4987 1804 5065">
     <span class='ocr_line' id='line_1_124' title="bbox 143 4987 1804 5065; baseline 0.004 -22"><span class='ocrx_word' id='word_1_860' title='bbox 143 4987 398 5044; x_wconf 85' lang='lat' dir='ltr'><strong>Callisto</strong></span> <span class='ocrx_word' id='word_1_861' title='bbox 428 4989 716 5065; x_wconf 84' lang='lat' dir='ltr'><strong>adCaium</strong></span> <span class='ocrx_word' id='word_1_862' title='bbox 753 5004 850 5060; x_wconf 89' lang='lat' dir='ltr'><strong>per</strong></span> <span class='ocrx_word' id='word_1_863' title='bbox 875 5004 1056 5065; x_wconf 84' lang='lat' dir='ltr'><strong>annos</strong></span> <span class='ocrx_word' id='word_1_864' title='bbox 1078 4991 1192 5048; x_wconf 87' lang='lat' dir='ltr'><strong>fere</strong></span> <span class='ocrx_word' id='word_1_865' title='bbox 1213 4987 1577 5065; x_wconf 83' lang='lat' dir='ltr'><strong>septuaginta</strong></span> <span class='ocrx_word' id='word_1_866' title='bbox 1598 4994 1804 5049; x_wconf 88' lang='lat' dir='ltr'><strong>simili-</strong></span> 
     </span>
    </p>
   </div>
   <div class='ocr_carea' id='block_1_124' title="bbox 146 5062 1802 5144">
    <p class='ocr_par' dir='ltr' id='par_1_124' title="bbox 146 5062 1802 5144">
     <span class='ocr_line' id='line_1_125' title="bbox 146 5062 1802 5144; baseline 0.002 -28"><span class='ocrx_word' id='word_1_867' title='bbox 146 5062 621 5144; x_wconf 42' lang='lat' dir='ltr'><strong>terre‘s‘pondens</strong></span> <span class='ocrx_word' id='word_1_868' title='bbox 650 5062 1035 5144; x_wconf 68' lang='lat' dir='ltr'><strong>chronologiaa</strong></span> <span class='ocrx_word' id='word_1_869' title='bbox 1065 5064 1379 5144; x_wconf 73' lang='lat' dir='ltr'><strong>consulari,</strong></span> <span class='ocrx_word' id='word_1_870' title='bbox 1403 5062 1470 5120; x_wconf 59' lang='lat' dir='ltr'><strong>e&#39;x</strong></span> <span class='ocrx_word' id='word_1_871' title='bbox 1500 5065 1802 5144; x_wconf 83' lang='lat' dir='ltr'><strong>duodecim</strong></span> 
     </span>
    </p>
   </div>
   <div class='ocr_carea' id='block_1_125' title="bbox 146 5130 1805 5208">
    <p class='ocr_par' dir='ltr' id='par_1_125' title="bbox 146 5130 1805 5208">
     <span class='ocr_line' id='line_1_126' title="bbox 146 5130 1805 5208; baseline 0.004 -22"><span class='ocrx_word' id='word_1_872' title='bbox 146 5130 497 5208; x_wconf 72' lang='lat' dir='ltr'><strong>pontiﬁcum</strong></span> <span class='ocrx_word' id='word_1_873' title='bbox 528 5133 765 5208; x_wconf 83' lang='lat' dir='ltr'><strong>epochis</strong></span> <span class='ocrx_word' id='word_1_874' title='bbox 796 5130 1319 5208; x_wconf 66' lang='lat' dir='ltr'><strong>fidelitercollectte</strong></span> <span class='ocrx_word' id='word_1_875' title='bbox 1352 5130 1410 5191; x_wconf 86' lang='lat' dir='ltr'><strong>in</strong></span> <span class='ocrx_word' id='word_1_876' title='bbox 1433 5136 1709 5208; x_wconf 79' lang='lat' dir='ltr'><strong>catalogo,</strong></span> <span class='ocrx_word' id='word_1_877' title='bbox 1741 5143 1805 5193; x_wconf 88' lang='lat' dir='ltr'><strong>ut</strong></span> 
     </span>
    </p>
   </div>
   <div class='ocr_carea' id='block_1_126' title="bbox 143 5203 1801 5280">
    <p class='ocr_par' dir='ltr' id='par_1_126' title="bbox 143 5203 1801 5280">
     <span class='ocr_line' id='line_1_127' title="bbox 143 5203 1801 5280; baseline 0.003 -21"><span class='ocrx_word' id='word_1_878' title='bbox 143 5203 430 5280; x_wconf 79' lang='lat' dir='ltr'><strong>sequitur</strong></span> <span class='ocrx_word' id='word_1_879' title='bbox 449 5205 768 5280; x_wconf 63' lang='lat' dir='ltr'><strong>exprimis</strong></span> <span class='ocrx_word' id='word_1_880' title='bbox 811 5204 1155 5280; x_wconf 85' lang='lat' dir='ltr'><strong>consulibus</strong></span> <span class='ocrx_word' id='word_1_881' title='bbox 1201 5206 1441 5280; x_wconf 87' lang='lat' dir='ltr'><strong>Callisto</strong></span> <span class='ocrx_word' id='word_1_882' title='bbox 1467 5203 1801 5280; x_wconf 45' lang='lat' dir='ltr'><strong>assigiia&#39;tis,</strong></span> 
     </span>
    </p>
   </div>
   <div class='ocr_carea' id='block_1_127' title="bbox 141 5274 1807 5347">
    <p class='ocr_par' dir='ltr' id='par_1_127' title="bbox 141 5274 1807 5347">
     <span class='ocr_line' id='line_1_128' title="bbox 141 5274 1807 5347; baseline 0.004 -17"><span class='ocrx_word' id='word_1_883' title='bbox 141 5274 402 5347; x_wconf 60' lang='lat' dir='ltr'><strong>Antonio</strong></span> <span class='ocrx_word' id='word_1_884' title='bbox 431 5278 482 5328; x_wconf 83' lang='lat' dir='ltr'><strong>et</strong></span> <span class='ocrx_word' id='word_1_885' title='bbox 511 5275 782 5340; x_wconf 78' lang='lat' dir='ltr'><strong>Advento,</strong></span> <span class='ocrx_word' id='word_1_886' title='bbox 816 5277 916 5347; x_wconf 91' lang='lat' dir='ltr'><strong>qui</strong></span> <span class='ocrx_word' id='word_1_887' title='bbox 967 5277 1254 5346; x_wconf 88' lang='lat' dir='ltr'><strong>pertinent</strong></span> <span class='ocrx_word' id='word_1_888' title='bbox 1281 5279 1349 5334; x_wconf 91' lang='lat' dir='ltr'><strong>ad</strong></span> <span class='ocrx_word' id='word_1_889' title='bbox 1383 5274 1807 5336; x_wconf 58' lang='lat' dir='ltr'><strong>annum&#39;Chri-&#39;</strong></span> 
     </span>
    </p>
   </div>
   <div class='ocr_carea' id='block_1_128' title="bbox 143 5342 1802 5422">
    <p class='ocr_par' dir='ltr' id='par_1_128' title="bbox 143 5342 1802 5422">
     <span class='ocr_line' id='line_1_129' title="bbox 143 5342 1802 5422; baseline 0.004 -21"><span class='ocrx_word' id='word_1_890' title='bbox 143 5347 233 5422; x_wconf 86' lang='lat' dir='ltr'><strong>s_ti</strong></span> <span class='ocrx_word' id='word_1_891' title='bbox 265 5342 397 5422; x_wconf 87' lang='lat'><strong>248,</strong></span> <span class='ocrx_word' id='word_1_892' title='bbox 429 5360 612 5422; x_wconf 69' lang='lat' dir='ltr'><strong>usque</strong></span> <span class='ocrx_word' id='word_1_893' title='bbox 640 5348 711 5404; x_wconf 88' lang='lat' dir='ltr'><strong>ad</strong></span> <span class='ocrx_word' id='word_1_894' title='bbox 766 5342 1040 5404; x_wconf 71' lang='lat' dir='ltr'><strong>consules</strong></span> <span class='ocrx_word' id='word_1_895' title='bbox 1067 5355 1380 5419; x_wconf 88' lang='lat' dir='ltr'><strong>postremos</strong></span> <span class='ocrx_word' id='word_1_896' title='bbox 1436 5353 1802 5422; x_wconf 82' lang='lat' dir='ltr'><strong>Eutychiani,</strong></span> 
     </span>
    </p>
   </div>
   <div class='ocr_carea' id='block_1_129' title="bbox 143 5419 1808 5544">
    <p class='ocr_par' dir='ltr' id='par_1_129' title="bbox 143 5419 1808 5544">
     <span class='ocr_line' id='line_1_130' title="bbox 143 5419 1808 5544; baseline 0.002 -70"><span class='ocrx_word' id='word_1_897' title='bbox 143 5419 424 5544; x_wconf 49' lang='lat' dir='ltr'><strong>angtgzgm</strong></span> <span class='ocrx_word' id='word_1_898' title='bbox 449 5419 504 5474; x_wconf 86' lang='lat' dir='ltr'><strong>Il</strong></span> <span class='ocrx_word' id='word_1_899' title='bbox 528 5423 581 5473; x_wconf 83' lang='lat' dir='ltr'><strong>et</strong></span> <span class='ocrx_word' id='word_1_900' title='bbox 635 5422 855 5483; x_wconf 80' lang='lat' dir='ltr'><strong>Carum,</strong></span> <span class='ocrx_word' id='word_1_901' title='bbox 914 5427 1234 5490; x_wconf 86' lang='lat' dir='ltr'><strong>spectantes</strong></span> <span class='ocrx_word' id='word_1_902' title='bbox 1285 5422 1355 5477; x_wconf 90' lang='lat' dir='ltr'><strong>ad</strong></span> <span class='ocrx_word' id='word_1_903' title='bbox 1388 5419 1602 5479; x_wconf 85' lang='lat' dir='ltr'><strong>annum</strong></span> <span class='ocrx_word' id='word_1_904' title='bbox 1632 5419 1808 5478; x_wconf 54' lang='lat' dir='ltr'><strong>Chrié-</strong></span> 
     </span>
     <span class='ocr_line' id='line_1_131' title="bbox 144 5505 399 5544; baseline -0.008 0"><span class='ocrx_word' id='word_1_905' title='bbox 144 5505 175 5544; x_wconf 90' lang='lat' dir='ltr'><strong>s</strong></span> <span class='ocrx_word' id='word_1_906' title='bbox 212 5505 228 5544; x_wconf 84' lang='grc' dir='ltr'><strong>ι</strong></span> <span class='ocrx_word' id='word_1_907' title='bbox 387 5530 399 5542; x_wconf 96' lang='grc'><strong>.</strong></span> 
     </span>
    </p>
   </div>
   <div class='ocr_carea' id='block_1_130' title="bbox 144 5490 399 5546">
    <p class='ocr_par' dir='ltr' id='par_1_130' title="bbox 144 5490 399 5546">
     <span class='ocr_line' id='line_1_132' title="bbox 144 5490 399 5546; baseline -0.016 0"><span class='ocrx_word' id='word_1_908' title='bbox 144 5491 228 5546; x_wconf 88' lang='lat' dir='ltr'><strong>sti</strong></span> <span class='ocrx_word' id='word_1_909' title='bbox 270 5490 399 5544; x_wconf 82' lang='lat'><strong>283.</strong></span> 
     </span>
    </p>
   </div>
   <div class='ocr_carea' id='block_1_131' title="bbox 221 5559 1804 5633">
    <p class='ocr_par' dir='ltr' id='par_1_131' title="bbox 221 5559 1804 5633">
     <span class='ocr_line' id='line_1_133' title="bbox 221 5559 1804 5633; baseline 0.003 -17"><span class='ocrx_word' id='word_1_910' title='bbox 221 5560 526 5633; x_wconf 68' lang='lat' dir='ltr'><strong>Callistus,</strong></span> <span class='ocrx_word' id='word_1_911' title='bbox 567 5562 740 5633; x_wconf 74' lang='lat' dir='ltr'><strong>annis</strong></span> <span class='ocrx_word' id='word_1_912' title='bbox 771 5559 824 5633; x_wconf 81' lang='lat'><strong>5,</strong></span> <span class='ocrx_word' id='word_1_913' title='bbox 860 5576 1036 5619; x_wconf 89' lang='lat' dir='ltr'><strong>mens.</strong></span> <span class='ocrx_word' id='word_1_914' title='bbox 1064 5561 1118 5633; x_wconf 88' lang='lat'><strong>2,</strong></span> <span class='ocrx_word' id='word_1_915' title='bbox 1142 5562 1348 5620; x_wconf 88' lang='lat' dir='ltr'><strong>diebus</strong></span> <span class='ocrx_word' id='word_1_916' title='bbox 1382 5561 1446 5619; x_wconf 91' lang='lat'><strong>40</strong></span> <span class='ocrx_word' id='word_1_917' title='bbox 1478 5562 1804 5632; x_wconf 85' lang='lat' dir='ltr'><strong>;Urbanns,</strong></span> 
     </span>
    </p>
   </div>
   <div class='ocr_carea' id='block_1_132' title="bbox 141 5604 1801 5704">
    <p class='ocr_par' dir='ltr' id='par_1_132' title="bbox 141 5604 1801 5704">
     <span class='ocr_line' id='line_1_134' title="bbox 141 5604 1801 5704; baseline 0 -16"><span class='ocrx_word' id='word_1_918' title='bbox 141 5646 245 5688; x_wconf 81' lang='lat' dir='ltr'><strong>an.</strong></span> <span class='ocrx_word' id='word_1_919' title='bbox 281 5630 348 5704; x_wconf 10' lang='lat'><strong>8.,</strong></span> <span class='ocrx_word' id='word_1_920' title='bbox 386 5604 564 5704; x_wconf 53' lang='lat' dir='ltr'><strong>mens.</strong></span> <span class='ocrx_word' id='word_1_921' title='bbox 594 5604 863 5699; x_wconf 48' lang='lat' dir='ltr'><strong>44,&#39;dieb.</strong></span> <span class='ocrx_word' id='word_1_922' title='bbox 899 5604 1369 5704; x_wconf 40' lang='lat' dir='ltr'><strong>42:P~o‘iitianus,</strong></span> <span class='ocrx_word' id='word_1_923' title='bbox 1422 5605 1514 5690; x_wconf 69' lang='lat' dir='ltr'><strong>an.</strong></span> <span class='ocrx_word' id='word_1_924' title='bbox 1540 5633 1594 5704; x_wconf 76' lang='grc' dir='ltr'>ὅ,</span> <span class='ocrx_word' id='word_1_925' title='bbox 1627 5606 1801 5693; x_wconf 56' lang='lat' dir='ltr'><strong>mens:</strong></span> 
     </span>
    </p>
   </div>
   <div class='ocr_carea' id='block_1_133' title="bbox 139 5699 1801 5778">
    <p class='ocr_par' dir='ltr' id='par_1_133' title="bbox 139 5699 1801 5778">
     <span class='ocr_line' id='line_1_135' title="bbox 139 5699 1801 5778; baseline 0.002 -18"><span class='ocrx_word' id='word_1_926' title='bbox 139 5704 203 5771; x_wconf 85' lang='lat'><strong>2,</strong></span> <span class='ocrx_word' id='word_1_927' title='bbox 234 5702 392 5778; x_wconf 92' lang='lat' dir='ltr'><strong>di_e_b.</strong></span> <span class='ocrx_word' id='word_1_928' title='bbox 416 5699 454 5759; x_wconf 92' lang='grc'><strong>7</strong></span> <span class='ocrx_word' id='word_1_929' title='bbox 481 5722 497 5773; x_wconf 83' lang='lat'><strong>;</strong></span> <span class='ocrx_word' id='word_1_930' title='bbox 529 5699 1012 5778; x_wconf 69' lang='lat' dir='ltr'><strong>Anterus,_mens.</strong></span> <span class='ocrx_word' id='word_1_931' title='bbox 1060 5706 1110 5772; x_wconf 94' lang='lat'><strong>4,</strong></span> <span class='ocrx_word' id='word_1_932' title='bbox 1141 5707 1293 5763; x_wconf 83' lang='lat' dir='ltr'><strong>dieb.</strong></span> <span class='ocrx_word' id='word_1_933' title='bbox 1350 5699 1416 5762; x_wconf 90' lang='lat'><strong>40</strong></span> <span class='ocrx_word' id='word_1_934' title='bbox 1449 5725 1465 5777; x_wconf 71' lang='grc' dir='ltr'>ς</span> <span class='ocrx_word' id='word_1_935' title='bbox 1497 5699 1801 5778; x_wconf 81' lang='lat' dir='ltr'><strong>Fabianus,</strong></span> 
     </span>
    </p>
   </div>
   <div class='ocr_carea' id='block_1_134' title="bbox 141 5771 1802 5847">
    <p class='ocr_par' dir='ltr' id='par_1_134' title="bbox 141 5771 1802 5847">
     <span class='ocr_line' id='line_1_136' title="bbox 141 5771 1802 5847; baseline 0.002 -17"><span class='ocrx_word' id='word_1_936' title='bbox 141 5789 250 5830; x_wconf 84' lang='lat' dir='ltr'><strong>an.</strong></span> <span class='ocrx_word' id='word_1_937' title='bbox 286 5771 375 5842; x_wconf 75' lang='grc'>14,</span> <span class='ocrx_word' id='word_1_938' title='bbox 413 5771 592 5847; x_wconf 80' lang='lat' dir='ltr'><strong>mens.</strong></span> <span class='ocrx_word' id='word_1_939' title='bbox 636 5772 686 5843; x_wconf 93' lang='lat'><strong>4,</strong></span> <span class='ocrx_word' id='word_1_940' title='bbox 714 5776 866 5832; x_wconf 91' lang='lat' dir='ltr'><strong>dieb.</strong></span> <span class='ocrx_word' id='word_1_941' title='bbox 906 5776 971 5835; x_wconf 92' lang='lat'><strong>40</strong></span> <span class='ocrx_word' id='word_1_942' title='bbox 1004 5796 1019 5847; x_wconf 84' lang='lat'><strong>;</strong></span> <span class='ocrx_word' id='word_1_943' title='bbox 1047 5779 1367 5845; x_wconf 89' lang='lat' dir='ltr'><strong>Cornelius,</strong></span> <span class='ocrx_word' id='word_1_944' title='bbox 1398 5771 1495 5835; x_wconf 85' lang='lat' dir='ltr'><strong>an.</strong></span> <span class='ocrx_word' id='word_1_945' title='bbox 1534 5777 1588 5841; x_wconf 90' lang='lat'><strong>2,</strong></span> <span class='ocrx_word' id='word_1_946' title='bbox 1625 5771 1802 5836; x_wconf 67' lang='lat' dir='ltr'><strong>mens.</strong></span> 
     </span>
    </p>
   </div>
   <div class='ocr_carea' id='block_1_135' title="bbox 139 5844 1806 5924">
    <p class='ocr_par' dir='ltr' id='par_1_135' title="bbox 139 5844 1806 5924">
     <span class='ocr_line' id='line_1_137' title="bbox 139 5844 1806 5924; baseline 0.003 -20"><span class='ocrx_word' id='word_1_947' title='bbox 139 5846 206 5917; x_wconf 90' lang='lat'><strong>3,</strong></span> <span class='ocrx_word' id='word_1_948' title='bbox 239 5847 400 5904; x_wconf 88' lang='lat' dir='ltr'><strong>dieb.</strong></span> <span class='ocrx_word' id='word_1_949' title='bbox 434 5844 535 5919; x_wconf 81' lang='lat'><strong>40;</strong></span> <span class='ocrx_word' id='word_1_950' title='bbox 569 5848 805 5922; x_wconf 87' lang='lat' dir='ltr'><strong>Lucius,</strong></span> <span class='ocrx_word' id='word_1_951' title='bbox 832 5862 924 5905; x_wconf 89' lang='lat' dir='ltr'><strong>an.</strong></span> <span class='ocrx_word' id='word_1_952' title='bbox 955 5844 1015 5922; x_wconf 80' lang='lat'><strong>3,</strong></span> <span class='ocrx_word' id='word_1_953' title='bbox 1043 5863 1213 5907; x_wconf 89' lang='lat' dir='ltr'><strong>mens.</strong></span> <span class='ocrx_word' id='word_1_954' title='bbox 1247 5852 1302 5922; x_wconf 89' lang='lat'><strong>8,</strong></span> <span class='ocrx_word' id='word_1_955' title='bbox 1336 5850 1488 5908; x_wconf 89' lang='lat' dir='ltr'><strong>dieb.</strong></span> <span class='ocrx_word' id='word_1_956' title='bbox 1534 5849 1600 5911; x_wconf 94' lang='lat'><strong>40</strong></span> <span class='ocrx_word' id='word_1_957' title='bbox 1631 5868 1647 5924; x_wconf 84' lang='lat'><strong>;</strong></span> <span class='ocrx_word' id='word_1_958' title='bbox 1690 5852 1806 5911; x_wconf 86' lang='lat' dir='ltr'><strong>Ste-</strong></span> 
     </span>
    </p>
   </div>
   <div class='ocr_carea' id='block_1_136' title="bbox 1915 4630 3557 4713">
    <p class='ocr_par' dir='ltr' id='par_1_136' title="bbox 1915 4630 3557 4713">
     <span class='ocr_line' id='line_1_138' title="bbox 1915 4630 3557 4713; baseline -0.005 -22"><span class='ocrx_word' id='word_1_959' title='bbox 1915 4636 2317 4713; x_wconf 71' lang='lat' dir='ltr'><strong>vantisaLino</strong></span> <span class='ocrx_word' id='word_1_960' title='bbox 2341 4630 2408 4689; x_wconf 79' lang='lat' dir='ltr'><strong>ad</strong></span> <span class='ocrx_word' id='word_1_961' title='bbox 2432 4634 2739 4713; x_wconf 86' lang='lat' dir='ltr'><strong>Urbanum,</strong></span> <span class='ocrx_word' id='word_1_962' title='bbox 2766 4639 2829 4689; x_wconf 89' lang='lat' dir='ltr'><strong>ut</strong></span> <span class='ocrx_word' id='word_1_963' title='bbox 2853 4632 3069 4688; x_wconf 91' lang='lat' dir='ltr'><strong>nomini</strong></span> <span class='ocrx_word' id='word_1_964' title='bbox 3098 4630 3557 4713; x_wconf 77' lang='lat' dir='ltr'><strong>uniuscujusque</strong></span> 
     </span>
    </p>
   </div>
   <div class='ocr_carea' id='block_1_137' title="bbox 1918 4703 3554 4777">
    <p class='ocr_par' dir='ltr' id='par_1_137' title="bbox 1918 4703 3554 4777">
     <span class='ocr_line' id='line_1_139' title="bbox 1918 4703 3554 4777; baseline -0.004 -15"><span class='ocrx_word' id='word_1_965' title='bbox 1918 4706 2211 4777; x_wconf 75' lang='lat' dir='ltr'><strong>pontificis</strong></span> <span class='ocrx_word' id='word_1_966' title='bbox 2241 4711 2489 4777; x_wconf 88' lang='lat' dir='ltr'><strong>apponat</strong></span> <span class='ocrx_word' id='word_1_967' title='bbox 2526 4718 2729 4774; x_wconf 90' lang='lat' dir='ltr'><strong>annos,</strong></span> <span class='ocrx_word' id='word_1_968' title='bbox 2774 4716 3014 4770; x_wconf 89' lang='lat' dir='ltr'><strong>menses,</strong></span> <span class='ocrx_word' id='word_1_969' title='bbox 3045 4703 3265 4777; x_wconf 80' lang='lat' dir='ltr'><strong>acdies</strong></span> <span class='ocrx_word' id='word_1_970' title='bbox 3296 4703 3390 4757; x_wconf 93' lang='lat' dir='ltr'><strong>sui</strong></span> <span class='ocrx_word' id='word_1_971' title='bbox 3422 4703 3554 4770; x_wconf 58' lang='lat' dir='ltr'><strong>epiv</strong></span> 
     </span>
    </p>
   </div>
   <div class='ocr_carea' id='block_1_138' title="bbox 1915 4775 3549 4847">
    <p class='ocr_par' dir='ltr' id='par_1_138' title="bbox 1915 4775 3549 4847">
     <span class='ocr_line' id='line_1_140' title="bbox 1915 4775 3549 4847; baseline -0.004 -13"><span class='ocrx_word' id='word_1_972' title='bbox 1915 4775 2233 4847; x_wconf 82' lang='lat' dir='ltr'><strong>scopatus;</strong></span> <span class='ocrx_word' id='word_1_973' title='bbox 2275 4776 2481 4831; x_wconf 82' lang='lat' dir='ltr'><strong>deinde</strong></span> <span class='ocrx_word' id='word_1_974' title='bbox 2524 4777 2807 4844; x_wconf 88' lang='lat' dir='ltr'><strong>exprimat</strong></span> <span class='ocrx_word' id='word_1_975' title='bbox 2848 4778 3083 4830; x_wconf 87' lang='lat' dir='ltr'><strong>nomina</strong></span> <span class='ocrx_word' id='word_1_976' title='bbox 3116 4775 3549 4847; x_wconf 84' lang='lat' dir='ltr'><strong>imperatorum,</strong></span> 
     </span>
    </p>
   </div>
   <div class='ocr_carea' id='block_1_139' title="bbox 1917 4845 3551 4926">
    <p class='ocr_par' dir='ltr' id='par_1_139' title="bbox 1917 4845 3551 4926">
     <span class='ocr_line' id='line_1_141' title="bbox 1917 4845 3551 4926; baseline -0.003 -22"><span class='ocrx_word' id='word_1_977' title='bbox 1917 4845 2242 4926; x_wconf 79' lang='lat' dir='ltr'><strong>quieodem</strong></span> <span class='ocrx_word' id='word_1_978' title='bbox 2274 4854 2525 4926; x_wconf 83' lang='lat' dir='ltr'><strong>tempore</strong></span> <span class='ocrx_word' id='word_1_979' title='bbox 2559 4848 2642 4926; x_wconf 80' lang='lat' dir='ltr'><strong>rei</strong></span> <span class='ocrx_word' id='word_1_980' title='bbox 2668 4848 2931 4926; x_wconf 63' lang='lat' dir='ltr'><strong>Romanis</strong></span> <span class='ocrx_word' id='word_1_981' title='bbox 2965 4850 3243 4926; x_wconf 60' lang='lat' dir='ltr'><strong>praterant</strong></span> <span class='ocrx_word' id='word_1_982' title='bbox 3275 4861 3288 4911; x_wconf 92' lang='lat'><strong>;</strong></span> <span class='ocrx_word' id='word_1_983' title='bbox 3319 4845 3551 4926; x_wconf 75' lang='lat' dir='ltr'><strong>demum</strong></span> 
     </span>
    </p>
   </div>
   <div class='ocr_carea' id='block_1_140' title="bbox 1915 4917 3551 4997">
    <p class='ocr_par' dir='ltr' id='par_1_140' title="bbox 1915 4917 3551 4997">
     <span class='ocr_line' id='line_1_142' title="bbox 1915 4917 3551 4997; baseline -0.004 -21"><span class='ocrx_word' id='word_1_984' title='bbox 1915 4917 2172 4977; x_wconf 87' lang='lat' dir='ltr'><strong>nominet</strong></span> <span class='ocrx_word' id='word_1_985' title='bbox 2212 4920 2477 4997; x_wconf 72' lang='lat' dir='ltr'><strong>consules</strong></span> <span class='ocrx_word' id='word_1_986' title='bbox 2502 4917 2893 4997; x_wconf 85' lang='lat' dir='ltr'><strong>_ordinario_s_,__</strong></span> <span class='ocrx_word' id='word_1_987' title='bbox 2927 4917 3025 4987; x_wconf 92' lang='lat' dir='ltr'><strong>qui</strong></span> <span class='ocrx_word' id='word_1_988' title='bbox 3061 4918 3327 4997; x_wconf 85' lang='lat' dir='ltr'><strong>primum,</strong></span> <span class='ocrx_word' id='word_1_989' title='bbox 3362 4920 3419 4997; x_wconf 76' lang='lat' dir='ltr'><strong>et</strong></span> <span class='ocrx_word' id='word_1_990' title='bbox 3450 4917 3551 4983; x_wconf 91' lang='lat' dir='ltr'><strong>qui</strong></span> 
     </span>
    </p>
   </div>
   <div class='ocr_carea' id='block_1_141' title="bbox 1916 4989 3556 5069">
    <p class='ocr_par' dir='ltr' id='par_1_141' title="bbox 1916 4989 3556 5069">
     <span class='ocr_line' id='line_1_143' title="bbox 1916 4989 3556 5069; baseline -0.004 -22"><span class='ocrx_word' id='word_1_991' title='bbox 1916 5000 2264 5069; x_wconf 68' lang='lat' dir='ltr'><strong>postremum</strong></span> <span class='ocrx_word' id='word_1_992' title='bbox 2286 4989 2550 5069; x_wconf 80' lang='lat' dir='ltr'><strong>Paschale</strong></span> <span class='ocrx_word' id='word_1_993' title='bbox 2568 4995 2795 5069; x_wconf 77' lang='lat' dir='ltr'><strong>tempus</strong></span> <span class='ocrx_word' id='word_1_994' title='bbox 2810 4989 3556 5069; x_wconf 54' lang='lat' dir='ltr'><strong>illiusepiscopatussignae</strong></span> 
     </span>
    </p>
   </div>
   <div class='ocr_carea' id='block_1_142' title="bbox 1915 5058 3554 5130">
    <p class='ocr_par' dir='ltr' id='par_1_142' title="bbox 1915 5058 3554 5130">
     <span class='ocr_line' id='line_1_144' title="bbox 1915 5058 3554 5130; baseline -0.004 -12"><span class='ocrx_word' id='word_1_995' title='bbox 1915 5058 2072 5119; x_wconf 80' lang='lat' dir='ltr'><strong>runt.</strong></span> <span class='ocrx_word' id='word_1_996' title='bbox 2104 5065 2310 5117; x_wconf 70' lang='lat' dir='ltr'><strong>Praeter</strong></span> <span class='ocrx_word' id='word_1_997' title='bbox 2350 5062 2464 5116; x_wconf 66' lang='lat' dir='ltr'><strong>haec</strong></span> <span class='ocrx_word' id='word_1_998' title='bbox 2506 5058 2866 5130; x_wconf 38' lang='lat' dir='ltr'><strong>pauca’nihil</strong></span> <span class='ocrx_word' id='word_1_999' title='bbox 2909 5058 3217 5115; x_wconf 87' lang='lat' dir='ltr'><strong>admodum</strong></span> <span class='ocrx_word' id='word_1_1000' title='bbox 3257 5058 3554 5130; x_wconf 13' lang='lat' dir='ltr'><strong>addituria</strong></span> 
     </span>
    </p>
   </div>
   <div class='ocr_carea' id='block_1_143' title="bbox 1914 5128 3556 5211">
    <p class='ocr_par' dir='ltr' id='par_1_143' title="bbox 1914 5128 3556 5211">
     <span class='ocr_line' id='line_1_145' title="bbox 1914 5128 3556 5211; baseline -0.005 -20"><span class='ocrx_word' id='word_1_1001' title='bbox 1914 5136 2054 5191; x_wconf 88' lang='lat' dir='ltr'><strong>Lino</strong></span> <span class='ocrx_word' id='word_1_1002' title='bbox 2080 5135 2148 5189; x_wconf 89' lang='lat' dir='ltr'><strong>ad</strong></span> <span class='ocrx_word' id='word_1_1003' title='bbox 2183 5128 2553 5211; x_wconf 65' lang='lat' dir='ltr'><strong>Pontianum,</strong></span> <span class='ocrx_word' id='word_1_1004' title='bbox 2568 5137 2769 5211; x_wconf 69' lang='lat' dir='ltr'><strong>praeter</strong></span> <span class='ocrx_word' id='word_1_1005' title='bbox 2790 5145 2960 5203; x_wconf 87' lang='lat' dir='ltr'><strong>quam</strong></span> <span class='ocrx_word' id='word_1_1006' title='bbox 2993 5132 3051 5211; x_wconf 80' lang='lat' dir='ltr'><strong>in</strong></span> <span class='ocrx_word' id='word_1_1007' title='bbox 3086 5131 3222 5211; x_wconf 69' lang='lat' dir='ltr'><strong>Pio;</strong></span> <span class='ocrx_word' id='word_1_1008' title='bbox 3252 5129 3354 5211; x_wconf 78' lang='lat' dir='ltr'><strong>ubi</strong></span> <span class='ocrx_word' id='word_1_1009' title='bbox 3378 5128 3556 5211; x_wconf 84' lang='lat' dir='ltr'><strong>addi-</strong></span> 
     </span>
    </p>
   </div>
   <div class='ocr_carea' id='block_1_144' title="bbox 1914 5200 3555 5273">
    <p class='ocr_par' dir='ltr' id='par_1_144' title="bbox 1914 5200 3555 5273">
     <span class='ocr_line' id='line_1_146' title="bbox 1914 5200 3555 5273; baseline -0.005 -10"><span class='ocrx_word' id='word_1_1010' title='bbox 1914 5213 2227 5263; x_wconf 89' lang='lat' dir='ltr'><strong>tamentum</strong></span> <span class='ocrx_word' id='word_1_1011' title='bbox 2260 5205 2496 5273; x_wconf 88' lang='lat' dir='ltr'><strong>petitum</strong></span> <span class='ocrx_word' id='word_1_1012' title='bbox 2529 5200 2641 5260; x_wconf 85' lang='lat' dir='ltr'><strong>fuit</strong></span> <span class='ocrx_word' id='word_1_1013' title='bbox 2681 5217 2749 5259; x_wconf 78' lang='lat' dir='ltr'><strong>ex</strong></span> <span class='ocrx_word' id='word_1_1014' title='bbox 2778 5200 3102 5273; x_wconf 55' lang='lat' dir='ltr'><strong>a&#39;pocrypho</strong></span> <span class='ocrx_word' id='word_1_1015' title='bbox 3136 5201 3284 5257; x_wconf 92' lang='lat' dir='ltr'><strong>libro</strong></span> <span class='ocrx_word' id='word_1_1016' title='bbox 3317 5200 3555 5256; x_wconf 91' lang='lat' dir='ltr'><strong>Consti-</strong></span> 
     </span>
    </p>
   </div>
   <div class='ocr_carea' id='block_1_145' title="bbox 1918 5274 3554 5353">
    <p class='ocr_par' dir='ltr' id='par_1_145' title="bbox 1918 5274 3554 5353">
     <span class='ocr_line' id='line_1_147' title="bbox 1918 5274 3554 5353; baseline -0.005 -19"><span class='ocrx_word' id='word_1_1017' title='bbox 1918 5279 2206 5353; x_wconf 72' lang='lat' dir='ltr'><strong>tutionum</strong></span> <span class='ocrx_word' id='word_1_1018' title='bbox 2234 5276 2542 5353; x_wconf 79' lang='lat' dir='ltr'><strong>Clementis</strong></span> <span class='ocrx_word' id='word_1_1019' title='bbox 2558 5276 2625 5332; x_wconf 91' lang='lat' dir='ltr'><strong>ad</strong></span> <span class='ocrx_word' id='word_1_1020' title='bbox 2650 5274 2993 5353; x_wconf 81' lang='lat' dir='ltr'><strong>implendam</strong></span> <span class='ocrx_word' id='word_1_1021' title='bbox 3028 5274 3313 5353; x_wconf 80' lang='lat' dir='ltr'><strong>lacunam,</strong></span> <span class='ocrx_word' id='word_1_1022' title='bbox 3334 5278 3411 5353; x_wconf 85' lang='lat' dir='ltr'><strong>_ut</strong></span> <span class='ocrx_word' id='word_1_1023' title='bbox 3438 5284 3554 5353; x_wconf 81' lang='lat' dir='ltr'><strong>ma-</strong></span> 
     </span>
    </p>
   </div>
   <div class='ocr_carea' id='block_1_146' title="bbox 1917 5343 3556 5416">
    <p class='ocr_par' dir='ltr' id='par_1_146' title="bbox 1917 5343 3556 5416">
     <span class='ocr_line' id='line_1_148' title="bbox 1917 5343 3556 5416; baseline -0.005 -11"><span class='ocrx_word' id='word_1_1024' title='bbox 1917 5348 2123 5405; x_wconf 90' lang='lat' dir='ltr'><strong>nifeste</strong></span> <span class='ocrx_word' id='word_1_1025' title='bbox 2174 5348 2462 5404; x_wconf 90' lang='lat' dir='ltr'><strong>constabit</strong></span> <span class='ocrx_word' id='word_1_1026' title='bbox 2513 5343 2904 5403; x_wconf 84' lang='lat' dir='ltr'><strong>consideranti</strong></span> <span class='ocrx_word' id='word_1_1027' title='bbox 2961 5346 3212 5416; x_wconf 87' lang='lat' dir='ltr'><strong>spatium</strong></span> <span class='ocrx_word' id='word_1_1028' title='bbox 3241 5345 3302 5416; x_wconf 86' lang='lat' dir='ltr'><strong>in</strong></span> <span class='ocrx_word' id='word_1_1029' title='bbox 3333 5343 3556 5399; x_wconf 88' lang='lat' dir='ltr'><strong>lacunis</strong></span> 
     </span>
    </p>
   </div>
   <div class='ocr_carea' id='block_1_147' title="bbox 1915 5415 3551 5491">
    <p class='ocr_par' dir='ltr' id='par_1_147' title="bbox 1915 5415 3551 5491">
     <span class='ocr_line' id='line_1_149' title="bbox 1915 5415 3551 5491; baseline -0.004 -14"><span class='ocrx_word' id='word_1_1030' title='bbox 1915 5427 2198 5491; x_wconf 89' lang='lat' dir='ltr'><strong>apertum,</strong></span> <span class='ocrx_word' id='word_1_1031' title='bbox 2234 5419 2384 5489; x_wconf 93' lang='lat' dir='ltr'><strong>quod</strong></span> <span class='ocrx_word' id='word_1_1032' title='bbox 2424 5423 2587 5473; x_wconf 90' lang='lat' dir='ltr'><strong>vetus</strong></span> <span class='ocrx_word' id='word_1_1033' title='bbox 2622 5418 2743 5491; x_wconf 90' lang='lat' dir='ltr'><strong>_ille</strong></span> <span class='ocrx_word' id='word_1_1034' title='bbox 2788 5415 3207 5491; x_wconf 64' lang='lat' dir='ltr'><strong>descriptorad</strong></span> <span class='ocrx_word' id='word_1_1035' title='bbox 3239 5415 3551 5484; x_wconf 84' lang='lat' dir='ltr'><strong>dexteram,</strong></span> 
     </span>
    </p>
   </div>
   <div class='ocr_carea' id='block_1_148' title="bbox 1916 5488 3556 5558">
    <p class='ocr_par' dir='ltr' id='par_1_148' title="bbox 1916 5488 3556 5558">
     <span class='ocr_line' id='line_1_150' title="bbox 1916 5488 3556 5558; baseline -0.004 -9"><span class='ocrx_word' id='word_1_1036' title='bbox 1916 5488 2019 5549; x_wconf 85' lang='lat' dir='ltr'><strong>nos</strong></span> <span class='ocrx_word' id='word_1_1037' title='bbox 2040 5493 2108 5547; x_wconf 88' lang='lat' dir='ltr'><strong>ad</strong></span> <span class='ocrx_word' id='word_1_1038' title='bbox 2140 5488 2438 5546; x_wconf 85' lang='lat' dir='ltr'><strong>sinistram</strong></span> <span class='ocrx_word' id='word_1_1039' title='bbox 2470 5489 2823 5558; x_wconf 89' lang='lat' dir='ltr'><strong>supplemus.</strong></span> <span class='ocrx_word' id='word_1_1040' title='bbox 2846 5490 3027 5545; x_wconf 89' lang='lat' dir='ltr'><strong>Vades</strong></span> <span class='ocrx_word' id='word_1_1041' title='bbox 3058 5488 3314 5555; x_wconf 89' lang='lat' dir='ltr'><strong>reliquos</strong></span> <span class='ocrx_word' id='word_1_1042' title='bbox 3346 5491 3556 5543; x_wconf 65' lang='lat' dir='ltr'><strong>nostra:</strong></span> 
     </span>
    </p>
   </div>
   <div class='ocr_carea' id='block_1_149' title="bbox 1917 5558 3560 5629">
    <p class='ocr_par' dir='ltr' id='par_1_149' title="bbox 1917 5558 3560 5629">
     <span class='ocr_line' id='line_1_151' title="bbox 1917 5558 3560 5629; baseline -0.003 -10"><span class='ocrx_word' id='word_1_1043' title='bbox 1917 5563 2185 5620; x_wconf 88' lang='lat' dir='ltr'><strong>lectionis</strong></span> <span class='ocrx_word' id='word_1_1044' title='bbox 2206 5561 2352 5616; x_wconf 88' lang='lat' dir='ltr'><strong>dabo</strong></span> <span class='ocrx_word' id='word_1_1045' title='bbox 2377 5568 2492 5616; x_wconf 92' lang='lat' dir='ltr'><strong>tum</strong></span> <span class='ocrx_word' id='word_1_1046' title='bbox 2518 5561 2772 5629; x_wconf 80' lang='lat' dir='ltr'><strong>picturas</strong></span> <span class='ocrx_word' id='word_1_1047' title='bbox 2789 5560 3160 5616; x_wconf 88' lang='lat' dir='ltr'><strong>basilicarum</strong></span> <span class='ocrx_word' id='word_1_1048' title='bbox 3186 5558 3377 5621; x_wconf 88' lang='lat' dir='ltr'><strong>Urbis,</strong></span> <span class='ocrx_word' id='word_1_1049' title='bbox 3395 5567 3451 5615; x_wconf 92' lang='lat' dir='ltr'><strong>et</strong></span> <span class='ocrx_word' id='word_1_1050' title='bbox 3471 5572 3560 5615; x_wconf 90' lang='lat' dir='ltr'><strong>ca-</strong></span> 
     </span>
    </p>
   </div>
   <div class='ocr_carea' id='block_1_150' title="bbox 1925 5631 3556 5705">
    <p class='ocr_par' dir='ltr' id='par_1_150' title="bbox 1925 5631 3556 5705">
     <span class='ocr_line' id='line_1_152' title="bbox 1925 5631 3556 5705; baseline -0.003 -14"><span class='ocrx_word' id='word_1_1051' title='bbox 1925 5635 2143 5705; x_wconf 86' lang='lat' dir='ltr'><strong>talogos</strong></span> <span class='ocrx_word' id='word_1_1052' title='bbox 2184 5633 2317 5688; x_wconf 90' lang='lat' dir='ltr'><strong>inde</strong></span> <span class='ocrx_word' id='word_1_1053' title='bbox 2345 5633 2744 5705; x_wconf 85' lang='lat' dir='ltr'><strong>transcriptos,</strong></span> <span class='ocrx_word' id='word_1_1054' title='bbox 2778 5638 2896 5689; x_wconf 93' lang='lat' dir='ltr'><strong>tum</strong></span> <span class='ocrx_word' id='word_1_1055' title='bbox 2926 5632 3220 5704; x_wconf 89' lang='lat' dir='ltr'><strong>catalogos</strong></span> <span class='ocrx_word' id='word_1_1056' title='bbox 3248 5631 3556 5705; x_wconf 80' lang='lat' dir='ltr'><strong>etcodices</strong></span> 
     </span>
    </p>
   </div>
   <div class='ocr_carea' id='block_1_151' title="bbox 1924 5702 3558 5775">
    <p class='ocr_par' dir='ltr' id='par_1_151' title="bbox 1924 5702 3558 5775">
     <span class='ocr_line' id='line_1_153' title="bbox 1924 5702 3558 5775; baseline -0.004 -12"><span class='ocrx_word' id='word_1_1057' title='bbox 1924 5702 2178 5763; x_wconf 75' lang='lat' dir='ltr'><strong>vetustos</strong></span> <span class='ocrx_word' id='word_1_1058' title='bbox 2210 5706 2268 5760; x_wconf 90' lang='lat' dir='ltr'><strong>in</strong></span> <span class='ocrx_word' id='word_1_1059' title='bbox 2310 5704 2524 5774; x_wconf 90' lang='lat' dir='ltr'><strong>quibus</strong></span> <span class='ocrx_word' id='word_1_1060' title='bbox 2545 5703 2812 5760; x_wconf 89' lang='lat' dir='ltr'><strong>consules</strong></span> <span class='ocrx_word' id='word_1_1061' title='bbox 2851 5702 3240 5760; x_wconf 80' lang='lat' dir='ltr'><strong>nominantur.</strong></span> <span class='ocrx_word' id='word_1_1062' title='bbox 3295 5702 3558 5775; x_wconf 74' lang='lat' dir='ltr'><strong>Singulis</strong></span> 
     </span>
    </p>
   </div>
   <div class='ocr_carea' id='block_1_152' title="bbox 1923 5775 3562 5848">
    <p class='ocr_par' dir='ltr' id='par_1_152' title="bbox 1923 5775 3562 5848">
     <span class='ocr_line' id='line_1_154' title="bbox 1923 5775 3562 5848; baseline -0.003 -14"><span class='ocrx_word' id='word_1_1063' title='bbox 1923 5778 2179 5834; x_wconf 89' lang='lat' dir='ltr'><strong>numeris</strong></span> <span class='ocrx_word' id='word_1_1064' title='bbox 2209 5776 2279 5832; x_wconf 90' lang='lat' dir='ltr'><strong>ab</strong></span> <span class='ocrx_word' id='word_1_1065' title='bbox 2309 5776 2528 5848; x_wconf 87' lang='lat' dir='ltr'><strong>Hygino</strong></span> <span class='ocrx_word' id='word_1_1066' title='bbox 2549 5776 2618 5832; x_wconf 89' lang='lat' dir='ltr'><strong>ad</strong></span> <span class='ocrx_word' id='word_1_1067' title='bbox 2647 5777 2810 5833; x_wconf 91' lang='lat' dir='ltr'><strong>Pium</strong></span> <span class='ocrx_word' id='word_1_1068' title='bbox 2843 5776 2900 5831; x_wconf 90' lang='lat' dir='ltr'><strong>in</strong></span> <span class='ocrx_word' id='word_1_1069' title='bbox 2930 5776 3082 5833; x_wconf 91' lang='lat' dir='ltr'><strong>notis</strong></span> <span class='ocrx_word' id='word_1_1070' title='bbox 3110 5775 3429 5833; x_wconf 90' lang='lat' dir='ltr'><strong>memorabo</strong></span> <span class='ocrx_word' id='word_1_1071' title='bbox 3450 5775 3562 5830; x_wconf 81' lang='lat' dir='ltr'><strong>do-</strong></span> 
     </span>
    </p>
   </div>
   <div class='ocr_carea' id='block_1_153' title="bbox 1922 5848 3557 5923">
    <p class='ocr_par' dir='ltr' id='par_1_153' title="bbox 1922 5848 3557 5923">
     <span class='ocr_line' id='line_1_155' title="bbox 1922 5848 3557 5923; baseline -0.004 -17"><span class='ocrx_word' id='word_1_1072' title='bbox 1922 5857 2188 5908; x_wconf 87' lang='lat' dir='ltr'><strong>cumeuta</strong></span> <span class='ocrx_word' id='word_1_1073' title='bbox 2210 5848 2312 5906; x_wconf 88' lang='lat' dir='ltr'><strong>illa</strong></span> <span class='ocrx_word' id='word_1_1074' title='bbox 2342 5850 2613 5923; x_wconf 86' lang='lat' dir='ltr'><strong>genuina,</strong></span> <span class='ocrx_word' id='word_1_1075' title='bbox 2648 5862 2775 5920; x_wconf 70' lang='lat' dir='ltr'><strong>quae</strong></span> <span class='ocrx_word' id='word_1_1076' title='bbox 2801 5848 3261 5920; x_wconf 87' lang='lat' dir='ltr'><strong>supplementum</strong></span> <span class='ocrx_word' id='word_1_1077' title='bbox 3294 5851 3557 5904; x_wconf 88' lang='lat' dir='ltr'><strong>nostrum</strong></span> 
     </span>
    </p>
   </div>
  </div>
