4036 6174
191 375 334 435 4209

1032 375 1350 433 HISTORIA
1398 377 1487 432 DE
1531 372 1704 430 VITIS
1749 371 1917 430 ROM.
1963 371 2164 429 PONT.
2192 371 2342 428 —S.
2393 372 2748 430 ANICETUS.

3451 374 3593 436 4240

190 496 284 552 bis
307 495 932 573 restitutam,_ethujus
951 502 1173 573 numeri
1199 499 1836 573 propriamrconvertor,
1871 498 1928 556 A
1950 495 2151 573 ﬂuens,
2182 495 2239 551 in
2271 497 2512 573 Pontum
2548 509 2608 573 se
2635 501 2924 573 exonerat.
2962 515 2988 548 υ
3021 497 3438 573 ριιπθεγνιιω
3467 504 3598 573 jure

190 574 258 624 ut
288 575 500 624 nostrae
529 569 925 624 restitutionis
969 569 1360 640 fundamenta,
1412 579 1466 626 et
1495 570 1698 627 idonea
1729 568 1841 623 do-

187 647 458 696 cumenta
487 640 888 701 demonstrem.
915 655 1040 711 quae
1071 641 1209 697 talia
1241 647 1405 698 sunt.

262 713 439 766 Linea
481 711 529 764 4.
562 707 1119 782 —4Anicetus_anr.is
1151 711 1236 782 44,
1265 728 1434 767 mens.
1467 709 1520 780 4,
1569 712 1758 766 diebus
1782 707 1834 765 3.

186 782 416 837 Aniceti
439 795 618 837 annos
643 780 699 836 ll
732 782 1005 838 exhibent
1022 780 1245 840 numeri
1269 785 1610 852 superstites
1629 784 1844 838 Roma-

189 855 287 909 nis
309 853 524 908 litteris
556 853 634 907 ita
660 855 872 924 signati
908 855 1017 910 sub
1047 856 1172 924 ejus
1208 857 1454 923 imagine
1487 856 1544 909 in
1592 853 1842 924 picturis

188 924 449 980 basilica:
492 925 678 979 sancti
722 924 904 994 Pauli,
947 939 1167 996 necnon
1216 927 1272 980 in
1318 927 1583 996 catalogo
1636 925 1840 979 Felicis

188 997 410 1065 quarti,
443 1009 572 1050 cum
608 996 900 1051 mensibus
934 995 967 1051 4
995 1006 1050 1052 et
1078 997 1283 1052 diebus
1307 994 1360 1066 3,
1394 994 1563 1053 hodie
1587 996 1841 1065 delapsis

186 1080 259 1122 ex
292 1072 600 1122 memorata
629 1068 873 1135 pictura,
894 1068 986 1122 sed
1019 1069 1376 1137 praaservatis
1397 1070 1456 1124 in
1483 1068 1761 1137 catalogis
1786 1070 1843 1122 et

189 1138 264 1211 in
283 1138 454 1211 Libro
483 1138 949 1211 Pontiﬁ_calri.Tot
969 1140 1140 1194 etiam
1167 1153 1388 1194 menses
1415 1140 1714 1211 assignant
1738 1151 1842 1192 ca—

186 1210 375 1282 talogi
397 1222 594 1265 omnes
621 1209 787 1282 relati
816 1210 873 1264 in
905 1211 1327 1282 Prolegomenis
1357 1209 1592 1280 excepto
1633 1223 1746 1264 uno
1772 1222 1840 1282 ex

188 1279 434 1350 Italicis,
486 1286 544 1335 et
586 1279 766 1336 altero
811 1294 880 1336 ex
919 1279 1220 1338 codicibus
1258 1293 1418 1337 extra
1457 1279 1702 1344 Italiam,
1737 1279 1839 1350 qui

187 1353 420 1422 dempta
453 1352 695 1418 unitate,
728 1349 763 1407 3
789 1365 1010 1406 menses
1041 1353 1165 1408 loco
1195 1350 1228 1407 4
1249 1353 1553 1422 expressit,
1586 1349 1840 1407 ubicun-

189 1436 305 1492 que
334 1424 712 1478 inveniuntur
737 1425 873 1477 anni
905 1426 980 1478 XI
1004 1425 1126 1494 (qui
1153 1431 1292 1479 sunt
1313 1425 1595 1479 indicium
1614 1422 1842 1494 epochaa

188 1495 442 1560 Aniceti,
493 1495 722 1550 etiamsi
777 1493 1132 1562 permuletur
1160 1497 1323 1550 sedes
1363 1509 1492 1550 cum
1539 1493 1673 1562 Pio).
1709 1493 1842 1548 Dies

189 1579 422 1648 quoque
525 1570 827 1648 numerant
867 1579 936 1648 ex
967 1565 1509 1648 ltalicisncatalogis
1547 1567 1684 1648 duo,
1729 1565 1843 1618 Ca—

191 1639 385 1692 vensis
435 1643 491 1691 et
530 1636 836 1701 Farlensis,
881 1643 937 1691 et
977 1650 1045 1692 ex
1098 1636 1449 1692 Colbertinis
1493 1637 1874 1706 complures,.

189 1708 615 1763 consentientes
661 1721 790 1762 cum
821 1707 1082 1779 catalogo
1125 1709 1334 1764 Felicis
1379 1709 1594 1779 quarti,
1625 1713 1840 1764 etcum

193 1787 353 1835 textu
374 1779 779 1834 Anastasiano.

265 1852 436 1905 Linea
452 1848 508 1904 2.
527 1879 600 1889 -
623 1851 753 1903 Fuit
773 1849 1099 1918 temporibus
1115 1848 1386 1904 Antonini
1402 1852 1488 1905 Pii
1502 1866 1537 1904 a
1552 1850 1840 1904 consulatu

190 1891 548 1976 δαῖὶἑὲᾶἷιῖὲι
580 1891 1842 1990 γὲὧὲῗὶὶὲἇὶιῖἷιὶἇὸὶὶἓ’Χὶἱάυέὧῗᾜᾶἶέἷόῖ
1872 1891 1924 1952 Β

188 2008 300 2061 gus
329 1993 534 2047 Felicis
565 1993 757 2062 quarti
788 1993 1021 2047 initium
1048 1993 1272 2048 Aniceti
1305 1993 1558 2048 desumit
1588 2005 1657 2048 ex
1688 2006 1837 2048 coss.

189 2065 479 2118 Gallicana
508 2068 558 2116 rt
606 2063 788 2135 Vetere
818 2062 1030 2118 Christi
1065 2062 1181 2129 450,
1228 2065 1703 2135 quemadmodum
1735 2065 1844 2119 de-

188 2141 431 2190 sumunt
452 2135 679 2189 codices
710 2134 862 2188 Libri
889 2134 1272 2190 Pontiﬁcalis’:
1305 2137 1455 2191 unde
1475 2137 1524 2191 si
1547 2147 1842 2191 numeren-

188 2214 292 2262 tur
319 2207 456 2260 anni
491 2203 548 2259 44
581 2206 778 2274 solidi,
809 2207 1079 2276 quotjam
1111 2206 1478 2276 probavimus
1507 2208 1564 2262 in
1596 2206 1841 2276 picturis

185 2277 457 2350 Paulinis
485 2283 542 2332 et
579 2277 856 2350 catalogis
885 2277 1088 2332 donari
1121 2278 1394 2350 Aniceto;
1427 2291 1652 2334 necesse
1678 2277 1842 2350 cadet

186 2348 478 2404 terminus
499 2349 556 2403 in
582 2348 718 2402 duos
744 2345 1022 2416 Augustos
1048 2351 1292 2404 consules
1313 2345 1450 2405 anni
1470 2349 1689 2405 Christi
1715 2345 1836 2415 464,

185 2435 223 2475 a
255 2420 524 2490 Catalogo
556 2419 861 2475 Liberiano
890 2425 1039 2475 recte
1067 2422 1401 2476 enuntiatos
1433 2421 1490 2475 in
1533 2422 1644 2476 ﬁne
1675 2419 1842 2475 illius

189 2491 497 2576 periochae,
532 2505 699 2562 quam
733 2491 1058 2561 descriptor
1096 2491 1240 2547 male
1284 2491 1550 2548 confudit
1575 2505 1702 2548 cum
1736 2505 1844 2547 su-

233 2575 434 2618 el‘lOl‘l.

189 2578 538 2689 pePrgtlerea
593 2631 945 2704 suﬁragatur
989 2633 1165 2689 codex
1216 2633 1612 2703 Florentinus,
1665 2646 1840 2704 supra

187 2705 414 2761 relatus
461 2705 519 2760 in
559 2705 1002 2777 Prolegomenis,
1059 2704 1157 2760 ubi
1217 2704 1539 2776 catalogum
1570 2705 1840 2777 iexhibe-

184 2777 290 2832 bat
338 2775 745 2846 episcoporum
795 2775 1324 2845 Neapolitanorum,
1388 2775 1517 2831 cum
1569 2776 1842 2831 Romanis

190 2847 568 2918 pontiﬁcibus
597 2853 652 2902 et
680 2861 808 2902 cum
835 2847 1301 2917 imperatoribus,
1333 2847 1442 2902 sub
1473 2847 1688 2917 quibus
1709 2848 1842 2902 sin-

187 2919 316 2990 guli
363 2919 646 2984 sederant,
697 2919 950 2988 exceptis
979 2932 1047 2974 ex
1098 2919 1272 2974 Paulo
1309 2919 1580 2975 Diacono.
1631 2919 1843 2974 [biso-

185 2989 425 3046 ciantur
454 2996 709 3059 tempora
757 2991 840 3044 Pii
889 3003 1045 3060 papae
1091 3003 1220 3045 cum
1272 2989 1585 3058 Antonino,
1626 2995 1680 3044 et
1709 3003 1840 3045 cum

190 3061 370 3117 initio
393 3061 624 3130 imperil
649 3061 821 3116 Marci
853 3066 909 3117 et
937 3060 1121 3130 Lucii,
1147 3060 1400 3117 ﬁliorum
1422 3063 1583 3130 ejus;
1618 3066 1842 3131 tempus

187 3145 326 3188 vero
350 3133 598 3196 Aniceti,
628 3132 844 3188 Soteris
873 3138 929 3188 et
959 3132 1277 3199 Eleutheri,
1306 3133 1685 3200 conjungitur
1707 3145 1838 3187 cum

189 3149 326 3188 vero
350 3149 598 3216 Αηιοριι,
628 3149 844 3215 δοιθςιε
873 3149 929 3188 ει
959 3149 1277 3199 ιιιθιιιῐιθνι,
1306 3149 1561 3256 οοημιηὲ

189 3206 276 3258 Μ.
312 3203 548 3259 Aurelio
571 3203 880 3272 Antonino,
903 3205 960 3258 L.
983 3205 1144 3266 Vero,
1171 3203 1496 3270 Commodo,

185 3281 251 3330 et
274 3275 498 3330 Severo.
552 3295 578 3325 α
615 3277 857 3340 Marcus,
908 3275 1122 3344 inquit,
1149 3273 1476 3344 (episc0pus
1505 3273 1837 3342 Neapolita-A

187 3358 396 3401 norum
427 3344 503 3416 tv)
532 3345 685 3400 sedit
713 3345 884 3400 annis
907 3343 1005 3400 98$
1039 3343 1173 3401 Fuit
1212 3343 1575 3416 temporibus
1604 3345 1754 3414 lgini
1787 3349 1843 3400 et

189 3417 283 3471 Pii
317 3415 492 3486 papae,
537 3421 594 3471 et
634 3416 911 3472 Antonini
945 3417 1027 3485 pii
1067 3417 1451 3486 imperatoris,
1486 3421 1543 3470 et
1587 3415 1840 3486 ﬁliorum

183 3483 338 3557 ejus'.
391 3483 608 3544 Probus
655 3483 982 3558 (episcopus
1032 3501 1066 3541 v
1109 3483 1305 3558 Neap.)
1354 3487 1504 3542 sedit
1551 3487 1722 3543 annis
1747 3483 1838 3542 24.

188 3561 328 3614 Fuit
373 3558 728 3629 temporibus
757 3558 1024 3628 Anecyri,
1054 3559 1292 3628 Soteris,
1335 3558 1627 3614 Eleutheri
1662 3571 1839 3628 papae,

184 3636 251 3687 et
279 3629 555 3686 Antonini
587 3631 736 3696 Veri,
762 3636 817 3685 et
847 3630 1007 3685 Lucii
1060 3630 1380 3699 Commodi,
1405 3637 1462 3684 et
1483 3629 1631 3684 Aelii
1667 3629 1843 3684 Perti-

188 3702 374 3770 nacis,
408 3714 507 3757 seu
531 3702 719 3756 Severi
751 3701 1116 3770 imperatoris
1171 3719 1198 3751 »
1237 3701 1568 3772 Catalogum
1601 3701 1751 3755 hunc
1775 3713 1842 3756 eo

187 3771 494 3829 lubentius
523 3785 902 3829 commemoro
931 3786 1044 3842 quo
1061 3772 1280 3828 clarius
1306 3773 1537 3829 ordinat
1559 3773 1841 3828 Romanos

188 3844 515 3915 poatiﬁces,
566 3844 702 3900 hinc
738 3844 909 3900 etiam
943 3857 1073 3915 suo
1113 3843 1236 3899 loco
1280 3857 1346 3899 ac
1390 3843 1630 3912 tempori
1665 3844 1844 3898 resti-

191 3913 442 3972 tuendos
475 3917 534 3971 in
583 3915 786 3972 lacuna
810 3913 1056 3987 catalogi
1099 3914 1411 3983 Liberiani,
1440 3916 1607 3984 juxta
1633 3915 1839 3987 seriem

186 3987 600 4058 successionis,
625 4001 736 4043 non
762 3987 956 4042 minus
975 3985 1298 4042 luculenter
1325 3994 1600 4058 assertam
1630 3985 1700 4058 ab
1729 3987 1843 4040 He-

190 4059 455 4131 gesippo,
486 4063 544 4115 et
571 4057 805 4131 Irenaeo,
837 4071 966 4115 cum
1013 4058 1217 4114 iisdem
1250 4057 1625 4129 pontificibus
1655 4057 1844 4113 Romae

190 4130 460 4185 versatis.

265 4200 561 4256 Constabit
585 4205 773 4256 autem
805 4200 954 4256 ratio
982 4213 1219 4256 summa:
1247 4213 1530 4256 annorum
1563 4197 1650 4268 44,
1681 4213 1845 4255 men-

189 4273 347 4328 sium
371 4271 406 4328 5
425 4278 481 4328 et
505 4273 731 4328 dierum
757 4269 810 4339 3,
839 4272 890 4327 si
917 4272 1145 4340 epochae
1180 4273 1412 4328 initium
1443 4273 1782 4328 desumatur
1811 4284 1844 4326 a

185 4345 290 4398 die
321 4345 709 4400 ordinationis
758 4343 1054 4398 Dominica
1091 4340 1159 4398 45
1186 4343 1516 4399 Decembris
1553 4343 1690 4398 anni
1721 4340 1842 4412 449,

191 4415 386 4470 littera
421 4415 762 4471 Uominicali
795 4416 851 4479 F,
886 4427 986 4470 seu
1013 4415 1108 4470 die
1129 4429 1272 4470 xvut
1300 4421 1430 4470 ante
1446 4429 1542 4470 eas
1565 4413 1847 4469 Kalendas

183 4487 476 4554 Januarii,
507 4499 650 4557 quas
671 4491 1043 4555 aperuerunt,
1067 4499 1217 4542 anno
1244 4484 1344 4541 450
1372 4487 1626 4553 ineunte,
1645 4499 1850 4541 consu-

188 4558 278 4640 les
303 4557 720 4640 (gallicanuset
745 4559 926 4640 Veter,
958 4558 1177 4640 idcirco
1199 4558 1414 4640 signati
1445 4559 1502 4612 in
1534 4558 1658 4640 ejus
1681 4570 1849 4640 ‘exor-

187 4629 295 4684 dio
319 4629 483 4697 juxta
516 4629 806 4699 catalogos
833 4635 891 4684 et
918 4629 1148 4685 codices
1173 4629 1500 4699 universos,
1521 4635 1576 4684 et
1591 4629 1696 4684 ded
1709 4641 1849 4683 uca—

187 4706 310 4770 tur,
342 4702 409 4755 ad
438 4701 591 4756 diem
630 4697 946 4770 47—Aprilis
972 4701 1109 4755 anni
1159 4697 1281 4768 464,
1313 4700 1544 4755 duobus
1567 4700 1849 4769 Augustis

188 4769 479 4827 fratribus
506 4774 692 4827 Marco
722 4769 787 4827 et
807 4771 982 4828 Lucio
1013 4771 1374 4839 consulibus,
1406 4771 1660 4840 ejusdem
1692 4785 1849 4825 mar—

189 4843 348 4911 tyrio
380 4844 439 4897 in
468 4843 723 4898 Ecclesia
750 4843 1052 4898 celebrem.
1093 4843 1342 4898 lnclusis
1369 4843 1523 4898 enim
1553 4843 1847 4911 extremis,

182 4913 389 4970 eadem
425 4928 662 4985 prorsus
702 4929 924 4970 summa
948 4915 1270 4986 colligitur.

622 5073 866 5116 EIUSDEM
901 5072 1053 5115 NOTE
1086 5072 1412 5115 HISTORICE.

265 5205 443 5260 Linea
475 5201 525 5258 4.
559 5234 627 5243 -
668 5204 842 5271 Syrus
872 5204 938 5258 de
964 5205 1081 5259 vico
1130 5203 1332 5259 Omisa.
1378 5202 1578 5258 Vicum
1614 5200 1854 5258 fortasse

183 5276 484 5346 intelligit
512 5277 666 5331 circa
692 5276 951 5331 Amisum
984 5275 1204 5341 urbem,
1235 5278 1291 5330 in
1321 5275 1552 5346 regione
1577 5275 1854 5345 Leucosy-

187 5361 397 5404 rerum
439 5348 787 5416 descriptam
832 5346 903 5402 ab
935 5347 1168 5414 Ariano,
1209 5361 1310 5401 seu
1355 5348 1548 5402 verius
1573 5359 1854 5415 anonymo

180 5421 397 5476 Graeco
417 5418 474 5472 in
499 5418 721 5488 periplo
740 5418 903 5473 Ponti
936 5419 1148 5474 Euxini
1182 5418 1332 5472 inter
1355 5424 1570 5473 veteres
1599 5419 1858 5488 Geogra-

237 5491 352 5545 hia:
392 5490 706 5559 scriptores
730 5489 1076 5546 Oxoniensis
1101 5490 1380 5546 editionis
1419 5490 1694 5559 tomorlll,
1726 5503 1851 5559 pag.

237 5507 352 5545 nia:
392 5507 706 5559 SCl‘IpIOI'BS
730 5507 1076 5546 UXOHIBHSIS
1101 5507 1380 5546 ealllOHIS
1420 5507 1572 5542 torno
1602 5507 1694 5555 ιιι,
1726 5507 1850 5559 pag.

174 5507 262 5617 ὃς
303 5582 332 5612 α
363 5562 600 5616 Amisus
629 5561 769 5617 urbs
799 5561 991 5616 Graeca
1038 5560 1473 5616 Atheniensium
1502 5558 1751 5626 colonia,
1782 5559 1850 5614 ad

184 5647 356 5688 mare
383 5633 498 5688 sita
525 5633 580 5687 in
613 5634 1060 5704 Leucosyrorum
1082 5632 1312 5701 regione
1325 5631 1539 5704 jacens,
1562 5629 1853 5704 Phocaeen-

180 5707 350 5788 siuru
375 5706 547 5788 etiam
573 5703 799 5788 colonia
821 5701 842 5758 ξ
866 5723 891 5753 ››
924 5703 1103 5788 ubiid
1134 5701 1656 5788 quoqueatlditur‘:
1691 5721 1716 5788 cr
1751 5703 1856 5788 Ha-

179 5780 284 5848 lys
314 5777 551 5842 ﬁuvius,
585 5775 686 5832 ubi
734 5789 888 5840 mare
917 5774 1097 5835 subit,
1135 5773 1566 5848 Sinopensium,
1599 5779 1655 5829 et
1682 5773 1852 5828 Ami-

175 5846 466 5906 senorum
503 5861 639 5904 rura
663 5860 948 5919 agrosque
973 5851 1235 5915 separat;
1269 5846 1541 5902 trecentis
1568 5859 1699 5919 vero
1727 5853 1848 5901 sta-

173 5920 319 5980 diis
360 5919 432 5978 ab
469 5920 670 5978 Amiso
702 5917 948 5991 distans,
982 5919 1133 5976 inter
1161 5919 1332 5990 Syros
1373 5924 1430 5976 et
1459 5917 1853 5992 Paphlagonas

1952 569 2142 640 potuit
2171 567 2458 637 appellare
2482 569 2806 640 Anicetum,
2837 570 2887 624 si
2908 569 3012 625 hac
3036 567 3092 625 in
3115 567 3351 640 regione
3365 567 3598 630 Pontica

1949 651 2030 717 ex
2056 639 2182 693 vico
2214 641 2674 717 propeAmisum
2705 641 2775 696 ad
2821 642 3169 717 Leucosyros
3184 639 3594 717 pertinentem,

1949 715 2111 784 ortus
2132 717 2241 784 est,
2269 710 2365 766 ubi
2391 710 2558 784 Halys
2582 715 2752 781 Syros
2781 724 2813 767 a
2853 710 3320 783 Paphlagonibus
3351 710 3596 784 separati

2021 782 2100 836 Ex
2144 781 2335 836 eadem
2376 782 2606 852 regione
2651 784 2878 838 Pontica
2911 781 3164 840 Marcion
3221 781 3600 842 haeresi—arena

1951 852 2181 907 Romam
2218 853 2856 927 _adven_erat,_rva_cante
2903 857 3035 910 sede
3098 857 3420 927 apostolica
3476 863 3603 927 post

1955 930 2188 999 mortem
2217 925 2421 995 Hygini
2450 937 2515 979 ex
2534 925 2643 999 _die
2675 922 2732 999 44
2764 927 3024 981 Januarii
3056 922 3193 999 ad’6
3219 922 3599 999 Aprilisfqua

1954 995 2089 1050 Pius
2119 1008 2415 1068 successor
2444 1009 2474 1049 a
2496 995 2648 1052 clero
2674 996 2890 1052 electus
2918 995 3312 1066 pontiﬁcatum
3345 995 3604 1068 suscepit

1952 1079 2103 1121 anno
2151 1063 2272 1139 442,
2314 1067 2481 1139 juxta
2525 1063 2932 1124 adnotationes'
2959 1075 3186 1124 nostras
3232 1070 3290 1124 in
3345 1063 3600 1139 ejusdem

1953 1150 2208 1192 numero.
2231 1138 2439 1206 Pagius
2462 1139 2530 1193 ad
2558 1139 2958 1208 praecedentem
2981 1153 3193 1195 annum
3219 1138 3422 1196 retulit
3443 1154 3604 1196 mar—

1951 1209 2165 1276 tyrium
2197 1209 2426 1278 Hygini,
2463 1211 2618 1265 sedis
2649 1213 3022 1274 vacationem,
3050 1211 3388 1268 electionem
3422 1212 3510 1267 Pii
3545 1217 3608 1268 et

1950 1280 2255 1334 adventum
2288 1279 2621 1336 Marcionis.
2655 1282 2708 1336 S.
2745 1282 3107 1350 Epiphanius
3132 1283 3359 1342 scribit.
3393 1289 3460 1338 ut
3491 1285 3604 1338 Pa-

1950 1351 2084 1477 gius
2098 1350 2386 1406 observat:
2418 1371 2443 1402 α
2465 1352 2802 1408 lllarcionem
2822 1355 3057 1422 priusin
3079 1355 3215 1409 Asia
3227 1368 3450 1410 errores
3467 1367 3604 1410 suos

1991 1421 2237 1477 ocuisse.
2257 1422 2453 1477 ibique
2468 1423 2744 1477 aJoannis
2761 1425 3007 1477 apostoli
3026 1425 3356 1477 discipulis.
3373 1427 3603 1477 notius—

1991 1421 2453 1495 ocuisse,ibique
2468 1423 2744 1478 aJoannis
2761 1421 3007 1493 apostoli
3026 1425 3356 1495 discipulis,
3373 1427 3603 1494 potius-

1953 1506 2122 1563 quam
2149 1493 2219 1547 ab
2245 1493 2367 1562 ipso
2391 1495 2604 1550 Joanne
2625 1495 2948 1551 convictum
2972 1493 3203 1551 Romam
3227 1493 3468 1552 venisse.
3496 1495 3600 1552 Sed

1951 1578 2079 1618 cum
2095 1565 2226 1638 sede
2246 1571 2521 1638 vacantea
2537 1566 2904 1636 presbyteris,
2931 1569 3029 1636 qui
3045 1568 3378 1638 Ecclesiam,
3405 1574 3468 1624 ut
3487 1581 3604 1623 mos

1951 1643 2094 1708 erat,
2145 1636 2650 1706 administrabant,
2683 1651 2752 1692 ne
2790 1639 3058 1694 Ecclesiae
3103 1639 3332 1708 quidem
3369 1636 3603 1694 aditum

1955 1707 2260 1780 impetrare
2304 1708 2611 1780 potuisset,
2660 1709 2716 1763 in
2769 1709 3008 1764 Pontum
3044 1707 3238 1776 rediit,
3273 1717 3328 1765 et
3359 1711 3603 1780 majores

1954 1777 2186 1832 trahens
2225 1778 2492 1847 spiritus,
2533 1779 2930 1836 vehementius
2976 1781 3034 1835 in
3067 1782 3290 1836 eosdem
3325 1777 3462 1836 suos
3504 1794 3604 1836 er-

1953 1862 2109 1923 rores
2139 1850 2334 1923 cmpit
2359 1850 2715 1923 incumbere.
2752 1869 2792 1923 4»
2847 1852 3085 1907 Aniceto
3111 1851 3318 1908 deinde
3371 1859 3600 1923 regente

1951 1919 2285 1994 Ecclesiam,
2322 1921 2529 1994 iterum
2580 1923 2645 1994 in
2673 1921 2873 1994 Urbem
2909 1923 3261 1994 concessisse
3299 1919 3602 1994 colligitur

1951 2005 2017 2064 ex
2069 1991 2305 2064 historia
2358 1993 2590 2048 Eusebii
2635 1992 2734 2048 lib.
2786 2007 2862 2064 iv,
2915 2007 3038 2062 cap.
3101 1991 3187 2062 44,
3237 1991 3598 2050 conteri-anei

1951 2061 2191 2118 fortasse
2216 2063 2308 2118 sui
2335 2065 2591 2136 animum
2626 2061 3103 2136 indulgentiorem
3140 2078 3199 2121 se
3228 2071 3598 2135 experturum

1955 2148 2322 2204 praesumens.
2367 2134 2570 2190 Verum
2603 2141 2659 2190 et
2699 2134 2873 2206 hujus
2915 2134 3600 2192 constantiam’invictam

1950 2218 2278 2277 expugnare
2309 2205 2545 2261 minime
2579 2205 2787 2274 potuit.
2813 2208 3090 2264 Eusebius
3111 2206 3300 2272 refert,
3329 2221 3426 2277 per
3453 2207 3602 2262 idem

1950 2276 2178 2331 Aniceti
2210 2283 2432 2346 tempus
2453 2278 2683 2332 Romam
2706 2279 2930 2336 venisse
2952 2281 3008 2334 Β.
3037 2276 3405 2348 Polycarpum
3426 2279 3604 2332 Joan-

1952 2349 2047 2403 nis
2085 2347 2445 2418 evangelistae
2488 2349 2830 2418 auditorem,
2876 2351 2930 2406 id
2982 2347 3329 2406 testantibus
3387 2349 3605 2404 litteris

1953 2419 2172 2504 lreuaai,
2190 2419 2274 2504 ob
2300 2420 2677 2504 quaestionem
2712 2422 3062 2504 quamdam,
3088 2435 3212 2504 qum
3238 2422 3309 2477 de
3333 2420 3604 2476 Paschate

1955 2490 2253 2562 inciderat.
2290 2493 2496 2546 Auctor
2515 2490 2784 2546 Chronici
2815 2490 3188 2549 Alexandrini
3220 2505 3433 2548 annum
3467 2503 3610 2562 quo-

1953 2575 2062 2633 que
2094 2561 2312 2616 indicat
2341 2563 2617 2618 adventus
2635 2563 2952 2633 Polycarpi,
2987 2563 3096 2619 sub
3126 2563 3429 2619 consulatu
3460 2561 3606 2617 Ter-

1952 2632 2086 2687 tulli
2117 2638 2174 2687 et
2201 2633 2543 2700 Sacerdotis,
2593 2632 3103 2690 aerm’Christianaa
3158 2633 3278 2691 458.
3335 2633 3484 2703 Quid
3543 2633 3604 2688 in

1949 2703 2098 2776 Urbe
2129 2704 2466 2776 prtestiterit
2495 2719 2596 2776 nos
2648 2704 2812 2760 docet
2856 2705 3087 2776 laudata
3128 2706 3326 2762 lrenaai
3357 2703 3605 2776 epistola

1901 2824 1911 2831 .
1950 2775 2099 2844 apud
2129 2775 2435 2831 Eusebium
2473 2775 2573 2830 lib.
2609 2791 2686 2846 tv,
2714 2790 2835 2847 cap.
2869 2774 2970 2832 43:
3023 2797 3048 2828 α
3095 2777 3341 2843 Aniceti,
3387 2774 3606 2846 inquit,

1953 2847 2309 2920 temporibus
2338 2848 2836 2920 Romamveniens
2875 2847 3265 2920 (Polycarpus)
3295 2847 3606 2920 multosex

1952 2918 2305 2987 supradictis
2345 2919 2632 2975 haereticis
2659 2917 3275 2990 (Marcionis'asseclis)
3299 2919 3367 2974 ad
3402 2917 3604 2990 Eccle-

1952 2990 2098 3044 siam
2126 2989 2224 3044 Dei
2270 2991 2572 3046 revocavit.
2604 3008 2630 3040 υ
2683 2992 2750 3044 Εῑ
2784 2991 2952 3060 paulo
3002 2997 3165 3060 post:
3213 3011 3239 3043 ‹‹
3274 2992 3398 3059 Ipse
3429 2989 3601 3060 etiam

1955 3060 2318 3132 Polycarpus,
2349 3074 2478 3132 cum
2506 3062 2556 3115 ei
2604 3059 2857 3118 Marcibn
2883 3059 3197 3132 aliquando
3227 3059 3600 3129 occurrisset,

1951 3131 2331 3201 dixissetque,
2400 3131 2658 3200 Agnosce
2739 3145 2862 3199 nos,
2941 3131 3309 3201 respondisse
3373 3131 3601 3187 fertur:

1563 3203 1846 3279 ertinace,
1875 3215 1924 3279 α
1956 3203 2212 3279 Agnosco
2253 3208 2305 3256 te
2343 3202 2786 3279 primogenitum
2839 3205 3077 3279 Satanae.
3132 3204 3285 3279 Adeo
3333 3202 3604 3279 religiose

1953 3271 2860 3344 cavebantapostolifeorumque
2903 3275 3208 3343 discipuli,
3252 3288 3318 3330 ne
3363 3271 3605 3344 vel’ser-

1954 3356 2118 3399 mone
2145 3349 2313 3416 tenus
2345 3344 2723 3416 miscerentur
2751 3343 2880 3401 cum
2917 3345 3033 3401 ullo
3057 3344 3414 3416 eorum,rqui
3443 3343 3606 3416 veri-

1953 3421 2123 3470 tatem
2143 3414 2558 3470 adulterabant.
2581 3416 3068 3486 Quemadmodum
3093 3423 3151 3472 et
3172 3414 3384 3472 Paulus
3405 3415 3562 3472 dixit
3590 3431 3602 3468 :

1953 3486 2291 3558 Haereticum
2334 3485 2620 3542 hominem
2674 3493 2801 3558 post
2848 3502 3018 3544 unam
3072 3495 3173 3544 aut
3211 3488 3446 3544 alteram
3492 3486 3605 3542 ad-

1955 3557 2328 3613 monitionem
2354 3557 2564 3627 devita,
2597 3557 2787 3615 sciens
2807 3560 3138 3630 hujusmodi
3169 3560 3456 3616 hominem
3484 3571 3606 3629 per-

1951 3643 2176 3684 versum
2209 3641 2352 3702 esse,
2413 3635 2468 3684 et
2517 3643 2624 3686 suo
2677 3631 2862 3700 ipsius
2887 3632 3114 3702 judicio
3161 3632 3602 3702 condemnatum

1954 3713 2202 3774 peccare.
2233 3701 2513 3774 Hactenus
2533 3703 2801 3770 Irenaeus,
2829 3723 2854 3753 ο
2885 3703 3101 3774 (inquit
3125 3701 3449 3774 Eusebius.)
3480 3702 3608 3774 Haac

1953 3771 2305 3844 testimonia
2335 3771 2576 3844 probant
2634 3779 2845 3844 aperte,
2893 3771 3156 3830 eamdem
3221 3771 3604 3844 constantiam

1954 3842 2134 3899 fuisse
2161 3842 2501 3914 presbyterii
2536 3842 2775 3900 Romani
2819 3850 3055 3900 vacante
3097 3846 3250 3913 sede,
3296 3851 3354 3901 et
3380 3843 3603 3914 Aniceti

1956 3913 2266 3984 pontiﬁcis,
2307 3912 2433 3986 qua:
2465 3915 2578 3971 fuit
2605 3917 2919 3986 Polycarpi,
2948 3918 3085 3973 dum
3115 3912 3515 3973 submoverent
3537 3912 3609 3970 ab

1959 3987 2221 4057 ingressu
2252 3985 2540 4056 Ecclesiae,
2572 3993 2628 4043 et
2653 4001 2684 4043 a
2707 3985 2988 4044 societate
3004 3989 3422 4044 catholicorum
3450 3987 3612 4042 Mar-

1954 4060 2176 4113 cionem
2212 4057 2270 4130 in
2320 4057 2520 4130 haeresi
2556 4073 2659 4115 sua
2693 4061 3060 4130 pertinacem.
3096 4060 3350 4116 lllustris
3376 4069 3609 4130 quoque

1957 4136 2172 4202 martyr
2211 4129 2478 4202 Justinus
2509 4129 2703 4186 Romae
2751 4144 2922 4202 agens
2956 4145 3053 4200 per
3097 4132 3288 4187 eadem
3333 4129 3606 4201 tempora,

1958 4200 2204 4273 Eusebio
2234 4205 2392 4273 tester
2418 4200 2518 4256 lib.
2571 4215 2647 4270 tv,
2680 4200 2810 4273 capi
2841 4201 2926 4268 l6,
2974 4203 3156 4258 libros
3195 4203 3382 4259 edidit
3410 4200 3611 4273 contra

1957 4272 2321 4345 Marcionem,
2347 4271 2416 4327 ab
2456 4275 2664 4329 lraeneo
2695 4271 3120 4330 commendatos
3149 4274 3253 4345 (ibi
3281 4288 3404 4344 cap.
3441 4271 3527 4345 48)
3556 4277 3614 4328 et

1956 4343 2027 4399 ab
2079 4344 2394 4416 Hegesippo
2449 4346 2570 4414 pari
2619 4345 2786 4401 laude
2815 4347 3058 4401 donatos
3101 4343 3251 4416 apud
3297 4343 3608 4401 Eusebium

1956 4383 2394 4484 ἓέρίῖῗὲξῖίἵὶὶἴ
2421 4383 3251 4473 ἦὲἑὲίὸἧῖεἷὲνῖιᾟὲῗῖοῗεῗέ
3285 4383 3611 4471 ἤιᾍὲὄὲὗῶ

1959 4487 2134 4542 sectis
2155 4493 2484 4560 emanantes
2499 4489 3076 4560 perstringit.Contra
3097 4485 3614 4560 eumdemAMarcio—

1962 4572 2086 4614 nem
2117 4559 2352 4614 Rhodon
2382 4561 2516 4614 Asia
2543 4557 2848 4625 oriundus,
2893 4559 2988 4612 sed
3018 4559 3205 4613 Romae
3239 4557 3548 4611 institutus
3579 4566 3611 4608 a

1881 4623 1935 4685 D
1959 4630 2220 4697 Tatiano,
2251 4630 2441 4684 varios
2466 4631 2812 4698 conscripsit
2839 4623 3044 4683 libros
3072 4628 3173 4698 (ait
3201 4626 3482 4682 Eusebius
3509 4641 3613 4698 ca-

1965 4703 2066 4784 pit.
2101 4699 2186 4772 43)
2212 4706 2415 4784 etcum
2451 4697 2988 4771 reliquis’adversus
3010 4699 3319 4754 Marcionis
3344 4697 3606 4754 haeresim

1963 4775 2338 4912 deéiréavééo
2393 4842 2542 4897 inter
2571 4855 2630 4897 se
2681 4841 2864 4907 amice
2902 4840 3255 4897 contulerint
3309 4841 3607 4907 Anicetus,

1943 4921 2016 4970 ‘et
2049 4914 2394 4985 Polycarpus
2420 4913 2490 4968 de
2523 4913 2910 4985 controversia
2937 4913 3093 4985 ritus
3121 4913 3430 4980 Paschalis,
3460 4913 3610 4968 idem

1962 4981 2244 5042 Eusebius
2274 4981 2677 5040 commemorat
2700 4983 2802 5038 lib.
2836 4999 2890 5052 ν,
2912 4997 3036 5053 cap.
3070 4981 3121 5052 4,
3149 4997 3216 5039 ex
3245 4985 3459 5039 litteris
3491 4986 3611 5039 Ire-

1963 5059 2071 5112 naai
2104 5058 2173 5112 ad
2230 5057 2531 5111 Victorem.
2581 5075 2606 5107 α
2648 5055 2788 5110 Cum
2840 5055 3214 5111 beatissimus
3265 5055 3611 5126 Polycarpus

1959 5128 2177 5196 (inquit
2220 5128 2444 5182 Aniceti
2475 5126 2829 5196 temporibus
2856 5128 3087 5182 Romam
3128 5127 3398 5196 venisset,
3439 5133 3612 5197 atque

1965 5201 2117 5255 inter
2144 5211 2240 5254 eos
2279 5199 2349 5254 de
2399 5197 2745 5268 quibusdam
2795 5197 2933 5254 aliis
2987 5197 3157 5255 rebus
3190 5198 3411 5255 modica
3463 5208 3612 5254 esset

1963 5270 2374 5337 controversia,
2394 5271 2589 5325 statim
2619 5275 2817 5326 mutuo
2851 5270 3007 5340 pacis
3027 5269 3226 5326 osculo
3243 5284 3304 5326 se
3329 5268 3610 5339 complexi

1965 5348 2120 5408 sunt,
2151 5343 2222 5398 de
2255 5342 2358 5396 hoc
2377 5341 2566 5410 capite
2603 5354 2714 5412 non
2745 5355 3084 5412 magnopere
3114 5343 3264 5397 inter
3289 5356 3349 5398 se
3385 5347 3612 5398 conten-

1963 5413 2178 5469 dentes.
2219 5434 2244 5465 α
2271 5412 2590 5468 Honoriﬁce
2625 5411 3220 5482 habuit’Polycarpum
3249 5413 3544 5483 Anicetus,
3583 5431 3608 5463 ››

1966 5487 2059 5540 cui
2074 5484 2444 5540 consecrandi
2459 5483 2629 5538 etiam
2648 5497 2858 5540 munus
2876 5485 2933 5540 in
2955 5485 3202 5540 Ecclesia
3220 5484 3454 5540 honoris
3466 5499 3604 5542 cau-

1964 5572 2023 5612 sa
2047 5556 2352 5612 concessit.
2380 5575 2406 5604 ι›
2429 5555 2705 5610 Caeterum
2725 5569 2837 5611 non
2859 5556 3062 5612 omisit
3081 5568 3284 5625 cogere
3300 5557 3577 5626 synodum
3594 5597 3607 5623 ,

1962 5629 2056 5684 cui
2084 5628 2138 5683 S.
2176 5627 2519 5697 Polycarpus
2547 5626 2832 5692 interfuit,
2865 5634 2922 5683 et
2950 5627 3055 5682 alii
3087 5627 3276 5682 decem
3308 5628 3565 5698 episcopi
3594 5645 3608 5696 ;

1961 5701 2011 5756 si
2029 5700 2191 5755 ﬁdem
2205 5699 2700 5770 accommodamus
2724 5698 2920 5755 libello
2942 5698 3237 5770 synodico,
3265 5712 3361 5767 per
3375 5700 3504 5768 Pagi
3517 5713 3608 5754 um

1964 5772 2240 5842 producto
2267 5784 2426 5826 num.
2457 5769 2492 5826 3
2520 5771 2589 5827 ad
2635 5770 2958 5842 Anicetum.
2978 5769 3096 5826 'llla
3120 5770 3375 5842 synodus
3395 5770 3610 5826 deﬁni-

1961 5841 2063 5911 vit,
2101 5863 2126 5896 α
2167 5843 2541 5907 tremendam,
2584 5847 2640 5897 et
2684 5841 2992 5899 salutarem
3022 5843 3089 5898 D.
3121 5841 3196 5898 N.
3231 5843 3365 5898 Jesu
3394 5842 3608 5897 Christi

1962 5915 2286 5988 passionem
2312 5915 2371 5973 in
2395 5918 2596 5973 sancta
2612 5915 2915 5974 Parasceve
2932 5915 3171 5989 mystice
3188 5913 3604 5982 celebrandam,
