4036 6174
383 343 515 421 lett

1595 358 1953 417 ANASTASII
1989 357 2540 416 BIBLIOTHECARII

3643 356 3783 417 4242

380 483 873 542 Resurrectionem
903 486 1095 541 autem
1113 482 1246 540 vitae
1262 482 1539 540 autricem
1573 482 1697 552 ipsa
1727 479 1937 552 celebri
1967 484 2025 552 et
2048 480 2108 542 A
2136 479 2321 535 solum
2344 481 2605 551 exemplo
2633 481 2808 550 Petri,
2839 481 2936 538 sed
2966 481 3139 538 etiam
3186 481 3373 550 Pauli,
3416 481 3785 552 aliorumque

382 570 582 629 magna
597 556 892 629 Dominica
905 569 1029 629 esse
1042 555 1410 629 peragendam
1423 595 1436 608 .
1449 551 1698 629 gyernm
1715 554 1853 629 quia
1868 551 1936 629 _V_.
1959 551 2021 629 C.

382 622 663 683 Henricus
681 627 943 683 Valesius
960 627 1020 682 in
1043 622 1276 681 notisad
1301 639 1422 694 cap.
1444 623 1513 680 23
1537 624 1639 680 lib.
1663 640 1693 678 v
1715 622 2024 679 Eusebiani

379 700 451 755 de
478 705 711 754 auctore
760 698 934 768 hujus
965 697 1147 753 libelli
1173 697 1436 766 synodici
1474 694 1739 768 nonnihil
1769 694 2021 768 dubitat,

380 771 501 826 sive
537 769 814 841 synodum
837 765 1102 840 coegerit
1131 765 1421 841 Anicetus,
1453 768 1572 823 sive
1599 765 1897 841 distulerit
1915 778 2033 841 ex-

382 836 645 911 spectans
695 836 1032 896 consensum
1088 839 1377 909 Polycarpi
1413 845 1711 909 postquam
1745 839 1803 891 in
1832 836 2026 911 Asiam

383 908 671 981 rediisset,
706 918 923 967 certum
954 916 1040 966 est
1067 908 1389 981 AniCetum,
1429 908 1621 980 aperte
1663 908 2028 981 respondisse

385 979 709 1054 Polycarpo,
729 983 1102 1054 ddecessorum
1134 979 1384 1054 suorum
1412 979 1625 1054 morem
1653 979 1921 1054 sibiesse
1947 991 2031 1054 re-

382 1050 701 1110 tinendum.
722 1053 1037 1109 Doduellus
1060 1052 1269 1107 inferre
1291 1059 1549 1119 conatur,
1572 1052 1628 1106 id
1652 1051 1827 1107 moris
1849 1050 2028 1104 insti-

383 1130 569 1181 tutum
592 1137 625 1179 a
645 1125 845 1194 Xysto,
871 1130 1163 1194 propterea
1181 1124 1330 1194 quod
1357 1123 1599 1193 epistola
1623 1123 1816 1178 lrenaai
1838 1120 2024 1176 solum

383 1139 569 1181 tutum
592 1139 625 1179 a
646 1139 845 1250 λὲδιο,
871 1139 1163 1194 propterea
1181 1139 1330 1194 quoa
1357 1139 1599 1193 eptsrom
1623 1139 1816 1178 "enim
1838 1139 2023 1176 sonum

382 1202 653 1251 memoret
737 1195 875 1262 ium,
926 1196 1231 1266 Hyginum,
1282 1194 1721 1266 Telesphorum:
1778 1195 2023 1266 Xystum

290 1292 295 1305 -
383 1266 535 1323 inter
561 1267 887 1323 decessores
904 1264 1153 1335 Aniceti,
1181 1266 1281 1337 qui
1312 1266 1463 1320 diem
1498 1264 1851 1337 Dominicam
1891 1264 2025 1332 jus-

380 1339 561 1394 serint
616 1351 739 1393 esse
786 1337 1135 1403 Paschalem,
1202 1336 1307 1391 nec
1354 1339 1482 1392 suis
1537 1336 1906 1406 permiserint
1959 1339 2025 1406 _u_t

379 1409 552 1465 aliam
600 1408 962 1464 hebdomadas
1004 1406 1204 1463 feriam
1238 1407 1498 1462 Paschati
1538 1403 1909 1462 destinarent.
1940 1403 2026 1460 Ab

380 1479 638 1550 apostolo
664 1480 827 1534 Petro
856 1492 976 1534 eam
1016 1478 1381 1534 traditionem
1402 1484 1737 1548 acceperant
1762 1478 2024 1546 Romani,

376 1549 493 1606 nOn
522 1563 687 1605 secus
706 1557 878 1620 atque
901 1549 1266 1618 Antiocheni,
1298 1556 1353 1605 et
1372 1549 1745 1605 Alexandrini
1774 1551 2027 1618 patriar-

381 1621 585 1677 chatus
638 1620 921 1689 Ecclesiie,
953 1627 1009 1676 et
1057 1620 1321 1682 Ponticae,
1374 1621 1459 1676 uti
1500 1634 1566 1676 ex
1606 1620 1820 1675 litteris
1849 1632 2022 1686 supra

381 1692 652 1748 indicatis
679 1696 920 1747 constat.
954 1694 1012 1745 In
1047 1690 1147 1745 illa
1178 1705 1307 1747 vero
1336 1692 1576 1760 epistola
1606 1691 1802 1746 lrenmi
1833 1703 2023 1746 ascen-

379 1763 512 1819 dere
538 1776 894 1833 nequaquam
925 1761 1127 1818 debuit
1150 1763 1239 1817 vir
1261 1763 1614 1832 apostolicus
1639 1761 2026 1833 enumerando

2136 552 2547 621 apostolorum,
2579 559 2635 608 et
2665 554 2918 608 virorum
2952 552 3281 621 apostolica:
3301 555 3490 609 aetatis
3519 553 3577 608 id
3609 551 3786 607 moris

2137 566 2547 676 agostomrum,
2579 566 2635 608 et
2665 566 2918 608 Vll’Ol‘llm
2952 566 3281 621 apostolica:
3301 566 3490 609 astatis
3519 566 3577 608 ia
3609 566 3785 607 moris

2137 636 2169 679 ο
2217 623 2460 679 tinuisse
2488 624 2807 692 conﬁrmat,
2853 625 3092 693 petitum
3124 637 3155 679 a
3195 626 3498 691 Nazaraais,
3536 629 3605 678 ut
3647 636 3785 677 san—

2137 694 2340 750 ctioris
2382 697 2512 750 vitae
2560 694 2918 766 institutum,
2958 697 3184 766 Deoque
3222 696 3477 751 dicatum
3529 695 3785 766 unicese

2138 765 2428 849 amplexos
2472 766 2868 849 signiﬁcarent
2892 765 3067 849 :_cum
3095 765 3332 849 quo,_et
3357 767 3516 849 aliud
3546 765 3785 849 symbo:

2140 836 2256 892 lum
2287 852 2495 891 coronae
2535 835 2873 906 junxerunt,
2906 835 3218 908 diligenter
3245 835 3600 907 descriptum
3633 835 3781 905 apud

2136 908 2338 963 Bedam
2386 915 2442 963 et
2491 909 2830 979 Gregorium
2883 910 3311 964 Turonensem:
3364 924 3509 979 quos
3547 908 3687 962 vide
3727 908 3782 960 in

2134 979 2299 1034 Notis
2349 978 2653 1035 Altaserric
2702 980 2770 1034 ad
2823 978 2977 1034 hunc
3024 993 3345 1034 numerum.
3386 978 3782 1047 ’Exprimitur

2134 1063 2266 1121 vero
2299 1049 2631 1119 hujusmodi
2663 1057 2901 1106 tonsura
2934 1052 2991 1105 in
3023 1052 3457 1121 antiquissimis
3500 1048 3785 1121 imagini-

2135 1120 2245 1176 bus
2288 1135 2640 1177 summorum
2698 1121 3034 1191 pontiﬁcum
3091 1120 3446 1177 in’basilica
3474 1121 3536 1177 S.
3596 1120 3781 1187 Pauli,

2136 1205 2378 1317 quarum
2430 1194 2713 1262 specimen
2771 1192 2945 1249 habes
3004 1206 3181 1262 supra
3266 1193 3440 1249 initio
3515 1198 3781 1247 notarum

2158 1262 2234 1317 ol.
2270 1261 2318 1317 4.
2355 1264 2588 1317 perinde
2610 1277 2675 1317 ac
2716 1264 2774 1317 in
2804 1265 3050 1317 musivis
3081 1265 3494 1317 vetustissimis
3520 1262 3781 1317 ecclesia-

2158 1261 2234 1318 δι.
2270 1261 2318 1330 4,
2355 1261 2588 1331 perinde
2610 1277 2675 1319 ac
2716 1264 2774 1318 in
2804 1265 3050 1319 musivis
3081 1261 3494 1320 vetustissimis
3520 1262 3788 1318 ecclesia-

2135 1348 2262 1389 rum
2308 1334 2492 1403 Urbis,
2525 1335 2661 1389 etin
2704 1336 2918 1406 cryptis
2974 1343 3322 1406 martyrum:
3382 1335 3538 1391 unde
3599 1335 3784 1404 imago

2133 1406 2434 1476 desumpta
2459 1412 2544 1461 est
2567 1406 2812 1462 ﬁdeliter
2842 1421 2873 1462 a
2902 1407 3181 1462 Severano
3224 1414 3280 1461 et
3317 1406 3610 1476 Aringbio
3640 1418 3785 1474 pon-

2135 1476 2314 1532 tiﬁcis
2342 1491 2568 1533 sacrum
2601 1478 2849 1533 velamen
2886 1478 3139 1546 aptantis
3166 1476 3378 1548 virgini
3405 1479 3521 1532 Deo
3547 1478 3785 1543 devota,

2136 1561 2304 1618 quam
2357 1548 2414 1603 in
2461 1548 2558 1604 Pio
2614 1562 2755 1618 papa
2796 1551 3100 1617 producam
3152 1562 3390 1605 numero
3423 1549 3692 1618 proximo
3731 1549 3787 1602 in

2134 1619 2291 1690 notis
2323 1619 2639 1675 historicis.
2687 1618 3068 1676 Conferantur
3100 1620 3382 1690 imagines
3424 1633 3491 1676 ac
3532 1626 3788 1690 tonsura:

2137 1689 2260 1745 ista:
2307 1703 2435 1760 cum
2500 1692 2709 1746 Isidori
2746 1696 2923 1755 textu,
2988 1704 3086 1760 per
3114 1689 3424 1746 Barbnium
3486 1689 3671 1744 allato
3719 1690 3783 1743 ad

2135 1773 2349 1817 annum
2385 1759 2474 1827 58,
2526 1776 2583 1816 n.
2620 1760 2756 1817 423:
2813 1782 2839 1813 α
2872 1759 3029 1831 Quod
3060 1775 3192 1817 vero
3235 1764 3454 1831 (inquit
3503 1762 3788 1829 Isidorus)

380 1831 792 1910 ultra_:etatem
818 1834 1046 1910 ‘Xysti,_
1073 1834 1302 1903 quando
1350 1834 1666 1910 Polycrates
1713 1831 2027 1910 objiciebat
2064 1853 2108 1910 Β
2135 1832 2373 1910 detonso
2402 1834 2916 1910 superius_ca_pite,
2953 1832 3199 1888 inferius
3215 1834 3427 1910 circuli
3459 1845 3681 1910 corona
3713 1845 3789 1910 r_e-

380 1904 719 1973 permissum
749 1903 927 1960 fuisse
951 1919 983 1959 a
1019 1905 1231 1960 Joanne
1249 1903 1619 1974 evangelista,
1654 1910 1715 1960 ut
1743 1905 1897 1959 Luna
1928 1916 2023 1957 xxv

377 1976 589 2032 Pascha
618 1975 1022 2033 celebraretur.
1067 1978 1206 2030 Nam
1252 1976 1417 2046 Xysti
1462 1976 1786 2032 decessores
1818 1974 2025 2046 memi-

376 2047 531 2118 nisse
581 2053 839 2117 poterant
881 2046 1117 2103 Joannis
1148 2044 1417 2116 apostoli,
1460 2049 1560 2118 qui
1601 2048 1792 2118 Roma:
1834 2044 2020 2101 fuerat

373 2117 482 2174 sub
503 2116 849 2174 Domitiano.
875 2118 1048 2175 Porro
1074 2118 1123 2173 si
1157 2132 1284 2189 qua:
1316 2116 1618 2187 permissio
1646 2116 1760 2173 fuit
1781 2118 2018 2189 Joannis

371 2189 639 2258 apostoli,
673 2201 786 2245 non
825 2189 941 2245 alia
967 2195 1120 2245 certe
1158 2188 1329 2260 quam
1363 2189 1706 2259 temporaria
1736 2188 2018 2260 censenda

371 2266 511 2331 erat,
532 2272 609 2331 ex
648 2260 953 2331 privilegio
983 2258 1261 2330 apostolis
1287 2258 1578 2327 concesso,
1626 2266 1690 2316 ut
1716 2258 2017 2331 diﬁ‘errent

374 2329 664 2401 legalium
685 2329 905 2400 praxim
944 2329 1028 2387 de
1054 2332 1240 2387 medio
1274 2331 1474 2388 tollere
1502 2331 1675 2387 etiam
1708 2337 1835 2401 post
1860 2329 2016 2385 cele—

372 2400 688 2457 brationem
721 2401 958 2457 concilii
983 2402 1347 2467 Antiocheni,
1384 2409 1553 2472 prout
1584 2400 1840 2472 ipsorum
1870 2415 2017 2471 pru-

371 2472 579 2528 dentia:
610 2472 922 2544 videretur,
965 2479 1033 2544 ut
1059 2474 1284 2529 Judteos
1329 2472 1732 2529 lucrifacerent
1763 2492 1775 2528 :
1810 2485 2017 2544 quem-

371 2544 678 2599 admodum
733 2542 905 2600 Paulo
962 2543 1134 2600 licuit
1178 2545 1591 2601 circumcidere
1654 2542 2014 2599 Timotheum

371 2614 563 2685 eadem
593 2615 663 2685 de
688 2628 884 2671 causa.
914 2614 1101 2685 Quare
1138 2629 1268 2670 cum
1304 2619 1547 2672 tremens
1578 2616 1813 2681 videret,
1837 2628 2015 2683 expe-

371 2684 551 2757 ditam
591 2684 715 2757 fore
734 2687 1122 2754 exceptionem
1169 2687 1417 2743 Victoris
1444 2700 1610 2757 quem
1642 2688 1881 2741 suadere
1910 2698 2006 2740 co-

374 2754 637 2823 nabatur,
656 2756 725 2811 ad
750 2757 1109 2811 tolerantiam
1132 2757 1355 2812 Asiana:
1379 2754 1818 2813 consuetudinis
1837 2769 2016 2811 exem-

373 2825 468 2898 plo
509 2827 892 2896 decessorum,
927 2827 975 2882 si
1032 2840 1127 2883 eos
1179 2840 1407 2898 quoque
1457 2833 1861 2897 enumerasset,
1914 2827 2013 2897 qui

370 2897 588 2953 vidisse
631 2904 892 2969 poterant
939 2897 1212 2954 Joannem
1271 2897 1591 2969 apostolum
1649 2900 1728 2954 ita
1772 2901 2016 2968 permit-

372 2975 601 3038 tentem,
649 2971 933 3027 recensuit
987 2973 1381 3028 tantummodo
1428 2973 1691 3040 Xystum,
1741 2977 1796 3026 et
1838 2971 1909 3025 ab
1949 2984 2014 3027 eo

370 3048 708 3098 consecutos
752 3041 1084 3112 pontiﬁces:
1134 3057 1378 3112 quorum
1418 3042 1740 3110 exemplum
1785 3043 2011 3099 retundi

371 3126 483 3187 non
523 3120 744 3187 poterat
771 3114 1088 3184 apostolico
1134 3114 1438 3187 privilegio
1475 3120 1848 3187 temporanea:
1883 3127 2016 3187 per-

2137 1902 2466 1976 linquitur,
2497 1905 2882 1959 sacerdotium
2918 1917 3272 1976 regnumque
3300 1904 3581 1959 Ecclesiae
3616 1904 3676 1957 in
3703 1904 3784 1957 eis

2132 1975 2407 2046 existimo
2441 1974 2698 2046 ﬁgurari.
2729 1977 2897 2030 Tiara
2928 1974 3081 2030 enim
3112 1976 3264 2044 apud
3297 1983 3517 2046 veteres
3562 1977 3787 2029 consti-

2133 2043 2403 2116 tuebatur
2444 2043 2506 2101 iii
2538 2047 2725 2116 capite
2766 2043 3308 2102 sacerdotumillaec
3338 2060 3404 2101 ex
3438 2045 3619 2116 bysso
3646 2058 3789 2101 cou-

2130 2114 2275 2187 fecta
2308 2118 2551 2173 rotunda
2579 2114 2700 2173 erat
2749 2119 2914 2187 quasi
2955 2119 3178 2186 sphaera
3210 2117 3436 2184 media;
3471 2114 3530 2172 et
3567 2117 3675 2170 hoc
3704 2117 3789 2171 si-

2128 2186 2511 2313 gniﬁcabatur
2557 2189 2614 2242 in
2662 2186 2820 2259 parte
2867 2189 3079 2259 capitis
3107 2189 3309 2256 tonsi;
3349 2200 3569 2244 corona
3597 2194 3783 2242 autem

2152 2258 2377 2313 atitudo
2406 2259 2568 2313 aurei
2600 2259 2808 2313 circuli
2841 2266 2946 2313 est.
2977 2273 3104 2313 nua:
3130 2272 3327 2313 regum
3351 2260 3549 2313 capita
3580 2259 3783 2313 cingit.

2152 2258 2377 2314 atitudo
2406 2259 2568 2315 aurei
2600 2259 2808 2316 circuli
2841 2258 2949 2326 est,
2977 2273 3104 2329 qua:
3130 2272 3327 2330 regum
3351 2260 3549 2327 capita
3580 2259 3783 2329 cingit.

2127 2329 2442 2399 Utrumque
2468 2331 2669 2403 itaque
2687 2344 2916 2403 Signum
2942 2331 3292 2403 exprimitur
3323 2331 3381 2385 in
3405 2331 3791 2403 capitecleri-

2125 2413 2344 2464 corum,
2374 2407 2435 2455 ut
2465 2401 2773 2470 impleatur
2800 2404 3062 2471 corporis
3082 2401 3255 2456 etiam
3286 2401 3539 2471 quadam
3564 2402 3787 2456 simili-

2127 2471 2329 2527 tudine
2342 2472 2492 2541 quod
2507 2472 2788 2542 scriptum
2802 2481 2909 2543 est,
2928 2475 3087 2528 Petro
3108 2473 3373 2541 apostolo
3391 2474 3778 2541 praedocente:

2133 2545 2237 2597 Vos
2260 2545 2386 2596 estis
2405 2558 2575 2608 genus
2618 2551 2885 2610 sanctum,
2939 2545 3121 2611 regale
3145 2543 3514 2598 sacerdotium
3547 2543 3602 2612 (Ι
3644 2545 3779 2597 Petr.

2076 2621 2089 2630 '
2127 2626 2189 2682 it,
2221 2612 2291 2683 9).
2321 2613 2614 2683 Quaeritur
2632 2622 2847 2680 autem,
2876 2630 2983 2671 cur
3006 2617 3162 2670 sicut
3183 2614 3331 2683 apud
3354 2615 3644 2684 antiquos
3672 2616 3785 2669 Na-

2125 2698 2356 2746 zaraios,
2402 2698 2515 2741 non
2545 2692 2677 2742 ante
2715 2700 2875 2742 coma
2923 2687 3204 2751 nutritur,
3239 2689 3293 2740 et
3337 2686 3426 2741 sic
3452 2686 3786 2743 tondetur?

2122 2756 2226 2810 Sed
2260 2757 2359 2826 qui
2387 2755 2503 2811 haec
2520 2758 2854 2827 exquirunt,
2875 2758 3334 2813 animadvertant
3360 2757 3501 2827 quid
3526 2760 3613 2814 sit
3641 2759 3789 2813 inter

2128 2827 2272 2902 illud
2304 2827 2698 2902 propheticum
2721 2829 3122 2898 velamentum,
3145 2830 3367 2902 ethanc
3392 2830 3784 2902 evangelicam

2125 2899 2548 2971 revelationem,
2580 2900 2650 2954 de
2680 2914 2792 2971 qua
2823 2902 2967 2956 dicit
2994 2901 3338 2970 Apostolus:
3374 2904 3508 2958 Cum
3550 2899 3790 2955 transie-

2122 2973 2269 3043 ritis
2296 2970 2715 3043 adﬂhristum,
2761 2975 3049 3041 auferetur
3090 2976 3352 3028 velamen.
3383 2974 3548 3043 Quod
3597 2983 3786 3032 autem

2123 3041 2490 3113 signiﬁcabat
2546 3042 2796 3098 velamen
2875 3044 3279 3114 interpositum
3356 3041 3511 3101 inter
3580 3046 3785 3102 faciem

2123 3114 2324 3189 liloysi,
2366 3120 2421 3169 et
2450 3120 2740 3189 aspectum
2765 3115 3016 3171 ﬁliorum
3046 3117 3238 3184 Israel,
3273 3118 3380 3173 hoc
3412 3119 3792 3189 signiﬁcabat

373 3185 670 3274 missionis
692 3184 1494 3274 J‘oannis‘eva‘ngelistiaagame
1523 3186 2017 3274 )Jiysti‘pontiﬁca-
2045 3213 2090 3274 Ο
2128 3185 2251 3274 illis
2299 3184 2653 3253 temporibus
2680 3199 2859 3274 coma.
2883 3193 3234 3274 sanctorum.
3268 3190 3403 3244 Nam
3437 3184 3509 3272 et.
3530 3194 3791 3274 Aposto-

372 3256 624 3325 tumjam
654 3258 767 3313 vita
796 3255 1000 3313 functi.
1020 3255 1227 3312 Contra
1261 3257 1591 3326 hujusmodi
1621 3257 2012 3312 inductionem

368 3328 539 3383 etiam
570 3328 723 3384 intra
759 3335 982 3398 tempus
1025 3328 1212 3399 Xysti,
1245 3335 1301 3383 et
1330 3341 1727 3385 successorum
1758 3329 2013 3384 validius

370 3405 713 3455 coarctatam
742 3399 812 3455 ab
841 3402 1071 3467 Irenzeo,
1106 3400 1297 3455 Victor
1333 3414 1462 3456 cum
1509 3401 1763 3466 Aniceto,
1794 3401 2014 3455 similia

373 3477 677 3539 reponente
705 3471 970 3540 precibus
1001 3470 1316 3541 Polycarpi,
1365 3472 1617 3527 ostendit
1664 3472 2011 3526 contrariam

371 3542 846 3598 consuetudinem
889 3542 960 3597 ab
1012 3542 1215 3597 iisdem
1264 3542 1659 3598 decessoribus
1706 3543 1832 3597 suis
1873 3557 2018 3597 con-

371 3620 589 3671 stanter
624 3614 997 3683 observatam,
1030 3626 1062 3667 a
1093 3626 1152 3668 se
1182 3626 1410 3684 quoque
1450 3613 1694 3669 ﬁrmiter
1722 3627 1846 3670 esse
1875 3615 2018 3670 reti-

374 3687 638 3755 nendam,
691 3687 931 3756 ejusque
974 3684 1396 3741 observantiam
1427 3698 1460 3740 a
1504 3685 1728 3740 caeteris
1770 3686 2016 3756 exigen-

372 3758 522 3824 dam,
557 3758 656 3829 qui
694 3758 933 3813 Joannis
964 3756 1291 3829 privilegio,
1312 3757 1598 3829 apostolis
1625 3762 1843 3811 tantum
1871 3770 2014 3813 con-

372 3843 551 3896 cesso,
576 3827 708 3884 'non
750 3832 936 3884 essent
989 3827 1233 3897 praediti.
1287 3828 1399 3882 Hoc
1441 3828 1605 3897 plane
1653 3841 1825 3883 sensu
1857 3830 2018 3883 acci-

374 3900 579 3981 pienda
617 3912 760 3981 esse,
798 3912 927 3981 quae.
950 3899 1320 3981 continentur
1367 3898 1425 3952 in
1474 3899 1767 3981 synodicis
1810 3899 2021 3981 litteris

372 3970 593 4039 lrenaei,
621 3974 677 4025 et
716 3969 1051 4025 indicantur
1094 3970 1164 4025 de
1190 3982 1411 4024 summa
1435 3977 1722 4039 gestorum
1757 3984 1787 4024 a
1822 3972 2021 4039 ponti—

374 4040 582 4098 ﬁcibus
613 4040 961 4103 memoratis,
990 4040 1331 4111 jampridem
1364 4040 1510 4095 vidit
1550 4053 1679 4096 cum
1725 4042 1869 4096 Beda
1910 4043 2023 4098 Ve-

374 4111 626 4184 nerabili
662 4111 814 4184 V.C.
854 4110 1175 4184 Ludovicus
1220 4110 1343 4166 Bail
1371 4111 1571 4184 doctor
1611 4112 1929 4184 theologus,
1955 4126 2020 4168 ac

374 4182 1332 4253 prOpmnitentiariusParisiensis
1378 4182 1436 4237 in
1482 4196 1704 4239 summa
1730 4182 2024 4239 concilio-

374 4252 500 4311 rum
529 4260 681 4309 tomo
704 4254 775 4321 II,
804 4267 928 4324 pag.
955 4252 1009 4319 5,
1031 4255 1100 4309 ad
1132 4255 1284 4309 hunc
1305 4253 1491 4308 locum
1514 4256 1589 4309 ita
1624 4255 2015 4323 perscribens:

377 4346 405 4378 «ι
443 4327 505 4380 In
538 4324 643 4396 hac
668 4338 728 4379 re
755 4324 1103 4394 Polycratem
1130 4337 1241 4379 non
1272 4337 1482 4385 moror.
1523 4327 1623 4395 qui
1658 4326 1853 4381 studio
1882 4340 2021 4396 par-

376 4397 519 4453 tium
558 4395 922 4465 laboraverit,
963 4402 1019 4452 et
1057 4409 1186 4452 cum
1219 4396 1433 4451 Judaeis
1462 4398 1519 4449 in
1554 4396 1821 4452 Paschate
1864 4395 2022 4454 cele-

373 4467 594 4524 brando
643 4467 1077 4537 conspiraverit,
1134 4473 1331 4522 contra
1386 4468 1757 4522 monitionem
1807 4470 2017 4525 summi

374 4540 623 4611 pastoris
669 4540 954 4611 Ecclesiae,
1010 4539 1107 4596 cui
1164 4537 1397 4611 obedire
1444 4538 1666 4611 debuit.
1727 4541 1835 4595 Nec
1866 4555 2016 4611 eum

372 4610 607 4669 excusat
634 4610 954 4680 exemplum
984 4612 1057 4666 D.
1092 4610 1351 4680 Joannis,
1383 4610 1533 4679 quod

373 4683 496 4739 bat.
556 4682 658 4739 Ille
700 4683 876 4755 enim,
912 4688 975 4739 ut
1003 4682 1088 4755 ait
1128 4682 1274 4738 Beda
1327 4680 1430 4737 lib.
1456 4694 1543 4755 _m
1591 4680 1736 4738 Hist.
1768 4697 1891 4753 cap.
1925 4683 2015 4755 25,

373 4754 680 4811 celebravit
710 4754 919 4809 Pascha
945 4754 1166 4810 decima
1197 4759 1399 4823 quarta
1439 4753 1557 4818 die,
1603 4760 1667 4809 ut
1692 4768 1752 4810 se
1786 4756 1843 4810 in
1896 4753 2018 4813 illis

376 4826 569 4882 initiis
616 4826 1069 4882 accommodaret
1113 4825 1328 4880 Judaeis
1382 4825 1451 4879 ad
1488 4824 1652 4880 ﬁdem
1701 4829 2015 4898 conversis,

372 4898 530 4954 sicut
562 4904 787 4967 propter
813 4898 1062 4953 eamdem
1093 4909 1322 4951 causam
1351 4898 1564 4952 Paulus
1592 4898 1888 4966 apostolus
1916 4901 2020 4955 Ti-

374 4969 660 5026 motheum
694 4969 1023 5038 episcopum
1073 4968 1462 5024 circumcidit.
1513 4969 1774 5024 Attamen
1810 4970 1873 5024 D.
1914 4972 2020 5027 Pe-

371 5048 497 5099 trus
528 5042 717 5097 Roma:
748 5039 1024 5103 instituit,
1073 5046 1134 5096 ut
1173 5040 1384 5094 Pascha
1411 5039 1505 5094 die
1535 5040 1836 5096 Dominico
1863 5041 2020 5098 cele-

371 5113 655 5177 braretur,
683 5113 852 5181 cujus
884 5111 1182 5167 institutio
1210 5111 1378 5167 debet
1406 5111 1728 5179 praevalere.
1760 5130 1787 5162 υ

443 5185 615 5241 Linea
639 5181 692 5241 3.
719 5185 913 5238 —Hic
936 5185 1235 5245 constituit,
1265 5189 1326 5235 ut
1350 5184 1523 5237 clerus
1543 5198 1747 5238 comam
1771 5199 1880 5238 non
1905 5199 2021 5238 nu-

372 5258 529 5311 triret
562 5255 860 5312 secundum
894 5260 1231 5324 praceptum
1267 5254 1536 5323 Apostoli.
1584 5255 1708 5310 Duo
1735 5254 1830 5310 hic
1858 5254 2021 5310 aﬁir-

376 5333 624 5384 mantur.
657 5328 908 5383 Primum
954 5330 1041 5381 est
1079 5324 1422 5381 constitutio
1449 5324 1697 5388 Aniceti,
1729 5340 1798 5381 ne
1827 5326 2018 5384 clerus

374 5411 587 5456 comam
622 5400 910 5466 nutriret;
945 5397 1188 5453 alterum
1221 5403 1305 5453 est
1347 5403 1690 5466 praeceptum
1732 5397 2013 5467 Apostoli,

378 5468 809 5552 idemjubentis.
827 5471 1081 5552 Primum
1106 5468 1253 5524 illud
1267 5468 1834 5595 apéiaretabauctore
1857 5469 2014 5526 Libri

378 5540 727 5595 Pontiﬁcalts
760 5547 999 5595 uetitum
1041 5553 1108 5595 ex
1153 5553 1323 5595 secun
1371 5554 1403 5595 ο
1451 5539 1728 5595 catalogo.
1755 5539 2008 5595 Alterum

375 5539 727 5596 Pontiﬁcalis
760 5543 999 5610 petitum
1041 5553 1108 5595 ex
1153 5539 1403 5595 secundo
1451 5539 1728 5610 catalogo.
1755 5539 2008 5598 Alterum

374 5623 506 5666 vero
529 5612 600 5667 de
627 5618 904 5682 praecepto
928 5610 1186 5682 Apostoli
1232 5612 1382 5667 unde
1421 5610 1701 5681 hauserit,
1735 5613 2018 5682 quaestio-

374 5694 502 5736 nem
536 5687 748 5753 movet._
772 5682 1090 5753 Utrumque
1121 5687 1415 5753 assertum
1450 5682 1691 5737 miriﬁce
1724 5683 2020 5740 illustrant

375 5765 439 5807 ea
470 5764 598 5820 qua:
621 5751 784 5824 card.
820 5751 1099 5824 Baronius
1122 5754 1285 5824 docte
1309 5752 1542 5824 collegit
1560 5767 1629 5808 ex
1657 5754 1922 5811 Patribus
1947 5757 2017 5813 ad

375 5817 591 5896 ann'_u_t_n
622 5818 839 5872 Christi
858 5817 948 5896 58,
981 5835 1116 5896 num
1151 5817 1498 5895 l22etseqq.
1528 5842 1543 5894 ;
1579 5825 1862 5896 praecipue
1886 5841 2018 5885 vero

376 5905 446 5951 ex
494 5891 863 5960 Hieronymo,
918 5890 1160 5965 Isidoro,
1186 5903 1241 5955 et
1269 5890 1875 5969 Germano.'CP.,'ubi
1904 5913 2019 5958 non

2128 3256 2219 3312 lus
2258 3269 2476 3312 comam
2527 3269 2627 3325 pro
2657 3257 2938 3331 velamine
2984 3260 3132 3315 dicit
3174 3274 3330 3316 esse:
3386 3256 3641 3329 proinde
3672 3265 3789 3331 jam

2128 3342 2239 3403 non
2267 3333 2510 3403 oportet,
2553 3337 2618 3383 ut
2648 3328 2907 3384 velentur
2935 3331 3203 3403 crinibus
3229 3328 3420 3403 capita
3450 3328 3787 3403 eorum'qui

2125 3399 2366 3473 Domino
2414 3409 2845 3473 consecrantur,
2894 3402 2989 3456 sed
3044 3408 3266 3458 tantum
3299 3399 3371 3458 'ut
3432 3399 3789 3473 revelantur,

2129 3470 2454 3546 quia_qn0_d
2485 3475 2608 3525 erat
2625 3471 2926 3546 occultum
2958 3473 3017 3528 in
3051 3482 3408 3530 sacramento
3442 3470 3792 3546 prophetiae,

2122 3542 2341 3669 ⁸ἓῖιῡηιυὶιι
2394 3541 2702 3612 Evangelio
2750 3542 3106 3601 declaratum
3135 3554 3240 3602 est.
3272 3564 3297 3596 ι
3345 3541 3648 3603 Hactenus
3679 3550 3793 3604 lsi-

2207 3628 2232 3668 r
2279 3627 2326 3668 s.

2167 3626 2326 3669 Ol'llS.

2196 3683 2802 3763 Isidori_t_estimoniq
2833 3688 3216 3763 consentiunt
3245 3702 3306 3744 ea
3340 3704 3470 3760 qua:
3514 3695 3794 3763 superius

2127 3755 2299 3828 attuli
2330 3755 2389 3810 in
2418 3755 2560 3812 Lino
2590 3769 2747 3811 num.
2769 3755 2824 3828 2,
2848 3760 3149 3815 occasione
3185 3755 3411 3817 decreta
3433 3763 3506 3818 de
3546 3755 3790 3820 vetando

2130 3827 2438 3905 mulierum
2485 3828 2680 3905 capite
2720 3829 2777 3905 in
2820 3829 3082 3905 ecclesia,
3117 3831 3189 3886 ab
3235 3834 3519 3902 apostolis
3579 3840 3794 3905 pariter

2133 3897 2394 3970 profecti,
2448 3902 2509 3953 ut
2537 3899 2796 3968 epistola:
2841 3901 3001 3956 Pauli
3033 3897 3452 3967 demonstrant,
3500 3897 3594 3961 ad'
3628 3909 3794 3964 indi-

2130 3971 2367 4026 candam
2408 3971 2733 4026 earumdem
2764 3971 3157 4029 exclusionem
3184 3987 3217 4029 a
3257 3978 3591 4034 sacerdotio
3616 3981 3793 4035 Chri-

2131 4044 2352 4097 stiano:
2388 4040 2535 4111 quod
2567 4042 2712 4098 viris
2756 4046 3152 4102 tantummodo
3183 4056 3537 4104 reservatum
3597 4050 3716 4106 fuit
3760 4064 3795 4104 a

2129 4113 2358 4168 Christo
2419 4114 2677 4180 Domino,
2732 4114 3021 4171 scribente
3081 4118 3354 4185 Apostolo
3428 4123 3457 4175 I
3507 4123 3585 4177 ad
3654 4123 3789 4177 Cor.

2130 4198 2253 4251 cap.
2306 4197 2402 4258 ιιι-ε
2440 4184 2586 4258 Ανοιο
2651 4190 2832 4239 autem
2885 4201 2977 4240 vos
3031 4184 3188 4255 scire,
3242 4191 3389 4258 quod
3442 4196 3627 4248 omnis
3680 4196 3794 4247 viri

2130 4259 2294 4324 caput
2308 4256 2568 4334 ghristus
2606 4261 2729 4323 est;
2758 4262 2921 4334 caput
2948 4264 3130 4334 autem
3168 4256 3416 4316 mulieris
3458 4266 3549 4317 vir
3570 4283 3589 4318 :
3622 4270 3793 4334 caput

2129 4342 2269 4405 vero
2299 4326 2502 4405 Christi
2529 4329 2691 4405 I_)eus.
2750 4327 2933 4383 Omnis
2970 4333 3059 4383 vir
3086 4346 3270 4405 orans,
3304 4338 3403 4387 aut
3444 4326 3789 4405 prapheti'ms

2129 4398 2303 4453 velato
2328 4399 2501 4466 capite
2530 4399 2786 4469 deturpat
2832 4406 2994 4471 caput
3022 4416 3200 4456 suum.
3231 4404 3417 4459 Omnis
3444 4398 3632 4461 autZ’m
3659 4425 3793 4461 mu-

2130 4471 2230 4524 lier
2251 4485 2434 4548 orans,
2468 4471 2919 4548 autnprophetans
2963 4488 3073 4527 non
3117 4475 3293 4529 velato
3322 4480 3503 4548 capite
3528 4478 3795 4548 detur-pa:

2131 4546 2292 4611 caput
2316 4556 2517 4621 __suu_m.
2552 4542 2762 4621 Caetera
2794 4558 2920 4613 quae
2950 4552 3277 4621 sequuntur
3303 4542 3653 4621 ab'lsidoro
3672 4542 3791 4621 jam

1625 4624 1685 4688 _r_o
1703 4625 1775 4688 se
1814 4610 2023 4688 aﬁ‘ere‘-
2049 4603 2104 4665 D
2132 4603 2393 4688 exposita
2421 4613 2490 4668 de
2512 4603 2862 4688 capillorum
2902 4603 3237 4688 velamento,
3272 4619 3470 4674 eadem
3498 4603 3793 4678 deca'usia

2132 4684 2365 4762 {caninis
2389 4686 2693 4762 attributa,
2726 4691 2783 4762 et
2817 4687 2887 4742 de
2915 4689 3154 4758 mystico
3183 4684 3352 4762 signo
3382 4693 3643 4748 rationis
3667 4694 3796 4748 cri-

2131 4757 2293 4812 nium
2331 4757 2389 4810 in
2418 4756 2607 4825 capite
2635 4756 3000 4823 clericorum,
3033 4772 3101 4814 ex
3128 4756 3447 4829 apostolica
3471 4766 3796 4820 traditione

2130 4831 2352 4903 servato
2375 4840 2460 4903 ac
2474 4829 2770 4903 servando,
2800 4829 3087 4903 cohaerent
3115 4846 3244 4888 cum
3274 4840 3525 4903 utroque
3564 4837 3797 4891 decreto

2132 4900 2258 4973 Lini
2282 4898 2580 4973 et_Aniceti
2611 4900 2811 4955 innixo
2834 4901 3173 4969 apostolicis
3192 4898 3505 4973 institutis,
3526 4921 3599 4962 ac
3619 4907 3797 4962 disci-

2131 4971 2855 5047 plinte_Pe_tri_auctoritate
2883 4974 3132 5047 vigentis
3163 4975 3221 5029 in
3256 4971 3507 5032 Romana
3540 4992 3797 5047 praeser-

2129 5040 2233 5098 tim
2267 5040 2579 5120 Ecclesia:
2610 5049 2667 5096 et
2709 5040 3038 5120 ostendunt,
3070 5045 3362 5120 bisetiam
3394 5040 3637 5117 ritibus,
3690 5049 3796 5120 qui

2133 5113 2452 5183 respiciunt
2493 5118 2791 5186 externum
2837 5115 3079 5186 cultum,
3147 5118 3205 5172 in
3263 5126 3472 5175 exortu
3516 5113 3798 5177 Ecclesiae

2129 5186 2310 5259 fuisse
2340 5184 3012 5259 consultumapostolica
3041 5184 3423 5259 providentia,
3465 5204 3602 5248 cum
3638 5196 3798 5249 Pau—

2129 5257 2221 5331 lus
2250 5256 2307 5310 in
2351 5254 2839 5331 eademepistola
2887 5271 3011 5331 cap.
3042 5254 3147 5325 14,
3189 5254 3492 5331 postquam
3544 5266 3799 5321 manda-

2126 5329 2211 5383 vit
2237 5334 2355 5403 tum
2381 5327 2452 5403 de
2493 5327 2810 5403 velamento
2838 5341 2908 5403 ac
2934 5329 3168 5386 silentio
3189 5327 3547 5403 'mulierum,
3580 5350 3652 5391 ne
3676 5337 3802 5392 do-

2125 5406 2288 5456 ceant
2321 5397 2377 5452 in
2410 5398 2686 5475 Ecclesia,
2730 5406 2847 5475 tum
2876 5400 2947 5456 de
2992 5415 3228 5459 numero
3263 5416 3463 5461 eorum
3495 5397 3599 5475 qui
3633 5407 3789 5471 lege-

2129 5477 2328 5546 rentur
2366 5470 2435 5525 ad
2459 5470 2924 5546 prophetandum
2954 5478 3014 5528 et
3057 5470 3581 5544 interpretandum.
3616 5470 3801 5546 caput

2126 5541 2365 5608 claudit,
2416 5539 2705 5597 aﬂirmans
2734 5550 2789 5598 et
2821 5556 3076 5610 monens,
3106 5539 3325 5601 Domini
3353 5562 3467 5601 esse
3494 5539 3799 5612 "mndata,

2126 5615 2414 5688 omniaque
2466 5613 2787 5688 honeste,_et
2833 5617 3130 5688 secundum
3177 5618 3424 5673 ordinem
3470 5623 3596 5688 ﬁeri
3635 5635 3801 5688 apor-

2128 5692 2254 5759 tere.
2278 5685 2466 5754 Quare
2493 5691 2549 5759 et
2582 5687 2640 5741 in
2676 5686 2894 5759 rituum
2920 5686 3166 5759 istorum
3196 5685 3480 5759 praecepto
3511 5706 3622 5747 non
3665 5685 3802 5747 du-

2126 5756 2275 5812 bitat
2323 5756 2725 5832 auctoritatem
2768 5758 3020 5829 Domini,
3051 5756 3260 5816 nedum
3310 5756 3474 5817 suam
3521 5764 3802 5832 interpo-

2127 5841 2289 5909 nere:
2342 5834 2405 5909 ut
2439 5827 2600 5909 plane
2630 5834 2894 5909 constare
2927 5827 3124 5909 poSsit,
3172 5846 3279 5888 cur
3308 5834 3482 5909 etiam
3516 5835 3612 5909 his
3637 5827 3800 5888 con-

2127 5898 2424 5958 ﬁrmandis
2470 5899 2650 5957 Linus
2711 5908 2770 5958 et
2831 5898 3106 5961 Anicetus
3181 5905 3481 5975 pontiﬁcia
3552 5907 3797 5964 decreta
