4036 6174
256 343 392 402 4247

1192 345 1507 403 HISTORIA
1553 344 1642 400 DE
1690 344 1864 402 VlTlS
1906 341 2079 400 ROM.
2120 341 2324 399 PONT.
2355 370 2425 380 —
2450 341 2507 397 S.
2537 342 2707 398 PlUS.

3516 345 3658 406 4248

249 469 594 542 Antoninum
639 471 689 523 et
717 467 1060 524 Commodum
1111 469 1322 542 legeret
1353 471 1639 542 indicatos
1682 469 1740 524 in
1793 468 1902 523 ﬁne
1925 467 1981 528 A
2010 480 2051 542 a_
2076 465 2185 521 ﬁne
2214 464 2544 542 Telesphori
2576 467 2645 542 ad
2680 467 2917 542 initium
2939 467 3164 542 Callisti
3190 470 3542 541 interceptis,
3559 472 3651 528 vi-

254 537 494 610 lacuna,
533 540 588 593 in
638 554 748 610 qua
779 542 1057 596 orcultari
1095 537 1204 596 non
1249 541 1577 597 advertebat
1628 553 1739 596 una
1770 553 1898 595 cum

253 609 363 664 ﬁne
397 609 679 678 periocha
704 614 922 668 Soteris
948 613 1118 667 etiam
1152 626 1374 680 nomen,
1404 627 1469 668 ac
1511 613 1658 668 duos
1684 613 1903 681 priores

257 695 452 754 versus
515 683 794 751 periocha
849 684 1166 752 Eleutheri,
1215 685 1315 754 qui
1367 685 1551 740 Soteri
1599 683 1897 752 successit,

254 751 429 824 hujus
451 755 746 810 consules.
768 795 783 809 .
806 796 817 808 .
842 796 854 808 .
886 771 1090 822 verum,
1126 751 1175 810 et
1209 751 1610 811 Herennianum
1658 755 1682 824 (
1686 756 1790 810 hoc
1815 759 1902 810 est

252 823 528 896 Severum,
576 831 625 879 et
673 828 1101 893 Herennianum,
1157 827 1300 882 male
1343 827 1413 882 ab
1467 828 1592 896 ipso
1646 823 1900 882 redditos

258 895 478 968 Verum,
522 899 572 949 et
599 899 1024 968 Herennianum)
1046 899 1245 966 junxit
1292 899 1472 968 priori
1495 895 1656 968 ’parti
1688 910 1902 967 prace—

251 965 444 1039 dentis
482 968 766 1036 periocha
813 965 1059 1039 Soteris,’
1086 973 1249 1039 quasi
1286 965 1444 1025 nulla
1475 965 1903 1024 lacuna‘inter—

253 1035 752 1105 fuisset,’etannos
771 1039 936 1095 illius
950 1038 984 1094 9
1001 1035 1120 1096 a'se'
1132 1046 1281 1096 recte
1299 1047 1646 1107 numeratos,
1673 1041 1768 1095 ind
1781 1042 1902 1094 ica-

253 1109 336 1163 vit
368 1121 470 1181 per
497 1111 657 1178 paria
687 1112 1013 1181 consulum,
1059 1113 1228 1168 annis
1273 1109 1340 1167 45
1369 1113 1518 1167 inter
1561 1126 1620 1167 se
1670 1112 1899 1178 dissita,

255 1186 393 1256 qu_ot
415 1180 721 1256 Eieuthero
746 1180 1124 1256 contigerant,
1149 1183 1244 1238 cui
1272 1184 1408 1238 anni
1436 1181 1502 1238 45
1522 1183 1743 1256 illique
1759 1196 1905 1256 c_o_n_-7

253 1250 410 1324 sules
439 1250 815 1321 debebantur,
844 1270 877 1307 a
896 1250 1086 1308 Severo
1111 1250 1161 1309 et
1183 1257 1491 1308 Hereniano
1511 1250 1747 1321 (Chr—isti
1781 1250 1904 1324 474)

254 1322 329 1375 ad
362 1324 675 1396 Maternum
705 1329 755 1377 et
809 1325 1087 1379 Braduam
1129 1325 1364 1396 (Christi
1423 1323 1543 1394 485)
1599 1326 1710 1394 ipsi
1761 1322 1904 1396 male

254 1394 590 1467 enuntiatus
632 1395 928 1467 Paternum
970 1401 1020 1450 et
1064 1394 1364 1467 Braduam,
1406 1396 1674 1467 Scripsit_
1697 1395 1901 1467 igitur,

254 1463 622 1521 dissimulata
654 1465 892 1522 lacuna:
946 1467 1100 1521 Soter
1152 1471 1313 1522 annis
1339 1465 1390 1533 9,
1426 1463 1596 1521 mens.
1647 1465 1698 1533 3,
1726 1463 1788 1520 ἱι.
1846 1463 1898 1520 2.

254 1535 380 1588 Fuit
433 1537 762 1606 temporibus
813 1539 1085 1592 Antonini
1130 1544 1180 1592 et
1229 1539 1500 1593 Commodi
1547 1554 1580 1591 α
1615 1539 1903 1592 consulatu

261 1607 391 1677 Veri
437 1614 488 1661 et
544 1609 853 1662 Erenniani
889 1625 1060 1677 usque
1106 1611 1333 1663 Paterno
1382 1615 1432 1663 et
1473 1609 1729 1676 Bradua;
1772 1623 1902 1663 cum

257 1676 509 1750 scribere
537 1679 858 1735 debuisset:
911 1676 1071 1736 Soter
1094 1681 1265 1736 annis
1293 1680 1348 1748 9,
1385 1694 1559 1735 mens.
1601 1678 1656 1750 3,
1701 1681 1758 1736 d.
1799 1677 1896 1735 24.

255 1749 388 1804 Fuit
419 1751 775 1820 temporibus
806 1753 877 1806 Μ.
905 1753 1180 1807 Antonini
1232 1758 1288 1807 et
1332 1751 1604 1807 Commodi
1632 1749 1667 1805 a
1703 1767 1906 1805 consu—

257 1820 374 1874 latu
415 1825 630 1877 Rustici
675 1829 724 1877 et
767 1823 1019 1892 Aquilini
1052 1839 1235 1892 usque
1264 1823 1422 1878 Claro
1463 1828 1512 1876 et
1560 1823 1804 1890 Cethego.
1835 1841 1911 1862 —'

256 1892 581 1948 Eleutherus
611 1896 776 1948 annis
799 1891 882 1962 45,
912 1911 985 1948 m.
1035 1891 1090 1956 3,
1123 1891 1179 1948 ἆ.
1205 1891 1259 1950 5.
1308 1897 1434 1948 Fuit
1474 1895 1800 1963 temporibus
1828 1894 1902 1947 M.

257 1964 534 2019 Antonini
570 1971 626 2020 et
660 1966 954 2022 tiommodi
987 1979 1018 2021 a
1041 1966 1347 2022 consulatu
1375 1966 1569 2021 Severi
1609 1972 1665 2021 et
1690 1967 1907 2021 Heren-

259 2035 422 2090 niani
455 2050 640 2106 usque
667 2039 921 2093 Materno
949 2045 1006 2093 et
1029 2037 1311 2093 Baradua.

332 2134 480 2190 Idem
515 2133 852 2192 observatur
877 2135 940 2202 in
984 2135 1198 2190 vitiosa
1237 2137 1632 2192 contractione
1660 2134 1906 2190 duarum

255 2205 600 2277 epocharum
645 2207 894 2263 Victoris
923 2206 1325 2277 etZephyrini.
1347 2208 1730 2277 Apponuntur
1753 2207 1907 2260 enim

259 2275 639 2348 Victori.(cui
671 2291 852 2334 annos
901 2279 956 2335 9.
982 2275 1164 2348 mens.
1197 2278 1250 2348 2,
1299 2275 1449 2334 dies
1479 2277 1565 2347 49,
1611 2277 1904 2344 attribuit,

259 2348 398 2420 licet
422 2347 737 2405 debeantur
767 2351 905 2405 anni
937 2347 1004 2405 42
1049 2358 1103 2404 et
1129 2347 1252 2404 dies
1290 2348 1370 2420 10)
1411 2352 1571 2420 paria
1601 2348 1903 2404 consulum

255 2419 438 2488 duplo
467 2421 664 2488 majori
689 2421 872 2490 spatio
896 2422 1169 2490 temporis
1193 2419 1426 2477 inter'se
1446 2421 1678 2491 dissita,
1707 2433 1906 2489 nempe

255 2504 289 2545 a
321 2491 626 2546 consulatu
655 2493 955 2548 Saturnini
983 2499 1040 2548 et
1061 2493 1213 2548 Galli
1241 2493 1475 2563 (Christi
1506 2492 1629 2563 498)
1653 2493 1722 2547 ad
1753 2505 1901 2548 coss.

256 2563 598 2636 Prasentem
629 2568 684 2618 et
713 2565 1065 2636 Extricatum
1093 2561 1515 2636 (Christi247):
1547 2561 1647 2636 qui
1689 2576 1909 2619 consu-

258 2633 362 2698 les,
396 2639 452 2688 et
471 2647 599 2704 qua
629 2649 852 2690 summa
875 2634 942 2691 48
957 2633 1238 2690 annorum
1261 2633 1545 2692 debentur
1563 2633 1904 2705 Zephyrino,

257 2706 515 2760 Victoris
564 2709 904 2770 successori,
936 2721 1032 2777 per
1064 2706 1326 2762 lacunam
1353 2707 1409 2761 in
1441 2707 1790 2762 membranis
1816 2705 1910 2761 la-

258 2778 406 2832 tenti
429 2790 590 2832 :cum
619 2785 808 2833 essent
836 2779 894 2834 in
917 2780 1116 2834 lacuna
1145 2780 1393 2847 primum
1415 2779 1756 2835 restituendi
1781 2791 1910 2832 con-

256 2848 439 2922 sules,
463 2849 710 2922 Victoris
734 2851 1137 2922 duodennium
1159 2851 1213 2904 in
1239 2850 1340 2906 illa
1366 2851 1504 2922 olim
1527 2852 1825 2922 signantes
1842 2861 1905 2904 ex

255 2920 544 2975 Commodo
579 2921 629 2976 V
661 2926 712 2975 et
747 2920 1037 2975 Glabrione
1064 2921 1335 2992 (Christiﬂ
1355 2920 1474 2992 486)
1503 2924 1570 2978 ad
1593 2920 1759 2977 'coss.
1793 2921 1907 2974 La-

255 2997 514 3046 teranum
550 2998 602 3045 et
645 2995 903 3060 Ruﬁnum
951 2989 1180 3063 (Christi
1235 2989 1391 3063 497):
1430 2989 1492 3048 ut
1523 2994 1583 3048 in
1632 3004 1911 3063 germana

256 3063 534 3146 lectionis
565 3063 960 3134 supplemento
995 3077 1092 3134 per
1120 3064 1420 3121 sinistram
1455 3064 1778 3121 columnam
1815 3075 1912 3118 re-

258 3149 431 3206 pOSIIl
447 3175 462 3189 .

334 3233 409 3306 At
435 3238 598 3290 vetus
622 3232 722 3289 ille
751 3233 1074 3303 descriptor
1101 3235 1368 3306 catalogi,
1405 3233 1748 3290 inosculatis
1778 3239 1911 3306 tem.

260 3305 526 3376 poribus,
562 3313 617 3361 et
644 3307 904 3361 consutis
930 3309 1204 3362 extremis
1245 3305 1592 3362 laciniarum
1625 3305 1910 3375 periocha

264 3378 352 3432 Pii
377 3385 434 3433 et
454 3377 702 3446 Aniceti,
725 3378 819 3432 hic
837 3390 949 3432 non
969 3377 1261 3434 subsistit.
1281 3377 1630 3447 lmplendum
1651 3376 1764 3431 sibi
1787 3389 1912 3431 esse

262 3449 488 3504 viderat
538 3450 788 3518 spatium
818 3449 1007 3504 adhuc
1041 3463 1248 3505 vacans
1279 3450 1338 3504 in
1381 3449 1480 3504 Pio
1535 3461 1633 3518 per
1665 3453 1911 3518 quatuor

262 3521 500 3576 circiter
528 3517 746 3576 versus.
805 3521 1101 3576 Mutuatus
1152 3522 1335 3591 igitur
1362 3526 1448 3575 est
1478 3517 1547 3591 ex
1586 3517 1910 3591 apocrypho

263 3591 427 3657 libro,
446 3593 940 3648 Constitutionum
971 3590 1297 3654 Clementis,
1341 3591 1424 3646 vel
1455 3590 1691 3645 aliunde
1723 3590 1912 3644 histo—

266 3665 492 3726 riolam,
529 3677 697 3734 quam
725 3663 940 3732 subdit,
974 3664 1044 3719 de
1071 3664 1220 3734 libro
1264 3662 1581 3734 Hermetis,
1602 3667 1656 3716 et
1685 3661 1754 3717 de
1801 3673 1912 3714 an-

263 3735 392 3808 gelo
439 3733 969 3808 eidemapparente
1012 3736 1068 3789 in
1122 3733 1322 3808 habitu
1374 3733 1641 3808 pastoris,
1695 3744 1912 3808 υιῗίξεοθ-

268 3803 475 3878 ptoque
495 3806 612 3861 diei
643 3803 954 3878 Paschalis,
979 3811 1246 3878 tanquam
1275 3806 1346 3862 de
1376 3803 1553 3877 gestis
1577 3817 1706 3860 cum
1741 3803 1914 3858 histo-

268 3879 353 3933 ria
394 3877 460 3933 et
507 3877 693 3933 oﬁicio
743 3877 1058 3947 pontiﬁcali
1091 3879 1397 3933 connexis:
1443 3890 1553 3932 non
1605 3880 1914 3932 observans

264 3949 720 4004 additamentum
756 3950 908 4004 istud
943 3963 974 4002 a
1005 3963 1064 4004 se
1094 3949 1312 4003 intrudi
1345 3954 1543 4003 contra
1575 3947 1784 4018 stylum
1818 3960 1914 4000 au-

265 4021 448 4075 ctoris
473 4020 725 4089 Catalogi
755 4027 1037 4076 servatum
1075 4021 1133 4074 in
1165 4018 1568 4088 superioribus
1601 4017 1910 4088 periochis,

271 4091 421 4146 nihil
458 4092 568 4147 tale
596 4091 1058 4158 admittentibus,
1107 4096 1161 4146 et
1218 4093 1275 4145 in
1310 4090 1591 4160 proximis
1631 4103 1813 4158 usque
1841 4089 1910 4143 ad

269 4163 632 4230 Pontianum,
657 4163 808 4218 nihil
829 4162 940 4217 tale
961 4163 1174 4231 pariter
1189 4161 1613 4217 exhibentibus.
1642 4161 1914 4215 Praterea

269 4234 471 4289 videns
538 4235 770 4289 nomina
833 4234 1138 4289 consulum
1214 4233 1502 4288 Gallicani
1570 4237 1626 4287 et
1696 4231 1914 4285 Veteris

271 4306 549 4361 recensita
586 4306 643 4360 in
697 4305 783 4358 Pii
819 4304 1108 4374 pontiﬁcis
1153 4304 1420 4373 perioche
1466 4310 1591 4374 post
1620 4315 1684 4358 ea
1723 4301 1911 4369 verba,

268 4379 394 4431 Fuit
427 4376 756 4445 temporibus
789 4379 1070 4441 Antonini,
1101 4376 1321 4445 putavit
1345 4376 1459 4431 sibi
1491 4375 1659 4430 licere
1685 4375 1914 4429 eosdem

268 4449 537 4504 consules
567 4447 842 4502 adhibere
884 4449 952 4504 ad
995 4446 1337 4516 implendam
1386 4447 1647 4502 lacunam
1681 4445 1910 4516 Hygini,

272 4521 332 4574 in
355 4534 466 4590 qua
482 4521 696 4588 pariter
722 4517 1055 4590 legebantur
1070 4519 1290 4573 similia
1304 4518 1490 4586 verba,
1507 4521 1630 4573 Fuit
1650 4517 1912 4590 tempori-

1941 1834 1989 1893 Β

1939 3193 1988 3257 C

2013 539 2256 593 tiaretur
2274 543 2356 592 tot
2375 537 2642 606 implexis
2656 537 3136 595 translationibus
3150 537 3442 597 nominum
3457 537 3655 598 consu-

2013 609 2244 678 larium,
2279 614 2474 680 totque
2490 611 2746 664 erroneis
2763 611 3060 678 juncturis
3082 611 3415 667 lacunarum
3436 631 3450 680 ς
3475 628 3603 669 cum
3625 627 3659 670 a

2011 680 2070 753 Β.
2104 682 2266 753 Petro
2295 679 2363 753 ad
2386 680 2819 753 Telesphorum,
2845 686 2899 736 et
2920 695 2952 736 a
2980 681 3217 738 Callisto
3238 683 3307 738 ad
3337 679 3654 753 Liberium,

2015 752 2208 877 inlquo
2223 751 2445 834 deﬁnit,
2470 752 2744 808 immunis
2763 751 2938 808 ferme
2955 754 3079 809 sita
3103 753 3584 810 translationibus
3603 751 3658 812 et

2015 836 2045 877 a
2100 836 2324 877 acums.

2013 836 2045 878 a
2077 836 2324 878 lacunis.

2087 894 2512 950 Restituendam
2560 895 2752 965 itaque
2781 894 2925 950 duxi
2979 907 3305 965 germanam
3356 895 3656 952 lectionem

2018 964 2191 1048 hujus
2222 965 2500 1048 periocha
2532 965 2589 1048 in
2643 964 2898 1048 catalogo
2932 964 3659 1048 laberianohitasuppleta

2016 1036 2260 1091 lacuna:
2297 1037 2434 1094 Pius
2455 1034 2624 1093 annis
2641 1035 2696 1106 8,
2748 1034 2923 1092 mens.
2950 1034 3005 1098 3.
3036 1034 3320 1094 diebus3.
3356 1034 3661 1094 Fuitiem-

2017 1107 2254 1177 poribus
2299 1109 2600 1174 Antonini,
2635 1122 2666 1163 a
2695 1108 3000 1165 consulatu
3052 1108 3244 1164 Ruﬁni
3276 1114 3332 1166 et
3361 1109 3657 1178 Quadrati,

2017 1194 2185 1247 usque
2216 1179 2439 1248 Orphito
2462 1186 2519 1234 et
2550 1181 2746 1234 Prisco.

2085 1252 2279 1306 Annos
2327 1248 2382 1318 8,
2437 1264 2656 1306 menses
2685 1249 2719 1306 3
2761 1254 2816 1306 et
2867 1250 2994 1306 dies
3021 1251 3257 1306 totidem
3291 1250 3661 1321 pontiﬁcatus

2014 1320 2254 1376 Romani
2307 1321 2406 1376 Pio
2455 1335 2577 1376 esse
2607 1322 2948 1378 tribuendos
2999 1329 3125 1392 post
3154 1320 3510 1392 electionem,
3545 1337 3659 1392 qua

2014 1395 2621 1465 successoriprocessit
2655 1394 2883 1465 Hygini,
2916 1394 3282 1462 comprobavi
3329 1393 3661 1465 paulogante

2017 1464 2075 1536 in
2105 1465 2267 1536 Notis
2288 1463 2716 1536 chronologicis
2737 1463 2805 1536 ad
2842 1463 2998 1536 hanc
3015 1463 3355 1536 sectionem,
3390 1478 3458 1536 ex
3490 1463 3662 1518 Cata-

2017 1533 2166 1604 logis
2196 1533 2646 1591 vestustioribus
2666 1535 2864 1599 Italia,
2893 1534 3122 1590 collatis
3152 1536 3219 1590 ad
3250 1535 3514 1591 residuos
3545 1548 3661 1590 nu—

2018 1619 2200 1660 meros
2223 1605 2478 1676 basilica
2507 1607 2561 1660 S.
2598 1607 2789 1661 Pauli.
2825 1606 3198 1662 Consulatum
3229 1608 3414 1676 Ruﬁni
3435 1611 3484 1660 et
3509 1605 3658 1672 Qua-

2015 1676 2166 1730 drati
2187 1677 2322 1732 anni
2347 1675 2468 1746 442,
2498 1678 2820 1746 proximum
2845 1691 2877 1732 a
2903 1678 3106 1732 Severo
3122 1685 3177 1732 et
3204 1677 3464 1733 Priscino
3488 1692 3660 1743 coss.,

2015 1747 2118 1872 gui
2141 1746 2418 1830 claudunt
2449 1754 2675 1830 tempus
2697 1749 3018 1805 decessoris
3051 1749 3275 1872 Hygini,
3299 1748 3495 1832 deberi
3518 1749 3666 1818 ejus-

2057 1832 2142 1872 em
2173 1819 2328 1872 sedis
2349 1820 2606 1872 exordio.
2642 1824 2927 1872 testantur
2951 1833 3127 1872 consu
3156 1833 3217 1872 es
3243 1832 3379 1872 anni
3408 1817 3510 1872 450
3537 1819 3665 1872 Gal-

2057 1832 2142 1873 em
2173 1819 2328 1874 sedis
2349 1817 2607 1888 exordio,
2642 1824 2927 1876 testantur
2951 1817 3217 1875 consules
3243 1820 3379 1874 anni
3408 1817 3510 1875 450
3537 1817 3665 1874 Gal-

2018 1889 2244 1945 licanus
2264 1896 2321 1945 et
2354 1892 2534 1960 Veter,
2572 1897 2696 1960 post
2722 1891 2826 1945 hoc
2850 1891 2920 1946 de
2947 1904 3059 1960 quo
3087 1891 3314 1961 agimus
3331 1891 3661 1946 octennium

2020 1961 2107 2015 Pii
2159 1966 2310 2016 recte
2339 1961 2552 2032 signati
2602 1963 2669 2016 ad
2706 1962 3024 2032 ingressum
3061 1960 3410 2018 suecessoris
3437 1960 3662 2016 Aniceti

2019 2032 2289 2104 omnibus
2305 2032 2362 2088 in
2380 2033 2658 2104 catalogis
2675 2039 2728 2088 et
2760 2033 3080 2098 codicibus,
3107 2047 3251 2104 quos
3272 2034 3516 2102 produxi
3540 2039 3662 2088 tum

2022 2103 2080 2175 in
2105 2106 2259 2159 notis
2279 2105 2346 2159 ad
2376 2105 2502 2173 ejus
2521 2103 2843 2171 numerum,
2875 2110 2992 2160 tum
3026 2105 3085 2160 in
3113 2103 3534 2175 Prolegomenis
3555 2105 3664 2159 sub

2019 2174 2209 2230 ﬁnem.
2234 2176 2437 2230 Iisdem
2455 2177 2807 2232 testimoniis
2827 2175 3132 2240 evincitur,
3151 2174 3467 2245 postremos
3490 2175 3665 2243 hujus

2019 2247 2183 2300 Piani
2213 2247 2476 2317 octennii
2527 2247 2794 2303 consules
2836 2261 2959 2302 esse
2990 2246 3275 2317 Orphitum
3323 2252 3373 2301 et
3419 2248 3665 2317 Priscum

2017 2330 2166 2372 anno
2200 2315 2321 2381 449.
2357 2319 2458 2388 qui
2493 2319 2752 2388 proxime
2775 2315 3121 2373 antecedunt
3158 2317 3381 2373 eosdem
3403 2315 3665 2373 Gallica-

2020 2401 2153 2444 num
2180 2395 2235 2444 et
2271 2391 2543 2460 Veterem,
2579 2390 2730 2444 unde
2757 2390 2981 2444 Aniceti
3013 2389 3306 2445 successio
3339 2389 3505 2459 juxta
3534 2400 3664 2445 om-

2019 2473 2119 2516 nes
2148 2461 2376 2518 codices
2397 2466 2451 2517 et
2476 2462 2768 2533 catalogos
2801 2460 3129 2516 inchoatur.

2622 2601 3065 2659 ALTASERRJE.

2095 2729 2266 2784 Linea
2291 2726 2344 2785 5.
2376 2757 2451 2770 —
2474 2729 2543 2784 Ut
2567 2732 2815 2782 sanctum
2855 2727 3066 2782 Pascha
3095 2725 3185 2781 die
3218 2727 3492 2782 Dominico
3521 2725 3667 2781 cele-

2023 2799 2293 2854 braretur.
2325 2801 2598 2870 Tempore
2630 2801 2715 2854 Pii
2747 2803 3052 2868 statutum,
3090 2799 3413 2870 utPascha
3439 2810 3666 2868 semper

2019 2871 2117 2927 die
2166 2869 2478 2927 Dominico
2515 2870 2917 2927 celebraretur.
2974 2871 3084 2925 Hoc
3106 2869 3390 2926 tribuitur
3417 2870 3514 2924 Pio
3537 2882 3663 2924 can.

2019 2945 2186 2998 Nosse
2215 2983 2231 3004 ,
2263 2944 2328 2997 de
2358 2958 2618 3008 consecr.,
2663 2943 2798 2997 dist.
2834 2939 2885 2996 3.
2920 2941 3192 3010 Tempore
3226 2941 3668 3010 Victorisrpapa

2021 3015 2321 3069 vehemens
2352 3021 2476 3069 orta
2501 3019 2588 3068 est
2617 3013 3007 3068 controversia
3027 3009 3097 3066 de
3126 3011 3221 3065 die
3241 3009 3548 3066 Paschalis.
3571 3011 3670 3066 Ec-

2022 3086 2219 3140 cleslis
2232 3085 2379 3140 Asia
2393 3086 2545 3139 diem
2560 3085 2770 3138 Pascha
2786 3081 3212 3138 celebrantibus
3225 3082 3668 3152 quartodecimo

2023 3157 2117 3210 die
2143 3156 2312 3219 luna,
2333 3155 2587 3224 exemplo
2611 3154 2958 3215 Judaorum,
2985 3155 3210 3208 cateris
3229 3153 3502 3208 Ecclesiis
3527 3167 3670 3207 sem-

2027 3241 2124 3296 per
2153 3226 2363 3282 Pascha
2391 3223 2818 3280 celebrantibus
2847 3225 2942 3279 die
2971 3225 3270 3296 Dominica
3296 3223 3534 3296 etiamsi
3553 3236 3665 3278 non

2026 3294 2307 3353 incideret
2334 3298 2393 3352 in
2421 3310 2548 3350 eum
2581 3296 2732 3350 diem
2760 3313 2772 3349 :
2815 3296 2984 3364 cujus
3003 3294 3240 3349 dissidii
3275 3307 3448 3350 causa
3478 3294 3670 3350 Victor

2024 3369 2309 3425 Ecclesias
2353 3369 2501 3423 Asia
2553 3366 2899 3422 submovita
2946 3369 3366 3434 communione.
3399 3364 3664 3434 (Euseb.,

2023 3443 2164 3496 Hist.
2208 3441 2356 3495 eccl..
2395 3438 2496 3494 lib.
2531 3451 2584 3507 v,
2631 3438 2810 3506 capit.
2849 3435 2944 3505 23,
2973 3433 3108 3508 24.)
3146 3439 3212 3492 Et
3241 3449 3273 3491 a
3305 3433 3530 3508 Victore
3554 3437 3668 3508 de-

2022 3519 2239 3568 cretum
2269 3519 2332 3567 ut
2359 3506 2579 3565 Pascha
2599 3523 2822 3577 semper
2849 3506 3234 3563 celebraretur
3262 3507 3358 3563 dic
3401 3507 3670 3563 Domini-

2022 3598 2108 3652 co,
2143 3597 2268 3638 can.
2319 3583 2712 3642 Celebritatem,
2762 3580 2828 3634 de
2879 3595 3140 3641 consecr.,
3187 3579 3309 3634 dist
3360 3577 3413 3646 3,
3455 3579 3527 3634 de
3555 3593 3669 3652 quo

2022 3598 2108 3652 co,
2143 3597 2268 3638 can.
2319 3594 2712 3642 UeteOrttatem,
2762 3594 2828 3634 ae
2879 3595 3140 3641 consecr.,
3187 3594 3309 3634 utSt
3360 3594 3413 3646 ο,
3455 3594 3527 3634 ae
3555 3594 3666 3704 quo

2021 3656 2284 3709 Anastas.
2316 3655 2374 3708 in
2424 3653 2688 3708 Victore:
2747 3651 2849 3705 Hic
2872 3652 3155 3705 constituit
3195 3656 3257 3705 ut
3282 3653 3532 3705 sanctum
3605 3665 3666 3703 a-

2021 3726 2151 3780 scha
2189 3726 2278 3780 die
2304 3726 2582 3779 Dominico
2612 3723 2992 3778 celebraretur.

2690 3845 2986 3901 BENCINI.

2095 3957 2270 4013 Linea
2321 3951 2472 4011 7.—
2523 3955 2628 4008 Hic
2687 3954 3046 4008 constitutum
3107 3949 3176 4004 de
3231 3948 3474 4004 Ecclesia
3519 3950 3670 4017 fecit.

2023 4030 2346 4099 Scriptores
2392 4026 2522 4090 avi,
2577 4025 2807 4099 quando
2853 4020 3108 4099 pontifex
3141 4020 3392 4099 sedebat,
3428 4027 3674 4078 utuntur

2025 4092 2172 4158 voce"
2189 4100 2488 4164 constituti,
2529 4092 2642 4164 qua
2675 4092 3042 4151 indicabatur
3070 4092 3332 4164 generale
3358 4093 3669 4148 decretum.

2025 4173 2306 4243 Vopiscus
2355 4171 2414 4226 in
2449 4164 2664 4243 Probo;
2697 4169 2927 4243 Miraris
2955 4169 3209 4234 fortasse,
3250 4164 3396 4243 quod
3439 4179 3532 4232 ego
3569 4165 3671 4243 im-A

2028 4235 2239 4299 berbem
2289 4243 2570 4296 tribunum
2632 4241 2855 4306 fecerim
2900 4245 3092 4292 eontra
3135 4237 3490 4290 constitutum
3561 4235 3677 4289 diui

2028 4316 2292 4370 Adriani.
2312 4312 2607 4368 Secundus
2629 4319 2816 4366 tamen
2836 4308 3151 4378 catalogus,
3179 4316 3234 4363 et
3258 4306 3428 4362 Liber
3450 4306 3680 4378 Pontiu-

2027 4388 2173 4442 calis
2225 4384 2483 4441 eumdem
2515 4381 2867 4450 exscribens,
2903 4381 3078 4435 sicuti
3122 4381 3182 4433 in
3210 4379 3332 4441 Pio,
3367 4378 3447 4450 ita
3480 4377 3543 4450 in
3579 4390 3676 4450 se—

2029 4457 2331 4528 quentium
2370 4454 2704 4528 pontiﬁcum
2733 4447 2910 4528 gestis
2943 4450 3324 4528 recensendis,
3378 4447 3677 4528 indeﬁnite

2031 4519 2290 4585 referunt
2318 4541 2350 4582 a
2370 4519 2660 4596 ‘quolibet
2683 4519 2976 4596 pontiﬁce
2997 4525 3348 4596 constitutum
3393 4519 3458 4572 de
3477 4519 3675 4596 Eccle-

270 4587 910 4669 bus‘Antonini:-ratus
955 4589 1215 4669 fortasse,
1260 4603 1551 4669 perperam
1603 4587 1912 4642 translatos

2029 4603 2114 4655 sia
2169 4587 2548 4669 publicat'um,
2599 4587 3002 4669 sed'oinittunt
3043 4588 3346 4669 constituti
3379 4588 3673 4669 materiam

269 4662 456 4718 fuisse
484 4676 552 4718 ex
576 4661 757 4732 priori
786 4663 916 4717 sede
945 4662 1011 4717 ad
1045 4661 1391 4730 implendam
1417 4660 1678 4732 lacunam
1702 4671 1914 4732 secun-

267 4736 356 4790 da
380 4748 476 4804 per
493 4735 835 4789 vetustiores
862 4732 1155 4802 librarios,
1179 4733 1299 4788 sive
1320 4731 1627 4802 utrobique
1645 4731 1916 4799 repetitos

267 4806 342 4861 ab
384 4803 637 4860 auctore
687 4803 940 4876 Catalogi
1000 4819 1129 4859 cum
1181 4804 1492 4859 Antonino.
1555 4804 1741 4876 Rufini
1789 4813 1918 4855 vero

267 4877 533 4932 consulis
556 4889 780 4942 nomen,
810 4871 959 4946 qubd
985 4877 1053 4931 ad
1078 4876 1311 4930 initium
1340 4876 1421 4930 Pii
1445 4871 1764 4946 pertinebat
1787 4884 1915 4926 cum

267 4949 488 5026 collega
511 4947 722 5014 Severo,
757 4941 1162 5026 in‘detritione
1193 4941 1645 5026 membranarum
1674 4941 1917 5026 fortasse

268 5015 580 5088 occultato,
605 5027 951 5090 postremum
969 5020 1135 5075 essed
1149 5019 1272 5074 uxit
1285 5015 1657 5090 praecedentis
1675 5015 1882 5090 Hygini
1894 5030 1909 5090 _:

267 5098 326 5148 et
360 5104 463 5160 pro
507 5083 723 5162 collega
755 5092 967 5162 Severo,
1017 5091 1242 5160 qualem
1286 5083 1538 5162 requirit
1580 5083 1784 5162 annus
1815 5083 1906 5162 444

272 5158 683 5234 pontiﬁcatum
701 5161 902 5232 Hygini
919 5158 1212 5234 claudens,
1238 5158 1546 5216 substituit
1560 5158 1917 5234 alteriusiiﬂu-

266 5226 371 5304 [ini
417 5233 691 5303 collegam
747 5226 1075 5287 Praesentem
1114 5226 1215 5304 qui
1260 5233 1480 5288 indicat
1528 5243 1742 5286 annum
1773 5226 1912 5304 4:33;

269 5301 495 5362 Clarum
524 5301 706 5358 autem
734 5310 783 5358 et
809 5305 1062 5375 Seuerum
1085 5301 1372 5369 consules,
1400 5316 1644 5375 quorum
1673 5301 1914 5371 vestigia

267 5390 570 5446 superesse
598 5377 769 5432 duxit
789 5375 847 5430 in
882 5374 1218 5448 fragmentis
1242 5374 1563 5448 dictionum
1592 5374 1744 5448 Clar.
1767 5415 1778 5426 .
1804 5412 1815 5425 .
1840 5375 1908 5425 et.

267 5464 322 5502 e.
347 5443 395 5502 ζ.
452 5450 599 5518 (qua
630 5449 850 5502 Clarum
877 5453 925 5501 et
955 5443 1240 5515 Cethegum
1281 5443 1649 5518 indicabant),
1686 5449 1742 5498 et
1773 5456 1917 5518 quos

269 5515 508 5575 videbat
544 5519 820 5574 similiter
848 5518 1162 5574 attributos
1209 5517 1564 5586 temporibus
1604 5515 1913 5586 Antonini,

270 5591 396 5660 pari
425 5589 706 5646 facilitate
733 5591 1079 5647 revocandos
1108 5604 1232 5645 esse
1260 5585 1429 5644 duxit
1458 5588 1526 5643 ad
1558 5585 1715 5660 Pium
1734 5585 1919 5660 deces-

267 5656 478 5730 sorem,
513 5664 678 5732 quasi
706 5663 1050 5734 negligentia
1088 5661 1460 5716 librariorum
1490 5673 1594 5734 suo
1621 5656 1746 5713 loco
1775 5657 1921 5726 deje-

264 5740 414 5802 ctos,
439 5740 495 5789 et
522 5730 696 5804 super
727 5730 996 5790 inductos
1025 5732 1242 5788 lacuna
1263 5730 1631 5788 successoris.

343 5824 458 5905 Vix
478 5824 593 5905 alia
622 5824 853 5905 ratione
879 5823 1106 5905 Opinari
1142 5837 1445 5905 possumus
1489 5819 1820 5905 contigisse,
1854 5822 1919 5876 ut

265 5895 826 5969 Liberianicatalogi
843 5901 1033 5955 textus
1049 5896 1107 5952 in
1119 5900 1333 5968 septem
1347 5895 1504 5954 hisce
1516 5893 1918 5968 pontiﬁcibus,

2031 4657 2352 4728 insinuare.
2390 4657 2546 4722 Hinc'
2565 4679 2633 4720 ne
2666 4667 2723 4718 in
2755 4663 2992 4734 legendo
3017 4661 3350 4734 cespitetur,
3376 4657 3675 4734 constituti

2030 4742 2268 4798 materia
2299 4753 2366 4794 ex
2396 4729 2890 4808 probabilioribiis
2928 4729 3276 4808 coniecturis
3297 4729 3672 4808 assignanda.

2029 4815 2168 4868 Pius
2201 4801 2972 4881 itaque'videturdecretum
3003 4801 3348 4881 auidissede
3379 4801 3671 4881 Paschate,

2027 4898 2155 4940 cum
2185 4875 2581 4938 antécedenter
2633 4877 2915 4934 dixisset:
2953 4895 2979 4927 α
3010 4875 3122 4930 Sub
3171 4875 3339 4943 hujus
3363 4876 3676 4944 episcopatu

2027 4958 2249 5011 Hermes
2277 4953 2478 5007 lib-rum
2497 4952 2738 5019 scripsit,
2784 4954 2842 5002 in
2866 4963 2972 5018 quo
2995 4945 3320 5001 mandatum
3345 4945 3671 5019 continetur,

2028 5027 2174 5098 quod
2215 5027 2265 5078 ei
2283 5026 2537 5098 praecepit
2567 5015 2893 5098 angelum;2
2915 5059 2948 5098 ._
2981 5024 3056 5098 ut.
3076 5023 3326 5098 sanctum
3351 5016 3560 5098 Pascha

2026 5086 2300 5154 Dominico
2350 5086 2728 5150 celebraretur.
2766 5109 2793 5140 ι
2827 5091 2951 5146 Nisi
3000 5090 3251 5159 dicatur,
3300 5087 3551 5158 intelligi
3586 5086 3672 5142 Pii

2025 5173 2315 5242 decretum
2345 5181 2378 5222 a
2403 5159 3236 5242 Gratianoiaudatumdist.2,
3267 5159 3676 5242 depaniientia

2025 5243 2164 5310 ejus,
2217 5228 2374 5308 c'ujus
2421 5237 2758 5306 negligentia
2803 5235 2869 5289 de
2897 5235 3166 5302 sanguine
3193 5228 3414 5289 Domini
3458 5228 3676 5300 aliquid

2025 5315 2220 5370 stillat.

2099 5386 2272 5440 Linea
2323 5378 2409 5436 44.
2435 5409 2509 5421 —
2535 5378 2737 5434 Multos
2766 5379 3039 5432 venientes
3086 5375 3163 5429 ad
3188 5373 3347 5444 ﬁdem
3378 5373 3675 5444 baptizavit

2027 5459 2087 5512 in
2112 5457 2326 5510 nomine
2350 5452 2661 5508 Trinitatis.
2683 5451 2894 5519 Nempe
2922 5462 2989 5504 ex
3018 5447 3446 5502 Judaizantium
3475 5445 3670 5516 sectis,

2030 5539 2276 5600 quorum
2310 5524 2454 5600 va_ri_i
2497 5528 2668 5600 erant
2704 5520 3095 5600 haresia‘r‘cba
3119 5532 3190 5600 ex
3222 5519 3550 5600 ilegesippo
3574 5519 3677 5574 di-

2030 5589 2210 5667 c'ente,
2240 5597 2390 5666 apud
2413 5593 2624 5667 Euseb.
2653 5593 2694 5649 Ι.
2727 5607 2800 5664 1v,
2836 5606 2865 5646 c
2906 5589 3021 5667 Δ22ε
3057 5610 3084 5642 α
3115 5593 3194 5645 Ex
3222 5589 3314 5667 his
3343 5589 3676 5667 etiam_ma_-

2032 5660 2247 5726 narunt
2276 5660 2654 5735 lilenedriani,
2672 5670 2728 5721 et
2749 5660 3122 5735 Marcionita,
3143 5671 3196 5718 et
3215 5660 3669 5735 Carpocratiani,

2029 5748 2086 5799 et
2105 5739 2518 5806 Valentiniani,
2542 5744 2598 5793 et
2617 5732 2978 5803 Basilidiani,
3003 5741 3058 5790 et
3076 5733 3482 5803 Saturniliani,
3521 5732 3662 5806 alii-

2031 5827 2160 5886 que,
2187 5812 2286 5886 qui
2309 5803 2564 5886 seorsum
2588 5809 2808 5886 singuli
2834 5807 3420 5886 propriasppiniones
3440 5803 3674 5886 induxe-

2029 5875 2179 5946 rant.
2203 5875 2234 5937 3o
2265 5885 2478 5943 I-Iorum
2511 5875 2752 5954 plurimi
2781 5875 2882 5941 aut
2907 5875 3034 5940 solo
3065 5875 3282 5952 Christi
3314 5875 3544 5934 nomine
3573 5875 3672 5928 in-
