4024 6176
343 356 497 424 ’4249

1588 363 1948 421 ANASTASII
2003 365 2543 424 BIBLIOTHECARII

3615 364 3752 425 4220

353 492 556 560 vocato
594 484 979 560 baptizabant,
1013 492 1115 542 aut
1163 485 1468 560 Trinitatis
1519 484 2004 560 formulamper-f
2028 489 2082 548 A
2110 489 2236 546 dem
2269 487 2353 546 42.
2385 490 2694 547 Pollicitus
2740 501 2969 560 quoque
2997 502 3123 545 sum
3170 488 3231 544 in
3263 490 3636 546 restitutione
3665 490 3759 546 le-

352 559 669 615 vertebant.
700 560 777 612 De
820 557 1022 612 horum
1057 558 1425 628 susceptione
1448 562 1503 612 et
1529 557 1814 626 baptismo
1841 557 1999 628 loqui

355 630 658 686 insinuant
683 629 937 698 ejusdem
971 628 1320 684 Pontiﬁcalis
1353 627 1502 682 Libri
1545 629 1732 697 verba,
1766 627 1998 695 aientis,

354 702 517 756 Pium
586 701 906 756 decrevisse
966 704 1260 754 venientem
1312 715 1378 752 ea:
1445 700 1757 754 Judzeorum
1810 702 2003 754 heresi

353 774 579 840 suscipi,
629 778 680 826 et
734 772 1021 840 baptizari.
1068 772 1147 825 De
1192 771 1394 825 haeresi
1429 771 1537 826 ista
1572 772 1997 826 .ludaizantium

355 849 748 912 perseverante
769 844 940 896 etiam
964 843 1175 896 sarculo
1199 842 1368 897 tertio
1396 841 1658 911 loquitur
1681 844 2000 913 Cyprianus

355 915 414 969 in
448 915 750 983 epistolica
802 913 1210 968 dissertatione
1247 913 1318 968 de
1370 913 1644 982 Baptismi
1689 914 1998 969 Validitate

353 985 553 1040 collati
595 985 700 1040 sub
728 985 849 1040 sola
877 984 1094 1039 Christi
1122 986 1348 1054 Domini
1372 985 1768 1054 expressione:
1804 986 1860 1040 in
1885 999 1998 1054 qua

355 1057 508 1111 inter
539 1056 757 1126 reliqua
815 1055 1022 1110 scribit
1070 1057 1239 1124 epist.
1293 1053 1384 1110 73.
1421 1053 1459 1107 «⁷
1499 1058 1616 1110 Non
1666 1062 1752 1111 est
1808 1053 1994 1111 autem

355 1127 503 1197 quod
528 1127 748 1197 aliquis
769 1127 836 1182 ad
861 1127 1421 1181 circumveniendum
1447 1127 1834 1182 Christianam
1862 1127 1998 1181 veri-

353 1202 545 1264 tatem,
578 1198 795 1253 Christi
833 1210 1036 1252 nomen
1063 1204 1332 1267 opponat,
1369 1203 1432 1252 ut
1460 1197 1648 1253 dicat:
1678 1201 1736 1252 ln
1764 1198 1996 1253 nomine

349 1269 478 1324 Jesu
504 1269 720 1324 Christi
753 1268 1104 1338 ubicunque,
1135 1270 1652 1339 quomodocumque
1698 1269 1990 1338 baptizati,

352 1341 595 1410 gratiam
627 1340 900 1409 baptismi
925 1346 1060 1395 sunt
1081 1342 1400 1395 consecuti.
1428 1357 1452 1389 »
1476 1341 1701 1395 Dictum
1727 1340 1995 1410 pluribus

353 1410 584 1473 refellit,
614 1417 669 1466 et
699 1411 915 1466 astruit
946 1411 1341 1465 necessitatem
1367 1410 1692 1480 proferendi
1729 1413 1787 1466 in
1812 1410 1994 1467 forma

351 1481 622 1549 baptismi
669 1495 871 1537 nomen
920 1483 1226 1536 Trinitatis
1273 1488 1329 1536 et
1379 1483 1447 1537 ad
1484 1496 1630 1537 rem:
1676 1502 1701 1534 α
1736 1483 1997 1538 Insinuat

349 1553 712 1622 Trinitatem,
769 1553 935 1622 cujus
975 1558 1326 1608 sacramento
1375 1560 1568 1624 gentes
1595 1553 1984 1622 baptizantur.

351 1625 626 1694 Nunquid
671 1625 816 1678 hanc
843 1625 1182 1679 Trinitatem
1218 1625 1467 1680 Marcion
1502 1625 1697 1680 tenet?
1729 1625 1992 1694 nunquid

353 1697 611 1751 eumdem
649 1695 876 1764 asserit,
909 1709 1072 1765 quem
1109 1703 1164 1749 et
1207 1709 1310 1750 nos
1354 1698 1571 1750 Patrem
1625 1696 1996 1751 Creatorem?

352 1767 624 1836 Nunquid
653 1767 912 1822 eumdem
949 1781 1124 1821 unum
1150 1766 1361 1822 Filium
1392 1768 1684 1822 Christum
1727 1768 1795 1824 de
1818 1768 1995 1821 Maria

355 1837 588 1908 Virgine
620 1842 847 1892 natum:
884 1838 984 1907 qui
1024 1852 1206 1893 sermo
1236 1852 1368 1893 caro
1399 1837 1585 1894 factus
1615 1844 1720 1894 est.
1757 1857 1782 1887 »
1807 1840 1993 1893 Theo-

351 1907 535 1963 doreti
590 1915 840 1977 tempore
883 1909 1250 1964 Marcionilas
1302 1910 1534 1965 nonnisi
1582 1924 1679 1980 per
1721 1909 1994 1978 baptismi

355 1981 734 2049 receptionem
775 1979 1060 2035 admissos
1090 1981 1321 2049 proprio
1357 1979 1616 2050 exemplo
1641 1983 1896 2037 ostendit
1939 1982 1995 2034 in

351 2051 596 2122 epistola
626 2051 759 2106 data
789 2053 1450 2120 Constantinopolitanis
1489 2052 1596 2122 (ep.
1627 2050 1779 2120 445):
1820 2073 1845 2104 «
1878 2054 1996 2106 Du-

351 2121 488 2176 dum
520 2123 795 2194 adversus
823 2123 1131 2178 Marcionis
1161 2122 1288 2178 tabe
1326 2121 1630 2192 corruptos
1663 2130 1996 2194 argumenta

354 2193 590 2264 protuli,
649 2194 1057 2264 convictosque
1107 2195 1208 2249 Dei
1257 2193 1531 2250 beneﬁcio
1581 2193 1774 2264 plures
1803 2196 1997 2250 decem

354 2263 620 2319 millibus
650 2264 716 2321 ad
747 2263 1177 2321 sanctissimum
1205 2264 1491 2336 baptismo
1525 2263 1790 2337 perduxi.
1827 2284 1852 2316 »

1079 2410 1265 2466 BINII.

426 2533 596 2589 Linea
632 2530 687 2588 4.
720 2562 790 2572 —
814 2534 962 2587 Pius.
1019 2535 1238 2604 Hygino
1288 2549 1400 2591 non
1439 2535 1626 2604 Pium,
1663 2535 1760 2591 sed
1791 2534 2000 2590 Anice-

354 2609 476 2661 tum
511 2606 570 2659 in
605 2604 942 2676 pontiﬁcatu
973 2607 1320 2662 successisse
1337 2613 1603 2662 asserunt
1626 2606 1868 2676 Optatus
1903 2607 2002 2660 Mi-

355 2677 663 2748 levitanus,
697 2675 797 2729 lib.
830 2690 870 2729 ιι
901 2683 1099 2731 contra
1143 2679 1436 2746 Parmen.;
1477 2675 1860 2748 Augustinus,
1908 2691 1994 2746 ep.

356 2745 488 2816 465;
521 2746 920 2815 Hieronymus,
953 2748 1022 2801 de
1045 2745 1439 2816 Scriptoribus
1460 2745 1773 2803 ecclesiast.
1805 2745 2001 2803 VeriOr

357 2824 563 2883 tamen,
594 2823 650 2872 et
691 2818 873 2888 magis
905 2823 1126 2886 recepta
1157 2819 1438 2874 sententia
1485 2825 1587 2886 est,
1649 2820 1807 2874 Pium
1851 2821 2002 2874 Ani-

353 2894 476 2943 ceto
517 2888 774 2957 pontiﬁci
808 2890 1266 2958 anteponendum
1319 2902 1456 2944 esse.
1503 2892 1580 2944 ita
1621 2891 1908 2945 Eusebius
1941 2891 1998 2944 in

352 2960 810 3030 chronLEpiphq
840 2957 1153 3028 hieres.27;
1187 2961 1490 3029 Nicephor.
1513 2961 1760 3023 Callist,
1786 2962 1886 3016 lib.
1910 2975 1996 3030 lli,

352 3045 476 3099 cap.
522 3028 631 3100 25;
665 3031 1021 3102 Hegesippus
1065 3032 1213 3102 apud
1270 3028 1496 3100 Euseb.,
1533 3032 1632 3086 lib.
1685 3046 1756 3098 iV,
1811 3049 1859 3086 υ.
1891 3028 1996 3100 24ξ

353 3099 626 3165 irenzeus,
661 3099 770 3156 libi
800 3099 889 3167 in,
918 3099 968 3157 c.
993 3099 1029 3157 2
1073 3099 1127 3156 et
1167 3101 1525 3169 4;Tertull.,
1570 3103 1672 3158 lib.
1710 3117 1772 3158 ιιι
1800 3099 1998 3159 contra

350 3174 693 3228 Marcionem
722 3193 734 3236 ;
760 3174 962 3241 Baron,
999 3187 1147 3228 anno
1189 3174 1407 3228 Christi
1439 3172 1559 3242 458,
1607 3189 1660 3230 ιι.
1693 3172 1746 3230 3.

425 3245 591 3316 Linea
623 3245 836 3298 eadem.
872 3273 944 3284 —
967 3246 1160 3298 Frater
1201 3247 1464 3300 Pastoris.
1520 3247 1703 3316 Hujus
1759 3245 1999 3315 pontiﬁ—

352 3313 645 3387 cis_l‘rater
680 3316 875 3370 Pastor
915 3316 1357 3387 cognominatus
1399 3323 1504 3386 est,
1535 3313 1621 3372 vel
1649 3313 1784 3387 quia
1823 3317 1997 3372 fuerit

352 3387 421 3441 de
443 3384 841 3458 familialunii
867 3384 1138 3457 Pastoris,
1166 3389 1262 3458 qui
1284 3401 1432 3443 anno
1457 3384 1625 3443 tertio
1653 3384 1871 3443 Aurelii
1899 3391 1999 3443 im-

353 3457 637 3530 peratoris
681 3471 811 3530 cum
863 3459 1087 3530 Papirio
1117 3457 1339 3514 Eliano
1369 3460 1731 3514 consulatum
1783 3461 1996 3530 gessit;

354 3527 441 3602 vel
475 3529 632 3602 quia,
658 3529 808 3602 quod
845 3529 1201 3602 probabilius
1221 3537 1326 3597 est,
1356 3531 1596 3602 angelus
1622 3544 1734 3600 quo
1755 3527 1850 3585 die
1877 3534 1999 3586 Pas-

353 3600 457 3654 cha
480 3599 881 3656 celebrandum
901 3601 979 3655 sit
999 3603 1350 3656 annuntians
1374 3599 1656 3657 in’habitu’
1681 3603 1927 3671 pastoris
1943 3603 1995 3656 ei

353 3673 662 3796 ἓιιοιιῐίιιυιιῐξιἰὶ
689 3671 826 3727 Vide
851 3672 1096 3728 Tertull.
1158 3672 1258 3727 lib.
1306 3687 1590 3743 tu,carm.
1619 3679 1817 3729 contra
1843 3675 1999 3728 Mar—

391 3758 406 3796 l
495 3758 552 3796 ,ι
673 3757 727 3796 ιι.

353 3755 598 3797 cnon.1n
632 3755 727 3796 ﬂii.

423 3815 595 3868 Linea
650 3810 793 3867 4.-
838 3815 906 3868 In
964 3830 1070 3883 quo
1130 3816 1452 3870 mandatum
1509 3817 1834 3870 continetur.
1885 3816 1998 3871 Hoc

356 3885 683 3939 mandatum
737 3898 1020 3952 nusquam
1071 3887 1221 3955 apud
1273 3886 1484 3943 librum
1535 3889 1787 3942 Pastoris
1845 3900 1998 3943 nunc

353 3959 668 4010 exstantem
696 3956 1001 4024 reperitur.

425 4026 596 4080 Linea
645 4024 697 4080 6.
729 4055 797 4065 —-
850 4027 953 4080 Hic
1003 4029 1283 4083 constituit
1353 4029 1665 4084 hmreticum
1703 4031 1998 4085 venientem

354 4111 422 4151 ea:
465 4098 778 4170 Juda’orum
797 4097 1002 4170 iha’resi
1021 4101 1228 4168 suscipi
1251 4105 1300 4153 et
1328 4101 1614 4170 baptizari.
1651 4101 1997 4156 Perludazo-

355 4181 482 4242 rum
514 4168 900 4242 hazresimhoc
923 4169 1045 4224 loco
1071 4170 1348 4241 intelligit
1376 4168 1635 4227 Cerinthi
1659 4179 1889 4242 sectam,
1910 4175 1996 4228 sic

352 4239 589 4308 dictam,
645 4240 795 4308 quod
831 4253 943 4308 prae
973 4242 1196 4295 caeteris
1227 4239 1520 4298 Hebraicis
1551 4243 1764 4300 ritibus
1794 4239 1998 4300 obster-

353 4309 558 4365 vandis
587 4309 873 4366 studebat.
909 4310 1047 4366 Vide
1067 4312 1271 4381 Epiph.
1318 4313 1513 4369 haeres.
1547 4312 1638 4369 28.

993 4437 1360 4494 BLANCHINI

868 4578 1019 4621 NOTAE
1046 4577 1484 4622 CHRONOLOGICE.

422 4693 751 4778 hionueram
772 4691 831 4748 in
847 4693 1528 4778 notischronQIOgicisad‘
1542 4693 1847 4778 Hyginum,
1874 4708 1997 4778 esse

353 4765 636 4837 gradatim
687 4765 1102 4834 procedendum
1153 4766 1220 4821 ad
1249 4765 1568 4821 ordinanda
1594 4765 1649 4821 et
1673 4765 1996 4824 deﬁnienda

354 4844 608 4907 tempora
640 4841 888 4907 quatuor
919 4837 1277 4907 pontiﬁcum,
1303 4837 1374 4892 ab
1405 4837 1624 4908 Hygino
1652 4838 1720 4892 ad
1744 4841 1994 4893 Soterem

351 4923 411 4965 se
446 4909 955 4976 consequentium:
1013 4921 1258 4978 quorum
1291 4909 1549 4964 ordinem
1581 4916 1636 4964 et
1660 4910 1902 4978 epochas
1934 4910 1994 4965 in

349 4980 609 5049 exemplo
637 4979 892 5048 Catalogi
925 4981 1272 5034 Vetustioris
1319 4980 1606 5036 Liberiani
1633 4982 1700 5035 ad
1734 4995 1834 5036 nos
1864 4995 1993 5035 cum

350 5050 577 5107 lacunis
597 5063 887 5121 perperam
913 5050 1196 5120 suppletis
1215 5052 1557 5120 perduxerat
1572 5053 1894 5121 descriptor
1915 5065 1996 5107 se-

352 5123 580 5192 quioris
631 5121 837 5177 aetatis.
893 5123 1126 5178 Easdem
1182 5122 1539 5178 luculentius
1569 5124 1883 5189 ostendere,
1929 5137 1995 5179 ac

351 5192 1561 5264 germana:lectionissupplementoimplere
1600 5199 1842 5250 conatus
1865 5209 1992 5249 sum

351 5263 521 5334 paulo
547 5272 676 5320 ante
710 5265 766 5319 in
792 5278 1027 5319 numero
1057 5263 1319 5318 Aniceti:
1353 5265 1450 5319 ubi
1482 5265 1653 5320 etiam
1679 5269 1870 5321 monui
1893 5280 1992 5321 or-

349 5336 541 5392 dinem
570 5335 961 5393 successionis
987 5335 1310 5404 deposcere,
1332 5340 1396 5390 ut
1427 5337 1560 5390 Pius
1590 5337 1827 5392 Aniceto
1861 5351 1991 5406 pra:-

351 5415 676 5478 poneretur,
703 5413 871 5478 prout
887 5406 1471 5477 aliquotexemplaria
1491 5407 1662 5476 hujus
1682 5405 1840 5462 Libri
1860 5405 1994 5463 Pon-

350 5478 585 5550 tiﬁcalis
609 5484 965 5550 pra'ponunt.
995 5480 1194 5533 Verum
1217 5492 1284 5533 ne
1308 5480 1684 5546 praecedentes
1708 5479 1992 5536 editiones

349 5549 568 5604 Velseri
617 5555 672 5604 et
715 5549 966 5606 Fabrotti
997 5550 1380 5618 immutarem,
1415 5551 1558 5605 satis
1583 5564 1706 5606 esse
1747 5551 1887 5606 duxi
1919 5552 1988 5606 ad

351 5621 743 5692 praeservanda
763 5622 894 5690 jura
920 5634 1063 5676 vera:
1095 5620 1481 5690 chronologiae
1511 5622 1873 5692 ethistoriae,
1898 5635 1994 5692 ap-

353 5690 659 5762 ponere(ut
683 5690 770 5745 illi
796 5693 1160 5760 providenter
1181 5691 1592 5762 prtestiterunt)
1615 5694 1831 5748 nomini
1860 5690 1989 5748 Ani.

351 5761 462 5817 ceti
497 5773 802 5835 numerum
829 5765 1219 5818 successionis
1272 5761 1339 5835 42
1371 5763 1430 5817 in
1463 5765 1684 5835 numeri
1717 5766 1986 5835 exordio;

351 5829 802 5905 etnumerumu
821 5834 1206 5905 successionis
1232 5834 1442 5905 addere
1463 5834 1684 5889 nomini
1710 5835 1796 5889 Pii
1817 5829 1991 5905 hujus

352 5901 578 5962 numeri
610 5899 806 5972 initio,
840 5901 985 5958 male
1014 5905 1353 5974 transpositi
1378 5904 1448 5962 ad
1477 5906 1865 5977 occupandam
1893 5899 1993 5963 se-

2111 561 2342 633 ctionis,
2363 576 2530 632 quam
2550 569 2686 631 puto
2699 574 3042 633 germanam,
3064 560 3305 633 catalogi
3331 561 3642 628 Liberiani,
3659 575 3758 632 per

2110 633 2502 704 supplementa
2531 633 2886 695 lacunarum,
2918 633 2974 687 in
3004 633 3254 704 singulis
3291 633 3446 688 hisce
3469 633 3760 704 pontiﬁci-

2110 703 2218 758 bus
2244 705 2552 760 adductum
2584 706 2654 760 iri
2682 719 2713 760 a
2749 718 2833 759 me
2859 703 3203 775 singillatim
3223 703 3582 769 documenta,
3605 718 3759 760 com-

2111 775 2413 844 probantia
2461 778 2752 831 veritatem
2812 783 3017 830 nostrae
3065 776 3455 832 restitutionis
3498 776 3567 830 ad
3623 789 3758 830 eum

2109 847 2431 916 pontiﬁcem
2465 847 2914 917 pertinentis,de
2928 859 3039 917 quo
3056 847 3252 917 agitur
3271 849 3327 902 in
3358 861 3615 903 numero.
3635 848 3758 903 Cu-

2111 919 2229 988 ravji
2252 919 2368 988 jam
2406 920 2463 973 in
2496 920 2749 975 Aniceto.
2776 919 2832 973 id
2866 918 3027 974 modo
3057 919 3442 987 praestandum
3469 919 3525 973 in
3561 919 3684 973 Pio.

2177 987 2448 1044 Ordinem
2499 989 2886 1046 successionis
2939 991 3436 1058 servandumjure
3464 990 3754 1049 diximus.

2109 1061 2208 1129 qui
2240 1061 2401 1116 Pium
2432 1061 2668 1117 Aniceto
2692 1061 3003 1131 praeponit;
3040 1075 3170 1116 cum
3206 1063 3467 1128 lrenaaus,
3491 1068 3548 1116 et
3571 1063 3760 1132 Hege—

2107 1133 2310 1199 sippus
2361 1133 2669 1202 synchroni
2718 1140 2908 1201 testes,
2962 1137 3018 1188 et
3064 1133 3252 1188 Romae
3282 1133 3489 1187 versati
3522 1147 3622 1202 per
3653 1132 3758 1187 illa

2106 1207 2359 1273 tempora
2415 1204 2580 1259 talem
2636 1204 2958 1259 exhibeant.
3002 1205 3252 1259 lrenazus
3300 1203 3587 1273 legatione
3619 1217 3761 1272 per-

2108 1271 2341 1329 functus
2355 1275 2756 1356 Lugdunensis
2769 1271 3759 1356 Ecclesiaenominead'iileutherum

2109 1357 2330 1413 papam,
2361 1344 2462 1415 qui
2495 1344 2680 1401 fuerat
2725 1347 3005 1402 diaconus
3029 1345 3278 1416 Aniceti,
3307 1347 3569 1401 ordinem
3612 1360 3757 1401 suc-

2105 1416 2389 1471 cessionis
2415 1417 2565 1472 hunc
2599 1419 2785 1487 ipsum
2817 1419 3010 1474 tradit.
3038 1417 3140 1472 lib.
3165 1431 3250 1487 ιιιτ
3275 1431 3394 1486 cap.
3430 1416 3495 1472 3:
3531 1437 3558 1468 (ι
3586 1418 3758 1472 Tele-

2107 1487 2353 1560 sphorus
2380 1487 2636 1560 delectus
2667 1495 2772 1553 est,
2801 1489 2899 1560 qui
2933 1489 3198 1558 praeclare
3218 1495 3274 1544 et
3303 1501 3576 1559 generose
3603 1503 3760 1543 mar-

2107 1559 2318 1632 tyrium
2344 1558 2546 1632 subiit.
2571 1561 2709 1615 Tum
2734 1558 3208 1632 Hyginusdeinde
3228 1558 3382 1632 Pius,
3408 1566 3536 1628 post
3557 1561 3759 1614 Anice-

2108 1636 2202 1684 tus
2236 1630 2336 1684 illo
2392 1630 2605 1686 honore
2639 1630 2980 1700 potiebatur.
3034 1633 3193 1687 Soter
3222 1631 3458 1686 Aniceto
3495 1632 3760 1699 proxime

2106 1701 2381 1772 succedit.
2414 1702 2532 1756 iam
2562 1702 2903 1758 duodecimo
2932 1702 3053 1758 loco
3083 1703 3152 1757 ab
3183 1703 3462 1772 apostolis
3487 1703 3757 1757 Eleuthe-

2108 1771 2232 1844 rius
2276 1773 2662 1828 ministerium
2699 1774 2939 1829 obtinet.
2975 1792 3000 1823 »
3035 1771 3406 1844 Hegesippus.
3457 1773 3561 1843 qui
3605 1773 3754 1842 apud

2107 1843 2406 1898 Anicetum
2439 1859 2499 1899 se
2546 1845 2824 1914 hospitem
2872 1843 3149 1900 mansisse
3189 1845 3248 1899 in
3277 1845 3421 1900 Urbe
3456 1851 3754 1910 memorat,

2107 1915 2241 1969 dum
2265 1915 2552 1986 diaconus
2577 1917 2802 1972 Aniceti
2834 1925 2982 1986 esset
3003 1916 3366 1981 Eleutherus,
3389 1917 3586 1986 signat
3605 1916 3754 1984 apud

2107 1985 2416 2040 Eusebium
2451 1985 2551 2040 lib.
2601 2002 2674 2056 ιν,
2723 2002 2844 2057 cap.
2893 1985 2982 2055 24,
3011 1989 3263 2043 eamdem
3303 1985 3753 2050 successionem,

2109 2071 2281 2126 supra
2307 2058 2582 2113 redditam
2604 2060 2858 2128 ejusdem
2883 2058 3073 2114 verbis
3097 2059 3152 2113 in
3180 2059 3332 2114 notis
3353 2059 3756 2114 Schelestratii

2106 2129 2175 2183 ad
2203 2129 2592 2200 S.Hyginum.
2625 2133 2863 2200 Prosper
2894 2132 2952 2185 in
2982 2131 3285 2197 Chronico,
3319 2130 3655 2200 complures
3673 2143 3758 2184 ca-

2110 2199 2284 2270 talogi
2313 2212 2343 2253 a
2369 2199 2777 2271 Schelestratio
2804 2202 3016 2258 ibidem
3063 2202 3328 2257 recensiti
3356 2216 3410 2256 n.
3437 2199 3493 2271 3,
3518 2215 3637 2257 non
3669 2201 3759 2257 si—

2110 2278 2256 2325 nunt
2286 2270 2454 2325 hodie
2479 2273 2549 2326 de
2579 2273 2683 2328 hoc
2703 2275 2906 2328 ordine
2933 2273 3220 2329 dubitare.

2179 2341 2394 2396 Ordine
2423 2343 2705 2413 stabilito,
2743 2345 2819 2399 ita
2840 2344 3201 2414 procedimus
3223 2343 3290 2400 ad
3315 2344 3504 2413 spatia
3527 2348 3756 2413 tempo-

2111 2426 2237 2485 rum
2273 2415 2503 2482 propria
2531 2415 2734 2484 utique
2779 2417 3033 2485 pontiﬁci
3069 2416 3393 2471 tribuenda.
3430 2416 3755 2470 Concordia

2108 2484 2372 2540 codicum
2397 2486 2747 2556 integrorum
2775 2484 2830 2542 in
2857 2488 3217 2542 recensendis
3245 2486 3594 2542 consulibus
3623 2501 3756 2555 pos-

2110 2556 2310 2628 tremis
2334 2564 2472 2628 ante
2495 2558 2708 2628 Hygini
2722 2559 3134 2628 pontiﬁcatum,
3158 2571 3354 2627 nempe
3381 2560 3605 2613 Caesare
3634 2559 3679 2612 il
3705 2565 3757 2612 et

2110 2627 2368 2689 Balbino,
2417 2627 2812 2701 Christ_i_r237,
2855 2631 3089 2685 initium
3123 2631 3325 2701 Hygini
3358 2629 3622 2684 declarat
3651 2629 3756 2684 sub

2111 2713 2271 2771 coss._
2289 2700 2568 2767 proximis
2598 2698 2717 2764 438,
2748 2702 2922 2771 Nigro
2944 2707 2999 2757 et
3022 2698 3340 2764 Camerino,
3376 2701 3434 2754 in
3468 2707 3636 2755 textu
3660 2701 3757 2754 Bi—

2111 2769 2478 2825 bliothecarii
2511 2771 2756 2840 signatis
2801 2769 3001 2840 Magno
3031 2780 3080 2826 et
3136 2772 3434 2837 Camerino,
3477 2777 3541 2826 ut
3581 2784 3757 2840 supra

2111 2842 2356 2912 legimus
2387 2856 2511 2969 pag.
2567 2842 2686 2908 400,
2737 2847 2828 2900 cui
2862 2845 3220 2899 accomodavi
3254 2844 3554 2898 lectionem
3585 2843 3758 2896 Cata-

2111 2913 2224 2969 logi
2262 2925 2386 2969 pag.
2423 2912 2444 2967 4
2496 2912 2516 2968 4
2573 2913 2707 2968 licet
2753 2916 3154 2969 exnrimendos
3205 2929 3461 2969 censeam
3494 2915 3754 2969 Niarum.

2111 2913 2224 2983 logi
2261 2925 2386 2983 pag.
2423 2912 2516 2969 404
2573 2913 2707 2968 licet
2753 2916 3154 2984 exprimendos
3205 2929 3461 2970 censeam
3494 2915 3754 2980 Nigrum,

2108 2989 2158 3039 et
2187 2984 2560 3056 Camerinum.
2589 2992 2656 3056 ut
2689 2986 2744 3040 in
2777 2987 3143 3042 restitutione
3173 2999 3451 3056 germanae
3484 2985 3758 3040 lectionis

2112 3056 2352 3125 praestiti
2381 3070 2504 3126 pag.
2541 3054 2642 3110 442
2657 3064 2890 3129 secutus
2912 3054 3424 3129 antiquos'lapides
3453 3057 3534 3111 ita
3553 3057 3755 3111 consi-

2109 3132 2366 3198 gnantes.
2403 3129 2531 3182 Post
2579 3141 2760 3199 annos
2800 3126 2832 3183 4
2880 3126 3099 3184 solidos
3151 3131 3368 3199 Hygino
3405 3135 3668 3182 assertos
3699 3135 3756 3181 in

2024 3194 2070 3254 Ο
2108 3194 2234 3267 ejus
2265 3199 2516 3253 sectione
2545 3198 2614 3253 ab
2655 3201 2970 3269 Anastasio,
3027 3208 3083 3256 et
3111 3194 3334 3255 caeteris
3361 3199 3754 3264 documentis,

2109 3277 2222 3324 tam
2253 3269 2311 3323 in
2331 3270 2770 3341 Prolegomenis,
2789 3288 2956 3341 quam
2993 3272 3051 3326 in
3069 3273 3250 3340 Notis,
3284 3271 3569 3325 claudunt
3591 3271 3753 3325 illius

2107 3341 2400 3410 epocham,
2434 3348 2490 3395 et
2517 3355 2698 3396 annos
2729 3344 3078 3398 successoris
3108 3343 3378 3411 aperiunt
3397 3342 3656 3411 Severus,
3707 3347 3754 3394 et

2106 3409 2406 3477 Priscinus,
2435 3413 2831 3478 magistratum
2868 3417 3128 3470 ineuntes
3145 3409 3292 3469 anno
3347 3409 3435 3478 i4,
3483 3413 3638 3468 unde
3665 3413 3756 3466 vi—

2109 3484 2374 3555 cennium
2405 3483 2656 3555 solidum
2681 3493 3015 3540 numeratur
3039 3487 3106 3540 ad
3127 3487 3273 3540 duos
3291 3486 3587 3555 Augustos
3612 3497 3757 3538 con-

2108 3554 2264 3610 sules
2294 3555 2430 3609 anni
2465 3552 2586 3621 464,
2619 3557 2912 3625 signantes
2947 3557 3001 3611 in
3042 3557 3311 3611 omnibus
3336 3552 3664 3621 codicibus,
3705 3562 3756 3608 et

2108 3626 2386 3696 catalogis
2420 3627 2724 3681 terminum
2780 3628 2941 3683 illius
2975 3627 3283 3697 pontiﬁcis,
3333 3626 3434 3696 qui
3494 3628 3754 3695 prexime

2111 3697 2400 3766 prazcessit
2418 3699 2686 3765 Soterem,
2713 3701 2980 3754 concordi
3003 3699 3277 3769 suffragio
3297 3698 3633 3754 eorumdem
3657 3711 3754 3769 cof-

2107 3769 2300 3823 dicum
2350 3773 2405 3822 et
2452 3772 2839 3840 calaIOgorum
2877 3771 3045 3825 initia
3077 3767 3233 3825 sedis
3261 3770 3617 3840 obtinentem
3650 3767 3752 3823 sub

2111 3840 2551 3909 proximiscoss.
2575 3838 2872 3896 ltu‘sticoet
2894 3842 3332 3911 Aquilinoanno
3351 3838 3471 3911 462.
3504 3839 3754 3894 Vincen-

2111 3911 2269 3966 nium
2306 3911 2486 3980 igitur
2517 3913 2799 3983 integrum
2827 3927 2894 3967 ex
2915 3909 3064 3968 anno
3098 3909 3190 3966 444
3227 3913 3293 3966 ad
3322 3909 3414 3966 464
3453 3912 3635 3966 certis
3664 3912 3756 3965 do-

2107 3986 2394 4038 cumentis
2424 3991 2816 4038 enumeratum
2848 3985 3104 4038 dividere
3149 3990 3369 4052 oportet
3420 3983 3572 4037 duos
3608 3985 3753 4036 inter

2109 4053 2429 4124 pontiﬁces.
2459 4067 2703 4124 quorum
2753 4056 2911 4122 prior
2961 4055 3237 4109 habeatur
3268 4056 3425 4118 Pius,
3473 4056 3751 4108 Anicetus

2105 4139 2236 4181 vero
2263 4127 2567 4190 secundus,
2596 4139 2662 4181 ex
2711 4127 2914 4182 ordine
2941 4127 3346 4189 successionis,
3403 4125 3634 4180 idoneis
3664 4132 3751 4178 te-

2107 4197 2296 4254 stibus
2321 4199 2435 4266 jam
2485 4198 2731 4252 ﬁrmato.
2770 4199 3022 4266 Quaestio
3055 4199 3236 4267 igitur
3265 4200 3433 4252 unica
3460 4202 3744 4264 superest,

2108 4275 2280 4339 quota
2317 4281 2445 4336 pars
2475 4269 2647 4337 hujus
2673 4271 2923 4324 vicennii
2953 4269 3396 4338 sitassignanda
3427 4268 3551 4339 Pio.
3579 4275 3744 4339 quota

2106 4337 2368 4395 Aniceto.
2407 4340 2734 4408 Descriptor
2765 4342 3043 4410 antiquus
3081 4337 3326 4410 cataIOgi
3359 4338 3651 4392 Liberiani
3679 4337 3745 4390 ab

2110 4412 2214 4466 hac
2248 4411 2516 4479 indagine
2541 4425 2601 4465 se
2628 4410 2795 4466 facile
2821 4409 3049 4475 exemit,
3085 4409 3298 4466 omisso
3334 4409 3595 4477 Aniceto,
3640 4424 3742 4463 cu-

2103 4484 2200 4552 jus
2247 4495 2447 4536 nomen
2501 4483 2702 4537 lacuna
2754 4483 3178 4552 obliteraverat,
3241 4483 3373 4537 licet
3400 4483 3652 4536 [remeas
3696 4485 3744 4532 et

2107 4553 2458 4624 Hegesippus
2492 4554 2772 4624 integram
2805 4559 3187 4623 prmservaret,
3219 4568 3350 4609 cum
3390 4553 3621 4607 caeteris
3644 4553 3743 4605 Pa-

2030 4607 2083 4669 D
2109 4607 2327 4689 tribus:
2352 4607 2662 4696 'catalogis’,
2689 4607 3100 4696 ichronologis,
3125 4607 3466 4691 historicis,
3526 4630 3739 4696 tantum

2109 4696 2455 4766 pontiﬁcem,
2489 4694 2788 4751 et'Christi
2822 4694 3124 4766 martyrem
3157 4710 3266 4751 non
3294 4696 3519 4751 oblitis.
3575 4694 3744 4748 Nobis

2105 4768 2413 4838 estindago
2436 4768 2708 4837 temporis
2726 4768 2809 4822 Pii
2835 4769 3242 4835 conﬁrmanda,
3273 4767 3407 4822 licet
3431 4767 3490 4821 in
3509 4767 3742 4821 Aniceto

2105 4839 2250 4894 satis
2282 4839 2515 4908 probata
2539 4839 2722 4894 videri
2759 4841 2958 4908 possit.

2174 4911 2229 4965 Si
2277 4911 2511 4978 picturae
2553 4911 2614 4965 S.
2657 4910 2814 4965 Pauli
2847 4910 3091 4978 epochas
3124 4909 3376 4980 integras
3409 4908 3744 4964 exhiberem

2105 4981 2213 5037 sub
2245 4981 2599 5051 imaginibus
2631 4982 2714 5037 Pii
2761 4987 2818 5036 et
2849 4982 3090 5047 Aniceti,
3124 4982 3245 5036 sola
3284 4982 3617 5036 earumdem
3653 4981 3744 5035 in-

2105 5053 2319 5122 spectio
2350 5052 2505 5107 litem
2531 5053 2844 5108 dirimeret.
2881 5055 3082 5109 Verum
3113 5052 3328 5108 Soteris
3348 5052 3586 5122 quidem
3607 5065 3744 5121 epo-

2105 5125 2210 5179 cha
2234 5124 2380 5194 (qua:
2411 5123 2788 5194 subsequitur
2803 5124 3125 5194 Anicetum)
3157 5125 3376 5194 integra
3398 5133 3669 5192 superest
3690 5126 3743 5177 in

2106 5195 2390 5250 renovatis
2419 5209 2450 5249 a
2479 5195 2877 5252 Nicolaolliad
2893 5196 3210 5264 exemplum
3226 5195 3396 5249 seriei
3422 5195 3743 5261 Leonianae,

2102 5267 2271 5334 cujus
2297 5267 2519 5320 numeri
2547 5273 2831 5322 vetustate
2856 5268 3182 5336 consumpti
3210 5268 3267 5321 in
3289 5266 3618 5334 Soterejam
3645 5281 3746 5321 ex—

2101 5339 2399 5408 ciderunt;
2433 5343 2501 5408 et
2537 5340 2837 5408 perspicue
2885 5341 3144 5395 cernitur
3191 5339 3666 5408 expressagannis
3693 5340 3746 5398 9.

2103 5355 2399 5407 ClﬂBl‘Uﬂl;
2433 5355 2489 5391 ει
2537 5355 2664 5407 βενε
2711 5355 2837 5394 10118
2885 5355 3144 5395 cernitur
3191 5355 3458 5408 expressa
3487 5355 3666 5392 annis
3693 5355 3746 5398 υ,

2103 5422 2281 5465 mens.
2309 5405 2360 5472 3,
2394 5407 2601 5465 diebus
2630 5355 2720 5477 (24),
2747 5417 2810 5466 ιιι
2836 5411 2894 5464 in
2917 5411 3064 5465 serie
3088 5409 3424 5479 pontiﬁcum
3455 5407 3749 5463 Romano~

2103 5494 2230 5536 rum
2259 5481 2407 5535 inter
2438 5481 2836 5552 Prolegomena
2888 5482 3067 5552 edidi.
3115 5483 3174 5535 ln
3205 5481 3336 5536 sede
3378 5485 3573 5552 autem
3612 5493 3750 5549 pro-

2103 5551 2252 5607 xima
2299 5557 2430 5606 ante
2456 5549 2703 5608 Soterem
2758 5551 2946 5623 (quam
2979 5551 3180 5607 referri
3215 5553 3330 5620 jam
3359 5549 3630 5605 diximus
3678 5552 3744 5606 ad

2100 5622 2421 5695 Anicetum)
2456 5622 2940 5695 legiturin'Serie
2971 5623 3252 5678 Leoniana
3302 5626 3599 5689 superstes
3633 5636 3747 5695 nu-

2103 5707 2293 5748 merus
2321 5692 2599 5750 annorum
2635 5692 2692 5750 44
2724 5714 2735 5750 :
2774 5696 3055 5750 mensium
3077 5701 3132 5750 et
3173 5695 3400 5749 dierum
3434 5700 3604 5747 notas
3640 5692 3712 5746 ab

2100 5766 2349 5833 sumpsit
2373 5771 2532 5820 aetas.
2573 5767 2701 5820 Era
2735 5767 3074 5835 przecedens,
3109 5779 3233 5836 qua:
3254 5766 3323 5819 ad
3357 5764 3523 5818 Pium
3559 5764 3750 5834 perii-

2099 5843 2212 5907 net,
2229 5835 2606 5891 inLeonianis
2623 5839 2868 5906 picturis
2887 5835 3188 5907 absumpto
3203 5847 3439 5893 numero
3451 5847 3745 5907 annorum

2101 5920 2167 5964 ac
2202 5905 2467 5980 dierum,
2525 5905 2828 5980 praeservat
2867 5905 3154 5981 integrum
3204 5920 3433 5968 versum
3487 5905 3741 5964 medium
