4036 6174
246 362 387 433 4224

1179 366 1508 428 HISTORIA
1558 371 1649 428 DE
1696 373 1868 430 VlTIS
1921 369 2091 429 ROM.
2151 368 2353 429 PONT.
2381 374 2529 430 --S.
2582 374 2746 430 PIUS.

3517 371 3658 435 4222

250 505 383 569 cum
414 493 636 550 iudicio
660 493 945 569 mensium
968 493 1144 569 trium
1171 494 1254 550 ita
1284 495 1509 566 signato
1534 496 1607 569 Mr.
1629 495 1717 549 lli.
1742 494 1990 569 _D_.....'A
2018 495 2209 569 etiam,
2260 500 2343 569 ut
2382 509 2569 566 spero,
2620 495 3064 553 manifestabunt
3119 502 3173 554 et
3221 502 3517 569 componet
3592 495 3655 555 ni

250 564 332 617 Ex
362 569 457 623 his
482 572 729 620 attamen
785 566 1054 636 reliquiis
1080 564 1447 622 numerorum
1495 566 1636 621 satis
1673 566 1905 621 evidens

250 638 646 694 testimonium
680 638 898 709 accedit
929 642 1179 707 quatuor
1197 638 1475 709 catalogis
1491 636 1906 693 vetustioribus

252 709 432 765 Italize
467 728 477 762 ε
507 709 561 763 in
584 707 798 778 quibus
822 709 1047 776 epochte
1069 722 1349 765 annorum
1372 707 1429 763 44
1453 709 1747 764 adduntur
1759 721 1906 763 men-

251 792 343 836 ses
374 780 407 836 4
445 785 502 836 et
525 779 652 834 dies
675 780 709 834 3
737 796 752 849 -,
777 779 945 835 alteri
976 787 1163 835 autem
1188 781 1414 850 epochae
1432 781 1730 850 proximae,
1757 792 1896 835 com-

255 851 434 919 plenti
488 851 817 922 vicennjum
856 863 955 920 per
981 864 1161 907 annos
1189 852 1328 907 8vel
1356 850 1391 907 9
1427 853 1721 907 adduntur
1752 863 1904 922 quo—

252 938 365 993 que
423 935 640 978 menses
682 919 736 994 3,
789 919 868 977 ad
911 923 1215 994 imaginem
1272 924 1356 978 Pii
1424 919 1784 990 pertinentes
1840 922 1900 976 in

255 995 508 1062 picturis
560 993 748 1048 aetatis
797 994 1129 1049 Leonianai:
1165 1000 1221 1050 et
1275 995 1683 1064 exprimuntur
1727 994 1899 1049 etiam

250 1065 379 1121 dies
412 1064 466 1134 3,
520 1065 603 1120 uti
645 1064 904 1120 diximus
938 1066 995 1118 in
1022 1065 1460 1137 Prolegomenis.
1485 1068 1623 1137 Cum
1645 1079 1777 1120 vero
1800 1078 1903 1119 sa-

250 1137 332 1192 tis
358 1137 729 1205 ostenderim,
756 1149 1040 1207 rnumeros
1097 1136 1328 1192 illorum
1368 1136 1755 1207 catalogorum
1783 1137 1901 1190 Ita—

250 1208 347 1263 liae
378 1210 700 1276 descriptos
742 1206 923 1263 fuisse
958 1221 1026 1262 ex
1081 1208 1329 1277 picturis
1376 1207 1747 1263 basilicarum
1796 1218 1901 1276 pa-

251 1279 683 1348 triarcbalium,
742 1291 984 1349 quarum
1043 1279 1101 1333 in
1164 1279 1401 1335 Paulina
1457 1287 1645 1349 partes
1691 1290 1902 1346 super-

251 1356 443 1421 sunt,r
490 1349 765 1421 catalogir
807 1349 994 1405 Italici
1060 1350 1304 1421 gratiam
1380 1351 1525 1405 hanc
1579 1349 1899 1421 rependunt

249 1423 380 1478 suis
420 1419 701 1481 fontibus.
755 1420 862 1476 hoc
917 1425 1004 1476 est
1042 1419 1290 1490 picturis
1344 1422 1533 1476 atatis
1580 1420 1895 1488 Leonianae,

250 1499 316 1549 ut
356 1493 624 1549 subsidio
676 1491 796 1547 sint
837 1491 903 1545 ad
957 1492 1305 1561 supplendas
1355 1492 1680 1548 earumdem
1730 1491 1900 1545 lacu—

249 1578 378 1620 nas.
406 1565 593 1633 Quare
636 1562 869 1618 illorum
917 1565 1318 1618 auctoritatem
1349 1562 1551 1631 secuti,
1592 1575 1898 1631 possumus

241 1636 379 1706 jure
428 1635 706 1706 tribuere
731 1633 988 1700 Aniceto,
1023 1635 1123 1706 qui
1176 1634 1423 1706 Soterem
1461 1635 1716 1706 proxime
1748 1646 1899 1706 prte—

245 1702 407 1762 cedit
435 1718 616 1761 annos
649 1702 735 1768 44,
771 1718 990 1776 menses
1018 1702 1069 1773 4,
1097 1705 1224 1776 dies
1249 1703 1303 1774 3,
1348 1711 1404 1760 et
1435 1706 1534 1776 Pio
1560 1705 1660 1776 qui
1688 1705 1899 1776 Anice-y

249 1784 373 1834 tum
407 1778 696 1833 antecedit
724 1789 905 1831 annos
930 1775 967 1830 8
993 1777 1077 1831 vel
1132 1774 1182 1830 9.
1236 1789 1454 1832 menses
1477 1775 1531 1838 3,
1559 1774 1686 1831 dies
1705 1774 1739 1831 3
1763 1774 1897 1829 Dixi

244 1854 441 1904 autem
472 1848 532 1903 in
582 1848 680 1903 Pio
711 1860 890 1918 annos
935 1844 972 1902 8
997 1847 1081 1902 vel
1110 1845 1146 1902 9
1172 1848 1309 1918 quia
1340 1848 1456 1902 duo
1509 1860 1578 1902 ex
1624 1846 1900 1917 catalogis

248 1920 428 1976 [taliae
448 1919 775 1976 octennium
794 1917 1214 1986 exhibent,duo
1237 1918 1445 1987 reliqui
1463 1918 1896 1973 hancsummam

245 1996 460 2062 augent
484 1992 725 2046 unitate.
754 1991 1086 2045 Nostrarum
1115 1991 1231 2058 jam
1253 1991 1367 2045 erit
1388 1991 1643 2062 partium
1679 1989 1897 2062 utrius-

246 2060 366 2132 que
396 2063 649 2117 rationes
678 2073 1017 2130 componere
1045 2075 1172 2115 cum
1198 2060 1540 2132 consulibus
1560 2061 1894 2132 assignatis,

244 2128 304 2189 et
325 2133 584 2203 duplicis
599 2133 775 2202 hujus
797 2128 923 2187 terte
950 2131 1138 2187 Pianze
1164 2141 1284 2189 tum
1313 2130 1350 2188 8
1366 2144 1669 2203 annorum,
1691 2128 1820 2187 tum
1840 2128 1895 2200 9,

246 2210 537 2261 momenta
569 2206 901 2275 ponderare.

320 2351 473 2404 inter
500 2346 924 2419 Proiegomena,
955 2345 1015 2400 in
1060 2344 1209 2419 serie
1236 2344 1569 2415 pontificum
1610 2345 1899 2419 Romano:

245 2433 402 2490 rum,
432 2419 530 2475 ubi
550 2415 756 2490 collegi
785 2418 1115 2473 testimonia
1130 2423 1353 2490 potiora
1381 2431 1506 2488 qua:
1530 2415 1895 2490 pertinentad

243 2488 420 2546 teram
471 2488 724 2546 duorum
785 2490 1032 2544 istorum
1082 2488 1418 2559 pontiﬁcatu
1465 2488 1894 2559 stabiliendam,

246 2562 752 2632 pluraobservavi:
777 2562 1048 2631 primum,
1081 2558 1688 2632 permutatasinvicem
1717 2558 1897 2632 fuisse

247 2630 311 2688 in
336 2633 682 2703 quibusdam
704 2633 982 2703 catalogis
1006 2632 1249 2701 epochas
1262 2631 1570 2701 utriusque
1586 2630 1894 2703 pontiﬁcis,

244 2702 609 2760 occasionem
640 2702 925 2773 praebente
964 2704 1170 2772 Optato
1192 2703 1541 2771 Milevitano,
1568 2702 1705 2757 dum
1734 2702 1898 2756 Pium

243 2776 488 2831 Aniceto
547 2776 859 2845 postponit,
917 2789 1080 2840 quem
1129 2773 1479 2845 Hegesippus
1532 2779 1589 2828 et
1648 2776 1900 2845 Irenaaus

247 2854 425 2903 testes
455 2844 764 2918 syn’chroni
804 2845 1205 2915 praeponebant
1233 2844 1548 2918 ;secundo,_
1576 2844 1898 2914 catalogum

243 2914 706 2974 vetustissimum
732 2914 1246 2973 aetatisLiberianaa
1260 2917 1355 2971 hic
1385 2914 1652 2970 mutilum
1678 2918 1902 2970 etluxa-

245 2996 371 3045 tum
431 2990 669 3045 reticere
711 2990 943 3059 quidem
982 2988 1305 3055 Anicetum,
1351 2987 1543 3059 etrPio
1583 2986 1902 3059 attribuere

245 3067 433 3116 totum
469 3057 800 3116 vicennium
828 3061 1219 3131 (librariorum
1243 3072 1391 3113 ausu
1422 3057 1659 3131 lacunas
1679 3058 1900 3131 codicis

246 3132 519 3202 imperite
544 3129 888 3203 supplenle),
917 3132 1013 3186 sed
1045 3133 1103 3185 in
1129 3130 1441 3203 exemplari
1464 3129 1717 3203 Caesareo
1736 3129 1899 3198 ejus-

2018 563 2206 639 fallor,
2239 563 2619 623 diﬁ‘erentiam
2648 569 2923 638 octennii,
2951 582 3015 624 ac
3046 569 3311 625 novennii
3333 563 3656 639 promiscue

2013 638 2276 693 attributi
2308 651 2340 693 a
2365 640 2612 695 diversis
2649 640 2927 712 catalogis
2972 640 3152 696 eidem
3182 641 3299 696 Pio.

2084 727 2418 797 Martyrium
2455 728 2539 783 Pii
2582 729 2926 798 consignant
2952 730 3213 786 Romanae
3258 728 3525 786 Ecclesiae
3562 733 3655 787 ta-

2014 796 2259 865 bularia,
2296 796 3232 872 suifragantibuszeda.Usuardo,
3265 801 3481 872 Adone,
3502 801 3658 857 aliis-

2013 883 2123 938 que
2141 870 2562 941 Martyrologiis
2586 871 2678 926 die
2700 869 2756 925 l-l
2778 871 2919 927 Julii
2944 889 2959 940 ;
2984 871 3209 928 Aniceti
3236 886 3368 941 vero
3388 869 3651 928 coronam

2011 941 2203 1013 eadem
2250 939 2581 1013 testimonia
2641 941 2897 998 referunt
2924 939 2991 998 ad
3026 943 3177 1013 diem
3224 939 3297 1013 17
3318 943 3554 1013 Aprilis.
3596 944 3655 1000 Si

2010 1011 2235 1085 Aniceti
2263 1011 2469 1085 beatus
2488 1012 2678 1085 exitus
2703 1014 2948 1085 contigit
2977 1026 3126 1069 anno
3155 1010 3258 1069 462
3280 1010 3387 1084 (uti
3414 1027 3482 1070 ex
3516 1028 3657 1070 suc-

2010 1083 2273 1155 cessoris‘
2293 1083 2508 1139 Soteris
2542 1082 2710 1155 initio
2754 1082 2995 1154 constat,
3046 1082 3656 1155 signato'consulibus

2011 1155 2147 1209 anni
2178 1149 2280 1226 462
2311 1155 2552 1226 Rustico
2585 1161 2640 1210 et
2685 1149 3027 1226 Aquilino);
3057 1149 3191 1211 et'si
3222 1156 3436 1226 epocha
3466 1168 3656 1212 anno—

2013 1239 2138 1279 rum
2167 1223 2225 1300 ii
2261 1225 2316 1279 in
2350 1225 2616 1300 picturis,
2656 1232 2711 1281 et
2734 1223 2791 1300 in
2837 1223 3118 1300 cartalogis
3143 1223 3656 1300 superstesnume-

2010 1301 2098 1350 rat
2123 1297 2295 1367 etiam
2332 1310 2549 1352 menses
2592 1294 2710 1353 iac
2737 1297 2860 1353 dies
2884 1296 2919 1352 3
2959 1294 3229 1367 ejusdem
3264 1298 3650 1367 episcOpatus,

2006 1372 2152 1492 guot
2179 1366 2266 1422 illi
2297 1368 2672 1439 assignantur
2714 1369 2771 1424 in
2821 1366 3078 1439 catalOgo
3104 1366 3313 1424 Felicis
3338 1366 3370 1423 4
3400 1375 3655 1424 retroce—

2048 1437 2193 1492 endo
2227 1451 2324 1492 uer
2344 1452 2526 1492 annos
2548 1438 2633 1492 44.
2678 1453 2854 1492 mens.
2881 1437 2913 1492 4
2940 1447 2997 1492 et
3021 1440 3146 1492 dies
3171 1438 3205 1492 3
3243 1439 3496 1492 eiusdem
3527 1438 3655 1492 eoi-

2048 1437 2193 1493 endo
2227 1451 2324 1507 per
2344 1437 2526 1495 annos
2548 1438 2633 1507 44,
2678 1453 2854 1495 mens.
2881 1437 2913 1494 4
2940 1437 3146 1495 etdies
3171 1438 3205 1494 3
3243 1439 3496 1509 ejusdem
3527 1438 3660 1509 cpi-

2008 1514 2296 1578 scopatus,
2322 1511 2652 1579 pervenitur
2668 1512 2735 1566 ad
2759 1511 2912 1566 diem
2942 1509 3007 1566 45
3031 1507 3357 1567 Decembris
3376 1511 3512 1565 anni
3529 1507 3650 1579 449,

2010 1593 2134 1650 qua":
2155 1595 2283 1635 cum
2312 1582 2390 1636 sit
2418 1582 2717 1637 Dominica
2744 1579 2831 1651 (eo
2860 1595 3010 1637 anno
3041 1582 3154 1637 sibi
3200 1583 3528 1637 vindicante
3552 1582 3651 1637 lit-

2008 1658 2185 1706 teram
2216 1652 2625 1707 Dominicalem
2657 1654 2738 1720 F),
2781 1660 2913 1722 apta
2945 1653 3239 1709 invenitur
3268 1654 3524 1722 ejusdem
3550 1666 3652 1709 οι·-

2007 1722 2293 1778 dinationi
2316 1724 2383 1778 ad
2416 1724 2828 1793 episcopatum,
2852 1724 2972 1779 sive
2999 1723 3374 1779 adhiberetur
3395 1725 3652 1780 vncarius

2008 1794 2129 1863 Pio,
2156 1794 2333 1849 vitam
2356 1794 2544 1864 adhuc
2566 1795 2901 1864 producenti
2923 1795 2992 1850 ad
3016 1796 3489 1850 mensemJulium
3512 1795 3649 1851 sub-

1937 1870 1986 1930 Β
2009 1866 2303 1935 sequentis
2332 1866 2471 1920 anni
2508 1863 2627 1933 450,
2658 1867 2779 1936 sive
2809 1866 3201 1921 destinaretur
3218 1866 3524 1936 episcopus
3552 1866 3649 1921 Ec.

2007 1935 2198 1991 clesia:
2225 1937 2403 1992 alicui
2438 1944 2691 1993 recenter
2730 1935 2979 1993 fundata:
3004 1955 3018 2005 ;
3050 1950 3175 1992 nam
3198 1935 3427 1993 et’banc
3451 1937 3648 1992 vicarii

2010 2008 2267 2062 muneris
2310 2009 2379 2063 ad
2438 2014 2663 2076 tempus
2732 2007 3060 2063 conferendi
3113 2021 3343 2064 causam
3392 2007 3650 2077 exemplo

2006 2078 2397 2148 apostolorum
2422 2078 2741 2149 adhibitam
2774 2078 3058 2148 placuisse
3088 2079 3384 2149 prioribus
3407 2078 3524 2134 illis
3547 2080 3654 2135 Ro-

2012 2152 2199 2204 manis
2243 2149 2614 2219 pontiﬁcibus
2649 2148 2817 2204 fateri
2841 2148 3251 2218 oportet.”Cum
3284 2150 3509 2206 scilicet
3537 2150 3651 2218 epi-

2010 2234 2212 2289 scopos
2239 2234 2337 2289 per
2383 2220 2608 2275 diversa
2639 2221 2759 2275 loca
2785 2221 3073 2290 ordinare,
3096 2226 3152 2276 et
3192 2221 3327 2276 hinc
3356 2220 3652 2276 dimittere

2011 2292 2156 2361 ipsis
2187 2304 2413 2347 necesse
2444 2290 2607 2359 foret,
2634 2297 2805 2360 prout
2829 2290 3092 2348 fundatio
3116 2305 3389 2348 novorum
3420 2292 3652 2361 episco—

2009 2368 2246 2433 patuum
2271 2363 2618 2433 requirebat,
2645 2376 2756 2418 non
2783 2369 2915 2419 esta
2942 2365 3166 2419 ratione
3185 2363 3436 2418 alienum
3464 2362 3651 2418 crede.

2010 2447 2069 2489 re
2109 2434 2266 2503 ipsos
2308 2434 2579 2504 voluisse,
2626 2435 2800 2489 etiam
2836 2435 2994 2489 nulla
3028 2437 3420 2503 persecutione
3452 2433 3651 2489 Eccle-

2007 2506 2152 2560 siam
2181 2505 2467 2573 turbante,
2491 2518 2753 2561 exercere
2772 2505 3130 2575 presbyteros
3154 2506 3526 2574 ordinandos,
3549 2508 3650 2560 aut

2008 2588 2205 2632 recens
2229 2576 2528 2632 ordinatos
2551 2577 2853 2646 episc0pos
2884 2579 3162 2646 tantisper
3190 2577 3446 2631 detinere
3469 2583 3525 2630 et
3554 2588 3650 2630 oc-

2007 2659 2217 2717 cupare
2236 2648 2744 2703 administratione
2773 2649 2987 2703 vicaria
3016 2649 3384 2717 episcopatus
3409 2646 3644 2715 Urbani,

2008 2719 2174 2790 quasi
2197 2716 2524 2774 formandos
2543 2720 2949 2787 experimento,
2974 2716 3279 2789 antequam
3304 2719 3528 2775 eosdem
3549 2717 3651 2772 di-

2011 2790 2303 2845 mitterent
2322 2790 2391 2845 ad
2415 2790 2576 2845 sedes
2608 2790 2753 2859 ipsis
2774 2790 3109 2846 destinatas.
3150 2792 3260 2845 Hoc
3282 2795 3473 2845 autem
3503 2794 3649 2859 tyro-

2010 2862 2155 2916 cinii
2184 2867 2455 2930 tempore,
2475 2868 2535 2916 ut
2552 2861 2629 2915 ita
2647 2862 2856 2931 dicam,
2873 2862 2922 2917 si
2951 2862 3310 2932 contingeret
3335 2862 3649 2932 Romanum

2013 2931 2338 3003 pontiﬁcem
2384 2933 2500 2987 vita
2524 2933 2811 3003 excedere,
2847 2929 2911 2986 et
2939 2932 3080 3003 cleri
3111 2929 3321 2986 urbani
3354 2929 3652 3001 suﬁ'ragiis

2009 3002 2266 3060 eumdem
2300 3003 2400 3072 qui
2432 3003 2688 3058 vicarius
2730 3002 2918 3058 fuerat
2948 3002 3086 3072 eligi
3109 3014 3526 3072 successorem,
3549 3005 3650 3072 ut-

2011 3082 2140 3144 pote
2172 3074 2228 3128 in
2266 3070 2588 3130 ministerio
2624 3072 2939 3141 pontificali
2986 3070 3286 3144 probatum
3329 3073 3385 3127 in
3444 3070 3650 3141 primis

2010 3143 2299 3208 idoneum,
2336 3145 2387 3199 is
2431 3144 2501 3198 ad
2533 3144 2880 3198 universalis
2910 3143 3175 3198 Ecclesiae
3198 3144 3447 3213 regimen
3477 3154 3651 3197 voca-

240 3200 373 3283 dcm
403 3200 673 3283 catalogi’
711 3203 805 3258 ubi
840 3200 1043 3283 lacuna
1089 3203 1151 3283 inn
1182 3200 1438 3283 numeris
1466 3201 1659 3283 laesit,
1681 3214 1897 3283 oppor-

2012 3200 2135 3278 tus,
2157 3200 2377 3283 poterat
2402 3215 2471 3269 ad
2504 3214 2813 3269 Ecclesiam
2843 3213 2960 3268 sibi
2986 3200 3291 3281 decretam:
3310 3220 3368 3268 et
3396 3213 3648 3268 nondum

240 3280 386 3329 tuue
446 3271 705 3330 exhiberi
755 3274 1021 3330 consules
1091 3273 1453 3329 Gallicanum
1502 3277 1559 3326 et
1621 3271 1892 3340 Veterem,

238 3346 470 3401 Aniceti
517 3346 756 3401 exordio
814 3344 1151 3400 attributos.
1198 3346 1314 3399 Hoc
1346 3354 1460 3397 uno
1496 3342 1717 3397 indicio
1748 3342 1895 3398 satis

243 3418 679 3472 instruimurad
696 3423 998 3487 utramque
1023 3427 1192 3470 teram
1218 3414 1629 3483 complendam.
1654 3414 1712 3487 Si
1739 3412 1893 3468 enim

237 3490 515 3544 consules
542 3489 877 3544 Gallicanus
905 3484 961 3543 et
990 3488 1151 3543 Veter
1177 3487 1297 3557 (seu
1329 3488 1609 3557 Vetus,ut
1630 3484 1733 3557 alii
1770 3497 1894 3538 ma-

235 3559 395 3632 lunt)
417 3562 553 3615 anni
581 3559 700 3626 450,
731 3562 963 3631 signant
992 3556 1566 3632 exordiumAniceti,
1587 3556 1685 3632 cui
1711 3568 1893 3632 annos

238 3629 303 3686 44
336 3626 557 3687 solidos
588 3626 826 3700 picturae
852 3638 1087 3696 veteres,
1121 3635 1177 3684 et
1201 3628 1426 3683 codices
1454 3627 1688 3700 perinde
1716 3626 1895 3700 attri-

237 3702 436 3758 buunt
473 3721 488 3771 ;
522 3697 749 3758 necesse
790 3710 878 3758 est
908 3711 1295 3757 successorem
1340 3701 1589 3771 Soterem
1635 3697 1895 3771 obtinere

236 3769 514 3831 consules
538 3775 676 3829 anni
701 3772 821 3843 462,
842 3774 1142 3828 Rusticum
1172 3777 1228 3825 et
1251 3769 1893 3843 Aquilinum._Eosdem

234 3858 378 3901 vero
421 3846 646 3902 obtinet
700 3846 757 3899 in
804 3839 1083 3915 catalogis
1130 3841 1395 3915 integris,
1451 3839 1684 3915 perinde
1736 3854 1802 3894 ac
1827 3841 1894 3915 in

235 3918 471 3973 cieteris
534 3916 834 3972 codicibus
889 3910 1277 3970 enu'merat'is'
1318 3914 1376 3965 in
1451 3910 1892 3983 Prolegomenis.

234 3991 609 4059 Consequens
659 3989 841 4059 igitur
864 3998 951 4042 est
978 3994 1040 4041 ut
1063 3991 1191 4059 octo
1220 3984 1378 4054 paria
1403 3983 1726 4059 consulum,
1771 3996 1897 4059 quae

235 4051 560 4128 supersunt
587 4072 655 4113 ex
684 4051 900 4115 Severo
926 4065 983 4113 et
1010 4051 1271 4112 Priscino
1310 4067 1460 4128 anno
1493 4051 1587 4109 444
1624 4051 1896 4110 clauden-

240 4126 406 4185 tibus
461 4131 665 4201 Hygini
713 4129 1131 4201 pontiﬁcatum,
1159 4128 1239 4201 ad
1254 4126 1528 4201 proxime
1556 4130 1896 4201 memoratos

234 4195 607 4258 Gallicanum
657 4195 991 4258 et'Vetercm
1034 4195 1172 4255 anni
1216 4195 1319 4254 450
1348 4198 1670 4267 aperientes
1707 4197 1896 4252 sedem

232 4273 491 4341 Aniceti,
521 4274 842 4343 pertineant
866 4272 934 4328 ad
970 4272 1131 4343 Pium
1164 4272 1299 4341 ;cui
1334 4276 1631 4343 propterea
1660 4267 1898 4343 pontiﬁ-

238 4350 412 4400 catus
437 4340 619 4400 aunos
635 4346 690 4415 8,
726 4357 948 4400 menses
969 4341 1023 4411 3,
1057 4340 1296 4415 diequue
1324 4340 1559 4415 totidem
1586 4340 1894 4415 assignabo

236 4429 313 4470 ex
346 4417 642 4487 catalogis,
678 4411 829 4472 'olim
889 4412 1194 4484 descriptis
1223 4427 1255 4487 e_
1283 4412 1529 4482 picturis
1568 4411 1893 4487 earumdem

237 4481 661 4543 basilicarum}
705 4488 804 4543 ubi
851 4501 1003 4542 nunc
1056 4481 1295 4555 vestigia
1356 4487 1664 4555 memorata
1722 4481 1896 4537 istius

232 4561 473 4629 epochas
523 4561 581 4613 in
609 4559 861 4615 ternario
892 4554 1274 4629 mensiumM.
1309 4556 1400 4624 lli,
1446 4554 1599 4629 clare
1627 4560 1897 4629 spectan-

232 4622 361 4685 tur.
396 4630 573 4686 Malui
591 4638 775 4686 tamen
804 4630 943 4686 folio
972 4627 1043 4685 92
1070 4628 1296 4684 eosdem
1323 4622 1591 4681 consules
1606 4626 1741 4680 anni
1769 4622 1893 4697 444,

226 4702 507 4757 Severum
556 4710 611 4757 et
665 4702 1006 4772 Priscinum,
1034 4705 1349 4772 postremos
1406 4697 1612 4772 Hygini
1644 4704 1896 4772 repetere

234 4774 303 4828 in
342 4774 457 4842 Pio,
490 4773 659 4844 eique
680 4780 978 4845 propterea
994 4768 1288 4845 ascribere
1313 4768 1747 4845 cumncatalogis
1772 4769 1897 4845 Ber-

231 4838 516 4921 gomensi
533 4838 591 4921 et
617 4838 873 4921 Fafrfensi
905 4857 1084 4899 annos
1107 4841 1163 4909 9,
1193 4853 1414 4921 menses
1441 4838 1495 4910 3,
1518 4839 1646 4921 dies
1673 4839 1729 4921 3ζ
1757 4840 1894 4921 quia

233 4911 304 4971 i'n
347 4917 584 4992 exordio
619 4916 700 4992 Pii
724 4919 989 4992 Severum
1009 4913 1301 4992 consulem
1333 4911 1892 4992 recensentrcatalogi

222 4988 425 5043 aetatis
452 4987 662 5044 Liberii
691 4995 745 5045 et
772 4987 971 5044 Felicis
1003 4986 1217 5056 quarti,
1252 4995 1468 5039 necnon
1500 4980 1897 5056 Bibliotheca:-

226 5060 389 5129 rius,
424 5059 562 5133 licet
581 5060 856 5133 collegam
894 5051 1125 5133 Clar'urn
1158 5051 1451 5133 perperam
1485 5052 1769 5133 tribuant.
1790 5051 1891 5133 qui

217 5123 387 5187 cum'
424 5131 543 5202 alio
579 5123 781 5187 Sever'o
810 5144 841 5186 e
871 5136 1037 5202 gente
1066 5123 1308 5202 Claudia
1358 5123 1558 5202 consul
1618 5124 1896 5202 processit

214 5215 391 5258 anno
415 5199 533 5269 446,
557 5208 613 5258 et
637 5204 696 5258 in
719 5194 1260 5272 pluribusantiquis
1286 5194 1766 5272 inscriptionibus
1790 5207 1898 5250 me-

2004 3289 2240 3357 aditam,
2265 3286 2513 3341 alterum
2545 3285 2877 3355 subrogare,
2905 3286 3139 3357 cumad
3167 3285 3311 3357 hanc
3340 3284 3646 3357 Romanam

2007 3354 2319 3428 promotus,
2347 3357 2541 3425 inqua
2568 3362 2655 3411 est
2673 3354 2929 3428 omnium
2954 3354 3291 3428 sollicitudo
3320 3354 3646 3428 conjuncta,

2007 3423 2114 3485 non
2152 3423 2380 3499 penitus
2422 3423 2541 3482 eam
2582 3426 3028 3499 derelinqueret,
3055 3426 3153 3482 cui
3182 3425 3438 3497 regendae
3461 3423 3650 3480 fuerat

2001 3497 2347 3557 destinatus.
2377 3499 2579 3555 Verum
2622 3498 2739 3552 haec
2764 3497 2970 3553 obiter.

2072 3588 2375 3659 Ordinatio
2402 3586 2906 3659 igiturAnicetiad
2923 3586 3314 3656 episcOpatum
3335 3584 3445 3659 die
3463 3583 3652 3640 Domi-

2004 3662 2136 3718 nica
2169 3658 2235 3716 45
2265 3653 2589 3714 Decembris
2631 3671 2781 3713 anno
2812 3653 2913 3713 449
2937 3653 3322 3714 commensum
3359 3655 3524 3712 habet
3557 3669 3652 3711 ex-
3704 3706 3713 3711 -

2004 3739 2195 3789 actum
2218 3744 2343 3786 cum
2378 3742 2599 3785 summa
2624 3742 2903 3784 annorum
2939 3725 3020 3797 l0,
3056 3742 3232 3784 mens.
3262 3725 3315 3797 4,
3343 3735 3399 3783 et
3421 3727 3649 3783 dierum

2004 3771 3042 3871 33133E'iﬁ'EthXiHEaEiﬁéb'éEl{Eis
3056 3771 3456 3871 ’ἑίῦὶὶῖηὶῐὼέιῖιῖ
3468 3771 3537 3853 iii
3557 3771 3647 3871 ἱῖῐ

2006 3874 2243 3930 beriano
2263 3872 2647 3938 desideratur,
2673 3869 2878 3927 lacuna
2900 3869 3192 3927 obtinente
3207 3871 3443 3926 initium
3474 3869 3653 3939 perio-

2008 3950 2128 4001 chae
2153 3944 2400 4014 Aniceti,
2431 3951 2486 3997 et
2507 3945 2845 4014 amanuensi
2868 3943 3252 3998 confundente
3281 3948 3337 3997 et
3356 3949 3652 4014 constante

2012 4018 2073 4074 in
2098 4030 2273 4072 unum
2307 4012 2395 4070 Pii
2447 4013 2842 4084 pontiﬁcalum
2876 4017 3182 4084 utriusque
3211 4013 3536 4069 communis
3556 4012 3652 4084 vi-

2007 4089 2198 4145 cennii
2233 4083 2485 4157 partes)’:
2519 4091 2573 4141 et
2602 4085 2843 4141 resultat
2865 4086 3038 4141 etiam
3068 4083 3134 4141 ex
3173 4087 3420 4156 picturis
3458 4083 3654 4140 basili-

2006 4175 2085 4217 cae
2101 4161 2156 4216 S.
2178 4156 2360 4228 Pauli,
2384 4156 2671 4226 suppletis
2702 4171 2801 4227 per
2829 4157 3138 4228 catalogos,
3171 4157 3303 4212 inde
3329 4164 3650 4226 excerptos,

2007 4230 2328 4288 Farfensem
2354 4235 2410 4284 et
2432 4229 2759 4297 Cavensem,
2783 4233 2839 4285 et
2868 4228 3096 4284 collatis
3118 4242 3248 4284 cum
3292 4228 3389 4284 die
3436 4235 3654 4297 marty-

2008 4305 2083 4360 rii
2116 4299 2180 4358 47
2209 4301 2447 4372 Aprilis,
2482 4300 2707 4372 signata
2737 4301 2793 4355 in
2823 4300 3064 4358 Tabulis
3093 4302 3360 4357 Romana:
3384 4298 3653 4356 Ecclesiae

2003 4342 2936 4444 ὲῖίἱι⁸ὢ·ὶῇιῖὄὶοξῆἴίῖἶιίίέαἷῖεἶ

2074 4465 2181 4519 Par
2199 4463 2313 4519 erit
2339 4462 2487 4517 ratio
2512 4474 2874 4517 commensus
2898 4473 3180 4516 annorum
3204 4460 3259 4530 8,
3282 4458 3567 4530 mensium
3593 4455 3647 4527 3,

2004 4549 2070 4591 ac
2093 4536 2320 4591 dierum
2360 4532 2618 4601 totidem,
2655 4534 2753 4587 Pio
2773 4532 3196 4601 assignatorum
3229 4528 3327 4599 per
3363 4528 3653 4601 catalogos

1920 4610 1975 4673 D
2005 4605 2328 4662 Farfensem
2379 4612 2434 4659 et
2474 4600 2925 4673 Bergomensem,
2951 4602 3358 4673 respondentes
3398 4600 3652 4673 residuis

2006 4678 2264 4734 numeris
2290 4673 2546 4730 basilicae
2578 4670 2762 4728 sancti
2794 4671 2976 4739 Pauli,
3011 4671 3162 4727 unde
3186 4670 3516 4741 antiquitus
3544 4683 3653 4725 ex-

2004 4758 2197 4818 ceptos
2232 4745 2412 4802 fuisse
2440 4744 2801 4818 collegimus.
2826 4744 2965 4818 Nam
2999 4756 3066 4797 ex
3098 4742 3194 4818 die
3220 4740 3306 4804 ll,
3333 4740 3479 4818 Julii
3510 4742 3649 4798 anni

2007 4814 2109 4876 4δῦ
2138 4820 2264 4889 ejus
2291 4817 2469 4872 natali
2502 4829 2684 4889 sacra,
2716 4815 2766 4870 si
2792 4814 3120 4869 recedamus
3152 4814 3210 4869 in
3240 4814 3531 4889 anteriora
3554 4826 3652 4882 per

2003 4885 2184 4947 annos
2230 4902 2426 4944 novem
2460 4887 2697 4956 solidos,
2734 4897 2954 4941 menses
2985 4891 3121 4955 tres,
3153 4891 3209 4940 et
3232 4885 3359 4941 dies
3397 4890 3533 4956 tres,
3562 4897 3655 4956 ca~

2003 4964 2099 5019 det
2129 4959 2548 5018 numerationis
2607 4958 2908 5020 terminus,
2967 4957 3212 5012 inclusis
3256 4955 3549 5020 extremis,
3590 4955 3650 5011 in

2001 5035 2154 5090 diem
2185 5034 2220 5088 9
2243 5031 2463 5101 Aprilis
2501 5029 2638 5101 anni
2681 5025 2804 5101 444,
2835 5030 3036 5084 Severo
3060 5033 3117 5084 et
3146 5027 3403 5101 Priscino
3447 5039 3647 5101 consu-

2006 5105 2181 5168 libus,
2216 5099 2315 5175 qui
2372 5100 2652 5175 postremi
2677 5100 3307 5175 assignanturllygino
3335 5099 3644 5175 decessori“.

2007 5179 2218 5233 Pascha
2237 5167 2406 5230 illius
2433 5173 2571 5230 anni
2597 5169 2689 5227 444
2726 5167 2939 5227 incidit
2968 5171 3029 5226 in
3047 5167 3202 5228 diem
3233 5167 3650 5242 sequenteml9

2004 5248 2224 5319 Aprilis
2245 5265 2273 5319 :7
2297 5260 2423 5317 quae
2446 5246 2613 5319 illius
2640 5243 3006 5319 ordinatione
3028 5242 3342 5314 episcopali
3370 5241 3650 5319 insignita

216 5278 515 5330 moratur.
579 5269 863 5330 Consueta
931 5269 1302 5328 libraribrum
1347 5269 1575 5324 incuria
1625 5269 1893 5322 Severum

208 5345 534 5402 consulem
574 5346 713 5399 anni
740 5343 862 5413 444,
891 5342 1420 5415 collegarPriscino,
1466 5338 1893 5415 permutavitin

212 5417 510 5492 Severum
558 5410 855 5492 consulem
893 5410 1187 5492 anniflifi,
1219 5410 1437 5492 collega
1463 5410 1892 5492 Ebuqioplaro.

208 5489 426 5562 Quare
448 5488 791 5544 consulibus
814 5495 892 5545 ita
921 5481 1230 5555 restitutis,
1248 5481 1415 5562 etiam
1429 5481 1741 5562 ex__ind_icjo
1767 5493 1896 5562 con-

213 5553 436 5616 s'ulum
465 5562 726 5629 proxime
758 5553 1223 5633 praecedentium
1254 5556 1316 5610 in
1345 5553 1714 5633 lineilygini,
1742 5558 1798 5605 et
1827 5564 1896 5606 ex

213 5622 526 5705 arnnoru'm
555 5622 778 5687 summa
831 5634 931 5705 Pio
974 5636 1033 5705 et
1075 5630 1313 5705 Aniceto
1354 5622 1723 5705 pontiﬁcibus
1750 5635 1898 5704 con-

214 5704 493 5776 tingenti
552 5718 738 5774 usque
785 5705 852 5760 ad
903 5702 1140 5758 initium
1187 5701 1421 5763 Soteris,
1453 5706 1756 5776 possumus
1781 5701 1899 5776 jam

212 5765 482 5831 facilius
513 5765 743 5846 assequi
774 5778 1055 5849 mensium
1097 5782 1324 5849 quoque
1347 5765 1904 5849 achdierumratio-

218 5856 371 5910 nas,
432 5839 764 5904 eorumdem
808 5848 931 5904 sedi
966 5839 1391 5915 respondentes.
1422 5839 1558 5915 Dies
1595 5839 1902 5915 utriusque

214 5917 509 5989 martyrii
566 5917 983 5979 ecclesiasticis
1030 5910 1092 5975 iii
1135 5913 1351 5972 tabulis
1401 5910 1900 5983 consignatihane

2004 5313 2202 5388 fuerit,
2263 5313 2401 5374 licet
2452 5317 2716 5388 videatur
2768 5315 2974 5388 ret'erri
3022 5313 3107 5388 ex,
3145 5326 3381 5388 numero
3426 5313 3650 5369 unitate

2004 5385 2323 5449 abundanti
2377 5389 2448 5445 ad
2488 5387 2722 5458 vigilias
2748 5385 2867 5441 diei
2901 5386 3291 5456 praecedentis.

2074 5479 2148 5535 At
2173 5478 2447 5549 Hyginus,
2503 5475 2754 5549 inquies,
2773 5475 2956 5549 vitam
3007 5474 3281 5545 produxit
3304 5472 3373 5529 ad
3399 5472 3551 5549 diem
3582 5469 3640 5528 44

2002 5544 2437 5607 Ιθηιιιιιιίἱάηηί
2454 5544 2749 5617 sequentis
2767 5544 2883 5613 442,
2907 5553 2970 5603 ιιι
2987 5544 3156 5617 paulo
3180 5552 3311 5601 ante
3338 5544 3652 5617 statuimus

2010 5624 2069 5680 in
2094 5616 2685 5691 notischronologicis
2709 5619 2776 5673 ad
2811 5619 2936 5689 ejus
2955 5616 3226 5691 epocham
3260 5637 3272 5672 :
3305 5630 3435 5673 cum
3461 5617 3514 5672 ei
3552 5616 3654 5691 tri-

2008 5691 2500 5751 buaturPaschale
2516 5688 2761 5762 tempus,
2789 5688 2849 5747 et
2867 5690 3203 5747 consulatus
3219 5701 3523 5762 supremus
3546 5688 3652 5742 Se-

2008 5766 2126 5823 veri
2145 5765 2481 5835 etPriscini,
2512 5759 2662 5819 anno
2690 5759 2812 5817 444.
2840 5764 2955 5818 Hoc
2982 5763 3170 5832 ipsum
3201 5773 3392 5835 assero
3415 5760 3474 5835 in
3505 5772 3651 5814 cau-

2011 5851 2074 5895 sa
2095 5835 2296 5907 fuisse,
2320 5842 2387 5893 ut
2416 5830 2589 5892 iidem
2620 5834 2906 5903 consules,
2924 5830 3202 5907 idemque
3220 5830 3486 5907 Paschale
3516 5835 3651 5885 tem-

2007 5923 2116 5985 pus
2137 5901 2374 5983 utrique
2396 5908 2763 5981 assignetur:
2794 5901 3015 5980 Hygino
3055 5901 3289 5979 quidem
3328 5901 3650 5961 Pascha-ce-
