4070 6178
221 340 366 397 4925

1170 336 1491 395 HISTORIA
1529 339 1618 393 DE
1657 337 1830 393 VITIS
1867 335 2032 392 ROM.
2079 336 2275 393 PONT.
2313 368 2386 378 —
2423 340 2478 394 S.
2525 340 2692 396 PIUS.

3488 340 3628 403 4226

1477 461 1867 517 LENTVLO.
1904 461 1998 515 ET
2025 463 2372 521 CORVINO

1662 533 1969 587 MESSALA
1981 573 1993 585 .
2035 533 2175 590 COS.

541 606 657 675 QVI
707 606 840 661 HOC
886 604 1350 661 MONIMENTVM
1396 604 1991 660 AEDIFICAVERVNT
2026 606 2167 661 CUM
2211 607 2503 664 VSTRINA

540 693 589 732 L.
619 691 878 732 MAELIVS.
919 692 1095 733 PAPIA.
1125 691 1207 732 ET.
1244 691 1480 732 MAELLA.
1512 690 1730 731 IIILARA.
1763 690 1846 731 ET.
1880 688 2123 732 PROCIVS.
2156 691 2347 734 SVRVS.
2382 693 2465 735 ET.
2497 694 2557 736 Μ.
2586 693 2937 737 CAESENNIVS.
2966 693 3049 735 ET.
3082 694 3279 737 FVRIVS

539 762 856 804 EVCCONIVS.
877 762 995 803 HOC.
1026 762 1411 804 MONINENTVM.
1446 761 1720 803 LIBER'I‘IS.
1756 760 2110 803 LIBERTABVS.
2140 764 2224 805 V'I‘.
2259 764 2347 805 DE.
2376 765 2603 807 NOMINE.
2635 767 2765 809 NON.
2797 765 2974 808 EXEA'I‘

538 835 645 875 ITA.
680 834 801 880 QVI.
837 833 1187 875 TES’I‘AIENTO
1221 833 1426 875 SCRIPTI
1465 833 1696 874 FVERINT

536 893 683 946 SER.
728 892 1159 946 SALVIDIENO.
1201 889 1475 946 ORFITO.
1529 892 1601 945 M.
1647 888 2060 945 PEDVCACEO.
2105 892 2434 948 PRISCINO.
2477 894 2619 952 COS.

542 977 591 1018 IS
621 977 838 1018 LIBERTI
864 976 1234 1018 LIBERTORVM.
1267 976 1361 1017 AD.
1405 975 1540 1023 QVOS
1565 976 1658 1016 EA.
1694 974 1813 1016 RES.
1843 975 2205 1018 PERTINEBAT.
2233 976 2334 1018 HOC
2353 978 2741 1022 MONIMENTVM.
2774 980 3180 1023 NEGLEGENTIAE

537 1047 810 1089 CVRATVM.
846 1048 991 1089 POST.
1027 1047 1241 1089 MVLTIS.
1273 1047 1455 1089 ANNIS.
1483 1046 1860 1089 RESTITERVNT
1885 1046 2095 1088 LOLLIA.
2128 1049 2366 1090 APRILIS.
2394 1051 2546 1093 EMIT.
2579 1051 2670 1093 DE.
2700 1052 2749 1094 L.
2787 1051 3053 1094 CORNELIO

540 1122 591 1162 L.
631 1119 884 1161 MAELIVS.
913 1118 1221 1161 SUCCESSUS.
1256 1118 1461 1160 LICI‘OR.
1490 1118 1622 1159 DECV

541 1193 590 1233 L.
627 1191 884 1232 MAELIVS.
916 1191 1134 1232 VITALIS
1155 1179 1174 1199 ⁴”

539 1265 592 1305 L.
614 1262 814 1304 FVRIVS
864 1262 1028 1303 JANVA
1040 1260 1186 1303 RIVS.

538 1336 587 1376 ι..
616 1334 887 1375 OFILLIVS.
941 1332 1168 1374 AGATHO.
1194 1332 1320 1374 ADL.

542 1406 614 1447 TI.
649 1404 930 1445 CLAVDIVS.
950 1403 1164 1445 POLLIO.
1190 1403 1314 1445 ADL.

1476 1190 1661 1231 RIALIS

1388 1262 1446 1302 Μ.
1476 1262 1604 1303 LOLL
1615 1262 1714 1302 IVS.
1750 1261 1846 1302 ES’I‘

1452 1331 1608 1374 CHVS.
1643 1333 1792 1374 EHIT.
1822 1332 1888 1373 DE

1429 1404 1457 1444 L
1467 1430 1478 1443 .
1519 1404 1718 1445 MAELIO
1745 1403 1842 1444 SVC

2227 1120 2503 1163 HERMETE.
2532 1123 2819 1165 PORTIONE.
2852 1124 2906 1165 EI
2917 1123 2982 1165 US

2128 1191 2176 1232 P.
2209 1191 2536 1236 CORNELIVS.
2573 1195 2812 1237 HERMES.
2834 1194 2957 1237 ADL.

2205 1262 2406 1306 MAELIA
2427 1265 2706 1307 SVNTYCHE

2213 1333 2369 1375 ROCIA
2397 1336 2719 1379 FORTVNATA

2195 1404 2375 1447 ACILIA
2400 1408 2711 1451 SATVRNINA

1417 1474 1596 1516 CESSO.
1629 1474 1895 1516 PORTlONE
1925 1474 2049 1516 EiVS
2076 1474 2284 1518 MANLIA
2331 1479 2629 1521 RESTITVTA

647 1548 696 1589 L.
732 1548 945 1589 FLAVIO.
969 1546 1219 1589 SILVANO.
1248 1546 1531 1593 POLLIONE,
1563 1545 1885 1588 VERRVCOSO
1915 1545 2026 1588 COS.
2069 1547 2221 1589 ARIA.
2253 1549 2448 1591 EMP’I‘A.
2482 1551 2567 1592 DE.
2604 1552 2655 1593 L.
2682 1551 2904 1594 OCTAVIO

542 1618 873 1661 SPENDONTE.
897 1620 1037 1667 QVAE
1067 1620 1182 1660 EST.
1216 1618 1423 1659 CONTRA
1447 1617 1555 1658 EVM
1586 1617 1970 1659 MONIMENTVM.
1996 1616 2136 1665 QVAE
2162 1620 2531 1663 APPELLATVR.
2574 1622 2901 1665 VETVRIANA.
2924 1624 2989 1665 ET

540 1690 882 1731 CAECILIANA.
917 1691 1106 1733 LONGA.
1142 1691 1189 1731 P.
1222 1688 1403 1731 XXXII.
1439 1689 1494 1729 IN
1520 1689 1683 1730 AGRO.
1732 1690 1781 1730 P.
1820 1688 1987 1730 XXIII.
2020 1688 2069 1729 S.
2106 1693 2153 1731 ι.
2180 1691 2433 1733 ΜΑΕωνδ.
2471 1692 2759 1735 SVCCESSVS
2782 1696 2871 1743 QVI
2896 1694 3003 1736 CVM
3029 1695 3154 1737 ALIA

543 1762 877 1803 SVNTVCHEN.
907 1762 1085 1803 MATRE
1120 1761 1238 1803 SVA.
1265 1759 1507 1801 SEMISSE.
1537 1759 1863 1801 PORTIONEM.
1895 1759 2159 1801 HABEBAT.
2195 1762 2380 1804 IIVIVB.
2406 1764 2590 1805 ARIAE.
2635 1766 3007 1814 PERAEQVAVIT

543 1833 650 1874 CVM
683 1833 849 1875 SOCIIS
883 1834 1005 1875 SVIS
1031 1834 1097 1874 VT
1118 1832 1364 1874 OMNIBVS
1391 1830 1671 1872 COMMVNIS
1695 1832 1809 1872 SET.
1847 1832 1956 1872 HIS.

1985 1832 2097 1879 QVI.
2127 1833 2171 1873 S.
2199 1834 2244 1875 S.
2279 1836 2326 1876 S.
2361 1834 2629 1877 LIBERTIS.
2654 1836 3020 1884 LIBERTABVSQ

551 1905 843 1953 POSTERISQ
865 1904 1078 1946 EORVM.
1112 1905 1196 1945 [TA
1229 1903 1321 1951 QUI
1341 1902 1690 1944 TESTAMENTO
1712 1903 1920 1946 SCRIPTI
1949 1903 2204 1947 FVERINT.

291 2018 507 2093 Lucius
532 2017 835 2093 Cornelius
858 2018 1090 2072 Hermes
1123 2016 1650 2093 port_i_on_em__hujus
1680 2014 1876 2093 moui:-
1900 2016 1959 2075 A
1987 2023 2105 2093 tum
2135 2029 2225 2071 vna
2254 2017 2987 2093 TriumphalietCornelia
3017 2021 3167 2087 apud
3196 2021 3251 2077 S.
3284 2023 3506 2080 Petrum
3542 2038 3634 2093 pa-

219 2090 401 2144 menti
433 2090 502 2144 ad
549 2102 608 2143 se
646 2089 1021 2158 pertinentem
1054 2088 1316 2143 vendidit
1344 2088 1536 2143 Lolliae
1562 2087 1772 2158 Aprili.
1809 2087 1875 2140 Et

219 2160 471 2216 Publius
498 2161 801 2215 Cornelius
836 2162 1064 2215 Hermes
1096 2166 1423 2214 recensetur
1461 2160 1610 2214 inter
1640 2158 1876 2214 allectos

216 2232 533 2299 participes
558 2234 778 2297 jurium
806 2232 1059 2300 ejusdem
1086 2231 1424 2286 munimenti
1454 2248 1470 2297 ς
1504 2232 1652 2300 quod
1689 2231 1876 2299 proxi-

215 2317 376 2357 mum
409 2301 592 2358 fuisse
624 2302 1008 2371 intelligimus
1032 2302 1427 2357 Corneliorum
1453 2301 1756 2370 sepulcris,
1782 2302 1873 2356 via

208 2375 401 2442 Appia
434 2374 586 2429 inter
626 2376 871 2442 primum
909 2386 973 2428 ac
999 2374 1313 2428 secundum
1341 2372 1412 2427 ab
1452 2372 1595 2428 Urbe
1624 2372 1871 2439 lapidem

214 2445 554 2500 memoratis
595 2458 626 2499 a
665 2445 960 2509 Cicerone,
1018 2451 1079 2499 ut
1133 2458 1308 2513 supra
1355 2444 1616 2499 dixeram
1659 2456 1728 2499 ex
1776 2444 1874 2497 in~

210 2517 383 2571 dicio
452 2530 610 2571 aereae
671 2517 972 2570 Caeciliane?
1045 2514 1181 2570 huic
1244 2516 1595 2571 monimento
1664 2515 1876 2584 acqui—

211 2589 365 2643 sitae.
435 2589 571 2642 Nam
639 2594 695 2642 et
744 2586 1106 2642 Caeciliorum
1191 2586 1473 2655 sepulcra,
1548 2593 1601 2640 et
1666 2585 1878 2641 fundos

208 2660 393 2729 (unde
435 2672 579 2714 areae
626 2658 847 2729 nomen)
894 2659 1049 2713 circa
1092 2657 1406 2713 secundum
1456 2657 1526 2712 ab
1585 2656 1731 2729 Urbe
1788 2658 1878 2711 la-

215 2728 411 2797 pidem
454 2732 543 2784 via
579 2730 762 2799 Appia
807 2728 989 2785 fuisse
1036 2734 1279 2783 testatur
1317 2730 1644 2798 sepulcrum
1694 2728 1880 2783 Cmci-

217 2802 321 2857 liae
362 2802 608 2856 Metellae
640 2801 702 2870 Q.
753 2800 971 2856 Caecilii
1009 2800 1220 2855 Cretici
1274 2799 1406 2855 ﬁliae
1460 2801 1626 2855 hodie
1669 2813 1879 2869 super-

218 2882 364 2939 stes,
405 2883 459 2928 et
505 2874 890 2928 cmmeterium
930 2875 982 2927 S.
1040 2872 1285 2927 Caeciliae
1326 2885 1392 2927 ac
1434 2885 1693 2938 suorum,
1748 2885 1880 2940 pars

216 2946 354 3013 ejus
389 2943 489 3014 qui
530 2944 752 2999 Callisti
785 2946 955 2999 etiam
1006 2944 1228 2999 dicitur
1256 2943 1321 2998 ad
1356 2944 1410 2997 S.
1455 2942 1874 3006 Sebastianum,

217 3017 387 3071 Unde
412 3016 738 3084 conjectura
770 3028 881 3070 non
908 3016 1219 3084 rejicienda
1245 3028 1368 3070 esse
1396 3014 1642 3075 videtur,
1669 3028 1794 3082 quae
1819 3015 1875 3067 in

215 3088 600 3142 Corneliorum
622 3084 821 3141 fundis
853 3087 1032 3154 prima
1064 3086 1525 3141 Christianorum
1553 3084 1879 3140 cmmeteria

215 3158 399 3213 nobis
426 3158 643 3212 indicat
673 3176 686 3211 :
724 3164 786 3212 ut
818 3158 861 3212 ii
894 3158 992 3228 qui
1022 3156 1346 3212 viventibus
1371 3156 1652 3226 apostolis
1676 3155 1880 3224 hospi-

217 3231 372 3285 tium
391 3230 448 3283 in
478 3228 622 3283 Urbe
660 3235 1003 3297 aperuerant
1022 3229 1089 3283 ad
1110 3228 1298 3283 vicum
1322 3229 1721 3285 Patritium.et
1758 3239 1877 3295 pro-

218 3314 295 3370 pe
324 3302 513 3356 vicum
548 3300 941 3366 Corneliorum,
972 3300 1027 3353 in
1056 3300 1222 3370 domo
1250 3300 1542 3367 Pudentis,
1572 3312 1672 3353 seu
1706 3298 1879 3353 titulo

210 3369 274 3428 S.
311 3373 698 3436 Pudentianm,
730 3377 784 3426 et
822 3371 1091 3436 Pastoris,
1128 3369 1223 3425 ubi
1261 3378 1421 3425 vetus
1446 3370 1751 3438 inscriptio
1779 3382 1881 3438 as—

1985 2089 2169 2143 tuisse
2200 2089 2406 2161 primis
2439 2090 2808 2159 pontiﬁcibus
2852 2092 3122 2147 Romanis
3148 2105 3214 2147 ac
3254 2089 3556 2161 ﬁdelibus,
3577 2100 3635 2151 et

1985 2160 2336 2235 martyribus
2352 2162 2677 2235 ctemeteria
2696 2164 2753 2217 in
2768 2161 2967 2217 fundis
2982 2162 3244 2218 Cornelia:
3258 2166 3632 2235 gentisexca—

1982 2235 2108 2285 vata
2142 2231 2221 2286 ita
2267 2232 2409 2287 mihi
2452 2245 2783 2301 persuasum
2829 2241 2934 2301 est,
2971 2243 3035 2288 ut
3066 2235 3170 2289 hoc
3197 2231 3369 2290 etiam
3402 2238 3633 2291 nomine

1985 2307 2177 2371 putem
2213 2303 2391 2377 tribui
2419 2304 2474 2358 Β.
2503 2303 2765 2377 Cornelio
2794 2318 2950 2374 papa:
2978 2303 3150 2377 (infra
3171 2319 3326 2361 num.
3359 2304 3452 2376 22)
3477 2307 3630 2377 quod

1985 2376 2262 2442 reportari
2288 2375 2576 2447 curaverit
2593 2389 2803 2444 corpus
2824 2376 3213 2445 apostolorum
3248 2375 3534 2447 principis
3562 2379 3631 2434 ad

1984 2447 2370 2501 caemeterium
2408 2446 2746 2502 Vaticanum
2797 2460 2866 2502 ex
2911 2447 3265 2503 catacumbis
3322 2446 3630 2505 cmmeterii

1983 2515 2229 2591 Callisti,
2263 2516 3000 2591 ubialiquandojacuerat.
3031 2518 3090 2574 Si
3122 2519 3298 2584 enim,
3326 2521 3635 2591 utriusque

1986 2585 2153 2661 fundi
2188 2585 2508 2657 preprietas
2532 2589 2618 2643 vel
2660 2585 2737 2643 ad
2758 2590 3016 2645 eumdem
3047 2590 3375 2646 Cornelium
3410 2585 3632 2661 papam,

1988 2658 2069 2713 vel
2090 2660 2157 2730 ad
2182 2668 2421 2730 agnatos
2437 2660 2626 2727 gentis
2643 2674 2761 2715 sua:
2780 2661 3108 2730 pertineret,
3145 2667 3361 2730 poterat
3388 2658 3637 2718 i'stutius

1988 2743 2115 2784 ossa
2131 2729 2313 2801 legere
2329 2729 3002 2796 beatissimidecessoris,
3022 2733 3078 2787 in
3108 2729 3337 2800 inferre,
3361 2746 3463 2789 seu
3477 2734 3639 2789 resti-

1989 2807 2147 2855 tuere
2172 2802 2498 2857 conditorio
2519 2803 2612 2858 cui
2642 2802 2961 2858 maluisset.
2982 2803 3122 2858 Cum
3152 2803 3512 2860 inviolabilis
3535 2805 3636 2860 ho-

1989 2872 2150 2945 spitii
2170 2873 2304 2941 jura
2329 2873 2778 2945 considero,tam
2812 2879 3006 2929 sancte
3026 2887 3057 2928 a
3075 2874 3274 2945 divino
3297 2882 3640 2945 praeceptore

1990 2943 2830 3011 suisapostoliscommendata.
2849 2945 2985 3000 dum
3013 2944 3256 3012 juberet,
3283 2943 3344 3001 ut
3374 2943 3545 3002 semel
3562 2960 3645 3002 re-

1988 3014 2134 3081 cepti
2161 3015 2408 3069 transire
2436 3015 2654 3069 nollent
2678 3015 2747 3069 de
2771 3015 2941 3070 domo
2974 3015 3031 3068 in
3054 3015 3305 3084 domum,
3327 3017 3424 3071 sed
3450 3018 3509 3071 in
3536 3031 3638 3073 ea-

1987 3085 2111 3138 dem
2127 3085 2295 3140 domo
2311 3093 2601 3159 manerent
2616 3086 2767 3154 (Luc,
2784 3091 2838 3148 χ)
2853 3099 2883 3139 a
2896 3086 2952 3139 S.
2971 3085 3271 3159 Ambrosio
3294 3085 3371 3141 ita
3397 3088 3641 3159 diligen-

1991 3161 2075 3227 ter
2094 3169 2337 3227 expensa
2355 3157 2456 3210 lib.
2474 3170 2527 3210 VI
2558 3157 2621 3227 in
2644 3168 2769 3227 cap.
2796 3162 2969 3210 lxetx
2996 3157 3176 3217 Luca‘,
3194 3172 3319 3227 quae
3346 3157 3642 3215 nobis‘Ec»

1989 3225 2158 3280 clesia
2199 3227 2512 3295 quotannis
2552 3226 2788 3297 legenda
2822 3227 3011 3297 tradit
3045 3226 3191 3282 intra
3214 3225 3639 3285 hebdomadam

1989 3297 2346 3370 Pentecostes
2369 3316 2383 3359 ς
2404 3304 2461 3352 et
2476 3296 2730 3367 expende
2751 3296 3064 3370 ofﬁciorum
3090 3311 3269 3370 genus
3285 3312 3497 3370 omnea
3515 3302 3641 3370 pri-

1990 3367 2099 3421 mis
2116 3367 2382 3422 ﬁdelibus
2400 3382 2531 3438 erga
2552 3368 2842 3435 apostolos
2854 3367 3190 3437 exercitum,
3218 3367 3526 3427 facultates
3537 3386 3642 3428 eo-

212 3449 490 3498 servatur
520 3432 778 3496 Cornelia:
810 3432 1241 3497 Pudentianetls
1268 3456 1443 3511 supra
1477 3432 1644 3496 edita"
1662 3439 1761 3495 fol.
1791 3437 1876 3503 ll,
1912 3432 1961 3490 B
1992 3432 2985 3511 rumpedibusob‘lata's,Cornelium
3009 3432 3404 3496 centurionem
3434 3442 3639 3499 iisdem

211 3515 399 3570 etiam
436 3514 679 3568 mortuis
697 3514 1107 3581 conditorium,
1136 3525 1201 3566 ac
1225 3514 1614 3567 cmmeterium
1641 3525 1881 3581 parave—

217 3589 345 3642 rint
394 3586 450 3639 in
505 3583 702 3640 fundis
750 3584 1107 3641 domesticis.
1162 3583 1346 3651 Quare
1391 3590 1445 3638 et
1492 3583 1872 3637 caemeterium

217 3656 509 3712 Priscillae
536 3656 626 3711 via
666 3656 885 3711 Salaria
919 3669 1027 3711 non
1056 3661 1139 3711 est
1170 3653 1242 3709 ab
1276 3654 1379 3710 hoc
1408 3667 1584 3709 censu
1618 3654 1880 3708 eximen-

213 3731 363 3784 dum
409 3745 423 3795 ;
477 3742 605 3783 cum
651 3727 915 3783 Priscilla
961 3733 1141 3783 mater
1185 3726 1459 3782 Pudentis
1514 3724 1688 3795 fuerit
1739 3725 1881 3795 Vide

218 3793 535 3855 Baronium
575 3800 643 3852 ad
670 3813 803 3853 ann.
850 3795 937 3867 44,
973 3813 1130 3854 num.
1170 3795 1232 3853 64
1284 3806 1339 3853 et
1367 3798 1435 3851 ad
1467 3794 1554 3862 59,
1600 3811 1758 3853 num.
1790 3793 1878 3856 48,

212 3880 277 3928 et
333 3868 456 3926 459.
496 3870 553 3930 8.
584 3876 637 3923 et
676 3870 1025 3941 Aringhium
1074 3871 1261 3925 Romae
1303 3867 1571 3941 subterr.
1612 3874 1748 3941 tom.
1810 3868 1878 3941 ll,

217 3943 330 3998 lib.
372 3956 449 3995 ιν.
490 3955 612 4009 cap.
660 3940 750 4007 28,
781 3939 1003 3995 et’Acta
1039 3940 1250 3996 ibidem
1287 3940 1581 4010 producta)
1619 3940 1745 4008 ejus
1777 3939 1875 4008 qui

211 4014 334 4069 sub
374 4012 665 4067 Antonino
706 4013 889 4082 vixit;
934 4018 989 4067 et
1018 4013 1112 4067 via
1137 4012 1358 4067 Salaria
1392 4012 1449 4066 in
1474 4026 1578 4068 suo
1609 4018 1881 4082 cmmete-f

212 4087 317 4140 rio
344 4083 677 4139 condiderit
702 4080 1056 4139 Pudentiana
1094 4085 1399 4139 Praxedem
1431 4096 1681 4139 sororem
1727 4080 1875 4152 apud

212 4163 442 4226 patrem
470 4155 774 4210 Pudentem
802 4155 981 4211 multo
1002 4160 1303 4225 antequam
1333 4155 1447 4209 alia
1473 4154 1733 4210 Priscilla
1758 4163 1881 4226 tere

208 4225 307 4284 tio
339 4227 553 4281 Christi
576 4227 805 4293 saeculo,
842 4232 1042 4296 regatu
1069 4227 1217 4282 beati
1244 4227 1496 4282 Marcelli
1521 4240 1691 4296 papm,
1716 4225 1876 4280 aliud

204 4299 615 4356 cmmeterium
647 4297 925 4353 Priscillae
957 4297 1408 4368 pariterdictum
1441 4300 1630 4353 eadem
1657 4298 1743 4352 via
1771 4298 1879 4352 Sa-

205 4373 373 4428 laria
423 4369 776 4425 Christianis
824 4371 1090 4439 aperiret.
1143 4369 1295 4438 Quin
1350 4370 1520 4424 etiam
1578 4370 1878 4424 Vaticanas

198 4449 477 4513 cryptas,
524 4441 1028 4513 accaemeterium,
1068 4440 1168 4497 ubi
1193 4442 1247 4495 S.
1287 4442 1504 4513 Petrus,
1546 4447 1601 4496 et
1630 4439 1876 4513 proximi

198 4511 297 4570 ab
314 4528 383 4568 eo
420 4512 718 4581 pontiﬁces
743 4512 986 4582 primum
1009 4511 1675 4582 reconditifundamenta
1703 4511 1879 4578 hujus

195 4586 485 4642 ecclesiae
520 4580 801 4653 jecerunt,
827 4598 858 4639 a
889 4586 1259 4638 Corneliorum
1290 4580 1491 4638 fundis
1527 4597 1633 4638 non
1663 4583 1879 4637 distare

191 4656 572 4714 censendum
606 4661 712 4721 est,
748 4669 858 4710 non
895 4656 1060 4710 modo
1093 4656 1230 4726 quia
1259 4653 1536 4709 Cornelia:
1578 4663 1767 4723 portae,
1811 4668 1876 4709 ac

1992 3510 2234 3579 pedibus
2266 3510 2695 3576 advolutum,et
2748 3516 3039 3581 rogantem
3079 3525 3206 3566 cum
3238 3513 3640 3570 omnibusdo-

1992 3582 2249 3636 mesticis
2264 3582 2409 3649 suis,
2428 3590 2490 3636 ut
2507 3582 2655 3650 apud
2672 3594 2731 3636 se
2748 3583 2946 3637 Petrus
2959 3589 3210 3637 maneret
3225 3584 3257 3639 d
3270 3598 3357 3639 um
3374 3584 3641 3643 Caesareae

1991 3660 2342 3729 versaretur;
2369 3668 2434 3708 ac
2450 3653 2725 3729 Pudentis
2752 3654 3006 3729 domum.
3021 3654 3220 3729 etvicu
3234 3669 3283 3709 m
3301 3656 3638 3729 Patricium,

1988 3724 2386 3800 etCornelioru
2398 3739 2445 3778 m
2464 3724 2650 3800 Romae
2664 3724 2940 3800 similiter
2958 3723 3212 3800 habitum
3226 3723 3640 3800 apostolorum,

1991 3794 2812 3869 hospitium,etseminarium,
2832 3800 2894 3869 ut
2914 3795 3212 3869 itadicam,
3229 3796 3485 3869 priorum
3506 3794 3643 3869 pen;

1989 3866 3644 3936 tilicum,sicutiCletoEmilianiﬁliodevicoPatricioCor-

1987 3940 2152 4013 netia;
2172 3938 2732 4013 gentisqag-nationem
2767 3951 2877 4013 non
2887 3938 3088 4013 deesse
3120 3938 3370 4013 iudicavi
3395 3955 3518 4013 pag.
3546 3944 3639 4009 36,

1988 4010 2739 4075 cuiClementisdomum,et
2752 4010 3033 4078 originem
3054 4011 3199 4065 satis
3223 4010 3536 4080 proximam
3557 4015 3639 4072 ibi

1994 4081 2314 4137 indicabam
2348 4095 2513 4147 gcum
2542 4081 2920 4153 hieciinquam
2945 4083 3211 4136 universa
3232 4083 3553 4153 considero,
3583 4095 3642 4143 et

1989 4167 2397 4221 comparocum
2427 4152 2640 4207 Justini
2661 4152 2913 4221 hospitio
2938 4166 3110 4223 prope
3128 4153 3403 4209 Thermas
3417 4158 3638 4224 Novati,

1994 4226 2098 4280 hoc
2117 4231 2203 4280 est
2224 4225 2519 4291 Pudentis,
2545 4232 2601 4278 et
2622 4224 3010 4289 Corneliorum,
3029 4230 3086 4280 et
3108 4238 3235 4280 cum
3274 4226 3642 4287 monimentis

1989 4297 2314 4352 eorumdem
2366 4297 2736 4351 Corneliorum
2791 4308 2967 4365 prope
3003 4295 3336 4366 antiquiora
3384 4298 3641 4358 ﬁdelium

1990 4367 2338 4438 cmmeteria;
2369 4374 2681 4438 temperare
2697 4367 2790 4439 vix
2824 4381 3077 4439 possum,
3107 4369 3249 4438 quin
3282 4370 3639 4439 concludam,

1991 4439 2283 4513 primitias
2313 4439 2568 4513 gentium
2603 4438 3639 4513 inpornelioMCenturionededicatas,

1988 4517 2043 4592 et
2085 4511 2346 4592 addictus
2393 4510 2610 4592 vicario
2645 4510 2861 4592 Christi
2920 4510 3087 4592 Petro
3137 4510 3476 4592 excipiendo
3519 4510 3639 4570 tum

1987 4582 2226 4649 Cmsare,
2276 4588 2395 4635 tum
2441 4582 2650 4647 Romae,
2694 4585 2806 4634 tam
2833 4585 3026 4634 sancta
3074 4579 3311 4649 hospitii
3341 4582 3475 4649 jura
3510 4598 3640 4642 cum

1991 4655 2139 4726 ipso.
2171 4659 2227 4707 et
2248 4652 2678 4726 successoribus
2696 4650 3157 4726 contraxisse,_ut
3175 4655 3474 4726 nemortui
3500 4657 3642 4726 qui—

194 4732 326 4783 viae
353 4728 618 4794 adjacent
638 4726 725 4797 (ut
756 4727 814 4781 in
844 4727 997 4782 notis
1026 4721 1869 4799 ad'descriptionem‘tepogra-
1904 4738 1952 4799 α
1988 4726 2110 4780 dem
2131 4723 2379 4799 hospitis
2403 4724 2827 4799 hanctesseram
2850 4721 3193 4799 hospitalem
3213 4721 3380 4799 obliti
3397 4721 3633 4784 fuerint:

196 4801 454 4869 phicam
488 4799 941 4854 cmmeteriorum
981 4799 1073 4854 SS.
1113 4803 1423 4868 martyrum
1456 4811 1627 4867 prope
1675 4797 1873 4852 Urbem

186 4875 258 4928 In
278 4878 374 4925 ter
400 4870 803 4940 Prolegomena
833 4869 1239 4942 Observabam),
1274 4870 1368 4925 sed
1397 4870 1585 4942 etiam,
1606 4870 1743 4937 quia
1772 4882 1878 4942 me-

188 4948 453 4999 morant
479 4941 819 5010 antiquarii,
853 4948 1056 5010 praeter
1081 4940 1341 5011 sepulcra
1366 4940 1760 4996 Corneliorum
1778 4940 1874 5011 via

176 5015 403 5085 Appia
438 5012 591 5067 inter
621 5012 868 5081 primum
899 5026 965 5067 ac
995 5013 1315 5085 secundum
1343 5012 1584 5083 lapidem
1625 5024 1656 5085 a
1684 5010 1876 5065 Tullio

176 5082 558 5155 memorata.
596 5089 912 5152 spectatum
963 5097 1193 5155 quoque
1238 5082 1419 5139 fuisse
1469 5096 1577 5139 non
1632 5083 1796 5153 longe
1843 5094 1875 5136 a

172 5155 469 5213 basilica
500 5153 772 5209 Vaticana
797 5153 1039 5210 alterum
1074 5153 1401 5225 sepulcrum
1426 5156 1707 5210 Cornelia:
1733 5167 1877 5223 gen-

172 5231 274 5287 tis
336 5226 499 5281 inter
538 5225 740 5281 molem
788 5226 1027 5281 Adriani
1079 5233 1133 5282 et
1176 5225 1476 5281 basilicam
1513 5246 1524 5281 :
1577 5226 1727 5297 quod
1769 5240 1875 5297 suf-

168 5305 447 5373 pererat
501 5297 569 5352 ad
618 5298 675 5351 S.
712 5297 920 5373 _Mar_i_:e
961 5297 1397 5373 Transpontinge
1446 5294 1748 5369 antequam
1804 5294 1875 5373 ab

166 5366 479 5428 Adriano
522 5381 659 5437 papa
712 5370 777 5422 Vl
817 5366 1159 5424 dirueretur’
1190 5369 1276 5439 (ut
1308 5369 1521 5439 plures
1553 5366 1871 5439 antiquarii

165 5441 367 5515 apud
398 5435 722 5515 Nardinum
754 5435 1322 5515 memorantlibfvu,
1352 5455 1472 5511 cap.
1504 5435 1742 5515 l3,p_ag':.
1773 5435 1869 5492 494

168 5511 377 5572 nova-3
406 5511 708 5576 editionis)
735 5513 1044 5566 excitatum
1072 5513 1133 5567 in
1163 5526 1371 5567 morem
1406 5512 1716 5581 pyramidis
1744 5516 1879 5564 tan—

170 5597 240 5645 ta
307 5581 780 5653 magniﬁcentia,
825 5588 889 5637 ut
930 5582 1000 5638 ab
1027 5582 1324 5653 aliquibus
1370 5585 1539 5653 vulgo
1577 5582 1884 5636 haberetur

172 5674 329 5729 pro,
355 5653 634 5729 sepulcro
661 5652 931 5729 Africani
955 5657 1067 5729 :_de
1098 5652 1210 5729 quo
1232 5652 1670 5729 tamenconstat
1696 5666 1766 5729 ex
1809 5654 1879 5706 M.

167 5723 418 5786 Tullio
439 5725 739 5779 conditum
755 5739 882 5780 eum
909 5725 1085 5782 fuisse
1109 5726 1165 5781 in
1193 5727 1373 5795 priori
1394 5723 1498 5780 illo
1519 5724 1890 5778 Corneliorum

169 5803 293 5858 via
318 5797 549 5865 Appia,
578 5795 676 5849 ubi
698 5802 752 5851 et
784 5798 1031 5853 Ennium
1060 5804 1274 5865 poetam
1302 5796 1480 5866 recipi
1501 5796 1749 5864 jusserat
1778 5796 1892 5851 ho-

169 5872 391 5933 noris
419 5880 614 5923 causa.
655 5866 841 5937 Quare
861 5875 976 5924 tum
996 5869 1085 5924 via
1105 5869 1289 5938 Appia
1309 5871 1377 5925 ad
1400 5872 1455 5925 S.
1474 5868 1891 5937 Sebastianum,

520 5966 753 6021 PATROL.
789 5966 1056 6023 CXXVII.
1921 5995 1948 6017 ς

1990 4795 2305 4865 praesertim
2318 4807 2447 4865 cum
2471 4794 2670 4848 Petrus
2694 4792 2997 4865 sponderet
3019 4792 3288 4865 ﬁdelibus
3310 4794 3367 4849 in
3389 4800 3639 4855 secunda

1991 4864 2456 4938 lipistola,_paulo
2475 4869 2605 4919 ante
2625 4864 2960 4938 martyrium
2980 4878 3148 4938 suum
3167 4864 3226 4919 in
3248 4865 3394 4921 Urbe
3409 4867 3562 4938 data,
3576 4884 3639 4926 se

1985 4933 2210 5005 operam
2250 4936 2520 4991 daturum
2556 4942 2620 4991 ut
2662 4933 2989 5009 frequenter
3021 4933 3253 5009 haberet
3290 4938 3461 5009 etiam
3508 4933 3639 5009 post

1984 5009 2205 5066 obitum
2229 5021 2399 5063 suum
2422 5020 2538 5064 eos.
2573 5020 2718 5076 quos
2748 5006 2888 5061 adeo
2920 5006 3176 5075 impense
3203 5007 3263 5061 in
3286 5006 3638 5067 Christo—di—

1987 5083 2201 5137 lexerat
2222 5078 2591 5134 tabernaculo
2626 5078 2888 5147 corporis
2913 5078 3164 5132 nondum
3189 5078 3469 5145 deposito.
3498 5084 3637 5139 Prte-

1988 5160 2070 5208 ter
2095 5152 2211 5206 hinc
2233 5150 2453 5219 judicia
2485 5146 2804 5205 constantis
2828 5146 3000 5205 ofﬁcii
3033 5154 3087 5203 et
3116 5149 3466 5219 hospitalisa
3494 5153 3635 5208 Cer-

1984 5224 2140 5277 nelia:
2153 5222 2769 5293 gentisvirisexercitze
2783 5228 2902 5275 tum
2921 5222 2977 5275 in
2997 5220 3315 5293 Palaestina,
3333 5229 3451 5278 tum
3470 5224 3525 5278 in
3541 5224 3642 5280 Ur-

1984 5295 2052 5350 be
2064 5292 2191 5364 erga
2210 5294 2525 5363 principem
2541 5293 2930 5362 apostolorum
2947 5296 3003 5347 et
3016 5292 3232 5360 primos
3249 5293 3460 5361 ﬁdeles,
3486 5309 3638 5351 non-

1988 5365 2132 5439 nihil
2149 5364 2984 5439 adjuvantconje‘cturametiam
3000 5365 3332 5435 cognomina
3345 5366 3639 5439 Hermetis,

1987 5438 2287 5503 etHermze,
2312 5437 2545 5503 perinde
2561 5435 2881 5505 frequentia
2902 5435 3109 5503 primo,
3124 5447 3191 5490 ac
3203 5437 3451 5493 secundo
3472 5435 3650 5497 saecu-

1993 5509 2047 5565 lo
2067 5508 2124 5562 in
2144 5507 2537 5581 Corneliorum
2554 5513 2737 5575 gente,
2751 5520 2816 5581 ac
2831 5506 2889 5561 in
2909 5505 3181 5581 Romanis
3196 5505 3481 5581 ﬁdelibus,
3500 5526 3642 5581 prae-

1994 5581 2191 5635 sertim
2214 5579 2267 5633 in
2297 5578 2643 5648 cognatione
2668 5579 2998 5648 conjunctis
3024 5590 3153 5632 cum
3180 5578 3554 5646 pontiﬁcibus
3582 5584 3640 5640 in

1996 5651 2143 5706 Urbe
2170 5650 2339 5705 natis.
2372 5650 2626 5704 Indicant
2657 5650 2811 5704 enim
2838 5662 2903 5703 ea
2922 5654 3296 5716 cognomenta
3328 5665 3440 5707 non
3471 5658 3645 5712 semel

2000 5723 2417 5777 communicata
2448 5723 2911 5792 consanguineis
2944 5719 3028 5774 vel
3052 5718 3386 5784 clientibus,
3410 5731 3511 5780 aut
3537 5726 3650 5783 ho-

2003 5793 2278 5862 spitibus,
2307 5800 2406 5848 aut
2430 5792 2677 5859 libertis,
2711 5792 3012 5863 quamdam
3037 5793 3482 5850 necessitudinis
3501 5811 3647 5853 con—-

2003 5865 2382 5935 junctionem,
2420 5872 2484 5920 ut
2513 5864 2734 5935 pridem
2766 5864 3116 5920 adnotarunt
3151 5869 3274 5920 tum
3305 5866 3645 5937 antiquarii,

3205 5958 3278 6020 39
