4070 6178
465 319 604 380 4227

1717 312 2072 368 ANASTASII
2110 307 2650 365 BlBLlOTHECARlI

3731 298 3868 356 ηερε

469 452 592 504 tum
625 440 918 499 historici.
951 440 1245 496 Videndus
1265 452 1330 494 ea
1357 439 1428 496 de
1457 451 1518 493 re
1545 437 1675 492 card
1694 477 1708 490 .
1745 435 2024 492 Baronius
2051 433 2118 488 ad
2147 434 2206 494 A
2238 450 2386 505 rum,
2421 435 2648 490 Petrum
2678 433 2748 488 de
2775 429 3106 505 Natalibus,
3123 437 3180 486 et
3196 429 3263 505 _in
3295 425 3696 505 compendium
3729 424 3875 479 rede-

469 529 688 574 annum
727 513 818 584 35,
860 526 1018 569 num.
1063 509 1150 579 40,
1182 519 1236 584 et
1267 525 1462 584 seqq.,_
1491 510 1606 584 imo
1633 509 1686 562 S.
1724 507 2118 584 Hieronymus,

475 591 556 645 ita
577 579 837 643 statuens
856 585 926 640 de
945 583 1284 655 cognomine
1305 579 1466 636 Pauli
1490 581 1558 655 ab
1580 579 1849 648 Apostolo
1867 579 2120 655 gentium

470 664 784 728 assumpto,
847 651 1210 728 posteaquam
1291 651 2127 728 Evangelium_annun_tiaverat

479 723 1034 802 proconsulirSergjo
1063 723 1238 802 Paulo
1253 723 1790 802 ',._quemadm_odum
1813 723 1982 776 etiam
2017 734 2126 775 no~

479 794 632 858 mina
655 794 1376 872 gentilitia'bencvolen'tiaa
1397 794 1843 872 causa_vide_mus
1863 806 2126 872 commu~

479 864 686 931 nicata'
706 871 778 926 ab
819 871 964 940 ipsis
995 867 1442 940 imperatoribus
1479 866 1673 940 eadem
1707 864 1879 940 ferme
1913 869 2076 918 aetate
2109 879 2122 916 :

479 958 609 1002 nam
647 943 811 998 Titus
846 936 1149 1008 losephdm
1193 939 1516 994 Judaeorum
1541 936 1926 1008 historicum,
1960 947 2124 1008 quem

481 1016 630 1072 bello
657 1018 902 1083 coeperat
929 1006 1471 1083 Hierosolymitano,
1496 1007 1923 1083 Flaviinomiue
1953 1006 2129 1083 deco—

482 1087 649 1153 ravit,
685 1077 760 1142 ut'
783 1085 905 1154 ipse
935 1089 1130 1138 narrat
1171 1077 1229 1136 in
1258 1080 1414 1154 libro
1443 1080 1658 1154 de__vit_a
1689 1093 1812 1154 sua.
1833 1077 2129 1154 _lleri_netis

482 1147 666 1230 igitur
692 1147 893 1211 nomen
925 1155 1103 1230 si_per
1127 1152 1416 1224 catalogos
1448 1149 1730 1230 tribuitur
1757 1149 1939 1230 eidem
1959 1147 2124 1230 fratri

480 1218 569 1286 Pii
590 1241 772 1298 papae,
797 1239 964 1297 quem
985 1218 1272 1298 Pastorem
1290 1218 1523 1298 quoque
1539 1221 1884 1298 appellatum
1911 1218 2124 1298 feru_u_t,

480 1307 536 1357 et
571 1290 963 1370 Presbyterum
995 1290 1464 1370 tituliPudenti's
1493 1299 1550 1370 et
1581 1293 1950 1370 Pudentian‘ae
2028 1290 2128 1370 P_i_o

481 1361 825 1429 dedicati'in
845 1368 1108 1423 Thermis
1131 1365 1331 1422 Novati
1349 1366 1476 1420 vico
1494 1363 1761 1432 Patricio,
1791 1369 1871 1419 tot
1890 1361 2130 1418 indiciis

483 1441 694 1500 referto
725 1441 914 1512 gentis
940 1437 1236 1512 Corneliae,
1273 1437 1463 1512 potuit
1493 1436 1902 1512 iudicationem
1933 1440 2132 1490 osten—

481 1515 616 1570 dere
644 1506 950 1581 hospitalis
975 1507 1401 1578 benevolentia,
1425 1513 1480 1563 et
1509 1506 1682 1581 obicii
1714 1507 1968 1576 ejusdem
1996 1518 2132 1576 gen-

483 1587 561 1641 tis
589 1597 721 1653 erga
754 1579 1078 1653 pontiﬁcem
1103 1581 1487 1653 dedicantem,
1520 1579 1760 1653 ejusque
1801 1583 2042 1653 agnatos
2079 1581 2135 1631 et

484 1647 704 1712 afﬁnes.
737 1647 938 1710 Verum
954 1652 1026 1708 de
1055 1652 1147 1707 bis
1169 1652 1346 1720 satis;
1369 1665 1498 1708 cum
1523 1647 1640 1706 haec
1668 1647 1796 1720 quae
1812 1647 2138 1720 Bibliothe-

483 1728 678 1784 carius
715 1725 980 1781 enuntiat
1022 1724 1092 1780 de
1123 1719 1402 1779 Hermetis
1432 1722 1603 1788 libro,
1633 1719 1784 1776 etde
1810 1719 2137 1790 agnationis

486 1813 633 1856 nexu
651 1811 779 1854 cum
813 1798 932 1865 Pio,
962 1795 1022 1850 in
1049 1794 1354 1850 Liberiano
1376 1793 1632 1863 catalogo
1659 1793 1897 1865 minime
1919 1791 2137 1865 scripta

486 1871 796 1927 videantur
819 1868 891 1924 ab
921 1861 1188 1935 auctore,
1229 1866 1326 1922 sed
1359 1861 1590 1921 lacunae'
1619 1864 2034 1935 superinducta
2067 1861 2138 1916 ab

481 1943 670 2000 aetatis
713 1938 1004 2010 sequioris
1046 1933 1405 2010 amanuensi,
1436 1942 1492 2010 et
1523 1933 1805 2010 probabili
1832 1933 2136 2010 admodum

483 2005 814 2084 conjectura
865 2011 1043 2081 petita
1089 2007 1330 2084 fuerint,
1373 2007 1456 2063 vel
1481 2006 1578 2084 _ab
1619 2005 1952 2084 apocrypha
1989 2005 2138 2084 libro

483 2075 976 2142 Con'stitutiou'nm
998 2075 1442 2150 apostolicarum
1471 2075 1745 2150 Clementi
1778 2075 2016 2150 asserto,
2049 2075 2135 2131 vel

483 2169 516 2212 a
558 2155 920 2212 documentis
955 2148 1064 2208 non
1100 2151 1374 2208 indicatis
1420 2151 1480 2205 in
1508 2149 1777 2218 Catalogo
1810 2148 2136 2214 Liberiano,

484 2234 586 2283 aut
617 2227 674 2282 in
698 2225 988 2282 Fellciano
1016 2231 1117 2280 aut
1149 2224 1207 2278 in
1243 2222 1412 2278 Libro
1435 2219 1778 2276 Pontiﬁcali.

555 2298 725 2351 Linea
774 2294 836 2352 10
866 2302 924 2352 et
960 2293 1046 2350 l3.
1087 2325 1159 2335 —
1193 2295 1295 2348 Hic
1323 2309 1391 2348 ea:
1434 2297 1630 2356 rogatu
1663 2293 1829 2346 ben-tm
1867 2291 2136 2346 Pramedis

483 2369 757 2424 dedicavit
792 2368 1067 2422 ecclesiam
1114 2366 1373 2422 Thermas
1403 2366 1604 2422 Novati
1635 2366 1696 2417 in
1731 2365 1847 2418 vico
1878 2364 2133 2425 Patricio,

483 2442 542 2494 in
578 2440 830 2494 honorem
865 2439 1067 2492 sororis
1095 2453 1208 2492 suae
1233 2442 1434 2491 sancta:
1475 2437 1828 2506 Potentianaa,
1867 2441 1971 2490 etc.
2030 2437 2137 2490 Imo

483 2517 534 2566 et
564 2515 768 2579 fontem
801 2509 1090 2580 baptismi,
1115 2515 1221 2564 etc.
1249 2507 1554 2580 Complura
1580 2507 1932 2580 documenta
1957 2506 2138 2580 dedif

486 2577 736 2638 cationis
761 2577 938 2636 istius
958 2579 1122 2635 tituli
1141 2585 1274 2634 ante
1300 2579 1556 2648 reliquos
1579 2579 1685 2634 hoc
1709 2577 1920 2634 honore
1936 2577 2134 2632 donati

483 2653 732 2724 legimus
764 2652 914 2722 apud
955 2651 1262 2724 Baronium
1297 2656 1353 2724 et
1376 2649 1862 2724 Panvinium._Hic
1892 2649 1952 2724 in
1983 2663 2136 2724 opu-_-

485 2718 648 2781 sculo
677 2724 747 2792 de
778 2718 989 2792 septem
1013 2721 1186 2792 Urbis
1201 2720 1482 2789 ecclesiis,
1511 2720 1610 2774 ille
1636 2721 1694 2774 in
1723 2718 2044 2792 Annalibus
2062 2720 2131 2774 ad

482 2809 696 2851 annum
727 2789 924 2849 459'et
970 2789 1094 2855 162,
1122 2797 1534 2847 recensuerunt
1561 2798 1680 2844 tum
1713 2805 1780 2845 ex
1809 2789 2132 2858 codicibus,

483 2873 602 2923 tum
628 2879 695 2922 ex
723 2863 1094 2920 monimentis
1118 2863 1176 2918 in
1204 2861 1377 2918 titulo
1401 2861 1525 2931 ipso
1541 2863 1892 2930 conspicuis,
1915 2863 2136 2917 inscri—

404 2961 411 2971 ι
484 2940 766 3009 ptionum,
793 2936 1169 3009 musivorum,
1193 2934 1633 3009 etrpicturarum
1659 2933 1956 3009 complura
1981 2933 2136 3009 testi-

485 3004 791 3066 inonia:Ex
823 3005 1126 3062 codicibus
1145 3004 1462 3060 cardinalis
1492 3004 2136 3075 Baroniusselegitepi—

482 3080 662 3138 stolas
689 3079 844 3135 ultro
887 3077 1151 3148 citroque
1178 3077 1361 3143 datas,
1410 3083 1530 3148 tum
1567 3089 1599 3130 a
1631 3075 1900 3144 pontifice
1927 3076 2026 3132 Pio
2065 3077 2132 3133 ad

479 3152 773 3210 Justinum
802 3147 1202 3210 Viennensem,
1235 3157 1355 3204 tum
1393 3161 1424 3202 a
1451 3147 1682 3202 Pastore
1715 3148 2043 3218 presbytero
2067 3149 2134 3204 ad

481 3223 843 3280 Timotheum
875 3221 1174 3292 collegam,
1210 3219 1819 3292 hujusqueresponsa.
1844 3221 2050 3292 Verum
2077 3220 2135 3274 in

480 3295 696 3351 litteris
723 3293 794 3349 ad
825 3289 1048 3348 Justum
1081 3291 1480 3356 Viennensem,
1506 3289 1732 3345 licetab
1753 3290 1987 3347 archivo
2031 3293 2141 3346 Ec-

481 3365 668 3422 clesiae
693 3365 1032 3421 Viennensis
1048 3363 1322 3418 dicantur
1345 3361 1822 3430 subministratis,
1843 3369 1899 3416 et
1919 3375 1949 3417 a
1973 3362 2139 3418 Binio

482 3438 654 3494 edita:
674 3436 892 3492 fuerint
911 3450 1039 3492 cum
1062 3433 1352 3502 cont-iliis,
1375 3441 1431 3489 et
1459 3434 1670 3502 acard.
1703 3433 1850 3489 Bona
1875 3434 2140 3490 indicata:

483 3507 1113 3578 Rerumliturgicarnm
1139 3504 1240 3560 lib.
1269 3519 1307 3563 l._
1331 3501 1456 3574 Cap.
1479 3501 1534 3574 3,
1566 3503 1736 3560 hodie
1761 3505 1994 3578 produci
2017 3505 2139 3578 dif-

485 3579 710 3636 ﬂt-ulter
728 3575 965 3648 possunt
986 3583 1254 3648 tanquam
1277 3589 1592 3648 germanae;
1623 3589 1751 3630 cum
1779 3576 1834 3648 in
1861 3575 1984 3633 illis
2007 3577 2142 3632 Pius

491 3647 802 3708 inducatur
849 3647 1169 3704 memorans
1200 3647 1352 3703 inter
1392 3647 1656 3702 Romanae
1694 3647 1960 3703 Ecclesia:
2007 3661 2144 3718 pre—-

487 3723 744 3794 sbyteros
763 3721 1180 3794 Eleutherium,
1201 3720 1300 3789 qui
1319 3719 1427 3774 sub
1439 3719 1520 3774 An
1526 3722 1674 3794 _i_ceto
1705 3719 1791 3794 Pii
1811 3733 2142 3794 successere

487 3790 718 3851 diaconi
748 3791 934 3848 oﬁlcio
965 3791 1330 3862 fungebatur,
1357 3790 1860 3862 testellegesippo,
1886 3792 2138 3860 ejusdem

487 3807 718 3851 diaconi
748 3807 934 3848 omcio
965 3807 1330 3862 iungebatur,
1357 3807 1497 3846 tesw
1527 3807 1602 3844 ne
1643 3807 1860 3859 esippo,
1886 3807 2138 3860 ejusdem

486 3864 714 3920 Aniceti
743 3863 969 3931 hospite
1001 3862 1059 3917 in
1093 3862 1234 3916 urbe
1265 3863 1458 3916 Roma.
1495 3860 1576 3916 Ab
1607 3807 1714 3916 ξπ
1746 3868 1872 3916 nota
1908 3863 2142 3918 dissen-

489 3935 677 3992 sionis
701 3931 774 3988 ab
802 3933 1046 3988 historia
1076 3932 1377 4003 llegesippi
1405 3931 1686 3988 habentur
1713 3933 1995 3989 immunes
2011 3933 2142 4003 epi—

487 4005 649 4063 stola:
671 4005 926 4060 Pastoris
954 4004 1022 4058 ad
1053 4003 1433 4072 Timotheum,
1463 4011 1520 4058 et
1547 4003 1830 4059 Timothei
1853 4005 1920 4059 ad
1955 4006 2142 4060 Pasto-

491 4091 630 4145 rem,
681 4075 870 4131 relaue
912 4088 943 4129 a
991 4074 1151 4146 card.
1200 4075 1445 4130 Baronio
1489 4075 1556 4130 ad
1593 4088 1804 4130 annum
1848 4073 1970 4143 459,
2015 4090 2142 4146 quae

487 4147 858 4204 continentur
905 4146 963 4200 in
1020 4145 1176 4217 Actis
1229 4159 1329 4200 seu
1394 4147 1452 4200 in
1508 4147 1633 4201 Vita
1849 4145 2138 4217 virginum

489 4217 764 4275 Praxedis
809 4224 866 4272 et
897 4216 1286 4288 Pudentianm,
1328 4217 1572 4272 vetustis
1615 4218 1675 4288 in
1718 4216 2144 4288 exemplaribus

493 4287 943 4346 membranaceis
975 4285 1407 4358 custoditanon
1449 4301 1564 4343 uno
1603 4287 1672 4341 ab
1703 4285 1954 4345 archivo.
1990 4290 2141 4358 Quin

493 4362 664 4418 etiam
693 4361 750 4414 in
763 4359 864 4415 cod
877 4361 962 4414 ice
983 4357 1315 4426 bujusmodi
1339 4367 1626 4414 asservato
1655 4359 1710 4413 in
1735 4359 1972 4416 basilica
1992 4357 2146 4416 Libe-

493 4434 676 4500 riana,
722 4428 998 4500 praefatio,
1026 4427 1098 4485 ab
1127 4431 1372 4485 Auctore
1403 4429 1542 4485 Vita:
1582 4431 1894 4500 praemissa,
1926 4432 2146 4488 indicat

491 4503 786 4575 collectam
801 4501 982 4558 fuisse
1003 4500 1707 4575 agenuinisdocumentis.
1731 4503 2140 4575 Asseritenim,

493 4589 556 4634 se
599 4574 960 4647 dubitantem
990 4573 1155 4647 num
1201 4573 1360 4629 Vitas
1402 4573 1814 4647 praedictarum
1852 4573 2139 4647 virginum

491 4645 830 4705 scribendas
849 4645 1188 4714 susciperet,
1215 4657 1359 4714 quas
1375 4658 1406 4700 a
1423 4645 1734 4700 venerabili
1767 4645 1888 4702 viro
1914 4645 2146 4704 Pastore

495 4717 823 4791 presbytero
864 4722 1159 4791 acceperat
1184 4716 1404 4791 editas.
1421 4722 1484 4791 et
1511 4732 1532 4771 ι
1549 4717 1730 4791 iderat
1755 4717 2144 4791 circumferri.

493 4787 894 4860 confirmatum
928 4787 1106 4844 fuisse
1146 4787 1471 4860 iniconsilio
1505 4789 1815 4858 scribendi,
1853 4797 2146 4860 propterea

495 4861 647 4932 quod
687 4859 1178 4932 deprehendisset.
1210 4859 1667 4932 lucubrationem
1693 4859 2147 4932 Vitar’nm’ejus-

494 4930 674 4998 modi,
699 4945 826 5003 quae
843 4931 1097 5003 Pastoris
1114 4930 1344 4986 nomine
1357 4931 1583 5002 vulgata
1597 4931 1800 5002 fuerat,
1825 4930 2144 4988 contextam

493 5003 679 5062 fuisse
700 5001 1004 5073 posteriori
1035 5008 1234 5075 aetate:
1261 5008 1327 5058 ut
1363 5001 2033 5075 ostendebatexordium,
2057 5005 2146 5060 de-

496 5081 788 5145 sumptum
827 5087 896 5129 ex
928 5073 1166 5147 prologo
1209 5074 1504 5130 Passionis
1542 5075 1727 5130 sancti
1753 5073 2138 5147 ChrySOgOni.

492 5148 680 5216 Quare
719 5158 850 5202 cum
879 5150 1082 5200 auctor
1123 5145 1231 5200 iste
1272 5151 1603 5216 accuratum
1636 5161 1698 5202 se
1739 5145 2055 5203 ostenderit
2087 5149 2145 5204 in

495 5215 826 5281 collatione,
884 5221 941 5272 et
977 5215 1404 5285 comparatione
1445 5216 1941 5286 documentorum,
1997 5221 2148 5276 unde

493 5303 657 5346 suam
705 5286 1014 5360 colligebat
1045 5287 1370 5360 historiam,
1409 5301 1522 5344 non
1554 5295 1763 5344 temere
1800 5291 2147 5360 rejiciendus

489 5367 579 5417 est
612 5361 760 5416 inter
779 5358 1047 5432 sublesta:
1078 5358 1207 5432 ﬁdei
1241 5359 1571 5428 scriptores,
1603 5366 1704 5416 aut
1727 5358 1930 5416 alienae
1956 5362 2149 5432 impo—

491 5437 668 5504 stura:
707 5430 960 5504 asseclas
991 5449 1006 5500 ;
1041 5431 1157 5486 nisi
1208 5437 1363 5504 certa
1399 5437 1594 5504 contra
1627 5445 1814 5488 rerum
1859 5430 2145 5504 gestarum

495 5502 662 5558 ﬁdem
688 5503 1116 5558 demonstretur
1139 5503 1402 5558 assertio.
1429 5502 1607 5572 Quam
1630 5504 1680 5559 is
1709 5517 1839 5560 vero
1865 5502 1979 5560 (sibi
2003 5519 2148 5561 con-

496 5581 679 5640 stans,
704 5581 760 5628 et
784 5573 1087 5628 veracibus
1115 5574 1478 5629 documentis
1508 5589 1757 5631 consona
1791 5575 1986 5631 habita
2028 5577 2146 5632 sint

491 5645 630 5700 Acta
653 5643 794 5724 illam
810 5657 910 5699 seu
939 5644 1080 5724 Vitae
1112 5651 1302 5724 tuma
1337 5646 1556 5724 priscis
1590 5647 2002 5724 scriptoribus,
2026 5656 2144 5724 tum

494 5729 527 5772 a
561 5713 909 5781 recentibus,
935 5715 1134 5783 colligi
1170 5721 1352 5784 potest
1390 5729 1457 5770 ex
1487 5717 1562 5771 iis
1603 5713 1727 5784 quia
1758 5713 2149 5776 Florentinius

497 5785 772 5861 exhibuit
784 5785 854 5839 ad
868 5790 1028 5840 vetus
1059 5785 1470 5861 Martyrologiu
1481 5801 1531 5842 m
1547 5785 1649 5843 Kal
1660 5829 1679 5861 ._
1702 5789 1948 5861 Augusti
1969 5793 2111 5861 Exer
2123 5820 2151 5833 -

492 5858 594 5914 cit.
633 5851 693 5912 Η
715 5853 1027 5912 observans
1045 5851 1238 5914 eadem
1250 5851 1403 5914 Acta'
1402 5867 1630 5917 secutos
1652 5851 1928 5933 Adonem,
1951 5856 2153 5920 Notke—

2168 4545 2222 4606 D

2234 498 2387 578 gissé
2410 509 2432 530 "
2455 519 2696 578 quorum
2735 511 2788 560 et
2822 505 2944 572 ipse
2973 503 3238 578 pre-ducit
3265 513 3560 578 numerum
3593 498 3873 578 integrum

2236 572 2428 650 pagin.
2475 572 2610 650 703,
2644 589 2813 646 quam
2857 587 2960 630 nec
2988 573 3137 644 apud
3179 572 3411 650 sui-ium
3451 575 3734 650 prostare,
3783 581 3875 650 nec.

2233 641 2375 706 alibi
2398 664 2430 704 a
2470 663 2529 704 se
2563 641 2740 703 visam
2774 641 3068 702 memorat.
3109 645 3344 716 Legitur
3367 649 3551 716 autem
3588 641 3651 696 in
3686 645 3876 694 nostro

2235 723 2406 778 etiam
2443 721 2638 776 codice
2690 717 2988 773 Liberiano
3033 714 3234 772 iisdem
3268 714 3573 770 sententiis
3591 723 3874 779 expressa,

2237 794 2330 848 sed
2358 792 2548 848 verbis
2580 789 2750 860 paulo
2788 788 3055 856 diversis,
3085 795 3148 844 ut
3181 788 3348 856 plane
3371 791 3612 860 constet,
3634 784 3879 860 _Floren_-

2235 865 2368 920 tinii
2416 853 2704 932 exemplar
2732 861 2968 917 reddere
3011 853 3341 928 Acta,_qnae
3370 855 3600 932 nomine
3632 853 3881 932 Pastoris

2233 936 2389 992 edita
2427 927 2998 997 circumferebantur,
3037 927 3294 986 nostrum
3335 941 3466 984 vero
3514 927 3875 997 Liberianuin

2235 1007 2554 1076 exprimere
2583 1012 2707 1060 acta
2723 1003 2808 1076 ab
2825 995 3108 1076 anonymo
3137 1000 3238 1056 illo
3263 999 3609 1076 conscripta,
3645 995 3756 1076 qui
3783 996 3879 1076 Pa-

2237 1071 2378 1135 stori
2399 1078 2702 1146 ascriptam
2723 1071 3182 1146 lucubrationem
3211 1071 3534 1146 contulerat
3563 1083 3700 1146 cum
3736 1072 3877 1122 textu

2239 1150 2526 1221 passionis
2538 1141 3281 1221 sanctiChrysogoni,_un_de
3295 1141 3633 1211 prooemium
3647 1141 3879 1221 desum-

2241 1209 2398 1291 iitum
2431 1219 2612 1276 fuisse
2633 1231 2752 1274 com
2764 1209 3182 1291 peierat.rDabo
3201 1209 3382 1291 igitur
3399 1227 3708 1291 numerum
3728 1209 3876 1291 illum

2238 1286 2306 1350 ex
2362 1299 2553 1348 nostro
2596 1288 2908 1358 exemplari
2943 1287 3246 1344 Liberiano
3278 1287 3358 1358 ita
3402 1286 3880 1358 inter-punctum:

2310 1363 2570 1419 Gloriosa;
2610 1355 2796 1430 itaque
2838 1361 3081 1428 virgines
3117 1357 3386 1412 Praa'edes
3433 1361 3483 1410 et
3535 1355 3880 1410 Pudentiana

2233 1441 2361 1507 post
2395 1437 2580 1505 patris
2627 1433 2831 1507 obitum
2873 1435 2940 1507 in
2993 1431 3147 1486 domo
3189 1431 3438 1507 propria
3466 1431 3879 1507 eoenmancntes.

2239 1501 2454 1578 piisque
2482 1505 2736 1576 operibus
2760 1503 3018 1578 studiose,
3059 1519 3123 1556 ac
3162 1502 3390 1556 sollicite
3417 1501 3764 1578 insistentes,
3789 1512 3880 1578 cu:

2235 1568 2441 1650 perunt
2484 1568 2644 1650 omne
2678 1568 3077 1650 pati-imbutum
3113 1589 3288 1650 suum
3321 1571 3552 1625 vendere
3601 1575 3654 1624 et

2241 1642 2574 1722 pauperibus
2617 1642 2859 1722 erbgare.
2907 1647 2977 1722 Et
3018 1646 3409 1722 communicato
3461 1659 3585 1722 cum
3631 1644 3760 1694 viro
3801 1642 3884 1693 Dei

2244 1717 2467 1778 Pastore
2495 1721 2738 1777 consilio.
2776 1720 2873 1772 hoc
2907 1718 3110 1772 Christi
3159 1718 3398 1783 virgines
3443 1718 3788 1778 statuerunt,
3834 1717 3884 1783 ut

2166 1813 2216 1873 Β
2245 1797 2459 1873 fontem
2482 1795 2543 1846 in
2579 1789 3078 1873 titulo-supradicto
3115 1782 3511 1873 censtruerunt,
3531 1788 3620 1869 .in
3646 1800 3762 1852 quo
3795 1782 3878 1862 adj

2246 1856 2490 1919 veniente
2527 1856 2865 1918 solemnitate
2901 1861 3173 1926 Paschali,
3223 1863 3486 1929 quotquot
3521 1860 3604 1929 in,
3627 1856 3884 1929 communi

2245 1937 2468 2004 familia
2514 1936 2740 2002 gentiles
2779 1938 2952 1987 essent
2985 1947 3082 2002 per
3109 1927 3716 2004 ministrosCatholicoe
3756 1927 3884 2004 Fida

2245 1997 2438 2078 ﬁerent
2472 1997 2790 2061 Christiani.
2823 1997 3127 2070 Quod—cum
3151 2007 3338 2078 sancto
3379 2003 3476 2078 Pio
3506 2003 3713 2078 prima
3759 1997 3882 2078 sedis

2247 2069 2492 2149 episcopo
2529 2069 2863 2149 retulissent.
2905 2091 3104 2149 magno
3135 2077 3354 2142 gavisus
3389 2077 3466 2127 est
3490 2069 3723 2149 gaudio,
3769 2069 3883 2122 ade)

2246 2147 2309 2205 ut
2337 2147 2445 2204 non
2474 2151 2646 2204 solum
2683 2148 2780 2202 hoc
2811 2148 2930 2216 fieri
2963 2148 3293 2204 hortaretur,
3322 2159 3510 2198 verum
3546 2147 3724 2216 etiam
3756 2157 3884 2216 eum-

2247 2222 2368 2276 dem
2397 2223 2601 2288 fontem
2642 2222 2758 2275 suis
2799 2213 2914 2287 ipse
2957 2218 3212 2272 manibus
3259 2217 3588 2283 designaret.
3638 2213 3758 2278 Quo
3797 2213 3883 2288 Deo

2247 2287 2556 2347 autciliante
2611 2295 2873 2362 perfecto,
2931 2293 3358 2343 convocaverunt
3398 2292 3604 2362 santh
3661 2287 3882 2362 cirgim

2246 2365 2522 2418 Pramedes
2571 2359 2630 2418 et
2664 2363 3010 2417 Pudentiana
3066 2377 3222 2414 suam
3269 2360 3543 2426 familiam
3582 2359 3883 2409 universam

2247 2442 2354 2490 tam
2382 2437 2449 2490 de
2474 2435 2612 2490 Urbe
2641 2451 2806 2504 quam
2839 2435 2906 2488 de
2932 2433 3268 2486 suburbanis
3287 2429 3751 2504 possessionibus,
3785 2441 3885 2504 qua

2246 2509 2352 2562 sibi
2375 2525 2409 2560 a
2443 2500 2763 2576 parentibus
2791 2507 2991 2560 relicta?
3027 2507 3254 2571 fuerant
3283 2508 3380 2557 etc.
3413 2508 3462 2556 et
3509 2503 3568 2554 in
3602 2500 3698 2554 die
3721 2502 3887 2553 sancto

2244 2579 2466 2633 Paschae
2513 2579 2775 2648 baptizati
2811 2581 2940 2630 sunt
2977 2577 3279 2646 promiscui
3316 2590 3478 2628 sexus
3537 2587 3774 2627 numero
3807 2585 3886 2622 no-

2244 2655 2478 2716 naginta
2499 2647 2596 2704 seat
2622 2653 2682 2703 in
2704 2649 2863 2703 titulo
2883 2647 3222 2718 supradicto.

2312 2713 2413 2776 His
2441 2727 2623 2775 autem
2648 2722 2750 2776 tali
2777 2713 2966 2775 ordine
3001 2720 3402 2786 consummatis,
3433 2721 3719 2786 ceperunt
3743 2713 3887 2769 Chri-

2241 2795 2414 2848 stiani
2447 2809 2606 2860 agere
2629 2795 2690 2846 in
2728 2793 2910 2846 eodem
2929 2792 3088 2845 titulo
3108 2790 3366 2845 solemnes
3403 2789 3745 2856 celebresque
3777 2801 3880 2839 eon-

2241 2871 2454 2930 ventus,
2483 2871 2534 2918 et
2563 2865 2762 2919 ibidem
2784 2865 2986 2932 ymnis,
3009 2879 3074 2916 ac
3095 2862 3358 2916 laudibus
3372 2876 3574 2914 vacare
3597 2860 3816 2920 diebus,
3836 2872 3887 2932 ac

2242 2937 2508 3002 noctibus,
2537 2938 2617 2990 ita
2634 2941 2695 2989 ut
2718 2931 2920 3002 magna
2948 2934 3246 2988 multitudo
3276 2933 3564 3000 gentilium
3585 2946 3778 2984 eorum
3795 2931 3889 2981 ritu

2245 3007 2532 3070 delectata,
2555 3008 2784 3074 legibus,
2803 3012 2853 3060 et
2873 3005 3354 3074 superstitionibus
3371 3005 3576 3072 patriis
3607 3003 3888 3056 derelictis.

2245 3079 2321 3132 ad
2342 3080 2504 3146 ﬁdem
2529 3094 2584 3133 se
2604 3083 2934 3133 converteret
2965 3077 3186 3132 Christi.
3213 3076 3388 3145 Super
3416 3091 3529 3144 qua
3554 3091 3618 3128 re
3645 3077 3806 3142 facta
3830 3075 3891 3125 est

2163 3173 2210 3231 ο
2246 3151 2610 3231 suggestiohab
2631 3150 2860 3231 ethnicis
2884 3150 3168 3231 Antonino
3193 3149 3351 3230 Vero,
3371 3162 3531 3230 quem
3549 3148 3764 3230 scilicet
3781 3147 3892 3198 An-

2247 3227 2466 3276 toni-nus
2505 3223 2634 3276 Pius
2671 3223 2918 3276 vicesimo
2959 3220 3194 3276 secundo
3235 3220 3459 3288 imperii
3487 3220 3578 3273 sui
3607 3233 3760 3272 anno
3789 3230 3893 3270 mo-

2248 3297 2412 3359 riens,
2464 3308 2818 3348 successorem
2867 3292 3190 3361 reliquerat.
3251 3290 3355 3356 Qui
3401 3305 3528 3344 more
3572 3290 3686 3343 tale
3715 3292 3891 3342 eorum

2251 3367 2588 3422 Christianos
2613 3365 2984 3435 promulgavit
3024 3363 3276 3428 edictum,
3319 3366 3382 3416 ut
3417 3363 3494 3414 eis
3531 3364 3808 3430 sufﬁceret
3842 3361 3889 3435 in

2253 3439 2362 3490 suis
2424 3429 2756 3491 habitaculis
2818 3429 3016 3501 vivere,
3064 3435 3221 3488 nulla
3297 3429 3673 3487 communione
3719 3429 3893 3486 saeculi

2249 3508 2557 3563 hominibus
2589 3509 2976 3576 jungerentur,
3020 3507 3178 3560 nulla
3219 3507 3296 3559 eis
3347 3511 3481 3559 esset
3531 3503 3766 3567 emendi,
3821 3501 3891 3554 rel

2249 3579 2522 3634 vendendi
2566 3581 2806 3645 licentia,
2849 3595 3022 3648 neque
3055 3579 3276 3632 thermis
3310 3576 3550 3646 publicis
3596 3579 3883 3636 uterentur,

2251 3652 2348 3706 sed
2377 3651 2492 3704 sola
2521 3655 2698 3705 essent
2722 3651 3060 3704 habitatione
3097 3649 3352 3714 contenti,
3385 3656 3493 3703 etc.

2325 3723 2698 3792 Prosequitur
2752 3734 3014 3789 narrans,
3089 3727 3215 3790 post
3285 3733 3498 3792 annum
3559 3717 3887 3792 alterumac

2250 3789 2562 3851 dimidium
2621 3793 2840 3848 beatam
2889 3789 3296 3848 Pudentianam
3355 3791 3640 3862 virginem
3685 3789 3881 3862 Christi

2254 3866 2530 3936 migrasse
2551 3865 2617 3920 ad
2635 3865 2962 3931 Dominum,
2985 3864 3224 3934 ejusque
3250 3859 3724 3988 corggs’primnm
3744 3859 3883 3915 domi

2254 3945 2505 3988 curatam
2543 3937 2599 3988 in
2627 3937 2818 3988 eodem
2857 3935 3034 3988 titulo
3079 3948 3178 3988 uer
3197 3935 3322 3988 dies
3424 3933 3676 3988 .deinde
3701 3929 3883 3988 sepul—

2249 3929 2505 3993 cur'atam
2543 3937 2599 3990 in
2627 3937 2818 3992 eodem
2857 3929 3034 3990 titulo
3079 3929 3178 4004 per
3197 3935 3322 3989 dies
3347 3929 3437 4000 28,
3464 3929 3676 3988 deinde
3701 3929 3888 4000 sepul—

2249 4016 2370 4064 tum
2413 4009 2469 4062 in
2501 4008 2824 4063 cmmcterio
2859 4006 3136 4062 Priscilla:
3154 4005 3303 4073 apud
3331 4013 3543 4074 patrem
3581 4017 3746 4060 suum
3786 4005 3882 4074 Pu—

2249 4081 2498 4143 dentem,
2521 4080 2612 4133 via
2643 4078 2882 4134 Salaria.
2906 4078 2987 4132 Ad
3019 4078 3135 4133 haec
3167 4073 3447 4132 Praxedes
3478 4077 3538 4130 in
3567 4074 3756 4138 titulo,
3781 4073 3882 4128 fre-

2254 4165 2433 4223 quens
2463 4150 2662 4223 orabat
2699 4164 2826 4205 cum
2861 4150 2917 4204 B.
2947 4149 3226 4223 pontitice
3258 4148 3377 4215 Pio,
3405 4147 3749 4223 _ac._Novato,
3776 4146 3884 4223 viro

2255 4217 2498 4290 illustri,
2541 4230 2594 4276 et
2634 4234 2903 4292 germano
2943 4217 3225 4292 Timothei
3278 4217 3593 4292 presbyteri
3630 4217 3878 4292 illomani.

2251 4287 2505 4364 Contigit
2531 4287 2806 4348 Novatum
2840 4293 2992 4347 intra
3017 4287 3313 4364 biennium
3347 4287 3461 4364 rita
3481 4289 3690 4362 fungii,
3718 4287 3883 4364 selig-

2255 4357 2458 4421 norum
2489 4378 2726 4420 suorum
2757 4365 3028 4418 haeredem
3065 4362 3320 4418 scribere
3357 4357 3780 4417 fratrem'suum
3811 4357 3885 4411 Ti-

2256 4437 2572 4505 motheum,
2605 4435 2970 4506 etvirginem
3001 4435 3304 4506 Praxedem
3339 4449 3352 4486 :
3387 4447 3632 4503 quorum
3663 4443 3880 4506 assensu

2253 4501 2569 4566 communi
2593 4501 3109 4562 oblata-Timothei
3141 4505 3376 4560 thermae
3399 4501 3699 4560 cesserunt
3737 4502 3793 4556 in
3829 4501 3883 4554 ti-

2255 4581 2462 4648 tulum,
2519 4577 2791 4634 memoria
2842 4578 3114 4633 Praxedis
3159 4586 3444 4646 ornatum,
3477 4583 3532 4632 et
3582 4575 3880 4632 dedicatam

2253 4652 2325 4708 ab
2353 4651 2543 4706 eodem
2586 4650 2870 4718 pontilice.

2325 4725 2395 4776 Et
2422 4725 2636 4790 rogavit
2671 4724 2881 4776 beatum
2919 4724 3082 4776 Pium
3111 4723 3420 4791 episcopum
3462 4719 3650 4790 (virgo
3689 4720 3883 4772 Praxa—

2256 4793 2376 4864 des)
2418 4799 2478 4846 ut
2523 4796 2759 4847 thermas
2799 4794 3020 4855 Novati,
3054 4808 3176 4861 quae
3194 4793 3318 4859 jam
3354 4794 3413 4844 in
3453 4807 3560 4844 usu
3589 4807 3696 4844 non
3721 4793 3881 4864 erant

2257 4861 2537 4920 ecclesiam
2584 4865 2878 4930 dedicaret,
2927 4872 3039 4920 etc.
3078 4869 3128 4918 et
3159 4865 3374 4933 placuit
3413 4869 3606 4917 sancto
3647 4864 3738 4918 Pio
3775 4861 3888 4928 epi—

2257 4952 2434 5007 scopo,
2483 4942 2532 4990 et
2595 4935 2868 4990 dedicavit
2917 4937 3192 4990 ecclesiam
3253 4935 3511 4989 Thomas
3565 4933 3804 5007 Nova-ti,_
3835 4933 3884 4981 in

2257 5003 2471 5063 nomine
2525 5008 2693 5061 beata:
2745 5007 3015 5061 Praei-edis
3061 5009 3313 5072 virginis,
3363 5022 3529 5076 quam
3575 5011 3631 5059 et
3683 5003 3886 5058 titulum

2257 5081 2546 5135 constituit
2567 5081 2627 5131 in
2660 5078 2792 5132 urbe
2821 5079 3008 5146 Roma,
3040 5081 3100 5131 in
3132 5080 3246 5132 vico
3271 5081 3372 5146 qui
3389 5078 3706 5148 appellatur
3739 5076 3884 5148 Leitc—

2255 5155 2389 5206 rica.
2416 5153 2482 5206 In
2529 5164 2634 5219 quo
2660 5154 2708 5203 et
2733 5145 3113 5219 baptisterium
3141 5145 3480 5203 cansam-evil
3500 5148 3604 5204 sub
3633 5148 3720 5201 die
3744 5145 3888 5198 tertio

2255 5224 2386 5280 Idus
2438 5223 2637 5276 Maias.
2695 5219 2808 5286 Quo
2875 5223 3038 5276 etiam
3096 5226 3329 5290 tempore
3377 5222 3664 5274 constituit
3717 5219 3890 5290 beatus

2253 5297 2386 5351 Pius
2423 5295 2722 5361 episcopus,
2754 5298 2815 5347 ut
2843 5298 3092 5347 sanctum
3131 5289 3340 5348 Pascha
3365 5292 3454 5346 die
3470 5297 3684 5345 tantum
3717 5289 3890 5345 Domi—

2255 5369 2376 5421 nico
2393 5364 2770 5434 celebraretur,
2786 5380 2906 5418 cum
2918 5379 3088 5434 usque
3101 5364 3174 5418 ad
3203 5370 3412 5433 tempus
3423 5363 3571 5417 illud
3578 5380 3614 5416 α
3635 5362 3892 5434 plerisque

2258 5439 2384 5492 aliis
2415 5430 2779 5491 celebraretur
2807 5430 3014 5490 diebus:
3054 5430 3343 5489 Eo-autem
3371 5430 3709 5501 gubernante
3732 5430 3892 5485 Eccle-

2258 5512 2416 5576 sium,
2467 5509 2689 5561 Hermes
2739 5507 2938 5560 librum
2967 5509 3284 5576 conscripsit
3331 5509 3390 5560 in
3432 5521 3540 5575 quo
3582 5507 3888 5559 continetur.

2259 5582 2404 5651 quod
2433 5579 2658 5646 angelus
2686 5581 2904 5633 Domini
2931 5579 3043 5632 sibi
3076 5581 3135 5632 in
3155 5579 3347 5632 habitu
3367 5579 3611 5651 pastoris
3625 5577 3889 5651 apparuit.

2253 5647 2581 5724 pracipiens
2611 5652 2757 5719 quod
2777 5651 3028 5705 omnibus
3057 5647 3388 5724 divulgaret,
3419 5654 3482 5702 ut
3509 5649 3756 5724 dcjncqis
3789 5647 3897 5699 Pa—

2259 5722 2390 5778 scha
2432 5723 2520 5776 die
2559 5727 2772 5776 tantum
2812 5725 3089 5777 Dominico
3135 5723 3518 5776 celebraretur.
3552 5722 3681 5775 Post
3704 5730 3896 5772 mensus

2258 5800 2437 5850 autem
2470 5793 2605 5846 duos
2633 5794 2769 5848 obiit
2813 5795 3000 5848 beatus
3033 5795 3184 5856 Pius,
3217 5799 3268 5848 et
3287 5793 3534 5862 sepultus
3563 5797 3642 5847 est
3684 5794 3739 5844 in
3792 5791 3900 5862 (a-

2257 5869 2456 5936 ticano,
2477 5864 2651 5933 jua'ta
2687 5880 2882 5934 corpus
2927 5865 3070 5920 beati
3093 5867 3243 5921 Petri
3277 5857 3514 5935 apostoli
3542 5865 3734 5934 quinto
3772 5857 3902 5917 ldus
