4070 6178
565 351 696 410 4234

1797 344 2153 401 ANASTASII
2195 341 2737 399 BIBLIOTHECARH

3744 354 3845 414 1932

565 446 835 531 marmori
896 473 1184 545 insculpta
1216 471 1331 545 sub
1370 471 1647 545 Gregorio
1696 472 1808 545 ΥΠ,
1862 485 1988 545 qua:
2019 470 2085 524 ad
2099 480 2208 545 nuc
2239 467 2296 523 A
2325 469 2497 524 Puteo
2527 472 2594 525 ad
2633 470 2802 545 fidem
2840 470 3145 545 prototypi.
3172 475 3225 525 et
3251 475 3513 545 compegit
3547 491 3655 531 cum
3681 487 3846 537 steteris

559 547 789 612 visitur,
823 551 879 601 et
908 542 1152 600 refertur
1182 544 1252 598 ab
1274 544 1383 598 Ab.
1412 545 1605 597 Piazza
1635 543 1690 596 in
1719 543 1989 598 Hierarcli
2043 542 2183 596 Card

562 633 685 689 pag.
719 614 844 685 494,
874 616 1093 689 dicitur
1122 616 1351 689 nomine
1383 614 1634 689 Pastoris
1658 613 1963 689 insignita.
1996 616 2052 689 In
2077 614 2209 689 εω-

560 685 784 746 tionum
810 688 1087 756 elenchis,
1122 696 1177 741 et
1206 688 1264 740 in
1288 686 1437 741 libro
1467 685 1705 740 Ordinis
1726 686 1962 739 Romani
1991 685 2212 756 dicitur

560 768 773 816 sancta:
814 755 1212 814 Putlentianae:
1244 758 1720 827 quemadmodum
1762 757 1817 809 in
1853 758 2075 811 musivo
2101 755 2203 809 ab-

559 832 708 887 sidis
732 830 1150 894 vetustissimo,
1186 828 1384 883 Siricii
1414 835 1576 882 aetate
1607 834 1937 883 constructo
1967 834 2021 881 et
2053 840 2210 881 reno-

559 911 687 959 vato
717 916 812 973 per
837 903 1152 956 Adrianum
1187 900 1435 973 primum
1463 919 1477 965 ;
1511 900 1576 973 in
1603 912 1717 967 quo
1750 898 1905 973 tituli
1941 899 2204 973 historia,

558 970 743 1045 origo,
791 974 943 1029 situs
968 986 1097 1045 c_um
1150 972 1518 1045 perspicitur.
1563 970 1714 1023 inter
1771 970 1991 1045 potiora
2020 972 2208 1045 docu-

559 1042 744 1101 menta
778 1058 966 1100 rerum
997 1043 1273 1098 hactenus
1305 1042 1685 1097 iudicatarum
1710 1055 1836 1095 cum
1869 1043 2111 1096 Baronio
2142 1054 2207 1095 ac

555 1117 834 1173 Panvinio
863 1113 1062 1170 referri
1091 1113 1277 1169 debet.
1309 1114 1466 1168 Licet
1497 1125 1625 1167 vero
1659 1113 1715 1166 in
1745 1126 1886 1167 nova
1914 1119 2206 1168 structura

553 1202 679 1243 aera:
724 1187 1011 1257 principis
1039 1185 1292 1253 ejusdem
1326 1184 1533 1239 musivi
1580 1183 1771 1252 operis
1803 1198 1933 1257 pars
1965 1182 2208 1238 inferior

553 1259 633 1314 sit
678 1256 981 1321 occultata,
1014 1270 1078 1311 ea
1110 1263 1294 1310 tamen
1344 1261 1606 1323 superest
1642 1269 1768 1324 qua:
1828 1256 2105 1323 imagines
2150 1261 2207 1308 et

553 1330 809 1401 symbola
837 1329 906 1383 ad
941 1328 1098 1382 tituli
1153 1327 1455 1401 historiam
1481 1326 1826 1401 pertinentia
1856 1327 2123 1401 declarat.

625 1402 851 1456 Visitur
880 1412 1013 1469 ergo
1044 1404 1379 1467 prOSpectus
1406 1396 1779 1469 viciPatricii
1807 1397 2060 1466 antiqua:
2092 1399 2205 1452 Ur—

556 1471 647 1526 bis
674 1472 731 1526 in
758 1468 965 1527 eodem
989 1482 1296 1537 expressus
1318 1468 1386 1523 ad
1418 1468 1639 1522 radices
1666 1468 1972 1522 Viminalis
2002 1476 2058 1522 et
2086 1470 2205 1523 Ex-

552 1542 768 1613 quilini
796 1541 1001 1597 collis:
1032 1546 1094 1594 ut
1117 1540 1369 1613 ostendit
1397 1539 1772 1613 substructio,
1803 1540 2017 1613 ibidem
2048 1540 2205 1613 deli-

554 1610 737 1676 neata,
771 1620 828 1669 et
870 1610 1304 1681 praegrandibus
1333 1612 1490 1665 saxis
1541 1610 1952 1678 quadrilateris
1998 1611 2199 1666 collem

555 1686 945 1754 praecingens:
1004 1681 1906 1754 cujusrprtecinctionisvestigia
1951 1685 2196 1750 Spectari

552 1751 743 1811 adhuc
776 1751 1023 1824 possunt
1071 1753 1442 1808 tendentibus
1469 1768 1500 1807 a
1528 1751 1700 1807 titulo
1730 1754 1782 1808 S.
1823 1751 2201 1809 "Pudentiante

2322 555 2495 596 sacrae
2525 542 2898 611 antiquitatis
2925 543 3303 597 monumentis
3332 544 3385 597 in
3434 542 3649 612 pretiosa
3677 551 3751 605 illa
3773 568 3845 608 vo-

2320 612 2560 679 lumina,
2581 612 2796 682 quibus
2817 614 2984 667 hodie
3003 613 3336 668 nobilitatur
3349 614 3543 672 Albana
3559 618 3844 678 bibliotheca.

2318 683 2557 755 Suberat
2603 685 2771 738 etiam
2806 685 3126 752 symbolum
3170 686 3299 755 agni
3352 688 3527 743 nimbo
3567 698 3844 749 c0ronati.et

2319 754 2764 829 committet-uelo
2810 756 2868 810 in
2912 769 3071 829 eum
3104 754 3402 829 illabentis,
3432 760 3731 829 descriptum
3756 774 3844 820 ante

2318 839 2499 898 annos
2524 824 2644 898 420,
2673 829 2843 881 etiam
2877 842 2908 882 a
2940 827 3113 881 Paulo
3160 828 3228 881 de
3258 830 3474 898 Angelis
3509 832 3559 885 in
3589 824 3677 887 ms.
3702 835 3757 888 de
3775 837 3843 889 Ti-

2318 896 2462 951 tulis
2496 897 2948 968 presbyterorum
2986 898 3153 953 Urbis
3181 900 3235 953 in
3266 896 3482 955 archivo
3503 902 3779 961 Liberiano:
3803 914 3843 961 ut

2316 968 2546 1024 Christo
2598 970 2839 1025 Domino
2895 970 3308 1025 sanctiﬁcatum
3350 969 3598 1040 baptisma
3624 975 3842 1031 denotaret

2318 1051 2418 1104 per
2448 1040 2687 1107 gratiam
2729 1042 2911 1095 sancti
2955 1042 3229 1110 Spiritus,
3263 1055 3426 1110 super
3450 1056 3564 1097 eum
3594 1046 3641 1098 in
3670 1047 3842 1102 Jordane

2317 1111 2500 1165 simili
2557 1113 2744 1180 specie
2773 1111 3114 1177 advolantis,
3174 1126 3335 1182 quam
3383 1114 3436 1168 in
3465 1124 3758 1172 sacramento
3782 1117 3841 1171 hic

2316 1182 2778 1238 administrando
2807 1182 3071 1254 largitur.
3103 1184 3242 1239 Octo
3285 1190 3457 1239 autem
3486 1186 3583 1240 viri
3609 1188 3841 1254 apostolico

2316 1266 2473 1326 more
2504 1255 2746 1326 tunicati
2789 1261 2845 1308 et
2872 1254 3122 1323 palliati,
3149 1268 3293 1324 quos
3320 1255 3417 1309 alii
3446 1256 3507 1311 ad
3532 1266 3725 1313 caeteros
3746 1272 3843 1326 apo-

2314 1325 2494 1397 stolos
2530 1324 2801 1397 referunt,
2824 1326 2960 1380 licet
2981 1339 3279 1381 numerum
3304 1332 3486 1381 exacte
3509 1342 3607 1382 non
3626 1324 3839 1397 impleant.

2317 1395 2517 1468 retulit
2564 1395 2806 1451 fortasse
2851 1404 3055 1451 auctor
3102 1398 3306 1452 musivi
3359 1399 3421 1452 ad
3472 1406 3584 1453 octo
3633 1395 3841 1468 proximos

2314 1467 2462 1521 Petri
2496 1481 2853 1523 successores
2885 1468 2983 1538 qui
3033 1483 3065 1523 a
3103 1470 3245 1523 Lino
3291 1470 3355 1523 ad
3396 1467 3743 1538 TelesphOrum
3768 1486 3840 1524 nu-

2314 1546 2627 1610 merantur,
2660 1546 2715 1593 et
2742 1554 2772 1593 a
2824 1541 3069 1594 Pudente
3110 1542 3167 1594 in
3211 1541 3324 1595 vita
3362 1542 3639 1608 superstite
3658 1543 3840 1610 excipie-

2312 1608 2523 1665 bantur
2547 1611 2700 1663 domi
2734 1612 2803 1665 ad
2830 1624 2988 1665 sacra
3022 1613 3309 1680 mysteria,
3342 1619 3393 1666 et
3424 1612 3646 1667 tirtelium
3672 1608 3839 1681 synaxes

2311 1681 2697 1737 celebrandas.
2758 1685 2895 1737 Cum
2957 1684 3107 1736 enim
3161 1685 3299 1737 Acta
3356 1686 3601 1751 superius
3643 1685 3836 1752 producta

2310 1752 2561 1819 ejusdem
2624 1761 2857 1808 mortem
2893 1754 3151 1808 indicent
3185 1755 3289 1808 diu
3336 1761 3460 1808 ante
3485 1768 3669 1810 annum
3692 1755 3838 1808 Christi

552 1841 651 1897 per
684 1821 837 1882 latus
865 1824 1173 1881 Viminalis
1202 1826 1270 1879 ad
1304 1824 1624 1894 proximum
1660 1824 1894 1897 titulum
1943 1825 1998 1879 S.
2046 1827 2201 1881 Lau-
2226 1836 2277 1896 Β
2313 1821 2433 1888 MSS,
2485 1825 2691 1895 Hygini
2724 1826 2943 1879 exitum
2977 1827 3206 1881 videtur
3247 1838 3310 1879 ea
3363 1839 3503 1880 mors
3551 1828 3831 1895 prJ'V'CﬂlSSC:

555 1895 728 1954 rentii
755 1899 811 1953 in
840 1899 1203 1964 Panisperna.
1240 1910 1349 1950 non
1382 1896 1614 1965 penitus
1640 1895 1877 1965 disjecta
1907 1898 2200 1952 sinistror—

550 1985 676 2026 sum
702 1971 760 2026 in
784 1970 874 2024 via
900 1967 1146 2024 Sixtina.
1170 1966 1598 2022 Substructioni
1626 1967 1968 2022 incumbunt
1987 1970 2198 2037 magni-

550 2042 655 2097 fica
697 2041 968 2112 utrinque
998 2039 1261 2112 aediﬁcia,
1299 2052 1408 2093 non
1445 2038 1675 2107 penitus
1704 2039 1944 2112 disjecta
1974 2040 2199 2112 scilicet

550 2113 700 2168 unde
748 2110 893 2168 vico'
926 2124 1126 2167 nomen
1173 2110 1493 2164 derivatum
1533 2115 1639 2177 est,
1687 2111 1917 2178 quando
1964 2110 2198 2166 Servius

544 2184 793 2251 Tullius,
852 2183 1108 2237 tradente
1138 2182 1318 2248 Festo,
1356 2200 1382 2233 α
1430 2181 1609 2249 jussit
1639 2182 1913 2250 patricios
1943 2180 2050 2237 sub
2080 2183 2192 2237 Ex-

546 2254 757 2323 quiliis
788 2254 884 2308 hic
915 2253 1193 2318 habitare,
1223 2260 1286 2307 ut
1341 2251 1389 2306 si
1420 2252 1557 2321 quid
1604 2252 1733 2307 novi
1780 2253 2138 2308 molirentur.
2168 2267 2197 2307 e

544 2324 689 2381 locis
718 2324 1119 2393 superioribus
1138 2324 1627 2393 opprimerentur.
1659 2341 1685 2372 n
1714 2323 2194 2394 Magnificentiam

543 2402 966 2453 structurarum
1018 2395 1123 2449 hoc
1172 2395 1231 2448 in
1278 2395 1405 2450 vico
1463 2401 1519 2449 et
1563 2395 1621 2449 in
1658 2397 1879 2451 musivo
1908 2409 2193 2464 apparen-

543 2469 691 2523 tium
718 2466 1050 2537 comprobat
1076 2465 1442 2537 etiamgvetus
1476 2467 1801 2534 inscriptio.
1835 2480 2006 2535 quam
2037 2468 2192 2523 Gru-

543 2545 703 2595 terus
739 2535 944 2594 retulit
969 2550 1226 2604 CLxxmt,
1254 2535 1307 2600 9,
1338 2544 1395 2591 et
1426 2537 1682 2608 Ugonius
1727 2537 1945 2606 aliique
1978 2552 2195 2593 memo-

543 2617 673 2665 rant
706 2616 982 2679 repertam
1018 2610 1076 2662 in
1129 2608 1235 2663 hoc
1260 2608 1452 2662 eodem
1503 2608 1676 2662 titulo
1706 2614 1915 2663 sancta:
1964 2610 2197 2664 Puden—

544 2682 735 2747 tiante,
791 2680 929 2734 dum
959 2679 1124 2733 Card.
1169 2679 1472 2745 Cajetanus
1500 2679 1863 2747 splendidum
1912 2679 2055 2734 illud
2097 2694 2196 2735 sa-

542 2751 753 2808 cellum
806 2754 1185 2810 construeret,
1214 2748 1365 2802 inter
1404 2748 1755 2819 elegantiora
1784 2750 1948 2805 urbis
1987 2764 2196 2807 nume-

543 2830 729 2879 ratum
762 2840 774 2876 :

1057 2925 1099 2965 S.
1148 2923 1267 2964 VAL.
1316 2922 1558 2963 IESSALA
1589 2922 1715 2962 V.C.
1754 2924 2096 2966 PRAEFECTVS
2119 2926 2193 2968 VR

610 2998 664 3038 Bl
692 3023 827 3037 ......
861 2995 1213 3037 SPLENDOREM
1239 2993 1505 3035 PVBLICVM
1536 2995 1589 3035 ΙΝ
1622 2994 1743 3035 νιεο
1769 2995 2016 3037 PATRlClO

610 3068 899 3110 VICTORIAE
924 3069 985 3109 ET
1029 3067 1179 3108 FIERI
1210 3066 1273 3107 ET
1305 3066 1512 3107 ORNARl
1546 3065 1905 3109 PROCVRABIT.

540 3128 666 3182 Haec
693 3127 843 3181 inter
880 3125 1179 3195 magniﬁca
1206 3123 1448 3178 aedificia
1486 3133 1734 3178 ercetum
1788 3126 2001 3181 visitur
2026 3126 2192 3183 salu—

541 3206 661 3254 tare
685 3198 878 3274 crucis
901 3198 1153 3274 sigpum,
1191 3195 1453 3274 indicans
1477 3196 1715 3274 titulum
1750 3197 2051 3274 Pudentis:
2081 3199 2189 3254 sub
2219 3211 2267 3274 ί]

544 3284 656 3340 quo
684 3268 1264 3340 ChristusDominus
1293 3268 1508 3321 insidet
1533 3267 1707 3323 sellae.
1752 3268 1894 3323 velis
1939 3271 2010 3325 de
2038 3285 2193 3325 more

538 3338 862 3409 constratae,
890 3338 1068 3394 veluti
1100 3340 1155 3393 in
1190 3338 1417 3400 throno,
1443 3344 1496 3392 et
1521 3345 1779 3407 apertum
1817 3340 2029 3395 librum
2056 3357 2194 3397 sus-

541 3413 689 3467 tinet
728 3425 920 3472 manu,
956 3410 1015 3464 in
1066 3423 1179 3479 quo
1223 3409 1492 3479 leguntur
1540 3409 1748 3464 litterae
1778 3414 2038 3465 Dominus
2076 3430 2194 3467 con-

538 3487 781 3537 servator
818 3482 1049 3536 ecclesiae
1096 3480 1471 3534 Pudentianae.
1516 3482 1659 3535 Hinc
1692 3482 2063 3551 inscriptioni
2098 3499 2193 3539 re-

537 3552 854 3624 spondebat
882 3553 1063 3608 altera
1111 3552 1424 3622 epigraphe
1467 3552 1665 3606 Siricii
1700 3566 1875 3679 papae,
1914 3554 2089 3611 relata
2136 3556 2194 3610 in

540 3625 868 3679 Anoendice
896 3623 1243 3679 Gruteriana
1276 3621 1374 3677 fol.
1417 3635 1669 3679 uccxxu.
1742 3665 1755 3679 .
1785 3639 1816 3678 a
1845 3624 2194 3679 Florentinio

540 3621 868 3696 Appendice
896 3621 1245 3696 Gruteriana
1276 3621 1374 3696 fol.
1417 3635 1669 3696 ugcxxu,
1700 3621 1816 3696 7,7.1
1845 3624 2197 3681 Florentiuio

543 3692 605 3752 in
626 3692 735 3753 vet.
753 3695 1160 3766 Martyrologio
1181 3694 1249 3749 ad
1272 3694 1423 3749 diem
1454 3692 1525 3751 26
1543 3695 1898 3767 Novembris,
1920 3698 2197 3769 aliisque.

697 3819 911 3870 Siricius
939 3819 1023 3879 pia
1043 3831 1179 3864 nunc
1200 3816 1445 3879 persolvit
1472 3830 1680 3865 munera
1704 3821 1913 3869 sanctis.

760 3881 934 3930 Gratia
963 3880 1251 3942 quirmujor
1284 3880 1324 3925 si
1365 3879 1498 3926 bona
1518 3881 1846 3942 martyribus.

695 3942 1036 4002 Omnipotens
1062 3940 1207 3988 Deus
1228 3954 1371 3988 uth
1392 3940 1697 3990 coxsuuvur
1726 3958 1970 3993 TEMPORE
2019 3961 2197 3997 MULTO

755 4004 944 4053 Maenia
977 4008 1269 4051 sanctorum
1301 4004 1389 4064 qui
1424 4018 1553 4051 nova
1586 4007 1823 4054 restituit.

536 4105 805 4176 Ejusdem
835 4101 1035 4176 Siricii
1092 4103 1439 4176 reparatoris
1472 4115 1672 4176 nomen
1704 4104 2060 4173 palmaribus
2089 4107 2197 4163 lit-

535 4173 676 4233 teris
710 4173 1437 4247 insculptummarmoreis
1464 4173 1681 4229 tabulis
1711 4176 1881 4230 hodie
1907 4186 2190 4247 superest,

541 4249 680 4304 olim
727 4241 1535 4315 praecingentibusAmbones,
1574 4259 1673 4299 seu
1708 4246 1925 4315 pulpita
1970 4241 2189 4305 duola-'

542 4320 707 4389 pidea
728 4313 796 4389 ex
822 4314 1050 4383 antiqui
1083 4313 1314 4389 aedificii
1352 4313 1737 4389 marmoribus
1768 4313 2095 4383 fabrefacta,
2132 4329 2187 4376 ut

540 4385 1162 4461 Panvinius‘memorat
1183 4385 1271 4452 (de
1293 4393 1503 4461 septem
1538 4386 1708 4442 Urbis
1732 4389 1883 4443 Eccl.
1911 4405 2035 4460 pag.
2065 4392 2189 4461 266)

539 4462 690 4517 saluo
769 4458 961 4513 Siricio
1016 4458 1258 4526 episcopo
1316 4457 1549 4510 ecclesiae
1598 4463 1813 4512 sanctae.
1880 4457 2190 4519 Conservat

539 4534 713 4589 etiam
748 4528 1089 4605 proximum
1124 4541 1371 4605 marmor
1403 4541 1620 4605 nomen
1651 4530 1920 4599 Loopurdt'
1952 4536 2190 4605 presby-

540 4588 674 4666 teri,
710 4588 834 4672 ejus
851 4599 1280 4672 scilicet‘quem
1303 4600 1501 4672 ASiricii
1550 4588 1846 4657 successor
1888 4588 2189 4672 po'stiA‘ria-
2216 4588 2269 4648 D

544 4670 787 4731 stasium
816 4670 1183 4745 Innocentius
1202 4670 1582 4726 Mediolanum
1610 4673 1787 4732 misit.
1820 4670 2188 4745 ut'legatione

540 4748 698 4803 sedis
726 4742 1054 4814 apostolica:
1092 4740 1427 4814 fungeretur
1476 4757 1584 4798 una
1633 4759 1758 4799 cum
1791 4740 2086 4803 Crescente
2133 4758 2188 4805 et

540 4813 788 4875 Maximo
830 4814 900 4870 ad
944 4813 1256 4869 concilium
1302 4814 1514 4869 ibidem
1571 4815 1852 4871 indictum
1903 4819 1961 4873 in
2015 4834 2186 4876 causa

537 4886 851 4963 Joviniani,
878 4900 1007 4963 cum
1037 4885 1252 4939 litteris
1272 4886 1340 4963 ad
1368 4885 1596 4941 beatum
1621 4888 1981 4963 Ambrosium
2007 4892 2181 4963 datis,

542 4961 643 5017 ubi
679 4959 993 5029 fratremet
1020 4958 1540 5026 compresbyterum
1572 4973 1756 5029 suum
1780 4960 2030 5029 appellat
2053 4958 2185 5017 Leo;

534 5032 791 5103 pardum.
815 5028 1022 5083 Eodem
1054 5040 1273 5103 nempe,
1294 5028 1697 5103 sivetitulari,
1722 5028 2184 5103 rsiveprteposito

540 5099 793 5169 fabricae,
828 5112 971 5174 usus
1016 5105 1103 5153 est
1133 5099 1382 5154 Siricius
1428 5099 1485 5153 in
1517 5102 1769 5156 curanda
1806 5099 1978 5157 sacrae
1997 5099 2184 5174 hujus

538 5175 681 5230 :edis
720 5170 1100 5243 reparatione,
1149 5176 1206 5224 et
1233 5178 1459 5238 ornatu,
1500 5185 1637 5243 cum
1689 5174 1945 5243 exemplo
1983 5170 2184 5231 deces-

536 5259 731 5304 sorum
762 5241 1015 5313 absidem
1042 5241 1337 5313 decoraret
1358 5242 1571 5313 rmusivi
1604 5242 1777 5311 hujus
1805 5241 1995 5313 operis
2011 5248 2186 5303 addi—

536 5322 802 5374 tamento.
839 5312 1065 5369 Sedenti
1099 5312 1282 5381 igitur
1307 5312 1537 5367 Christo
1584 5312 1855 5381 Domino,
1875 5324 1930 5371 et
1959 5334 2182 5373 conser-

530 5394 771 5444 vatorem
809 5398 869 5441 se
920 5383 1211 5455 pollicenti
1271 5385 1502 5437 ecclesia:
1555 5386 1926 5455 Pii/lentiame,
1988 5391 2175 5445 decem

531 5460 667 5526 viri,
701 5458 916 5521 tunica,
964 5461 1021 5509 et
1053 5454 1226 5522 pallio
1269 5457 1489 5516 amicti,
1549 5455 1683 5512 hinc
1711 5459 1843 5513 inde
1886 5454 2171 5518 assident:

532 5543 778 5600 quorum
819 5528 919 5597 qui
946 5527 1213 5600 proxime
1252 5526 1645 5600 ltedetnptoris
1690 5528 1852 5584 lateri
1886 5532 2175 5588 adhaerent

527 5597 597 5655 e‘x
649 5598 993 5665 subscriptis
1046 5597 1379 5652 nominibus
1433 5600 1624 5652 Petrus
1682 5607 1736 5654 et
1804 5603 2005 5657 Paulus
2052 5618 2173 5661 esse

527 5670 1053 5738 deprehenduntur.
1079 5668 1180 5723 illa
1211 5668 1362 5722 enim
1406 5682 1636 5743 nomina
1663 5672 1718 5725 in
1748 5674 2004 5743 exemplo
2037 5690 2171 5730 mu-

524 5744 635 5797 sivt
667 5750 952 5806 expressa,
996 5745 1295 5807 antequam
1350 5740 1513 5794 novis
1570 5744 1871 5797 ornatibus
1898 5740 2011 5799 arae
2052 5760 2167 5802 ma-

524 5814 694 5884 xima;
718 5807 939 5884 additis
962 5807 1151 5884 (annis
1181 5810 1415 5865 circiter
1444 5810 1654 5884 abhinc
1682 5813 1769 5884 60)
1799 5818 2165 5872 occultaren-

518 5894 636 5953 tur,
662 5875 943 5934 deliueari
987 5876 1296 5947 diligenter
1324 5882 1548 5936 curavit
1595 5875 1770 5953 eques
1797 5886 2104 5944 Cassianus
2129 5903 2161 5945 τι

2311 1908 2412 1949 nec
2468 1903 2763 1964 pr0pterca
2807 1911 2935 1950 cum
2997 1897 3223 1951 caeteris
3270 1902 3398 1951 ante
3450 1898 3707 1952 Pudentem
3744 1897 3837 1951 coelo

2311 1971 2553 2035 receptis
2583 1967 2926 2034 praesulibus
2960 1967 3125 2022 illius
3158 1969 3362 2038 imago,
3396 1970 3488 2038 qui
3514 1982 3668 2023 nonus
3695 1967 3835 2021 {uitali

2307 2039 2605 2106 apOstolis,
2638 2039 2697 2093 in
2728 2040 2902 2094 titulo
2944 2040 3219 2094 Pudentis
3256 2039 3659 2107 exprimebatur.
3682 2041 3832 2093 Petrum

2308 2116 2363 2163 et
2427 2109 2662 2165 Paulum
2718 2118 2993 2164 coronant
3050 2111 3245 2166 laurea
3276 2112 3400 2165 dua:
3441 2111 3662 2180 virgines
3704 2110 3833 2164 velata

2312 2181 2589 2252 Praxetles
2632 2192 2683 2235 et
2716 2182 3090 2251 Pudentiana,
3122 2181 3369 2252 singulm
3398 2182 3623 2251 singulis
3646 2190 3831 2241 astantes,

2309 2260 2428 2307 tum
2459 2250 2713 2307 ofﬁcioso
2764 2253 3046 2320 ejusmodi
3081 2250 3313 2308 honore
3357 2250 3589 2322 hospites
3613 2252 3831 2307 coronandi

2306 2324 2455 2392 apud
2512 2330 2729 2378 veteres
2785 2324 3001 2392 pridem
3055 2333 3301 2392 recepto.
3353 2331 3464 2379 tum
3514 2338 3541 2378 a
3582 2323 3833 2377 Christianis

2305 2394 2570 2450 adhibito
2591 2408 2722 2465 erga
2747 2395 3025 2465 imagines
3045 2395 3266 2451 Christi
3285 2396 3522 2461 Domini,
3540 2397 3740 2464 ejusdem
3757 2406 3833 2465 san-

2305 2472 2550 2531 ctorum,
2588 2464 2854 2520 ut’vitrei
2874 2464 3133 2521 orbiculi
3170 2468 3230 2521 in
3268 2474 3557 2538 martyrum
3585 2464 3831 2522 cmmeteriis

2307 2538 2539 2609 reperti,
2590 2551 2904 2609 eorumque
2962 2540 3155 2593 icones
3207 2538 3411 2593 ibidem
3465 2539 3685 2606 depicta,
3726 2544 3765 2590 et
3798 2537 3830 2585 in

2304 2611 2539 2680 cryptis;
2568 2608 2825 2663 fidelium
2870 2609 3020 2677 apud
3053 2610 3394 2665 Severanum
3423 2617 3476 2664 et
3524 2611 3709 2664 Bosium
3739 2618 3833 2680 Vspeo

2304 2679 2523 2735 ctanda:
2564 2680 2889 2735 luculenter
2934 2681 3288 2737 ostendunt:
3331 2695 3395 2736 ex
3434 2695 3537 2751 quo
3564 2679 3831 2749 Apostolusa

2305 2752 2547 2826 militari
2585 2765 2736 2826 more
2765 2753 3147 2826 metaphoram
3185 2760 3456 2822 repetens,
3490 2754 3831 2826 scripserat,

2304 2824 2545 2892 positam
2575 2822 2689 2877 sibi
2720 2837 2750 2877 a
2782 2818 3024 2878 Domino
3063 2836 3192 2878 esse
3242 2818 3494 2879 coronam
3521 2818 3732 2889 iustitiae.
3769 2818 3831 2869 Vi-

2302 2894 2447 2949 dend
2460 2909 2524 2949 us
2552 2908 2615 2949 ea
2645 2895 2715 2949 de
2743 2908 2801 2948 re
2825 2908 2937 2962 prie
2957 2896 3182 2949 caeteris
3204 2895 3640 2951 consultissimus
3662 2892 3832 2957 antiqui-

2303 2972 2483 3020 tatum
2513 2965 2838 3021 illustrator
2859 2965 3164 3036 Philippus
3186 2974 3413 3021 senator
3436 2966 3687 3036 Bouarroti
3711 2963 3752 3016 in
3767 2974 3833 3036 er-

2302 3036 2589 3111 positione
2606 3036 2930 3111 tabularum
2962 3034 3472 3111 liietsequcntium
3505 3034 3683 3092 laudati
3708 3034 3832 3111 operis

2299 3109 2369 3163 de
2391 3109 2591 3163 vitreis
2620 3108 2903 3162 orbiculis
2928 3116 2981 3162 et
3008 3106 3240 3179 ﬁguris,
3268 3124 3390 3179 qua!
3416 3111 3470 3163 in
3489 3106 3830 3179 clemeteriisai.

2303 3186 2612 3249 martyrum
2659 3180 2807 3248 apud
2850 3178 3069 3235 Urbem
3102 3178 3471 3235 effodiuntur.
3512 3178 3829 3249 Emblemataet

2303 3243 2514 3321 figuras
2541 3243 2770 3318 musivi,
2800 3250 3054 3305 absndem
3078 3252 3134 3306 in
3157 3252 3335 3307 titulo
3357 3252 3608 3315 ornantis,
3632 3243 3830 3312 complent

2303 3329 2552 3393 quatuor
2578 3322 2852 3377 animalia
2901 3322 2958 3376 in
2985 3322 3331 3393 Apocalypsi
3369 3325 3640 3390 descripta.
3662 3326 3832 3393 sigilli"

2304 3389 2431 3447 bola
2467 3394 2945 3459 evangelistarum
2981 3389 3369 3462 praeferentia,
3404 3409 3518 3464 qua:
3550 3389 3602 3447 in
3630 3389 3833 3461 plerisque

2307 3465 2549 3520 musivis
2580 3471 2636 3519 et
2662 3465 2909 3534 picturis
2938 3468 3146 3521 veteris
3172 3467 3458 3533 Ecclesia},
3491 3467 3647 3520 Rome
3668 3468 3834 3530 praeser'

2307 3537 2433 3590 tim.
2462 3536 2918 3605 conspiciuntur.

2379 3608 2479 3682 llis
2502 3593 2695 3678 itaque
2724 3609 3086 3682 documentis
3116 3608 3359 3680 hospitii
3386 3593 3828 3682 apost_olor_u_m.tl_lll_td

2308 3677 2638 3745 Pudentem,
2668 3686 2741 3752 et
2787 3677 3132 3749 frequentati
3195 3677 3366 3752 hujus
3397 3677 3541 3752 tituli
3571 3692 3597 3732 a
3628 3677 3829 3730 Christia-

2312 3763 2515 3805 norum
2546 3751 2794 3807 canibus
2824 3754 2995 3805 etiam
3025 3758 3159 3807 ante
3210 3751 3393 3819 Pium,
3423 3751 3584 3806 multo
3606 3753 3746 3802 autem
3765 3752 3825 3819 ξδ’

2312 3820 2531 3877 lebrius
2581 3831 2707 3891 post
2756 3822 2966 3876 fontem
3000 3824 3111 3878 rite
3158 3823 3231 3879 ab
3262 3838 3326 3879 eo
3355 3808 3661 3884 dedicatum,
3687 3808 3827 3891 conﬁrf

2310 3900 2539 3967 mantur
2582 3878 3022 3967 'catalogorum.‘
3052 3900 3108 3949 et
3161 3878 3447 3951 Anastasii
3492 3878 3827 3967 assertiopwflf’

2305 3964 2566 4038 Thermis
2596 3965 2793 4020 Novati
2824 3966 2880 4018 in
2912 3965 3209 4038 ecclesiam
3239 3967 3518 4021 conversis
3538 3978 3565 4017 a
3592 3959 3729 4038 l’ioin
3750 3959 3826 4038 ut?

2306 4035 2541 4091 Patricii
2585 4041 2787 4106 rogatu
2844 4037 3115 4091 Praxedis
3150 4038 3207 4092 in
3263 4038 3517 4093 honorem
3556 4032 3827 4106 sororissltt

2307 4100 2689 4170 Pudentianai,
2721 4114 2779 4161 et
2824 4109 2894 4162 de
2939 4107 3120 4162 fontis
3161 4112 3313 4164 sacri
3357 4107 3675 4163 dedicatione
3694 4100 3742 4151 ad
3760 4104 3825 4170 ξοο

2306 4178 2518 4233 lemnes
2550 4166 2819 4247 baptismi
2861 4179 3010 4234 ritus
3065 4179 3275 4235 ibidem
3309 4172 3734 4235 administrandos
3760 4166 3826 4248 ι’ξτ

2302 4250 2520 4305 schatis
2555 4234 2651 4304 die
2680 4257 2999 4321 appetente,
3034 4234 3694 4321 postq’uami'relesphorus
3718 4234 3826 4321 Rapit"

2299 4328 2431 4375 ante
2479 4308 2844 4375 ordinaverat
2878 4322 2933 4375 in
2966 4308 3427 4390 Quadragesimze
3476 4308 3655 4389 septem
3682 4308 3824 4391 hqbdtlf

2303 4392 2567 4447 madibus
2589 4398 2735 4447 ritus
2758 4379 3009 4465 eosdem:
3030 4407 3060 4446 a
3086 4379 3440 4449 'l‘ertulliano
3471 4379 3827 4465 ἰηᾶἰωιρβεζςιιξξθδ

2298 4445 2746 4532 metatum
2769 4445 3007 4518 nomine
3031 4445 3434 4519 sortitam;
3456 4445 3699 4518 recensuit
3717 4445 3756 4504 in
3777 4445 3824 4498 lia

2298 4534 2420 4588 bl‘lS
2454 4534 2798 4590 ltitualibus.
3732 4589 3767 4599 _,

2367 4608 2519 4661 Duas
2571 4606 2997 4661 observationes
3041 4607 3212 4663 liceat
3247 4609 3386 4663 mihi
3434 4606 3618 4660 addere
3641 4611 3694 4653 ex
3730 4593 3824 4645 hisoe

2298 4677 2610 4732 ritualibus
2629 4678 2799 4733 libris
2823 4679 3060 4733 Ordinis
3078 4681 3340 4749 Romani,
3370 4693 3488 4748 quae
3511 4670 3823 4749 ὴξιοιθηυξρδξς

2299 4756 2416 4803 rata
2439 4760 2507 4803 ue
2535 4748 2638 4802 hoc
2669 4749 2863 4819 titulo,
2889 4755 2944 4805 et
2970 4750 3257 4819 baptismo
3280 4737 3507 4805 solemni
3545 4737 3822 4819 Paschatistt}

2295 4796 2430 4874 eode
2439 4796 2505 4873 ιη’
2518 4796 3705 4889 peraéiﬁait$55661"illitam?rituum
3729 4796 3823 4889 ψιίῖά

2295 4883 2707 4946 observandum
2744 4883 2995 4961 prepono
3038 4894 3181 4948 illud
3214 4899 3321 4960 est,
3352 4883 3825 4961 εωηιεὶηἱυνξιηζεξῗξῖ
3920 4883 3921 4961 l

2293 4945 2451 5017 dium
2492 4963 2601 5031 pen
2624 4945 3368 5034 θροείιςεέιῑοίέέιιέδῑέεςὶι-ίιο
3397 4957 3637 5034 statioad
3666 4945 3824 5034 aug

2295 5013 2600 5099 iuuenta;
2632 5013 3517 5102 gessi'iiu'aéaasas,‘§aa“3
3538 5013 3544 5015 ⁷
3562 5013 3825 5102 hebdpoqgif

2296 5084 2443 5173 pos?
2454 5084 2588 5159 15a?
2586 5084 2732 5159 talin“
2749 5084 3109 5161 sanitates};
3119 5084 3320 5175 “Qithit
3332 5084 3386 5159 ἓὲι
3395 5084 3602 5175 ὲέεἰηιῳ
3630 5084 3824 5175 υιίηρξξψ

2293 5162 2455 5230 ξὲῑὲιῐθ
2479 5178 2661 5245 Magni
2695 5178 2957 5247 Gregorii
2991 5162 3205 5233 station
3214 5191 3303 5232 um
3325 5162 3587 5247 ejusmodi
3622 5162 3827 5247 Γεδςξίξιίζ

2295 5247 2376 5301 ris
2419 5233 2842 5315 celebrabatur:
2867 5248 2944 5303 ita
2985 5263 3082 5317 per
3111 5262 3290 5304 annos
3338 5233 3489 5301 mille
3514 5255 3572 5297 ac
3609 5233 3825 5317 Celtilli“:

2290 5321 2492 5387 Magno
2522 5321 2797 5387 Gregorio
2819 5306 3145 5375 numeratos
3170 5325 3361 5375 nostra
3389 5309 3755 5389 (ιιιοίιυθηιξῐδξῗ
3772 5306 3828 5389 οἵ

2289 5378 2563 5447 Ιεϋῇιιυιε.
2608 5378 2862 5445 basilica:
2908 5391 3218 5445 Liberiante
3253 5378 3558 5443 clero-cuiu
3602 5378 3827 5447 litanittet’

2286 5439 2619 5516 sotemnitver
2646 5463 2979 5530 procedente
3003 5480 3014 5515 :
3064 5439 3829 5531 u{scilicetsupplicanteclfblg

2285 5534 2350 5587 ad
2390 5510 2977 5597 l’udentisrtitulum,‘
3010 5510 3407 5589 ub’i'solemnis
3438 5510 3526 5584 ille
3557 5525 3682 5578 ritus
3705 5528 3728 5567 α
3758 5510 3829 5597 li“)

2286 5604 2551 5672 pontitice
2578 5606 2740 5671 juxta
2762 5590 3092 5674 Telesphori
3123 5606 3271 5674 leges
3300 5590 3827 5674 peragebatur,r_t}9_|‘"l3

2282 5653 2549 5745 usus
2571 5653 3099 5745 agamagam
3123 5653 3407 5744 'iify's'iéria
3431 5653 3499 5725 Eia
3525 5653 3827 5745 εχθιηιιξῖξτξί

2280 5732 2549 5800 memoria
2594 5732 2983 5815 apostolorum
3040 5732 3461 5817 hospi'tunt,ac
3487 5732 3825 5817 διιειτεξξαξςξξῖξε

2272 5817 2542 5885 baptismi
2576 5801 2815 5885 gratiim
2844 5819 2938 5874 hic
2957 5801 3499 5874 adtn'in'istrautium,
3534 5801 3824 5885 Γςραθζίῖᾞθ

2269 5867 3383 5946 ille'r’ﬁiﬁ'oitséi'viiiid‘dH85163666311;
3402 5867 3600 5941 notarii
3620 5867 3828 5939 resima"

3915 5296 3917 5444 l
