4070 6178
221 309 354 366 1³233

1150 307 1474 363 HISTORIA
1519 313 1607 365 DE
1649 312 1817 367 VITIS
1858 311 2022 367 ROM.
2075 313 2265 366 PONT.
2310 342 2381 350 —
2417 314 2471 364 Β.
2516 313 2678 366 PIUS.

3482 309 3620 368 4234

217 435 288 487 rii
320 436 378 488 in
403 435 499 511 die
527 440 722 511 sancto
754 437 1048 511 Paschatis
1078 438 1331 511 Romano
1361 438 1575 505 pontifii
1603 439 1617 491 i
1651 452 1717 492 ex
1750 440 1858 492 La—
1888 441 1938 496 Α
1976 438 2270 493 radicibus
2295 439 2362 492 de
2390 439 2844 511 vetustateinter
2870 452 2928 511 se
2961 452 3127 506 penes
3153 439 3463 506 scriptores
3488 450 3618 511 cer—

215 507 498 560 teranensi
533 509 598 560 ad
631 509 988 562 Liberianam
1019 507 1313 562 basilicam
1343 512 1626 576 equitanti
1661 511 1726 562 ad
1761 523 1858 562 sa-

215 578 494 632 criticium
546 581 653 631 Deo
683 581 752 632 de
801 594 952 634 more
986 579 1357 643 offerendum,
1400 589 1458 634 ut
1489 588 1859 636 annunttaret

217 663 511 703 numerum
547 652 963 717 baptizatorum
999 657 1160 704 nocte
1196 651 1529 718 przecedenti
1574 655 1628 706 in
1663 659 1857 706 sancta

214 722 407 774 Maria.
441 722 592 774 Ordo
626 724 914 777 ltomanus
945 722 1399 790 antiquissimus
1435 725 1585 778 inter
1608 725 1795 778 editos
1827 738 1858 776 a

219 792 278 844 lt.
317 794 369 844 P.
407 793 743 847 Mabillonio
780 795 974 848 Μυδωὶ
1009 793 1193 848 Italici
1228 801 1380 848 tomo
1414 797 1477 862 ll,
1514 803 1592 850 ita
1623 809 1858 849 annun—

216 864 472 917 tiandutn
511 866 832 933 przescribit
862 883 873 918 :

287 956 312 985 «
346 936 444 988 Die
463 944 648 990 autem
684 937 1142 993 ltesurrectionis
1162 937 1496 1005 Dominicze,
1523 939 1860 1006 procedente

214 1019 278 1060 eo
303 1007 574 1074 (Romani)
617 1008 900 1076 pontifice)
926 1009 994 1063 ad
1023 1016 1277 1063 sanctam
1305 1010 1560 1072 Mariam,
1598 1011 1860 1064 notarius

215 1077 576 1146 regionarius
602 1086 715 1132 stat
745 1080 799 1132 in
827 1079 949 1134 loco
973 1082 1072 1150 qui
1103 1081 1324 1136 dicitur
1355 1081 1670 1135 )lerolanas
1690 1080 1859 1149 (locus

215 1157 288 1202 est
321 1152 374 1200 in
407 1159 582 1200 monte
618 1152 914 1217 Esquilino
949 1153 1098 1204 haud
1126 1152 1316 1219 procul
1344 1168 1377 1203 a
1407 1153 1632 1204 basilica
1662 1158 1862 1204 sancta:

215 1223 406 1274 Mariae
441 1221 687 1285 Majorts,
722 1222 813 1273 ubi
842 1225 1062 1274 ecclesia
1093 1226 1270 1276 sancti
1308 1224 1545 1287 Matini,
1587 1240 1706 1291 quae
1731 1224 1864 1275 dici-

214 1299 305 1344 tur
333 1292 406 1342 ad
438 1293 761 1357 Mei-clonus,
800 1302 861 1347 ut
893 1298 1040 1347 recte
1073 1301 1231 1348 notat
1263 1295 1655 1358 Mabillonius)
1684 1302 1738 1347 et
1764 1309 1863 1346 sa-

217 1364 396 1417 lutato
431 1364 696 1430 pontifice
735 1364 915 1417 dicit:
943 1367 1006 1417 In
1041 1368 1254 1417 nomine
1291 1368 1507 1418 Domini
1540 1367 1710 1418 nostri
1739 1367 1860 1416 Jcsu

215 1435 414 1486 Ultrislt
465 1434 724 1500 baptismi
766 1441 893 1487 sunt
936 1436 1186 1488 hesterna
1233 1444 1382 1489 nocte
1427 1439 1485 1488 in
1531 1443 1720 1488 sancta
1769 1436 1865 1489 Dei

211 1507 470 1568 grnilricr
516 1508 698 1558 Maria
750 1509 989 1571 infantes
1029 1510 1259 1560 nu‘tsculi
1310 1524 1530 1560 numero
1579 1510 1737 1572 lauti,
1788 1511 1863 1572 fe.

213 1579 372 1628 'lll‘lltfl?
406 1582 586 1629 tanta’.
621 1578 935 1645 Respondet
959 1577 1245 1646 pontifex:
1284 1583 1383 1632 UL’O
1409 1582 1638 1646 gratius.
1669 1598 1690 1625 »
1723 1581 1858 1632 Cum

217 1648 472 1716 pontifici
508 1661 537 1701 e
572 1651 929 1703 Lateranensi
977 1651 1326 1717 patriarchio
1357 1651 1674 1704 discedenti
1709 1649 1865 1703 alio--

218 1731 343 1772 rum
375 1718 534 1772 urbis
567 1719 810 1774 fontium
846 1720 1184 1789 baptismata
1222 1736 1330 1776 non
1367 1722 1735 1784 referrentur,
1766 1721 1860 1774 sed

218 1790 403 1844 solius
429 1791 713 1844 Liberiani
743 1791 937 1857 fontis,
964 1791 1138 1860 (quia
1159 1800 1489 1847 constructa
1511 1792 1749 1846 basilica
1775 1793 1859 1844 itt-

217 1862 533 1916 termedius
561 1863 711 1916 inter
741 1863 944 1917 titulos
975 1864 1086 1917 sibi
1120 1864 1474 1918 adhaerentes
1507 1864 1776 1917 Praxedis
1807 1867 1862 1917 et

221 1933 584 1987 Pudentiante
607 1934 837 1988 illorum
861 1936 1238 1989 vetustiorum
1270 1936 1420 1988 vices
1445 1935 1862 2003 quodammodo

215 2004 462 2073 gerebat)
507 2003 830 2059 fecunditas
881 2007 938 2060 iit
983 2007 1212 2060 Christo
1269 2008 1718 2073 enuntiaretur;
1768 2007 1863 2058 vix

213 2077 387 2129 aliam
438 2075 588 2129 ritus
629 2078 911 2144 ejusmodi
943 2093 1173 2132 causam
1209 2079 1496 2146 suspicari
1535 2091 1859 2146 possumus,

212 2160 388 2215 quam
431 2154 495 2201 ut
531 2148 828 2214 antiquam
875 2149 1028 2203 illam
1079 2150 1360 2218 originem
1414 2155 1720 2203 testaretur
1763 2165 1864 2199 so—

217 2220 424 2272 lemnis
473 2218 745 2286 baptismi
803 2221 1113 2287 Paschalis,
1165 2222 1220 2273 in
1282 2221 1541 2289 proximo
1593 2219 1864 2274 Pudentis

215 2290 392 2342 titulo
431 2305 460 2342 a
509 2291 801 2358 primitiva
850 2292 1100 2346 Ecclesia
1146 2291 1436 2346 celebrati.
1477 2291 1542 2344 Ut
1585 2293 1734 2346 enim
1770 2290 1856 2344 SS.

211 2361 486 2428 apostoli,
533 2369 586 2416 et
637 2365 786 2426 Pius,
835 2364 910 2418 ita
953 2364 1214 2418 Urbanus
1261 2367 1298 2424 l,
1349 2363 1406 2417 in
1455 2365 1677 2430 pictura
1724 2375 1864 2430 pone

212 2433 470 2504 absidem
519 2435 910 2490 vetustissima
957 2435 1032 2488 ibi
1077 2449 1380 2504 expressus
1425 2450 1552 2488 cum
1598 2434 1864 2488 'l‘iburtio

211 2511 269 2556 et
315 2503 633 2566 Valeriano,
684 2520 899 2560 necnon
943 2507 1266 2573 Stephanus
1316 2507 1528 2574 pariter
1574 2507 1612 2571 Ι,
1650 2505 1862 2558 ibidem

217 2574 277 2628 in
317 2577 585 2629 Paschate
616 2577 905 2644 baptizare
935 2578 1254 2645 consuevit,
1292 2584 1354 2631 ut
1386 2577 1657 2632 lectiones
1693 2577 1865 2643 hujus

212 2646 786 2722 βυωιεξξῇίμιποριήςς
842 2647 1100 2722 referunt
1155 2650 1208 2722 in
1267 2648 1409 2703 festo
1465 2648 1865 2703 translationis

213 2719 308 2770 δή.
376 2718 695 2788 Virginum.
745 2719 865 2786 Qua
915 2721 1087 2774 etiam
1140 2721 1209 2774 de
1259 2735 1432 2774 causa
1481 2722 1866 2774 constitutum

218 2797 380 2858 puto,
409 2798 470 2843 ut
500 2791 668 2843 inissa
698 2792 1068 2858 pontificalis,
1098 2806 1162 2844 ac
1188 2793 1361 2845 statio
1387 2794 1638 2844 eamdem
1668 2791 1868 2843 inuni—

220 2861 352 2913 nica
386 2861 842 2917 ltesurrectionis
875 2863 1258 2917 celebraretur
1288 2864 1344 2916 in
1377 2871 1680 2916 meutorata
1711 2863 1872 2914 basi—

221 2935 333 2984 lica
367 2931 666 2987 Liberiana
703 2937 894 3002 potius
921 2949 1086 3003 quam
1121 2936 1176 2986 itt
1210 2936 1591 2994 Lateranensi,
1628 2942 1728 2987 :tiit
1761 2934 1872 3003 Ya-

219 3003 430 3056 ticana.
470 2999 768 3058 Praevaluit
799 2999 954 3060 enini
989 3006 1258 3060 memoria
1294 3007 1582 3073 pontificis
1617 3005 1724 3066 Pii,
1763 2999 1872 3057 Pa—

214 3074 468 3127 schalem
501 3076 916 3130 solemnitatem
945 3077 1289 3132 celebrantis
1319 3079 1386 3130 ad
1423 3078 1694 3131 Pudentis
1721 3077 1870 3129 titu-

217 3145 362 3204 lum,
408 3153 462 3198 et
503 3147 715 3201 ibidem
756 3149 1056 3213 edicentis,
1107 3163 1172 3202 ne
1211 3155 1369 3202 extra
1413 3150 1562 3202 diem
1607 3147 1869 3201 Domini-

213 3229 339 3270 cam
374 3233 404 3270 a
438 3217 706 3272 fidelibus
753 3228 1136 3290 perageretur,
1170 3227 1340 3288 atque
1375 3220 1450 3274 ita
1489 3218 1872 3290 pertrahentis

217 3301 333 3340 non
381 3291 541 3342 modo
588 3291 656 3342 ad
701 3288 1045 3359 exemplum,
1092 3292 1187 3346 sed
1234 3291 1403 3344 etiam
1453 3293 1519 3344 ad
1571 3290 1754 3344 locum
1801 3288 1870 3341 ab

208 3361 497 3427 apostolis
517 3360 957 3429 frequentatum,
982 3377 1117 3418 suos
1142 3376 1518 3429 successores,
1548 3361 1872 3414 utauctori-

213 3438 306 3486 tas
340 3430 483 3501 legis
513 3434 682 3485 etiam
717 3440 1020 3498 conspectu
1069 3435 1330 3501 hospitii,
1369 3436 1528 3487 Petro
1574 3431 1866 3486 fundatori

211 3503 487 3555 Ron’taua‘!
523 3504 785 3558 Ecclesia-1
817 3505 1017 3570 oblati,
1055 3507 1387 3560 redderetur
1422 3505 1729 3558 illustrior.

293 3574 394 3626 llis
418 3575 604 3628 obiter
629 3580 966 3642 observatis,
996 3577 1324 3631 confirmari
1363 3590 1472 3629 non
1507 3576 1707 3629 leviter
1735 3578 1869 3640 puto

207 3652 490 3698 assertam
522 3659 551 3699 a
586 3646 1034 3702 Bibliothecario
1062 3647 1238 3702 fontis
1265 3661 1330 3701 ac
1357 3647 1514 3700 tituli
1542 3645 1870 3700 dedicatio-

213 3729 344 3769 nem
382 3730 478 3783 per
506 3719 826 3784 pontificem
860 3720 1016 3773 Pium
1054 3726 1253 3787 rogatu
1303 3718 1533 3772 familia:
1578 3719 1866 3781 Pudentis,

208 3788 518 3841 occasione
542 3790 830 3843 Paschalis
848 3789 1116 3858 baptismi
1137 3791 1471 3843 solemniter
1491 3788 1788 3857 peragendi
1814 3787 1870 3838 in

210 3858 344 3911 vico
381 3859 646 3926 Patricio,
684 3861 780 3914 ubi
811 3863 1010 3916 Petrus
1036 3869 1092 3916 et
1120 3862 1328 3914 Paulus
1358 3860 1611 3928 hospites
1642 3866 1872 3911 utrum—

210 3941 328 3997 que
374 3930 577 3984 collem
624 3933 1000 4000 Esquilinum
1032 3947 1097 3985 ac
1133 3932 1467 3985 Viminalem
1501 3937 1655 3983 catec
1685 3930 1782 3982 tesi
1817 3933 1872 3982 et

213 4000 506 4072 baptismo
531 4002 844 4056 nobiliores
874 4004 1257 4068 reddiderant,
1284 4017 1450 4072 quam
1476 4003 1611 4055 olim
1640 4000 1871 4053 Servius

208 4071 448 4125 'l‘ullios
473 4075 843 4140 patriciorum
865 4076 993 4128 sede
1014 4076 1221 4129 ibidem
1238 4071 1575 4128 constituta.
1601 4073 1868 4125 Universa

206 4143 370 4195 enim
400 4143 737 4199 documenta
764 4147 1116 4213 conspirant,
1146 4149 1199 4198 in
1229 4147 1524 4214 catalogis.
1560 4147 1614 4197 in
1643 4143 1869 4197 codici-

210 4213 348 4270 bus.
369 4216 424 4267 in
445 4218 706 4282 musivis,
727 4217 1038 4284 picturiset
1056 4217 1700 4284 inscriptionibuscirca
1719 4215 1868 4267 hunc

207 4285 479 4348 titulum,
513 4295 567 4340 et
598 4289 721 4355 ipso
757 4289 810 4340 itt
847 4289 1018 4342 titulo
1045 4291 1414 4357 consignata:
1451 4289 1664 4356 quibus
1696 4287 1866 4338 etiam

206 4357 441 4409 accedit
465 4359 676 4412 Justini
709 4361 994 4428 martyris,
1029 4360 1229 4413 horum
1262 4369 1577 4426 temporum
1603 4357 1865 4426 :equalis,

208 4430 517 4493 responsio
548 4433 614 4484 ad
653 4429 976 4498 pra-fectum
1012 4431 1166 4493 Urbi,
1199 4431 1508 4500 designans
1543 4432 1724 4483 locuut
1762 4429 1870 4480 ho—

204 4499 382 4565 spitii
420 4501 510 4553 sui
559 4501 624 4554 ad
663 4504 763 4554 has
795 4503 1016 4555 easdem
1065 4502 1314 4555 thermas
1340 4499 1662 4564 Timothei,
1695 4500 1871 4551 Chri—

1973 517 2112 564 tant.
2165 511 2419 564 'l‘itulum
2473 510 2721 564 Pastoris
2757 510 2825 563 ad
2869 510 3115 562 thermas
3155 511 3374 572 Novati,
3415 523 3513 562 seu
3559 509 3612 561 S.

1975 582 2340 635 Pudentiante
2377 582 2647 650 templum
2683 587 2951 650 tanquam
2991 583 3354 633 vetustiorem
3390 578 3617 646 praefert

1969 653 2248 706 Baronius
2279 660 2388 706 tam
2417 654 2473 706 in
2503 652 2897 707 notationibus
2919 665 3085 721 quam
3113 651 3167 705 in
3195 651 3535 715 Annalibus,
3560 657 3617 704 et

1967 724 2353 792 antiquiorem
2378 724 2646 778 omnibus
2664 724 2834 778 Urbis
2849 723 3112 777 ecclesiis
3138 722 3405 790 prtedicat
3424 721 3618 774 Panvi-

1971 795 2104 849 nius
2132 796 2200 848 de
2231 808 2305 848 vn
2337 796 2625 864 Ecclesiis,
2657 811 2776 864 cap.
2819 794 2921 848 ult.
2949 813 2964 862 ς
2989 793 3087 863 qui
3114 795 3285 847 etiam
3315 798 3615 846 testatura

1970 867 2288 934 majoribus
2318 868 2592 921 traditum
2630 866 2708 920 ibi
2746 869 2802 920 in
2841 866 3048 920 sacello
3082 865 3291 919 musivi
3323 865 3517 934 Operis
3545 864 3608 916 D.

1971 933 2132 991 Petro
2165 938 2410 1007 primum
2450 941 2631 993 Roma;
2662 938 3025 992 incruentum
3057 935 3405 990 sacrificium
3435 933 3618 1007 fuisse

1969 1005 2245 1063 oblatum.
2297 1010 2496 1063 Verum
2535 1011 2590 1063 in
2637 1009 2878 1062 ecclesia
2907 1009 2960 1061 S.
3001 1008 3267 1061 Praxedis
3303 1019 3410 1061 non
3449 1005 3618 1060 modo

1970 1081 2149 1134 altaie
2177 1082 2429 1151 ligneum
2459 1081 2526 1134 ad
2559 1080 2786 1134 modum
2809 1093 2952 1133 arere
2974 1079 3040 1132 ad
3069 1079 3356 1151 dexteram
3385 1078 3619 1151 intran—

1975 1152 2131 1206 tibus
2159 1149 2502 1218 ostenditur,
2537 1152 2592 1204 in
2621 1165 2734 1220 quo
2762 1152 2905 1204 idem
2935 1150 3322 1218 apostatarum
3353 1149 3620 1216 princeps

1978 1224 2205 1276 missam
2249 1222 2575 1284 celebravit,
2619 1224 2712 1275 sed
2762 1221 2830 1275 ad
2887 1221 3078 1275 laevam
3125 1233 3433 1273 marmorea
3482 1234 3622 1286 pro—

1973 1300 2089 1347 stat
2110 1294 2433 1362 epigraphe,
2461 1309 2584 1362 qua:
2605 1293 2857 1361 ejusdem
2883 1305 3054 1360 supra
3082 1291 3331 1359 reliquas
3351 1289 3623 1343 ecclesias

1975 1373 2308 1418 vetustatem
2349 1365 2624 1419 affirmet:
2661 1366 2724 1416 In
2764 1365 2864 1416 hac
2894 1365 3238 1416 eigrclesiarum
3273 1363 3429 1414 Urbis
3458 1366 3622 1413 vctu—-

1976 1438 2216 1488 stissimo
2243 1437 2370 1487 olim
2410 1439 2564 1489 drum)
2688 1436 2946 1489 Pudentis
2993 1435 3275 1497 senatoris,
3306 1433 3487 1500 patris
3523 1431 3619 1486 SS.

1976 1510 2186 1570 Nomii,
2231 1511 2279 1558 et
2322 1508 2597 1570 Timothei,
2643 1514 2691 1559 et
2732 1508 2829 1559 SS.
2880 1506 3229 1559 Pudentimue
3271 1510 3318 1556 et
3361 1503 3625 1555 Prawedls

1975 1583 2271 1644 uirginum,
2317 1580 2426 1643 fuit
2456 1580 2551 1632 SS.
2588 1580 2951 1646 apostolorum
2979 1578 3124 1629 Petri
3165 1581 3212 1627 et
3248 1575 3402 1627 Pauli
3432 1575 3623 1640 hospi-

1977 1652 2112 1702 tium
2155 1652 2390 1717 primum
2421 1651 2495 1702 ad
2531 1654 2835 1716 martyrum
2873 1654 2921 1700 et
2966 1649 3398 1701 Christianorum
3440 1646 3628 1713 bapti-

1976 1736 2168 1785 smum,
2204 1726 2253 1773 et
2301 1724 2373 1773 ad
2401 1725 2596 1774 missas
2635 1735 2952 1787 sacramque
2995 1719 3269 1783 symiacim.
3302 1718 3413 1770 Sub
3455 1718 3629 1769 altari

1895 1824 1946 1883 B
1965 1792 2154 1858 jaceat
2186 1796 2294 1844 tria
2322 1795 2752 1874 ini/liacorpora
2801 1792 2894 1846 SS.
2928 1795 3252 1856 martyrum,
3300 1793 3348 1841 et
3379 1790 3624 1856 copiosus

1975 1869 2286 1916 sanctorum
2317 1865 2564 1930 sanguis,
2599 1885 2625 1911 ››
2660 1869 2768 1917 etc.

2047 1934 2180 1988 Cum
2216 1937 2332 1992 hiet:
2362 1936 2622 1999 legissem
2655 1941 2768 1988 tam
2801 1936 3189 1987 asseveranter
3223 1931 3439 2000 prolata
3465 1944 3497 1984 a
3526 1943 3626 1984 ce—

1976 2004 2119 2059 lebri
2143 2018 2394 2066 auctore,
2429 2005 2608 2060 fateor
2637 2019 2720 2060 me
2745 2003 3022 2059 difﬁdisse
3047 2005 3117 2058 de
3143 2004 3372 2072 pr0prio
3393 2003 3624 2070 experi-

1979 2083 2183 2137 mento,
2219 2081 2370 2147 quod
2399 2091 2676 2145 ceperam,
2709 2090 2808 2145 per
2832 2089 3012 2130 annos
3043 2074 3216 2128 ferme
3242 2074 3624 2147 quadraginta

1975 2161 2040 2201 ex
2076 2163 2187 2216 quo
2221 2145 2420 2206 Urbem
2467 2148 2674 2214 incolo,
2714 2161 2810 2216 per
2853 2147 3153 2202 duodecim
3202 2159 3332 2199 vero
3367 2145 3626 2216 proxime

1975 2219 2200 2286 elapsos
2229 2224 2285 2278 in
2319 2221 2617 2277 Liberiana
2651 2215 2892 2273 basilica
2919 2219 3256 2284 canonicus,
3286 2217 3518 2285 utrique
3545 2215 3626 2269 ti-

1977 2291 2101 2344 tulo
2116 2291 2235 2348 basi
2250 2296 2259 2348 Ι
2274 2294 2370 2349 ica:
2384 2295 2448 2347 ad
2463 2292 3051 2358 haerenti,eorumque
3066 2289 3248 2342 sacris
3265 2286 3628 2356 antiquitati-

1980 2362 2088 2415 bus
2132 2364 2521 2433 inspectandis
2555 2377 2664 2416 non
2704 2360 2876 2433 semel
2921 2362 3292 2433 immoratus._
3324 2361 3627 2433 Nunquam

1982 2435 2122 2506 mihi
2172 2427 2491 2506 contigerat
2537 2436 2593 2488 in
2616 2433 2805 2506 titulo
2828 2431 3027 2506 beata:
3061 2431 3330 2506 Praxedis
3359 2429 3428 2506 de
3458 2427 3628 2482 altari

1982 2504 2170 2573 ligneo
2193 2524 2256 2562 ac
2279 2501 2348 2563 do
2368 2505 2679 2574 epigraphe
2701 2505 3000 2574 quidpiam
3024 2503 3266 2574 audire;
3292 2501 3387 2555 sed
3417 2507 3629 2556 utrum-

1979 2589 2088 2644 que
2139 2578 2281 2633 illud
2335 2573 2413 2633 in,
2447 2579 2620 2631 beata:
2669 2573 3032 2630 Pudentianie
3077 2573 3248 2627 titulo
3293 2585 3439 2639 saepe
3477 2585 3509 2624 a
3543 2583 3629 2644 me

1980 2642 2291 2714 spectatum
2316 2665 2380 2704 ac
2409 2650 2613 2703 lectum
2646 2647 3034 2701 memineram.
3069 2646 3326 2698 Attamen
3358 2642 3628 2697 consului

1981 2719 2455 2789 religiosissimos
2483 2721 2637 2773 viros
2660 2717 3137 2789 Vallombrosiani
3172 2715 3400 2769 ordinis
3429 2726 3630 2789 mona-

1983 2785 2137 2854 chos,
2171 2793 2221 2846 S.
2274 2792 2541 2846 t’raxedis
2585 2789 2830 2853 accolas,
2870 2799 3080 2857 eosque
3114 2785 3458 2857 interrogavi
3497 2797 3631 2838 num

1988 2863 2136 2914 inter
2166 2879 2325 2918 sacra
2361 2864 2581 2932 lipsana
2613 2861 2862 2928 ligneum
2896 2855 3076 2932 altare
3110 2856 3254 2932 beati
3288 2855 3465 2932 Petri,
3495 2869 3631 2909 num

1986 2933 2132 2986 inter
2159 2927 2422 2989 ecclesite
2440 2934 2604 2988 illius
2629 2927 2991 2986 monumenta
3022 2930 3332 2983 indicatam
3356 2940 3387 2980 a
3412 2927 3636 2980 Floren-

1985 3004 2132 3057 tinio
2149 3007 2586 3074 inscriptionem
2601 3000 3168 3074 asservarent‘?gNihil
3183 2997 3465 3066 ejusmodi
3480 2997 3630 3074 apud

1985 3089 2043 3127 se
2074 3071 2423 3130 asservatum
2469 3074 2831 3142 respondent.
2868 3075 2924 3124 In
2958 3071 3196 3142 alteram
3233 3076 3419 3123 autem
3456 3072 3632 3142 autem

1984 3161 2047 3199 ac
2080 3148 2314 3200 titulum
2338 3149 2393 3200 S.
2426 3139 2792 3201 Pudéntiante
2822 3141 3284 3212 ingredientibus
3313 3146 3468 3208 parte
3496 3139 3628 3212 laeva

1904 3193 1950 3252 Ο
1989 3218 2289 3285 inscriptio
2314 3219 2412 3271 illa
2441 3193 2633 3271 Latine
2661 3215 2861 3279 incisa,
2888 3193 3250 3285 dextrorsum
3281 3193 3410 3264 vero
3439 3209 3632 3285 ltalice

1983 3281 2224 3352 reddita,
2257 3291 2442 3343 oculis
2465 3289 2719 3342 omnium
2758 3290 2944 3352 patet;
2973 3293 3027 3337 et
3052 3283 3159 3336 sub
3189 3295 3376 3335 mensa
3403 3281 3628 3342 altaris,

1983 3358 2131 3412 beati
2165 3361 2311 3413 Petri
2349 3360 2575 3414 nomine
2615 3356 2935 3424 nuncupati
2980 3355 3036 3407 in
3070 3353 3278 3408 sacello
3322 3357 3530 3413 erecto,
3559 3353 3627 3406 ad

1983 3432 2178 3484 ltevam
2215 3431 2426 3498 pariter
2450 3430 2813 3484 adorantium
2843 3432 2972 3481 ante
2996 3439 3150 3479 aram
3165 3423 3506 3498 maximam,
3524 3428 3633 3498 _ta-

1981 3501 2115 3555 bula
2148 3495 2332 3572 lignea
2361 3502 2653 3556 recondita
2679 3506 2783 3563 est,
2810 3511 2920 3572 qua
2956 3511 3128 3572 usum
3156 3495 3346 3550 ferunt
3371 3495 3631 3572 eumdem

1982 3566 2371 3641 apostolt‘irum
2425 3573 2764 3640 principem,
2815 3566 2950 3624 dum
2983 3568 3166 3623 sacris
3205 3572 3539 3636 Operaretur
3572 3566 3630 3619 in

1983 3645 2174 3698 eadem
2212 3643 2486 3698 Pudentis
2516 3644 2705 3697 domo.

2057 3719 2178 3769 llzec
2209 3723 2396 3770 autem
2434 3715 2627 3770 haberi
2672 3712 2848 3768 nolim
2883 3725 2949 3765 eo
2979 3711 3173 3764 animo
3201 3723 3233 3763 a
3265 3722 3352 3763 me
3387 3707 3626 3776 prolata,

1988 3791 2048 3840 ut
2077 3789 2185 3840 viri
2215 3789 2283 3840 dc
2316 3801 2474 3841 sacra
2510 3785 2753 3838 historia
2784 3783 2999 3850 optime
3033 3781 3219 3835 meriti
3268 3780 3635 3834 allucinatio-

1986 3872 2106 3911 nem
2139 3858 2463 3928 suggillem,
2498 3858 2593 3911 sed
2627 3861 2687 3910 ut
2715 3854 2972 3928 exemplo
3002 3853 3141 3928 adeo
3167 3852 3384 3928 illustri
3413 3850 3631 3905 confir—

1986 3943 2126 3982 mem
2142 3923 2311 3983 etiam
2327 3929 2580 3984 cordatis
2594 3929 2735 3981 viris
2748 3926 2856 3980 acd
2870 3923 3411 3995 iligentibnszetatis
3425 3931 3632 3976 nostra:

1984 4003 2324 4068 quandoque
2346 4002 2658 4069 contigisse
2688 4007 2748 4052 ut
2772 3998 3082 4069 humanum
3112 3995 3336 4069 aliquid
3363 4000 3632 4069 pateren—

1983 4065 2094 4131 tur,
2129 4065 2262 4125 dum
2296 4066 2576 4125 memorite
2603 4084 2721 4124 sure
2746 4077 2846 4125 aut
2870 4067 3069 4121 alientr
3099 4068 3340 4120 nimium
3373 4065 3630 4132 fidentes,

1982 4143 2334 4212 negligerent
2376 4146 2634 4197 Romana:
2681 4141 2944 4195 Ecclesiae
2993 4144 3356 4192 monumenta
3390 4138 3631 4212 suismet

1981 4208 2166 4268 oculis
2213 4228 2507 4280 usurpare.
2557 4219 2656 4266 attt
2708 4215 2909 4266 iterato
2958 4218 3264 4277 conspectu
3313 4208 3629 4276 eXplorare,

1982 4287 2209 4352 quando
2250 4292 2318 4338 de
2364 4290 2573 4338 etsdezn
2628 4287 2887 4338 Romana;
2929 4281 3195 4336 Ecclesite
3247 4280 3632 4352 monumentis

1981 4350 2265 4410 scribendi
2293 4372 2487 4411 coram
2518 4357 2866 4424 suscipiunt.
2898 4356 3101 4409 Nostro
3131 4351 3512 4424 proindejure
3541 4350 3632 4403 fa—

1981 4441 2106 4481 cere
2129 4427 2386 4482 videmur
2408 4432 2456 4482 si
2477 4429 2614 4497 quid
2639 4423 2953 4482 asserimus
2976 4438 3121 4492 smpe
3143 4423 3458 4497 subjectum
3485 4435 3632 4497 ocu-_-

1985 4500 2058 4552 lis
2087 4506 2141 4552 et
2173 4513 2442 4560 examini,
2478 4493 2546 4552 de
2583 4499 2968 4552 monumentis
3013 4493 3432 4562 superstitibus
3474 4493 3626 4558 apud

203 4559 540 4624 stianorum
598 4574 977 4626 conventibus
1034 4573 1111 4626 ita
1159 4574 1491 4632 celebratas,
1556 4559 1868 4624 utiomnes
1899 4559 1950 4617 Ι)
1983 4569 2255 4623 basdicas
2283 4587 2345 4623 ac
2376 4573 2594 4623 titulos.
2624 4583 2769 4637 quos
2800 4569 2870 4622 ab
2898 4568 3067 4619 annis
3088 4559 3210 4637 fere
3242 4562 3627 4637 quadraginta

207 4641 480 4694 historiae
500 4642 899 4698 ecclesiasticae
921 4643 1172 4698 cultores
1192 4645 1459 4698 concordi
1482 4642 1756 4712 suffragio
1779 4643 1867 4694 de-

200 4719 482 4793 cerpunt,
526 4722 783 4769 actorum
835 4716 1144 4785 preesertim
1198 4722 1449 4770 veterum
1493 4716 1691 4780 ductu,
1741 4725 1866 4781 qute

204 4789 612 4837 recitavimus.

279 4855 450 4928 Quod
476 4856 524 4908 si
558 4857 830 4912 nonnulla
857 4859 912 4911 in
936 4858 1080 4913 actis
1106 4857 1510 4928 chron010gica
1531 4863 1717 4911 errata
1743 4871 1866 4910 esse

198 4926 570 4981 emendanda
599 4932 946 4993 monuimus,
983 4944 1107 4998 qua:
1145 4926 1400 4991 profecta
1425 4928 1765 4982 videbantur
1797 4942 1865 4981 ex

203 4999 589 5065 homonymia
639 5002 1042 5054 Ambianorum
1093 5002 1284 5055 minus
1338 5007 1504 5055 caute
1551 4998 1787 5054 confusa
1833 5013 1864 5053 a

194 5070 521 5135 scriptm'e,
546 5070 767 5138 duplici
797 5075 994 5125 saltem
1021 5072 1228 5125 steculo
1252 5072 1321 5125 ab
1347 5073 1420 5125 iis
1443 5071 1729 5139 elongato,
1760 5071 1865 5124 mi-

201 5153 340 5194 rum
382 5141 436 5193 id
473 5141 650 5194 videri
692 5156 797 5195 non
825 5144 1009 5204 debet,
1042 5158 1168 5197 cum
1203 5145 1531 5212 scriptores,
1562 5142 1866 5210 caeteroqui

201 5218 554 5279 praestantes
586 5213 904 5280 diligentite
930 5223 1207 5268 accuratae
1238 5215 1403 5268 laude
1435 5215 1488 5267 in
1520 5214 1871 5282 vestigandis

195 5284 804 5354 decutnentisrerum
841 5301 984 5354 quas
1014 5285 1373 5350 enarrabant,
1411 5285 1718 5338 humanum
1753 5285 1870 5338 ali-

199 5357 352 5423 quid
395 5355 548 5420 passi
581 5353 813 5418 fuerint,
851 5358 1014 5424 lapsu
1044 5357 1282 5410 fortasse
1315 5358 1598 5410 memoria:
1627 5358 1870 5410 nimium

198 5429 273 5479 de
305 5440 368 5477 se
403 5426 656 5490 fidentis,
691 5429 860 5480 etiam
897 5429 952 5481 in
990 5429 1063 5481 iis
1095 5444 1218 5496 qua:
1260 5436 1592 5496 putaverant
1622 5428 1732 5480 sibi
1767 5442 1873 5481 ex—

205 5501 462 5564 plorata.
498 5498 823 5565 Exemplum
853 5500 1000 5553 dabo
1029 5502 1082 5551 in
1112 5506 1378 5553 :‘iccurato
1401 5515 1463 5552 ac
1485 5499 1694 5552 celebri
1720 5502 1872 5551 scri—

205 5576 377 5635 ptore
429 5567 804 5632 Florentinio,
840 5572 939 5638 qui
976 5571 1030 5624 in
1069 5572 1219 5624 notis
1248 5576 1314 5624 ad
1358 5571 1504 5623 diem
1543 5571 1664 5622 Kal.
1702 5573 1868 5636 Aug,

206 5638 538 5706 multiplici
558 5641 889 5695 eruditione
911 5643 1206 5709 etquidem
1229 5644 1408 5695 solida
1436 5642 1682 5704 refertis,
1701 5654 1872 5710 agens

200 5715 277 5764 de
307 5717 558 5779 utroque
593 5713 764 5765 titulo
800 5713 1164 5766 l’udentiante
1197 5722 1251 5768 et
1281 5715 1548 5766 Praxedis
1579 5716 1692 5765 iure
1721 5714 1872 5765 scri-

197 5783 333 5835 bit;
377 5804 402 5830 ι(
441 5782 688 5850 Utraque
729 5783 970 5837 ecclesia
1003 5787 1055 5837 ὃ.
1097 5787 1459 5839 Pudenttanze
1491 5791 1546 5839 et
1583 5785 1870 5853 Praxedis,

201 5854 335 5906 meo
369 5853 428 5905 in
462 5853 757 5922 Exquiliis
783 5862 839 5908 et
867 5856 1114 5923 Carinis,
1146 5856 1246 5908 illa
1283 5869 1338 5908 in
1375 5856 1678 5910 Viminalis
1707 5855 1875 5910 collis

1982 4639 2425 4710 frequentamus.
2461 4642 2569 4693 llac
2593 4633 2873 4693 diuturna
2899 4651 3052 4710 mora
3079 4634 3194 4688 frui
3219 4635 3272 4710 si
3305 4633 3628 4710 potuissent

1982 4704 2101 4766 tuni
2135 4721 2346 4764 veteres
2383 4709 2685 4779 pontificite
2711 4710 2881 4763 seriei
2911 4714 2966 4761 et
2995 4705 3381 4774 chronologize
3410 4704 3627 4779 descri-

1980 4790 2168 4851 ptorcs
2193 4786 2247 4834 in
2275 4775 2532 4835 basilicis
2557 4779 3198 4851 patriarchalibus,_tum
3222 4784 3477 4851 actorum
3501 4775 3628 4851 bre-

1977 4847 2224 4907 viatores
2253 4863 2353 4906 aut
2388 4847 2768 4920 ptit‘dplll‘tlsllf-
2811 4857 3024 4905 veteres
3065 4849 3123 4902 in
3154 4847 3384 4920 archiva
3419 4848 3627 4916 raptim

1978 4927 2238 4985 admissi,
2277 4919 2393 4978 non
2420 4919 2622 4978 dubito
2667 4924 2807 4993 quin
2843 4921 3206 4993 purgatiores
3237 4919 3536 4993 catalong
3573 4925 3629 4973 et

1979 5003 2101 5050 acta
2129 4998 2484 5050 (lebecatiori
2517 4988 2732 5048 fuerint
2759 4988 3003 5062 posteris
3031 4991 3315 5045 relicturi.
3339 4988 3497 5058 Quod
3526 4991 3629 5059 igi-

1983 5075 2076 5122 tur
2103 5069 2187 5121 illi
2221 5076 2480 5134 praestare
2511 5061 2789 5133 prohibiti
2820 5071 2954 5119 sunt
2981 5063 3315 5118 necessitate
3341 5061 3627 5134 compulsi

1982 5141 2186 5193 celeris
2212 5133 2280 5192 ad
2310 5151 2444 5191 suos
2472 5138 2830 5201 reversionis,
2860 5142 2959 5190 aut
2983 5137 3318 5204 impotentia
3344 5134 3400 5186 in
3426 5133 3626 5187 Urbem

1986 5211 2279 5264 redeundi.
2306 5213 2469 5263 liceat
2497 5209 2658 5262 nobis
2679 5209 2943 5276 supplere
2965 5208 3020 5261 in
3045 5207 3190 5260 Urbe
3217 5205 3472 5268 nutritis,
3497 5211 3550 5258 et
3573 5205 3629 5259 in

1986 5283 2248 5336 Romana:
2275 5281 2534 5335 Ecclesia:
2562 5279 2860 5347 coinplexu
2891 5292 2988 5346 per
3021 5279 3212 5346 plures
3237 5289 3520 5330 annorum
3543 5277 3632 5347 de-

1985 5356 2150 5407 cades
2178 5369 2328 5406 ctrina
2363 5360 2672 5420 martyrum
2698 5346 2951 5419 ’cryptas,
2986 5356 3202 5404 veteres
3234 5348 3436 5402 titulos
3457 5355 3512 5401 et
3540 5346 3633 5401 ba-

1985 5426 2186 5478 silicas
2216 5423 2651 5478 cii-cunuluctis.
2691 5424 2874 5475 Liceat
2906 5424 3024 5490 opti
3055 5434 3134 5473 nte
3169 5420 3386 5488 parenti
3426 5423 3633 5472 nostrte

1990 5499 2129 5550 hanc
2165 5509 2338 5548 Vlceill
2370 5494 2738 5562 obsequentis
2761 5499 2816 5546 et
2838 5494 2981 5562 grati
3013 5493 3188 5546 animi
3217 5497 3548 5555 contestart,
3575 5498 3636 5546 ut

1987 5569 2269 5636 qutdquul
2303 5567 2396 5619 illa
2425 5571 2721 5633 itl‘tPSt‘l‘tht
2746 5566 2812 5618 ad
2843 5565 3103 5618 veritatis
3133 5563 3424 5636 historica}
3452 5562 3630 5636 docu-

1987 5635 2258 5692 mentum.
2303 5638 2353 5689 id
2382 5637 2726 5706 negligentia
2758 5643 2949 5689 nostra
2981 5650 3086 5688 non
3124 5635 3465 5696 occultetur,
3493 5641 3549 5688 et
3575 5635 3639 5690 li-

1987 5711 2215 5764 beretur
2237 5709 2432 5762 studio
2456 5722 2566 5778 quo
2598 5707 2718 5761 ﬁeri
2746 5709 2929 5776 possit
2960 5707 3207 5760 maximo
3239 5707 3310 5759 ab
3340 5707 3644 5778 intersper-

1985 5784 2071 5836 sis
2108 5782 2421 5850 improvide
2447 5781 2618 5834 nzevis
2645 5794 2742 5848 per
2773 5782 3083 5848 scriptores
3109 5777 3418 5833 auttetatis
3454 5777 3642 5830 minus

1989 5853 2179 5922 cultte,
2213 5859 2315 5907 aut
2348 5853 2477 5906 hinc
2509 5852 2819 5921 elongatos.
