4070 6178
250 297 387 356 4237

255 426 500 504 fuissent
533 449 547 500 ;
581 446 708 488 cum
743 433 908 503 plane
930 441 1181 504 nossent,
1212 438 1382 495 etiam
1424 439 1749 497 Vestalibus
1776 442 1903 497 suis
1925 442 1985 502 A

250 502 611 559 ethnicorum
668 502 963 574 pontiﬁces
1009 502 1326 565 ﬂammeum
1364 511 1548 567 velum
1598 514 1904 568 contrade-

250 586 302 654 re
318 577 725 654 consuevisse:
753 592 880 632 cum
910 581 1267 654 castimonia:
1291 584 1595 654 virginalis
1620 586 1899 653 professio
1930 612 1957 627 ι

248 643 575 724 honoranda
604 649 897 705 videretur
920 652 1089 724 etiam
1124 653 1222 723 iis,
1251 656 1352 724 qui
1384 643 1750 723 perfectioris
1769 657 1900 710 vita:

244 718 833 798 studio__tenel'entur.
866 723 933 798 ad
986 738 1155 798 quam
1206 718 1447 782 rationis
1491 726 1730 798 lumine,
1766 728 1900 783 licet

243 788 568 869 evangelica
606 791 734 869 fide‘
776 788 1028 869 nondum
1088 797 1351 869 adancto,
1411 812 1656 869 creperae
1708 788 1895 855 tamen

244 858 393 940 lucis
419 862 665 930 quodam
708 861 932 940 fulgore
972 868 1263 940 perstricti
1309 858 1786 940 disponebantur,
1835 876 1898 926 ut

242 929 404 1013 longa
442 929 903 1013 enumeratione
955 929 1197 1013 erudite
1257 929 1456 1010 probat
1522 929 1899 1013 Hieronymus

246 1002 443 1085 littepa
490 1007 1110 1085 contradovinianum.
1168 1002 1437 1085 Quandiu
1488 1013 1679 1085 igitur
1733 1002 1895 1069 suam

239 1073 500 1155 lbeclam
534 1078 718 1155 Icopii
745 1091 873 1134 cum
914 1082 1092 1155 Paulo
1116 1073 1592 1151 reiebrabuntﬁt
1622 1086 1895 1155 Hierapo-

242 1144 590 1226 litanipum
618 1149 909 1226 Polycrate
955 1153 1100 1207 duas
1143 1155 1400 1226 virgines
1439 1144 1690 1226 Philippi
1745 1144 1897 1211 tilias

237 1216 386 1296 apud
429 1216 735 1296 Eusebium
763 1221 866 1296 lib.
902 1237 986 1289 Ill,
1020 1237 1142 1293 cap.
1178 1216 1267 1291 ΞΕ
1294 1216 1695 1296 Aquileienses
1724 1230 1895 1283 Doro-

240 1286 446 1368 theam,
468 1361 479 1368 ι
504 1286 985 1368 Euphemiamet
1015 1286 1301 1368 lirasmam
1334 1286 1376 1363 ς’
1410 1311 1515 1353 nos
1571 1313 1703 1354 vero
1741 1299 1891 1368 apud

236 1356 650 1439 confessionem
684 1363 834 1439 beati
883 1366 1031 1439 Petri
1076 1356 1352 1439 virginem
1385 1370 1749 1425 Petronillam
1833 1370 1893 1425 in

234 1438 544 1499 conspectu
567 1436 918 1491 Anxuritani
946 1436 1382 1495 littoris'contra
1407 1440 1630 1496 insulas
1660 1436 1895 1497 Pontias

238 1498 612 1577 Domitillam,
640 1506 888 1563 Eusebio
913 1510 1128 1577 pariter
1161 1518 1346 1567 notam
1375 1527 1504 1567 cum
1532 1514 1689 1568 socia
1718 1514 1890 1568 Theo-

232 1572 371 1656 dora
405 1575 513 1656 ;in
544 1572 925 1656 Viminaliet
950 1582 1267 1656 Exquilino
1306 1582 1451 1656 colle
1490 1585 1796 1656 Praxedem
1823 1598 1889 1639 ac

236 1643 645 1721 Pudentianam
673 1651 775 1721 ;in
805 1643 1106 1719 Aventino.
1140 1666 1206 1708 ac
1234 1655 1411 1710 Caelio
1444 1655 1762 1721 Balbinam,
1821 1669 1887 1710 ac

231 1714 604 1797 Theodoram,
640 1714 899 1777 illustres
927 1714 1161 1797 titulis,
1216 1726 1535 1793 memoriis,
1577 1714 1883 1797 sepulcris,

235 1799 345 1841 non
371 1789 700 1869 carebimus
723 1795 999 1869 exemplis
1017 1797 1130 1869 Deo
1153 1789 1358 1869 dicata-
1382 1789 1746 1869 virginitatis
1780 1789 1887 1867 prii

234 1866 386 1941 (poet
413 1861 592 1941 altero
615 1863 829 1941 Christi
860 1861 1090 1923 saeculo.
1124 1868 1379 1937 probatis
1404 1861 1508 1939 per
1523 1877 1607 1925 tot
1636 1861 1886 1941 genuina

230 1928 590 2003 documenta,
625 1938 854 2005 quoties
898 1928 1258 2006 postmodum
1306 1928 1692 1997 inciarescurit
1718 1942 1885 1997 etiam

227 2009 753 2084 aetatesconsecutae
777 2022 875 2084 per
894 2010 1202 2084 Cteciliam,
1233 2014 1564 2084 Eugeniam,
1593 2014 1886 2083 Agnetem,

226 2075 569 2154 Susannam,
614 2075 996 2154 Anastasiam,
1030 2075 1349 2138 Bibianamv.
1392 2075 1587 2154 Neque
1611 2075 1762 2139 enim
1795 2075 1887 2140 di;

228 2157 397 2226 verse
419 2149 742 2226 Evangelii),
770 2153 919 2221 quod
943 2154 1213 2222 gerebant
1243 2156 1301 2209 in
1338 2149 1580 2223 pectore,
1611 2170 1726 2211 usae
1753 2161 1890 2211 sunt

228 2217 440 2296 ista:__i_n
460 2217 820 2277 dedicatione
843 2217 970 2278 sua?
982 2226 1290 2296 castitatis,
1318 2217 1384 2281 ac
1413 2217 1722 2283 utebantur
1740 2229 1892 2296 prio-

227 2300 327 2367 res
351 2289 485 2357 illae,
520 2307 763 2361 quarum
791 2295 1072 2364 exemplis
1095 2303 1150 2351 et
1176 2289 1443 2367 vestigiis
1461 2289 1888 2354 secundae'insi-

222 2360 469 2437 stebant,
524 2360 580 2417 et
638 2379 878 2435 quarum
938 2360 1223 2437 sepulcris
1281 2360 1746 2425 advolvebantur.
1808 2372 1888 2425 Ex

221 2446 340 2557 pluo
360 2432 622 2490 Salvator
655 2432 926 2493 nosterin
959 2432 1130 2494 cruce
1155 2441 1424 2510 pendens,
1458 2455 1524 2496 ac
1546 2443 1884 2513 sanguinem

252 2504 478 2557 undens
503 2514 747 2557 stantem
790 2509 900 2557 sub
929 2524 1100 2557 crime
1130 2512 1412 2557 virginem
1467 2516 1694 2557 Matrem
1741 2527 1884 2557 unn—

252 2504 748 2582 undenssmntem
790 2509 900 2582 sub
929 2524 1100 2566 cruce
1130 2504 1422 2582 virginem
1462 2504 1694 2568 Matrem
1740 2527 1888 2582 pon-

220 2574 407 2655 tiﬁcia
426 2576 599 2633 veluti
623 2581 1182 2655 aspersioneiterum
1206 2574 1496 2640 dedicavit
1513 2586 1572 2640 in
1595 2574 1887 2655 exemplar

217 2647 540 2735 virginum,
574 2656 629 2705 et
660 2647 875 2735 virgini
908 2653 1205 2735 discipulo
1237 2657 1680 2735 commendavit2
1710 2647 1885 2735 atque

221 2718 381 2772 hunc
419 2720 602 2796 ipsum
626 2718 983 2796 virginitatis
1003 2718 1215 2781 honore
1234 2740 1347 2796 prae
1369 2728 1594 2783 caeteris
1612 2718 1722 2782 sibi
1747 2718 1887 2783 dile.

216 2796 380 2871 ctum
429 2791 612 2847 tilium
662 2791 1261 2871 ad‘optionis_virgin'i
1311 2799 1479 2854 Matri
1549 2799 1881 2865 substituit,

220 2866 531 2942 utriusque
572 2867 831 2942 exemplo
875 2872 959 2924 tot
979 2866 1232 2942 virgines
1274 2878 1699 2939 succreverunt,
1743 2877 1883 2942 quot

218 2931 324 3007 ille
379 2931 451 2987 in
482 2931 824 3007 Apocalypsi
887 2953 948 2995 se
1015 2931 1229 2996 vidisse
1273 2931 1697 2997 commemorat
1729 2931 1882 2998 circa

212 3004 464 3082 Agnum
492 3007 549 3060 in
601 3004 792 3082 monte
841 3009 1000 3080 Sion,
1050 3012 1151 3082 qui
1211 3027 1339 3069 cum
1383 3013 1729 3069 mulieribus
1770 3028 1880 3071 non

214 3086 354 3155 sunt
381 3077 743 3147 coinquinati
776 3102 791 3149 ς,
818 3077 1084 3155 virgines
1100 3084 1253 3139 enim
1283 3090 1439 3150 sunt,
1474 3092 1531 3140 et
1556 3092 1881 3155 sequuntur

211 3154 817 3225 Agn_um_qu0cunque
848 3154 1002 3224 ierit,
1035 3156 1211 3224 empti
1261 3169 1331 3211 ex
1376 3155 1710 3211 hominibus
1752 3158 1881 3225 pri—

212 3304 436 3369 rarum,
467 3297 537 3369 et
590 3294 1146 3369 exemplorum’non
1197 3298 1349 3353 videt
1403 3298 1643 3369 gemello
1696 3294 1872 3354 veluti

212 3368 391 3430 partu
416 3362 601 3419 editas
637 3362 801 3420 ﬁdem
856 3367 1268 3434 Christianam,
1319 3376 1376 3423 et
1405 3362 1772 3425 vvocationem
1805 3372 1871 3425 ad

204 3434 557 3508 evangelica:
587 3436 950 3508 virginitatis
989 3440 1301 3495 consilium
1330 3442 1776 3497 consectandum
1804 3441 1876 3496 ab

211 3503 317 3572 iis,
348 3505 449 3560 aui
498 3503 857 3581 perfectioris
902 3511 1035 3565 vitae
1083 3513 1277 3567 studio
1326 3518 1675 3581 tenerentur,
1708 3527 1876 3568 aures

209 3588 448 3653 quoque
471 3577 766 3653 obturabit
784 3581 1131 3653 Hieronymo
1157 3584 1370 3638 diserte
1397 3577 1875 3653 loquentia-mitra

211 3647 522 3719 inimicum
538 3651 819 3719 ejusmodi
836 3647 1070 3707 consilii
1087 3654 1452 3709 Jovinianum
1470 3647 1603 3709 lib.i
1627 3673 1639 3708 :
1662 3655 1881 3710 «Gran-

204 3718 311 3772 dis
364 3718 659 3796 ﬁdei_est,
711 3725 1063 3795 grandisque
1133 3725 1370 3780 virtutis
1438 3727 1538 3780 Dei
1601 3726 1872 3796 templum

206 3793 803 3863 esse_purissimum,
863 3793 1043 3851 totum
1099 3809 1158 3851 se
1239 3797 1633 3853 holocaustum
1675 3793 1878 3853 offerre

207 3861 481 3937 Domino,
541 3869 594 3918 et
644 3861 810 3932 juxta
858 3868 1115 3923 eumdem
1170 3867 1505 3937 Apostolum
1562 3882 1686 3924 esse
1734 3883 1875 3923 san-

204 3936 369 4010 etum
424 3947 660 4010 corpore
702 3944 767 4010 et
807 3940 1042 4008 spiritu.
1079 3941 1142 3993 Hi
1188 3936 1326 3996 sunt
1363 3941 1637 4007 eunuchi,
1673 3942 1772 4010 qui
1816 3954 1875 3996 se

208 4003 441 4080 lignum
467 4006 693 4080 aridum
719 4007 790 4080 ob
821 4003 1183 4065 sterilitatem
1216 4018 1478 4080 putantes
1502 4003 1751 4067 audiunt
1778 4026 1875 4073 per

208 4076 421 4147 lsaiam
453 4078 603 4146 quod
638 4092 737 4147 pro
764 4078 903 4135 ﬁliis
931 4088 989 4136 et
1030 4076 1260 4137 ﬁliabus
1293 4083 1478 4137 locum
1514 4084 1570 4137 in
1595 4083 1758 4139 caelis
1782 4084 1875 4138 ha-

203 4145 652 4222 bentparatumi
674 4152 881 4206 Horum
902 4159 1072 4222 typus
1087 4153 1872 4210 estAbdemelecheunuchus

206 4218 639 4297 i_n__llieremia_,
698 4229 755 4276 et
805 4218 981 4297 spado
1040 4224 1139 4297 ille
1188 4226 1413 4297 reginae
1471 4226 1756 4281 Candaces
1811 4226 1870 4282 in

198 4289 375 4364 Actis
404 4289 953 4364 apostolorum,'qui
1002 4295 1074 4350 ob
1120 4289 1296 4352 robur
1345 4297 1474 4352 ﬁdei
1517 4298 1629 4353 viri
1665 4310 1867 4353 nomen

199 4360 789 4439 gbtinuiteAdlhos,
833 4360 890 4420 et
929 4366 1209 4439 Clemens,
1276 4382 1574 4425 successor
1620 4369 1867 4439 apostoli

201 4433 387 4511 Petri,
421 4435 590 4502 cujus
625 4436 835 4491 Paulus
859 4438 1157 4506 apostolus
1190 4433 1471 4507 meminit,
1501 4433 1707 4496 scribit
1736 4442 1869 4511 epi-

196 4502 427 4584 stolas:
460 4519 796 4584 omnemque
831 4502 971 4584 pene
993 4523 1310 4584 sermonem
1343 4502 1510 4584 suum
1538 4512 1607 4567 de
1630 4502 1870 4584 virgini-

196 4574 351 4627 tatis
375 4579 632 4644 puritate
648 4574 1863 4653 contexuit;etdeincepsmultiapostoiici,
1896 4623 1950 4684 D

196 4652 251 4684 at
304 4653 583 4684 mnrlvroc
637 4657 688 4684 at
722 4651 978 4684 illum...“
1025 4659 1135 4684 lum
1180 4654 1483 4684 cunnum“.
1529 4669 1693 4684 mm...
1741 4657 1826 4684 ηιμ.

191 4652 256 4699 et
304 4653 605 4724 martyres,
637 4657 693 4704 et
721 4651 981 4706 illustres
1025 4659 1135 4706 tam
1180 4654 1483 4709 sanctitate
1528 4651 1696 4724 quam
1739 4651 1866 4711 elo;

192 4725 450 4795 quentia
480 4721 615 4795 viri,
641 4736 786 4792 quos
814 4737 881 4777 ex
915 4725 1168 4792 propriis
1206 4725 1444 4794 scriptis
1474 4721 1642 4781 nosse
1673 4730 1862 4795 perfa—

188 4791 456 4866 cileest.
494 4810 519 4840 »
547 4791 824 4866 Hactenus
854 4791 1252 4865 Hieronymus.
1282 4791 1382 4866 qui
1408 4791 1866 4854 omnium'ferme

194 4864 597 4921 Ecclesiarum
641 4863 896 4921 Orientis
956 4874 1007 4920 et
1052 4863 1383 4923 Occidentis
1435 4876 1760 4937 conspectu,
1811 4879 1868 4925 et

186 4936 605 5008 experimento
624 4937 859 4992 edoctus
880 4938 1223 4993 traditiones
1245 4952 1388 5008 quas
1405 4936 1698 5007 acceperat
1722 4955 1867 4996 con-

186 5010 467 5082 tinenter
487 5007 727 5061 ﬂuentes
752 5010 824 5082 ab
844 5009 1158 5082 apostolica
1184 5007 1445 5067 ad’suam
1478 5016 1697 5066 aetatem
1731 5026 1866 5082 per-

183 5078 400 5143 duxit,
438 5083 492 5130 et
513 5078 919 5146 comprobavit.

266 5150 396 5225 Nee
420 5148 658 5225 interim
693 5148 749 5203 in
780 5151 1073 5225 Pudentis.
1124 5166 1222 5208 seu
1268 5153 1639 5209 Pudentiana:
1672 5154 1864 5225 titulo,

184 5236 303 5292 per
335 5220 509 5293 Pium
534 5220 743 5287 dicato,
772 5227 836 5293 et
865 5222 923 5276 in
952 5225 1286 5287 caemeteris,
1317 5225 1615 5293 Priscillae,
1638 5224 1734 5281 ubi
1763 5220 1872 5281 dei-

183 5288 399 5364 posita
429 5288 549 5366 fuit_
569 5305 698 5366 cum
730 5292 955 5365 virgine
986 5308 1199 5365 sorore,
1229 5309 1293 5351 ac
1341 5288 1674 5366 parentibus
1706 5310 1867 5352 sacra

182 5360 391 5438 virgo,
418 5360 777 5438 perfruimur
797 5360 1106 5436 cBnSpectu
1124 5360 1620 5427 documentorum.
1656 5368 1751 5424 his
1773 5369 1867 5438 pi—

182 5436 392 5493 cturis
418 5448 485 5489 ac
511 5436 756 5510 musivis
785 5450 1075 5506 expresso,
1106 5447 1223 5495 tum
1258 5439 1316 5493 in
1347 5439 1596 5494 velandae
1620 5436 1869 5510 virginis

190 5510 554 5581 ritu,quem
598 5507 833 5581 exhibet
871 5510 1096 5578 pictura
1126 5512 1477 5576 caameterit;
1521 5516 1639 5565 tum
1677 5507 1739 5565 in
1766 5524 1867 5581 ge-

188 5580 412 5634 stando
432 5578 778 5652 huiusmodi
811 5581 1050 5649 amictu,
1078 5588 1134 5638 et
1164 5582 1286 5639 velo
1319 5583 1376 5637 in
1405 5588 1687 5637 conventu
1719 5578 1872 5652 prae-

190 5655 407 5725 sert‘im
431 5648 720 5725 Ecclesiae,
743 5653 893 5722 quod
916 5666 947 5707 a
968 5655 1281 5710 musivario
1304 5654 1607 5724 utriusque
1621 5648 1871 5725 virginis

190 5722 387 5790 capiti
419 5721 690 5796 decenter
718 5721 774 5777 et
806 5731 1137 5781 constanter
1164 5732 1419 5796 aptatum
1470 5721 1759 5781 intuemur
1810 5728 1867 5781 in

191 5793 940 5868 earumdemimaginibus,
970 5793 1258 5868 expressis
1281 5798 1340 5851 in
1362 5796 1559 5852 abside
1582 5797 1760 5868 tituli,
1790 5812 1875 5854 or-

194 5870 344 5919 nata
371 5876 476 5933 per
503 5864 808 5939 Siricium,
839 5874 899 5924 et
921 5864 1181 5938 reparata
1211 5881 1311 5937 per
1335 5868 1675 5926 Adrianum.

1190 306 1514 365 HISTORIA
1554 311 1643 365 DE
1682 310 1857 366 VlTlS
1892 310 2065 367 ROM.
2108 311 2305 368 PONT.
2343 344 2417 354 —
2453 314 2507 369 S.
2552 316 2719 372 PIUS.

3520 316 3661 377 4238

2669 464 2799 520 CIAl
2813 465 2989 521 'ONII.

2084 567 2251 623 Linea
2303 566 2338 624 5
2407 600 2474 609 —
2540 573 2607 625 Ut
2653 575 2899 625 sanctum
2970 573 3183 626 Pascha
3239 573 3327 627 die
3381 575 3657 628 Dominico

2010 639 2389 714 celebraretur.
2428 643 2567 696 Dum
2600 642 2669 697 de
2694 643 2788 697 die
2816 643 3109 699 Paschatis
3137 645 3377 714 quaestio
3405 645 3662 714 agitare-

2010 712 2375 785 turlinlAsia,
2410 714 2653 780 Hermes,
2686 714 2874 783 ipsius
2902 716 2983 769 Pii
3021 712 3175 785 papae
3222 714 3395 771 frater
3444 712 3654 771 librum

2009 783 2247 851 scripsit
2288 784 2461 839 titulo
2517 787 2767 841 Pastoris
2818 783 3031 841 sanctae
3078 787 3342 842 Romana:
3389 787 3658 843 Ecclesia:

2010 854 2347 930 presbyteri,
2379 855 2623 930 alterius
2644 856 2842 930 fratris
2872 858 2986 917 sui.
3019 858 3075 913 in
3112 871 3224 929 quo
3256 857 3448 925 refert,
3479 871 3658 930 ange—

2011 925 2427 999 lumlpastoris
2477 942 2714 997 persona
2776 929 3043 985 indutum
3067 925 3147 984 eti
3183 925 3659 999 praecepissefut

2008 996 2277 1053 omnibus
2314 996 2701 1068 persuaderet,
2736 999 2942 1055 festum
2972 996 3265 1055 Pascha'tis
3288 996 3384 1056 die
3408 996 3662 1057 Domini-

2005 1081 2071 1122 co
2102 1069 2502 1125 celebrandum
2536 1068 2675 1125 fore.
2707 1072 2854 1141 quod
2890 1072 2947 1127 in
2980 1086 3046 1127 eo
3076 1072 3343 1127 Christus
3381 1073 3661 1128 Dominus

2005 1152 2035 1193 a
2074 1144 2317 1212 mortuis
2342 1141 2709 1197 surrexisset.
2738 1141 2894 1211 Quod
2928 1149 2983 1198 et
3015 1142 3169 1199 fecit.
3191 1143 3312 1212 Qua
3336 1157 3507 1198 causa
3541 1157 3659 1198 mo-

2006 1211 2270 1286 lus__l’_ius
2306 1225 2607 1286 papa__cum
2635 1213 2882 1283 primum
2927 1222 3266 1286 congregato
3300 1215 3657 1270 sacerdotum

2006 1282 2063 1334 in
2095 1281 2239 1336 Urbe
2270 1282 2539 1349 concilio,
2578 1281 2805 1339 decreto
2830 1281 3512 1341 sanxit'ut'resurrectio
3542 1288 3662 1341 Do-

2005 1351 2146 1406 mini
2167 1353 2283 1426 die,
2314 1355 2415 1423 qui
2437 1355 2775 1410 Dominicus
2798 1356 3038 1419 dicitur,
3066 1356 3473 1412 celebraretur.
3498 1356 3657 1426 Quod

2006 1429 2197 1497 postea
2228 1423 2300 1478 ab
2324 1425 2450 1493 ejus
2504 1426 2939 1497 successoribus
2968 1428 3242 1483 Romanis
3289 1423 3660 1497 pontiﬁcibus

2002 1494 2400 1551 conﬁrmatum
2430 1501 2534 1552 est.
2567 1496 2709 1553 Vide
2735 1504 2899 1553 notas
2928 1505 3231 1569 sequentes
3259 1494 3440 1571 Pagii.

2721 1641 2925 1697 PAGII.

2068 1765 2238 1821 Linea
2264 1763 2316 1821 5.
2350 1796 2419 1804 —
2449 1766 2518 1820 Ut
2545 1770 2794 1820 sanctum
2815 1767 3025 1821 Pascha
3053 1766 3142 1821 die
3188 1769 3465 1824 Dominico
3517 1770 3660 1825 cele-

1917 1825 1969 1885 B
1999 1836 2272 1910 brarrtur.
2302 1837 2505 1910 Verior
2524 1837 2671 1892 enim
2697 1843 2750 1893 et
2778 1838 2961 1910 magis
2989 1841 3209 1908 recepta
3237 1846 3318 1895 est
3349 1841 3509 1909 prior
3537 1854 3659 1897 sen-

1998 1909 2199 1981 tentia,
2232 1909 2350 1976 cui,
2381 1913 2584 1979 praeter
2630 1909 2895 1981 auctores
2944 1909 3227 1976 laudatos,
3262 1911 3657 1981 astipulantur

1999 1980 2376 2050 llegesippus,
2412 1981 2513 2050 qui
2562 1980 2671 2035 sub
2700 1981 2893 2036 eodem
2935 1981 3175 2036 Aniceto
3206 1980 3438 2037 Romam
3470 1984 3649 2041 venit.

1998 2051 2114 2106 duo
2140 2052 2471 2120 Nicephori,
2508 2065 2574 2105 ac
2603 2052 2830 2107 demum
2887 2058 2998 2106 tam
3048 2053 3236 2106 Latini
3272 2066 3442 2122 quam
3470 2055 3652 2109 Grazci

2000 2124 2347 2177 recentiores
2365 2136 2581 2178 omnes.
2607 2123 2752 2177 lluic
2776 2122 3035 2193 pontifici
3063 2123 3216 2178 tribu
3230 2124 3347 2179 itur
3363 2126 3651 2181 decretum

1998 2194 2068 2249 de
2095 2193 2436 2249 celebrando
2463 2194 2736 2249 Paschate
2758 2195 2855 2249 die
2897 2195 3201 2249 Dominico
3233 2212 3248 2263 ;
3282 2196 3377 2250 sed
3428 2197 3644 2265 episto-

2001 2265 2109 2337 lam
2130 2265 2467 2321 decretalem
2497 2267 2607 2327 Pii,
2638 2279 2705 2319 ex
2737 2279 2848 2335 qua
2882 2266 2934 2320 id
2974 2266 3289 2333 conjicitur
3319 2267 3398 2321 sei
3433 2282 3657 2337 suppo-

1998 2336 2167 2390 sitam
2195 2338 2546 2391 conveniunt
2575 2350 2772 2393 omnes
2797 2337 3035 2392 eruditi.
3081 2339 3351 2391 Praeterea
3387 2336 3521 2393 licet
3547 2340 3653 2395 de-

1998 2415 2217 2463 cretum
2257 2408 2401 2462 illud
2435 2423 2465 2462 a
2496 2409 2591 2463 Pio
2623 2408 2841 2463 editum
2876 2422 2997 2463 esss
3025 2408 3252 2477 legatur
3284 2408 3340 2462 in
3366 2409 3653 2467 Chronico

1998 2479 2233 2533 Eusebii
2260 2479 2353 2533 his
2378 2479 2566 2534 verbis
2596 2498 2607 2533 :
2638 2501 2663 2530 α
2691 2479 2982 2534 Sancitum
3015 2485 3102 2534 est
3131 2493 3163 2534 a
3190 2479 3306 2534 Pio.
3343 2486 3405 2535 ut
3434 2482 3654 2537 Resur—

1998 2552 2176 2623 rectio
2204 2551 2522 2620 Dominica,
2577 2550 2675 2623 die
2704 2551 3012 2623 Dominica
3052 2550 3402 2623 celebretur,
3436 2554 3586 2623 quod
3620 2566 3652 2609 a

1998 2621 2268 2691 pluribus
2302 2630 2489 2691 postea
2524 2621 2899 2691 pontiﬁcibus
2925 2622 3328 2678 confirmatum
3348 2621 3475 2693 est';
3508 2642 3532 2672 n
3553 2626 3652 2679 Ar-

1997 2693 2204 2748 naldus
2235 2699 2423 2747 tamen
2456 2694 2739 2748 Pontacus
2769 2694 2825 2747 in
2867 2693 3021 2749 notis
3049 2700 3318 2763 testatur,
3357 2693 3455 2750 illa
3481 2695 3651 2752 verba

1996 2777 2107 2819 non
2142 2764 2383 2835 reperiri
2416 2765 2474 2819 in
2510 2778 2644 2819 mss.
2702 2763 3009 2835 codicibus
3060 2764 3337 2820 Chronici
3392 2766 3650 2829 Eusebii,

1995 2834 2240 2903 ideoque
2268 2849 2335 2891 ex
2359 2849 2424 2891 eo
2460 2835 2692 2907 penitus
2715 2834 2994 2903 delenda;
3047 2850 3176 2891 cum
3211 2837 3527 2907 praesertim
3568 2851 3648 2907 ex

1993 2907 2240 2976 ipsomet
2270 2907 2519 2963 Eusebio
2577 2906 2681 2962 lib.
2713 2907 2929 2978 leist.
2970 2907 3340 2975 ecclesiast..,
3392 2922 3515 2978 cap.
3554 2906 3646 2978 23,

1992 2984 2214 3033 constet
2241 2978 2351 3034 tale
2380 2979 2696 3045 decretum,
2739 2977 2810 3033 de
2854 2977 3195 3033 celebrando
3227 2979 3497 3034 Paschate
3552 2977 3649 3035 die

1990 3050 2311 3111 Dominica,
2345 3049 2416 3104 ab
2435 3049 2717 3117 apostolis
2744 3050 3027 3104 sancitum
3063 3047 3266 3104 fuisse.
3297 3050 3483 3119 Quare
3500 3052 3650 3107 Jose-

1993 3121 2142 3189 phus
2153 3120 2426 3190 Scaliger,
2452 3122 2508 3175 in
2526 3133 2666 3177 nova
2685 3120 2940 3176 editione
2959 3120 3230 3176 Chronici
3248 3121 3554 3177 Eusebiani
3578 3136 3646 3177 ex

218 3191 1215 3297 ὶὶιῗὶίῐιέ“ι)ὲ“ὁ”ἑὶ“λέἷι“ξ›.’ἓί’ἒῇιῖἶένιῖἱ
1248 3191 1879 3297 anxiaanxia-
1909 3216 1954 3273 (ι
1988 3205 2054 3246 eo
2085 3192 2251 3247 verba
2284 3191 2385 3246 ιιια
2414 3198 2716 3262 expuam-

2058 3299 2160 3354 Sed
2190 3304 2373 3353 exstat
2392 3300 2542 3367 apud
2565 3299 2904 3354 Gratianum
2926 3312 3049 3367 cap.
3076 3298 3146 3353 de
3171 3298 3635 3366 Consecratione,

1985 3371 2106 3426 dist
2133 3368 2187 3437 2,
2217 3371 2506 3424 decretum
2542 3370 2625 3423 Pii
2653 3383 2806 3438 papae
2838 3371 2904 3423 de
2932 3372 3256 3439 paenitentia
3301 3370 3441 3438 ejus,
3474 3372 3633 3438 cujus

1985 3442 2318 3509 negligentia
2357 3440 2424 3493 de
2452 3442 2720 3506 sanguine
2755 3442 2967 3495 Domini
3006 3441 3227 3509 aliquid
3257 3442 3451 3496 stillat.
3486 3442 3632 3499 Illud

1986 3519 2172 3567 autem
2207 3511 2319 3566 tale
2347 3518 2474 3583 est:
2514 3530 2552 3583 la
2580 3511 2660 3583 Sil
2686 3524 2782 3579 per
2836 3512 3244 3581 negligentiam
3291 3513 3515 3583 aliquid
3567 3515 3637 3571 de

1986 3584 2281 3655 sanguine;
2296 3582 2529 3655 Domini
2568 3581 2877 3655 stillaverit
2905 3581 3459 3655 in_terram,llingua
3486 3584 3638 3640 lam-

1985 3652 2175 3720 batur,
2211 3653 2403 3708 tabula
2436 3653 2671 3708 radatur
2702 3671 2716 3718 ;
2742 3654 2790 3709 si
2824 3667 2932 3707 non
2964 3652 3141 3709 fuerit
3172 3652 3387 3720 tabula',
3428 3661 3493 3711 ut
3522 3670 3633 3713 non

1985 3725 2373 3792 conculcetur,
2405 3724 2567 3780 locus
2594 3726 2953 3789 corrodatur,
2986 3732 3040 3780 et
3074 3726 3204 3796 igne
3234 3735 3630 3791 consumatur,

1984 3804 2041 3853 et
2060 3798 2212 3852 cinis
2259 3799 2410 3851 intra
2455 3796 2636 3851 altare
2667 3797 3030 3868 recondatur,
3063 3804 3120 3852 et
3161 3798 3429 3853 sacerdos
3481 3812 3634 3868 qua-

1984 3869 2248 3939 draginta
2265 3867 2473 3939 diebus
2496 3869 2786 3937 paeniteat.
2812 3867 2870 3921 Si
2897 3882 3024 3939 vero
3047 3882 3221 3937 super
3244 3869 3425 3924 altare
3450 3867 3636 3926 stilla-

1984 3938 2131 3995 verit
2155 3941 2329 4006 calix,
2359 3938 2585 3994 sorbeat
2614 3940 2879 3994 minister
2923 3938 3167 4009 stillam,
3198 3946 3255 3995 et
3284 3939 3472 3995 tribus
3500 3942 3636 3996 die-

1984 4011 2093 4067 bus
2126 4012 2413 4080 pceniteat.
2448 4011 2506 4066 Si
2539 4024 2713 4080 super
2736 4009 2977 4065 linteum
3005 4011 3232 4074 altaris.
3282 4017 3337 4066 et
3367 4015 3433 4065 ad
3464 4012 3626 4068 aliud

1983 4082 2139 4138 stilla
2175 4083 2509 4150 pervenerit,
2540 4087 2787 4154 quatuor
2810 4082 3017 4137 diebus
3050 4083 3339 4152 paeniteat.
3357 4082 3414 4137 Si
3450 4097 3635 4154 usque

1982 4156 2050 4209 ad
2084 4156 2341 4217 tertium,
2372 4152 2571 4209 novem
2615 4152 2824 4208 diebus
2869 4154 3158 4223 poeniteat.
3212 4154 3272 4209 Si
3327 4168 3512 4224 usque
3540 4152 3626 4210 'ad

1983 4231 2271 4296 quartum,
2289 4226 2495 4296 viginti
2519 4224 2725 4280 diebus
2745 4230 3037 4294 pceniteat,
3057 4225 3483 4294 etlinteamioa,
3504 4240 3632 4296 quae

1981 4298 2236 4367 tetigerit
2262 4296 2440 4355 stilla.
2468 4296 2655 4351 tribus
2676 4296 2904 4353 vicibus
2922 4298 3187 4352 minister
3211 4296 3430 4366 abluat,
3452 4296 3633 4353 calice

1980 4370 2366 4438 superposito,
2398 4373 2452 4423 et
2504 4381 2650 4439 aqua
2694 4367 3016 4425 ablutionis
3055 4374 3339 4435 sumatur,
3371 4374 3428 4423 et
3464 4370 3631 4437 juxta

1976 4441 2160 4495 altare
2187 4440 2549 4496 recondatur.
2578 4459 2601 4489 ο
2626 4441 2704 4495 Ex
2740 4442 2845 4496 hoc
2868 4446 2923 4497 et
2952 4440 3089 4495 aliis
3112 4440 3458 4511 decretislde
3488 4440 3631 4511 ritu,

1978 4520 2033 4567 et
2066 4512 2230 4568 modo
2259 4512 2461 4581 culpas
2490 4511 2548 4565 in
2600 4520 3029 4581 sacramentum,
3054 4510 3438 4564 Eucharistize
3464 4510 3628 4564 com-4

1983 4584 2187 4639 missas
2208 4580 2506 4652 expiandi,
2527 4586 2583 4635 et
2608 4581 2913 4652 supplendi
2932 4580 3191 4652 defectus
3223 4581 3282 4634 in
3308 4581 3433 4649 ipso
3454 4581 3632 4652 sacri-

1981 4656 2108 4712 ﬁcio
2138 4650 2522 4719 occurrentes,
2556 4651 2807 4705 ostendit
2828 4651 3167 4705 Edmundus
3197 4651 3445 4706 Martene
3471 4650 3572 4705 lib.
3609 4665 3626 4706 ι

1974 4731 2045 4783 de
2069 4727 2345 4795 Antiquis
2374 4723 2638 4777 Ecclesiae
2666 4721 2920 4795 Ritibus,
2947 4735 3072 4795 cap.
3102 4720 3156 4790 5,
3186 4727 3275 4776 art
3326 4719 3381 4789 5,
3412 4728 3625 4792 quanta

1976 4792 2291 4853 reverentia
2321 4807 2455 4865 erga
2492 4805 2707 4865 sacram
2738 4792 3167 4865 eucharistiam,
3196 4799 3410 4849 veteres
3440 4795 3631 4865 duce-

1978 4874 2198 4933 rentur,
2223 4862 2789 4937 quam'reverentiam
2820 4870 2973 4937 recte
2994 4863 3202 4937 scribit
3223 4878 3332 4920 non
3360 4864 3623 4920 intimum

1976 4951 2164 4996 tenere
2188 4934 2370 4993 locum
2403 4934 2607 4990 debere
2635 4935 2785 4989 inter
2813 4935 2971 4990 varia
2999 4935 3287 4990 rationum
3320 4942 3623 5005 momenta,

1977 5011 2199 5083 quibus
2222 5008 2395 5064 realis
2418 5005 2866 5083 in_Eucharistia
2890 5006 3439 5083 Christl_praasentia
3460 5020 3626 5083 cem—

1978 5072 2207 5153 probari
2244 5077 2518 5153 potest_._S_i
2552 5077 3079 5153 enim,ninqp_it,lex
3103 5072 3482 5153 Tertulliano,
3515 5079 3620 5133 lib.

1973 5146 2046 5211 de
2074 5146 2292 5209 Corona
2340 5149 2569 5220 militis,
2596 5162 2721 5219 cap.
2748 5146 2802 5213 3.
2850 5146 3184 5205 Christiani
3234 5163 3340 5206 suo
3371 5146 3625 5220 tempore

1976 5227 2140 5279 anxie
2155 5222 2533 5294 patiebantur,
2549 5221 2599 5294 si
2623 5221 2761 5292 quid
2785 5234 2855 5294 ex
2880 5221 3251 5294 Eucharistja
3302 5234 3356 5276 in
3413 5228 3622 5294 terram

1975 5290 2262 5353 decideret
2292 5312 2305 5349 :
2338 5301 2395 5350 et
2449 5307 2514 5350 ex
2544 5290 2790 5364 Origene
2834 5292 3074 5348 homilia
3135 5290 3201 5347 l3
3242 5293 3300 5364 in
3345 5293 3622 5364 Exodum,

1974 5383 2091 5422 reos
2134 5380 2193 5421 se
2238 5379 2363 5421 esse
2392 5363 2717 5431 credebant,
2771 5368 2825 5418 et
2876 5371 3026 5420 recte
3072 5363 3379 5420 credebant
3408 5363 3622 5435 ﬁdeles,

1975 5440 2025 5495 si
2055 5438 2286 5509 quando
2314 5439 2368 5493 id
2403 5450 2498 5506 per
2527 5434 2935 5509 negligentiam
2971 5435 3312 5509 accidisset;
3343 5449 3470 5509 qua:
3491 5441 3629 5492 tan-

1975 5507 2101 5566 dem
2136 5516 2302 5565 tantae
2332 5507 2643 5563 anxietatis
2673 5519 2847 5561 causa
2877 5507 2906 5558 ‘I
2931 5521 3057 5577 quae
3086 5507 3277 5577 culpa,
3306 5508 3457 5577 quod
3498 5508 3627 5563 cri—

1981 5596 2105 5639 men
2130 5597 2245 5636 reos
2266 5579 2663 5646 constitueret,
2688 5583 2745 5632 et
2775 5584 2925 5633 recte
2949 5578 3377 5635 constitueret?
3407 5580 3457 5635 si
3492 5594 3627 5649 pra:-

1980 5664 2065 5709 ter
2095 5666 2289 5722 panem
2316 5657 2374 5706 et
2394 5651 2612 5719 vinum,
2648 5662 2975 5722 meramque
3005 5649 3247 5721 ﬁguram
3278 5649 3437 5722 aliud
3472 5651 3624 5708 nihil

1980 5721 2434 5797 agnbvissentlin
2459 5728 2836 5797 sacramento.
2863 5721 3035 5797 Aliud
3065 5734 3225 5797 ergo,
3244 5726 3310 5797 _et_
3328 5721 3477 5797 illud
3517 5737 3626 5797 ma-

1983 5791 2157 5868 gnum
2188 5794 2411 5868 aliquid
2435 5793 2771 5868 credebant:
2808 5798 2865 5849 et
2891 5792 3028 5868 quid
3064 5791 3208 5849 illud
3239 5791 3269 5847 ?
3297 5794 3422 5849 Nisi
3452 5794 3627 5849 realis

1988 5865 2044 5924 in
2073 5866 2443 5924 Eucharistia
2469 5865 2687 5922 Christi
2721 5865 3039 5934 praesentia.
