4052 6178
270 289 404 347 4244

1179 296 1497 354 HISTORIA
1534 299 1625 354 DE
1668 298 1839 354 VlTlS
1879 296 2051 355 ROM.
2091 299 2287 355 PONT.
2329 330 2400 340 —
2436 300 2491 355 S.
2532 297 2777 354 SOTER.

3540 296 3678 355 4242

666 447 846 500 Lectio
879 449 1117 515 catalogt'
1142 448 1444 515 Liberiani,
1492 451 1757 521 suppletis
1780 452 1993 506 lacunis
2020 452 2359 505 restituenda
2398 466 2466 503 ear:
2489 455 2649 504 antea
2680 449 2926 503 deductis
2954 453 3010 503 in
3037 448 3282 505 AnicEto.

351 599 538 659 Soter
577 616 736 659 ann.
768 616 860 676 1x,
909 617 998 660 ιιι.
1034 618 1122 678 ιιι,
1156 599 1218 660 d.
1254 618 1401 680 XXI,
1430 599 1559 662 fuit
1589 602 1996 682 temporibus
2043 603 2245 665 Marci
2279 603 2599 665 Antonini
2631 606 2695 665 et
2732 604 2909 682 Veri,
2955 621 2995 663 δ
3033 604 3384 666 consulatu
3418 605 3676 667 Rustici

263 699 334 759 et
366 696 674 774 Aquiliui
710 714 921 777 usque
945 699 1136 760 Claro
1173 701 1238 760 et
1264 700 1578 777 Cethego.

1565 890 1845 952 VARIZE
1898 890 2379 953 LECTIONES.

555 1022 727 1092 Apud
752 1025 1069 1079 Fabrottum
1098 1040 1165 1079 ea:
1183 1026 1362 1080 codice
1391 1027 1628 1081 Freheri.

263 1110 505 1236 dignari}.
563 1108 648 1178 43,
699 1113 803 1166 lia.
853 1110 908 1176 2,
960 1126 1011 1168 a.
1072 1112 1158 1170 45.
1198 1115 1271 1168 Α.
1317 1116 1414 1169 lin.
1447 1112 1503 1179 7,
1556 1116 1672 1183 AB,
1710 1114 1801 1170 44.
1839 1118 1916 1182 Α,

486 1254 589 1325 Ex.
623 1274 801 1326 codice
831 1275 1014 1341 Regio,
1045 1276 1328 1330 Μαιατὶηο
1377 1282 1427 1329 et
1460 1278 1701 1330 Thuano.

343 1361 465 1433 Lin.
494 1357 549 1433 ξ,
585 1374 761 1415 mens.
790 1358 867 1433 3,
895 1361 1021 1416 dies
1066 1359 1157 1433 24,
1187 1364 1244 1427 F,
1300 1369 1609 1433 atempore
1644 1364 1697 1418 S.
1735 1365 1832 1417 lin.
1862 1363 1917 1431 5,

266 1430 460 1498 presb.
489 1429 591 1498 48;
621 1434 762 1486 Μαι.
813 1431 900 1488 49.
938 1434 1087 1488 diac.
1118 1431 1172 1487 9.
1201 1436 1278 1488 M.
1324 1432 1408 1503 49,
1460 1429 1557 1489 lin.
1589 1433 1641 1501 6,
1678 1435 1798 1490 loca
1832 1429 1918 1489 44.

267 1503 374 1554 lin.
396 1498 451 1565 7,
475 1503 600 1557 dies
618 1500 708 1557 24.

825 1594 1004 1647 codice
1035 1595 1260 1649 Thuano
1308 1596 1497 1649 altera.

266 1754 306 1808 ἀ
497 1680 551 1751 2,
597 1696 771 1739 mens.
818 1682 873 1754 6,
903 1683 990 1740 di.
1038 1681 1128 1739 24.
1170 1685 1271 1741 lin.
1318 1682 1371 1755 ὅ,
1417 1684 1603 1742 ordin.
1654 1684 1704 1743 6.
1740 1687 1839 1741 lin.
1869 1683 1925 1762 7,

1945 1029 2003 1086 A

2274 1029 2444 1097 Apud
2490 1031 2830 1085 Holstenium
2875 1037 2925 1085 et
2962 1032 3449 1088 Schelcstratium.

2098 1138 2217 1197 Lin,
2246 1133 2299 1203 2,
2352 1138 2526 1190 Vatia.
2575 1138 2705 1204 Reg.
2737 1144 2787 1192 et
2818 1139 3114 1193 Florentini
3167 1138 3293 1200 duo,
3353 1149 3571 1192 menses
3621 1134 3674 1202 6,

2026 1206 2151 1261 dies
2181 1205 2270 1261 24.
2300 1209 2399 1261 lin.
2426 1207 2478 1273 3,
2528 1210 2759 1263 Florent.
2789 1211 3006 1263 secund.
3046 1211 3168 1263 Vat.
3202 1217 3251 1263 et
3280 1212 3389 1275 Reg
3418 1250 3433 1271 ,
3476 1207 3676 1262 nullus

2031 1280 2365 1334 monachus.
2429 1282 2528 1332 lin.
2561 1277 2610 1339 4,
2662 1282 2791 1347 Reg.
2847 1281 2959 1335 nisi
2992 1283 3090 1333 lin.
3234 1282 3385 1334 Cass.
3440 1285 3491 1332 et
3526 1279 3673 1331 Flor.

2029 1349 2156 1415 duo,
2188 1351 2379 1405 ordin.
2407 1352 2684 1421 quinque.
2715 1354 2813 1404 lin.
2844 1347 2898 1417 7,
2932 1352 3074 1406 Flor.
3104 1352 3345 1417 secuad.,
3379 1351 3600 1406 lunias.

2344 1457 2515 1525 Apud
2555 1458 2779 1511 Peniam
2808 1472 2875 1511 ea:
2902 1458 3081 1511 codice
3109 1456 3351 1512 Caucasi.

2104 1563 2230 1616 Lin.
2263 1558 2314 1628 4,
2353 1568 2584 1631 poneret
2625 1562 2682 1617 in
2712 1568 2964 1618 sanctam
2996 1561 3330 1618 Ecclesiam.

1600 1890 1845 1953 NOT2E
1898 1891 2342 1956 VARIORUM
2352 1942 2364 1954 .

788 1995 835 2051 Α
868 1996 1405 2054 SCHELESTRATE.

349 2081 517 2138 Linea
556 2081 607 2137 3.
640 2114 713 2124 -—
739 2087 842 2139 Hic
867 2090 1147 2141 constituit
1195 2093 1255 2141 ut
1301 2088 1457 2141 nulla
1501 2088 1783 2154 monacho,
1816 2092 1923 2141 etc.

270 2157 494 2225 Legum.
540 2163 654 2211 tres
687 2170 819 2210 mss.
848 2158 1096 2226 codices,
1151 2165 1213 2212 ut
1236 2160 1423 2212 nullus
1467 2159 1783 2212 monachus.
1819 2160 1924 2213 Ve-

271 2240 402 2282 rum
434 2228 707 2281 monachae
738 2228 908 2283 lectio
941 2231 1259 2295 retinenda,
1294 2243 1465 2299 quam
1508 2239 1709 2285 auctor
1733 2243 1800 2284 ex
1830 2244 1921 2284 se-

268 2299 463 2353 cundo
494 2299 750 2367 cataIngo
768 2300 1111 2369 desumpsit,
1135 2307 1191 2355 et
1215 2303 1390 2356 codex
1414 2301 1931 2355 Palatino-Vatica-

271 2384 405 2424 mus
427 2370 636 2425 steculo
655 2384 750 2425 νιιι
780 2373 1146 2441 conscriptus
1163 2379 1350 2427 servat
1392 2373 1715 2427 Notandum
1738 2378 1926 2427 autem

266 2441 491 2496 Soteris
509 2441 865 2510 temporibus
884 2445 1190 2497 monachas
1208 2442 1407 2509 fuisse,
1428 2444 1547 2497 sive
1561 2443 1676 2497 illa}
1691 2444 1925 2510 fuerint,

270 2526 402 2582 qum
432 2514 488 2566 in
534 2514 899 2567 monasteriis
928 2515 1125 2578 simul,
1159 2520 1215 2569 et
1248 2515 1304 2568 in
1342 2516 1631 2569 communi
1666 2514 1929 2568 vivebant

266 2583 385 2637 sub
412 2583 610 2654 aliqua
643 2592 840 2650 matre,
876 2599 1116 2654 quarum
1150 2585 1492 2640 mentionem
1521 2585 1738 2639 facitD.
1765 2583 1931 2654 Opta-

272 2654 789 2727 tu‘srlllilevitanus,
847 2657 946 2726 qui
974 2670 1069 2711 eas
1111 2663 1362 2727 tempore
1407 2658 1831 2711 Donatistarum
1870 2659 1927 2710 in

270 2723 461 2780 Africa
484 2725 663 2781 fuisse
684 2723 943 2795 afﬁrmat,
963 2728 1084 2783 sive
1105 2723 1506 2795 sint'virgines
1531 2730 1643 2783 Deo
1674 2735 1927 2794 sacratae,

271 2810 403 2867 quae
436 2797 492 2851 in
529 2805 823 2865 parentum
849 2799 1121 2855 domibus
1150 2797 1503 2861 habitabant,
1529 2807 1584 2853 et
1628 2811 1756 2853 cum
1786 2799 1931 2853 reli—

273 2882 392 2939 quo
426 2869 637 2936 populo
662 2870 729 2923 ad
761 2869 1058 2924 ecclesiam
1091 2871 1455 2930 accedebant.
1491 2870 1931 2938 propioremque

271 2940 344 2992 ad
375 2953 599 2993 sacrum
638 2941 795 2995 liema
825 2940 1011 2996 locum
1048 2941 1353 3007 habebant,
1389 2948 1451 2996 ut
1484 2940 1746 2995 monachi
1780 2954 1933 3010 quo-

276 3023 409 3084 que,
436 3011 506 3065 de
538 3011 754 3084 quibus
782 3011 1039 3081 loquitur
1081 3014 1392 3084 Dionysius
1416 3012 1567 3067 libro
1595 3012 1666 3067 de
1696 3012 1932 3066 Hierar—

270 3082 407 3136 chia
438 3082 849 3138 ecclesiastica.

883 3173 1324 3229 ALTASERRE.

350 3260 522 3315 Linea
573 3258 628 3316 3.
658 3291 733 3301 —
753 3262 856 3316 Hic
886 3265 1166 3317 constituit
1194 3269 1256 3316 ut
1300 3262 1457 3315 nulla
1492 3259 1757 3315 monacho
1798 3259 1935 3328 pal—

1956 1999 2005 2057 B
2036 1997 2145 2071 bus
2163 2014 2281 2067 XXI,
2302 2001 2458 2056 sedis
2475 2002 2624 2058 beati
2642 2002 2859 2058 Soteris
2881 2006 3038 2057 tanta
3058 2006 3163 2068 est,
3192 2005 3463 2071 quantam
3481 2004 3683 2054 osten-

2034 2070 2183 2125 dunt
2235 2082 2598 2128 monumenta
2648 2075 2928 2129 recensita
2978 2075 3036 2127 in
3086 2070 3526 2140 Prolegomenis,
3569 2082 3683 2140 qua

2039 2142 2219 2209 major
2264 2145 2581 2212 exspectari
2634 2146 2725 2199 vix
2779 2151 2991 2212 potest:
3048 2158 3171 2199 nam
3229 2139 3285 2197 in
3338 2141 3565 2196 duobus
3596 2139 3681 2212 vel

2038 2212 2227 2267 tribus
2252 2210 2548 2283 exemplis,
2572 2231 2696 2284 quat
2714 2210 2878 2284 juxta
2908 2216 3229 2286 catalogum
3260 2213 3465 2286 Felicis
3487 2210 3682 2281 quarti

2038 2298 2103 2338 ex
2140 2299 2222 2348 ιιι,
2244 2287 2538 2341 mensibus
2565 2301 2616 2340 νι
2636 2289 3032 2350 reddiderunt,
3053 2284 3220 2340 facile
3238 2284 3508 2354 arguitur
3522 2295 3685 2337 ama-

2042 2358 2279 2434 nuensis
2297 2358 2704 2434 negligentiam
2738 2360 2791 2412 id
2810 2364 3207 2434 peccassent,
3228 2356 3456 2434 duabus
3482 2356 3686 2434 unita:

2040 2426 2337 2497 tibusqua:
2355 2431 2680 2495 praecedunt
2698 2428 3319 2498 paulisperinclinatis.
3340 2426 3688 2495 expresserit

2039 2500 2243 2567 Siillam
2267 2501 2524 2569 quinarii
2560 2515 2613 2553 v.
2652 2501 3083 2556 lletroeedentes
3116 2500 3311 2568 itaque
3334 2512 3399 2553 ex
3428 2498 3523 2552 die
3546 2509 3688 2550 mar-

2040 2572 2175 2639 tyrii
2202 2568 2517 2639 22’Aprilis
2541 2574 2678 2626 anni
2711 2570 2830 2633 474,
2868 2586 2963 2636 per
2988 2585 3169 2625 annos
3198 2570 3417 2625 solidos
3438 2582 3513 2634 ιχ,
3539 2580 3683 2621 men-

2040 2654 2130 2714 ses
2160 2655 2242 2706 ιιι,
2276 2645 2401 2697 dies
2434 2658 2552 2708 xxi,
2578 2646 2943 2714 assequimur
2998 2643 3233 2714 initium
3265 2641 3685 2714 sedisﬁoteris,

2041 2713 2326 2777 figendum
2348 2715 2491 2782 ipsis
2510 2707 3048 2770 Kalendislanuarii
3072 2713 3245 2768 initio
3262 2712 3400 2765 anni
3422 2707 3545 2773 462,
3564 2710 3690 2782 ltu—

2040 2786 2187 2839 stico
2205 2792 2259 2838 et
2280 2780 2561 2854 Aquilino
2585 2784 3026 2853 procedentibus
3054 2787 3121 2839 ad
3144 2783 3532 2838 consulatum.
3555 2780 3688 2854 Sive

2039 2857 2202 2909 Soter
2230 2869 2293 2909 ea
2316 2851 2410 2911 die
2438 2851 2614 2911 fuerit
2640 2858 2945 2912 ordinatus
2960 2857 3288 2925 episcopus,
3320 2854 3376 2907 in
3399 2865 3566 2925 quam
3590 2851 3689 2925 in-

2041 2926 2268 2982 cidebat
2318 2929 2698 2983 Circumeisio
2739 2929 2962 2982 Domini
2998 2922 3078 2981 'et
3125 2922 3318 2980 octava
3350 2922 3688 2977 Nativitatis

2041 2998 2330 3074 ejusdem;
2360 2999 2480 3053 sive
2521 3000 2821 3074 Dominica
2880 2997 3236 3074 prmo-edenti,
3271 3002 3549 3074 postrema
3576 2994 3690 3074 De:

2042 3069 2327 3131 cembris;
2360 3072 2722 3138 perspicuum
2751 3077 2837 3124 est
2866 3068 3112 3123 vicinias
3134 3067 3687 3138 Kalendaslanuarii

2042 3140 2205 3194 civili
2233 3135 2385 3193 more
2408 3135 2595 3209 (quem
2618 3154 2767 3195 nunc
2791 3140 2963 3194 etiam
2986 3140 3286 3208 sequimur
3306 3138 3362 3191 in
3382 3135 3553 3190 annis
3573 3136 3691 3188 Na-

2044 3211 2291 3265 tivitatis
2314 3211 2553 3279 Christi,
2587 3210 3020 3281 consignandis)
3053 3210 3350 3263 inchoasse
3378 3219 3544 3261 atram
3591 3217 3692 3259 as-

2044 3282 2257 3350 sumpti
2299 3296 2329 3335 a
2360 3284 2554 3336 Sotere
2599 3281 2986 3348 pontificatus.

275 3332 389 3423 ξίίτζι
414 3336 1115 3423 λξιιςξῖίξςίξῖῖξοοξῆίῃᾳςπῖεξ›-
1135 3337 1571 3423 Δζῖξίίξ-ξζιεξξῃευῄ
1602 3336 1852 3423 ξρζιεξζξεζ
1867 3332 1934 3423 3'"
1960 3360 2009 3423 Ο
2045 3332 2983 3421 "rectioraindagasse;
3005 3351 3340 3406 electionem
3371 3347 3685 3423 SoterisAex

274 3408 470 3457 sancta
494 3405 759 3457 Ecclesia.
811 3404 1029 3461 Soteris
1052 3406 1342 3461 decretum
1365 3411 1470 3471 est,
1506 3417 1574 3457 ne
1612 3402 1931 3457 sanctimo-

276 3474 457 3529 nialis
479 3488 639 3529 sacra
686 3489 837 3539 Vasa,
870 3476 959 3531 vel
992 3490 1209 3531 sacram
1245 3476 1451 3545 pallam
1479 3474 1684 3529 altaris
1704 3474 1933 3545 contin-

275 3550 392 3616 gat,
422 3548 507 3616 vel
552 3547 848 3601 incensum
878 3548 1102 3603 adoleat
1131 3544 1285 3602 circa
1317 3547 1545 3614 altaria,
1577 3544 1936 3616 canasaoraf

277 3612 384 3678 ias,
413 3613 487 3672 23
522 3618 661 3671 dist.
692 3618 844 3673 idem
871 3619 1161 3674 decretum
1195 3619 1498 3688 repetitum
1533 3612 1566 3670 a
1602 3612 1937 3670 Bonifaciol

276 3700 347 3743 ex
375 3689 636 3744 Anastas.
669 3689 726 3744 in
752 3691 879 3757 ejus
904 3691 1053 3745 Vita.

816 3778 980 3834 BINII
1010 3779 1095 3834 ET
1127 3778 1362 3833 LABBEI
1378 3817 1394 3832 .

349 3865 451 3937 (Ex
482 3866 624 3938 Bm.)
656 3868 827 3923 Linea
868 3865 918 3923 4.
942 3898 1013 3908 —
1052 3869 1222 3924 Sator.
1256 3867 1612 3923 Aﬂlictarum
1650 3863 1940 3938 Ecclesia-

282 3935 408 4010 rum
440 3935 734 4006 solatium,
761 3952 1071 4009 pauperum
1098 3946 1154 3994 et
1170 3941 1480 4010 egentium,
1506 3946 1648 3994 teste
1666 3935 1941 4005 Dionysio

280 4008 689 4081 Alexandrino,
721 4024 960 4081 magnus
988 4008 1406 4066 remuneratur.

356 4082 523 4134 Linea
544 4078 596 4135 3.
629 4077 841 4135 —'Hic'
883 4085 1163 4136 constituit
1213 4088 1275 4136 ut
1329 4083 1485 4136 nulla
1521 4079 1785 4135 monacha
1822 4077 1942 4147 pal-

284 4150 393 4203 lam
440 4166 654 4206 sacram
696 4155 1043 4220 contingeret.
1080 4156 1199 4209 Non
1244 4161 1467 4209 tantum
1502 4151 1812 4214 monachae,
1845 4148 1940 4204 sed

282 4223 454 4296 etiam
468 4223 836 4296 diaconisste,
852 4225 1102 4295 aliisque
1123 4225 1315 4287 laicis,
1339 4233 1393 4280 et
1412 4225 1755 4296 quibusdam
1769 4222 1942 4274 etiam

282 4292 515 4367 clericis
554 4308 851 4351 sacrorum
875 4292 1160 4362 vasorum,
1198 4305 1255 4352 et
1279 4292 1601 4367 corporalis
1645 4297 1946 4367 contactus

283 4370 369 4418 est
402 4365 773 4421 interdictus.
837 4367 1135 4422 Probabile
1172 4374 1259 4423 est
1306 4363 1478 4436 hujus
1509 4363 1947 4423 constitutionis

283 4436 452 4509 edita:
503 4451 731 4492 causam
786 4437 1009 4509 fuisse,
1045 4440 1195 4509 quod
1232 4454 1300 4494 ex
1348 4440 1600 4493 Montani
1647 4441 1819 4509 secta,
1884 4439 1950 4488 ut

283 4508 450 4562 docet
503 4509 702 4564 Baron.
749 4523 881 4564 ann.
920 4507 1042 4579 473,
1063 4506 1302 4566 feminae
1333 4524 1393 4565 se
1435 4510 1618 4565 sacris
1649 4506 1948 4564 immisce-

286 4585 431 4633 rent.

353 4652 456 4726 (Ex
474 4651 861 4726 _LABu.)_7Liuea
881 4651 1021 4707 6.—
1041 4656 1105 4709 1n
1119 4655 1444 4708 caemeterio.
1464 4692 1479 4707 .
1501 4692 1513 4706 .
1549 4654 1714 4723 juxta
1735 4669 1947 4726 corpus

287 4719 438 4777 beati
473 4723 625 4778 Petri
652 4719 711 4779 C.
745 4725 810 4778 H.

919 4813 1307 4871 BLANCHINI.

805 4916 961 4959 NOTAE
991 4914 1429 4959 CHRONOLOGICE.

358 4992 576 5048 Soteris
605 4995 818 5064 epocha
844 4994 987 5049 satis
1007 5000 1159 5049 certa
1188 4992 1451 5049 redditur
1473 4992 1838 5049 documentis
1859 5008 1950 5048 su-

290 5064 492 5134 perius
524 5067 840 5134 productis,
869 5071 991 5121 tum
1021 5065 1078 5119 in
1107 5065 1257 5120 serie
1283 5065 1691 5135 chronologica
1722 5064 1949 5134 pontiﬁ-

286 5150 421 5192 cum
446 5136 848 5195 Romanorum.
885 5137 1036 5191 inter
1074 5136 1498 5207 Prolegomena,
1534 5143 1653 5191 tum
1694 5138 1750 5191 in
1795 5139 1949 5191 notis

286 5208 718 5279 chronologicis
744 5210 813 5264 ad
845 5208 1149 5278 Hyginum,
1182 5208 1345 5265 Pium
1401 5215 1462 5279 et
1480 5210 1803 5279 Anicetum.
1831 5209 1950 5263 Ho-

289 5292 418 5333 rum
472 5275 694 5335 summa
746 5287 852 5335 est.
894 5275 1176 5334 Consules
1203 5292 1342 5333 anni
1397 5275 1518 5344 474,
1553 5282 1792 5335 Severus
1825 5281 1867 5333 ιι
1896 5284 1952 5333 et

286 5351 707 5422 lierennianus,
732 5350 1002 5405 attributi
1023 5349 1385 5422 abomnibus
1404 5352 1684 5422 catalogis
1705 5358 1761 5405 et
1781 5350 1954 5405 codi-

285 5420 460 5476 cibus
478 5423 719 5492 integris
740 5422 912 5477 initio
932 5421 1222 5476 Eleutheri
1242 5420 1618 5488 successoris,
1642 5422 1954 5476 ostendunt

289 5492 559 5561 paschale
586 5491 810 5562 tempus
840 5494 991 5548 circa
1028 5491 1197 5547 tinem
1227 5492 1468 5560 Aprilis,
1503 5492 1574 5545 ab
1604 5492 1953 5547 Ascensione

290 5563 523 5618 Domini
566 5561 819 5633 ejusdem
867 5567 1026 5619 anni.
1059 5576 1193 5633 esse
1226 5563 1313 5616 illi
1349 5561 1741 5633 tribuendum.
1775 5563 1954 5617 Soteri

286 5641 503 5703 autem,
542 5631 877 5706 martyrium
909 5632 1207 5706 adeptor‘zz
1237 5631 1471 5700 .tprilis.
1528 5633 1795 5706 consules
1815 5635 1953 5689 anni

289 5707 634 5774 superioris,
666 5704 967 5777 Cethegus
1000 5712 1057 5760 et
1103 5704 1323 5777 Clarus,
1360 5710 1510 5777 recte
1555 5705 1953 5775 assignantur,

290 5786 564 5846 tanquam
601 5774 894 5848 postremi.
946 5775 1265 5848 Concordia
1295 5774 1558 5830 codicum
1603 5781 1661 5848 et
1690 5774 1956 5845 pictura;

295 5862 422 5905 rum
434 5849 489 5904 S.
509 5847 669 5906 Petili
696 5851 752 5907 in
770 5847 1147 5905 numerandis
1178 5848 1350 5901 annis
1369 5860 1429 5902 tx
1447 5847 1956 5904 mensibusmdie-

2040 3424 2136 3479 die
2169 3424 2430 3494 martyrii
2462 3415 2707 3490 Aniceti,
2740 3436 2908 3493 quam
2940 3422 3357 3494 constituimus
3378 3433 3527 3494 anno
3562 3415 3684 3494 464.

2040 3496 2137 3551 die
2178 3492 2241 3549 47
2271 3490 2510 3565 Aprilis.
2545 3496 2612 3549 ad
2642 3490 2809 3550 ﬁnem
2837 3495 3092 3563 ejusdem
3113 3492 3275 3561 anni,
3303 3490 3532 3546 duobus
3562 3491 3688 3544 Au—

2043 3567 2231 3638 gustis
2260 3567 2618 3622 consulibus.

2115 3637 2316 3693 Dilataa
2332 3638 2573 3714 election
2585 3639 2634 3692 is
2650 3651 2879 3714 causam
2898 3635 3184 3714 suspicari
3204 3633 3373 3714 facile
3387 3644 3693 3714 possumus

2045 3723 2114 3764 ex
2143 3716 2307 3783 antea
2337 3709 2589 3764 narratis
2613 3710 2681 3763 ad
2715 3711 2874 3783 l’ium
2903 3717 2958 3783 et
2982 3702 3284 3783 Anicetum
3321 3702 3558 3783 inpetis
3595 3702 3694 3783 ιιι-τ

2047 3781 2301 3839 storicis,
2333 3793 2550 3836 necnon
2581 3793 2651 3835 ex
2689 3781 3116 3852 chronologicis
3136 3780 3204 3852 ad
3232 3777 3539 3847 Hyginum,
3592 3771 3693 3827 ubi

2049 3852 2518 3928 hatc‘retulimus.
2564 3854 2813 3928 Marcion
2848 3850 3244 3928 haeresiarcha,
3296 3853 3526 3928 vacante
3550 3858 3695 3928 apo-A-

2049 3922 2256 3978 stolica
2287 3923 2417 3979 sede
2452 3930 2579 3991 post
2607 3923 2828 3978 obitum
2862 3923 3069 3993 Hygini
3099 3924 3328 3993 Romam
3351 3920 3607 3993 veniens,
3639 3920 3697 3968 et

2051 3995 2427 4069 spedejectus
2453 3987 2578 4048 'tum
2611 3987 3040 4069 communionis
3056 3991 3433 4069 obtinendam
3456 3987 3698 4069 presby—

2054 4063 2200 4121 terio
2223 4066 2492 4133 Romano,
2525 4078 2623 4134 per
2640 4066 2789 4135 quod
2823 4064 3089 4135 repulsus
3116 4063 3322 4138 fuerat,
3353 4066 3473 4138 tum
3498 4063 3697 4138 prima}

2053 4138 2209 4193 sedis
2250 4138 2639 4205 assequendae,
2677 4137 2772 4192 cui
2805 4134 3145 4200 inhiaverat,
3178 4135 3364 4188 minas
3396 4134 3701 4186 intentavit

2054 4209 2251 4263 αξιοι-ιιι
2286 4209 2621 4263 schismatis
2644 4220 2675 4262 a
2702 4224 2761 4262 se
2788 4207 3097 4263 inferendi.
3118 4207 3275 4260 Licet
3296 4218 3428 4259 vero
3450 4219 3535 4272 po:
3553 4210 3573 4255 t
3592 4215 3699 4254 va-

2056 4280 2308 4335 cationis
2349 4280 2599 4349 spatium
2654 4282 2942 4335 trimestre
2979 4281 3093 4348 jam
3153 4282 3409 4332 cerneret
3455 4274 3695 4328 electum

2058 4353 2218 4406 Pium
2249 4352 2449 4421 Hygini
2474 4365 2883 4415 successorem,
2916 4350 3172 4406 audaciae
3192 4357 3376 4403 tamen
3396 4360 3511 4401 sure
3533 4351 3701 4397 tena-

2056 4424 2181 4477 cior
2214 4422 2426 4478 multos
2451 4438 2481 4476 a
2526 4422 2633 4478 tide
2663 4423 2947 4477 catholica
2978 4436 3145 4477 suum
3202 4422 3261 4474 in
3288 4429 3535 4472 errorem
3565 4427 3702 4482 per-

2060 4494 2274 4561 traxit;
2306 4503 2423 4549 tum
2457 4494 2514 4547 in
2547 4496 2782 4549 Pontum
2805 4495 3032 4548 rediens
3048 4492 3241 4546 omnia
3263 4488 3548 4561 susdeque
3570 4497 3699 4537 ver-

2059 4566 2153 4627 tit,
2173 4556 2353 4634 neque
2374 4566 2588 4619 interea
2605 4566 2833 4619 destitit
2854 4579 2991 4619 suos
3014 4565 3071 4617 in
3088 4561 3242 4634 ‘Urbe
3261 4556 3510 4613 asseclas
3528 4562 3700 4634 atque

2058 4632 2391 4691 emissa—rius
2430 4634 2678 4689 subinde
2708 4636 2950 4690 incitare
2986 4648 3053 4689 ac
3080 4632 3300 4687 fovere:
3333 4639 3578 4697 quorum
3608 4632 3701 4697 ta;-

1975 4719 2030 4779 D
2062 4721 2185 4762 men
2219 4706 2501 4775 plurimos
2525 4706 2580 4779 8ἲ
2618 4706 2961 4779 Polycarpus
2989 4705 3062 4779 in_
3089 4702 3287 4757 Urbem
3322 4692 3568 4779 veniens
3594 4692 3701 4779 sub

2056 4772 2295 4833 Anicéto
2325 4777 2614 4832 revocavit
2633 4772 2931 4844 ad'tidem,
2965 4775 3109 4830 utin
3141 4772 3444 4844 superiori,
3465 4778 3702 4825 numero

2060 4848 2364 4924 memoravi
2409 4862 2479 4924 ex
2506 4847 2741 4924 Eusebii
2782 4842 3126 4924 Histeriaet
3158 4858 3225 4899 ex
3279 4842 3541 4924 Patribus
3566 4846 3703 4924 tunc

2058 4922 2247 4992 Romae
2277 4918 2774 4992 versatis.erum
2807 4932 2918 4974 non
2965 4922 3053 4972 est
3081 4918 3155 4992 si,
3204 4920 3330 4992 post
3358 4914 3699 4992 discessum

2060 4990 2353 5060 Polycarpi
2406 4990 2478 5044 ab
2510 4990 2655 5045 Urbe
2708 4990 2953 5064 abeunte
2990 5003 3020 5043 e
3067 4989 3188 5064 vita
3216 4986 3705 5064 Anicetoanimos

2063 5048 2269 5117 iter'um
2299 5048 2617 5133 resumpsit
2642 5061 2894 5115 Marcion
2935 5059 3133 5133 aeterni
3163 5055 3516 5133 schismatis,
3550 5048 3699 5133 quod

2058 5140 2191 5188 ante
2220 5133 2473 5187 minatus
2494 5127 2698 5201 fuerat,
2727 5146 2824 5200 pro
2847 5131 3072 5185 viribus
3098 5127 3415 5201 excitandi,
3455 5127 3705 5201 litame-

2063 5205 2246 5259 nistas
2270 5206 2421 5277 enim
2456 5213 2510 5259 et
2544 5196 2976 5277 i’aleutinianos
3002 5202 3073 5255 ab
3104 5201 3297 5255 eadem
3339 5196 3535 5277 schola
3566 5205 3704 5275 pro-

2062 5276 2239 5349 fectos
2263 5276 2365 5330 diu
2397 5272 2755 5349 superfuisse
2775 5275 2926 5349 satis
2951 5286 3237 5349 superque
3274 5269 3527 5349 ostendit
3553 5269 3707 5349 sc‘rij

2065 5348 2205 5402 beus
2238 5335 2501 5419 sequenti
2536 5346 2744 5419 siticulo
2774 5335 3170 5419 'l‘ertullianus
3195 5361 3209 5410 ;
3237 5342 3336 5419 qui
3364 5339 3538 5419 initio
3568 5335 3704 5419 libri

2063 5413 2337 5474 adversus
2372 5417 2801 5471 Valentinianus
2844 5417 2992 5472 dicit
3017 5414 3521 5484 frequentissimum
3566 5413 3710 5461 inter

2063 5491 2340 5544 ha’rett‘cos
2370 5489 2589 5540 illorum
2632 5489 2935 5555 collegium,
2982 5490 3113 5556 quia
3139 5487 3555 5560 plurimum__e:c
3579 5495 3710 5560 apo-

2063 5564 2223 5614 sla/is
2242 5562 2511 5631 veritatis.
2544 5551 2973 5631 Occurrendum
2990 5551 3333 5631 itaqueer‘at
3356 5551 3603 5631 artibus,
3631 5551 3714 5631 in-

2064 5633 2238 5687 sidiis
2260 5645 2326 5685 ac
2352 5630 2641 5685 violentia:
2664 5637 2773 5684 tam
2809 5628 3027 5684 efferati
3064 5628 3337 5703 hominis,
3366 5628 3463 5703 qui
3481 5627 3712 5703 ingenio

2058 5710 2270 5773 pom-at
2299 5707 2349 5755 et
2368 5703 2597 5771 eloquio,
2635 5709 2833 5772 totque
2848 5702 2974 5769 ejus
2999 5700 3340 5773 gregalium,
3371 5695 3519 5751 nihil
3548 5695 3710 5773 pensi

2067 5770 2399 5829 habentium
2434 5774 2685 5829 humana
2717 5770 2911 5828 otnnia
2936 5786 3002 5827 ac
3022 5770 3225 5843 divina
3253 5770 3511 5843 miseere,
3535 5772 3595 5817 ut
3616 5778 3708 5843 se:

2064 5847 2177 5902 lcnt
2204 5846 2377 5903 animi
2422 5845 2593 5918 (quod
2619 5844 3016 5901 Tertullianus
3037 5843 3109 5899 de
3137 5841 3436 5899 Valentino
3472 5831 3711 5898 monuit)
