4070 6178
291 313 431 372 4245

1202 314 1520 372 HISTORIA
1560 312 1651 372 DE
1689 312 1862 370 VITIS
1899 312 2068 370 ROM.
2111 314 2303 370 PONT.
2349 345 2416 354 —
2454 316 2509 370 S.
2549 315 2785 371 SOTER.

3560 314 3699 373 4246

297 435 669 508 martyrium,
706 440 821 508 tum
858 436 1181 505 persecutio
1203 450 1300 506 per
1332 436 1432 492 illa
1471 437 1665 507 priora
1695 440 1949 508 tempora
1975 433 2035 493 A
2064 434 2309 503 Aniceti,
2368 436 2699 507 Soterisque
2754 442 3026 506 tempora,
3065 450 3395 508 eorumque,
3439 443 3496 492 et
3548 437 3703 493 alio-

294 507 661 576 principatus
688 508 758 560 M.
791 506 1036 573 Aurelii,
1062 508 1321 577 quamvis
1356 508 1454 563 ille
1476 506 1667 577 patris
1696 506 1951 575 exempla

290 586 526 634 secutus
555 578 876 633 rectoribus
909 580 1330 647 provinciarum
1361 580 1711 649 scripsisset,
1741 599 1767 629 a
1794 578 1956 632 Chri-

291 650 512 706 stianos
543 650 805 705 homines
833 651 991 706 nulla
1020 650 1281 705 molestia
1307 648 1636 707 afﬁciendos
1656 663 1799 714 esse,
1835 648 1951 703 nisi

291 719 438 776 forte
462 728 659 776 contra
687 727 899 777 statum
932 723 1161 790 imperii
1201 722 1425 792 aliquid
1464 724 1655 778 moliri
1681 722 1952 776 videren-

194 813 199 817 ·
291 799 406 847 tur.
446 811 471 841 n
536 792 775 861 Vigebat
803 792 954 848 enim
1001 794 1256 848 mitioris
1313 795 1487 850 istius
1541 793 1805 863 rescripti
1860 792 1950 847 lex

291 864 463 919 etiam
490 870 654 919 :etate
678 864 995 929 Commodi,
1028 866 1113 919 uti
1148 872 1345 920 narart
1375 865 1660 922 Eusebius
1690 884 1702 919 :
1738 864 1837 935 qui
1873 869 1950 918 ta-

294 949 421 990 men
455 936 728 1001 ostendit,
755 937 1142 1005 exceptionem
1177 935 1359 992 fuisse
1412 944 1664 1006 paratam
1713 937 1780 991 ad
1815 934 1949 990 elu-

290 1007 541 1079 dendum
581 1007 757 1062 istius
784 1008 1048 1077 rescripti
1084 1008 1286 1064 mitius
1332 1009 1626 1079 ingenium
1679 1008 1853 1063 etiam
1888 1009 1943 1079 in

289 1078 440 1133 Urbe
470 1079 750 1142 media,et
780 1079 850 1133 ab
883 1080 1009 1148 ipso
1041 1085 1241 1135 senatu
1273 1100 1289 1134 :
1322 1077 1450 1135 cum
1487 1087 1677 1148 patres
1701 1077 1950 1135 conscri-

293 1150 376 1219 pti
413 1150 556 1204 nihil
593 1150 795 1204 morati
825 1151 1078 1205 edictum
1103 1151 1378 1206 Antonini
1407 1151 1598 1206 adhuc
1620 1152 1838 1222 vigens,
1863 1154 1947 1222 ut;

295 1227 427 1289 pote
458 1234 567 1275 non
603 1227 946 1291 revocatum,
990 1229 1239 1276 attamen
1285 1223 1612 1292 judicarent
1661 1220 1729 1277 ex
1771 1220 1944 1275 veteri

292 1293 437 1361 lege,
464 1292 824 1347 Christianos
846 1293 1018 1347 semel
1051 1292 1290 1358 delatos,
1316 1295 1431 1349 nisi
1461 1308 1491 1348 a
1522 1293 1816 1364 proposito
1843 1304 1948 1347 suo

292 1364 644 1421 recederent.
679 1377 1039 1433 nequaquam
1070 1377 1193 1419 esse
1223 1365 1602 1421 absolvendos
1628 1379 1691 1418 ac
1739 1364 1947 1418 dimit—

293 1436 520 1516 tendos.
538 1436 739 1516 Quare
767 1436 977 1504 privati
1010 1436 1290 1516 cujusque
1323 1437 1576 1492 hominis
1600 1435 1855 1516 invidiae,
1873 1439 1952 1515 _et

290 1506 428 1561 odio
460 1507 682 1575 patebat
713 1520 908 1561 eorum
950 1509 1264 1577 accusatio,
1298 1515 1353 1562 et
1396 1522 1571 1577 paenae
1621 1506 1946 1569 intentatio,

297 1577 392 1632 ubi
428 1578 600 1649 semel
646 1576 896 1632 fuissent
950 1578 1007 1633 in
1036 1580 1131 1647 jus
1164 1576 1345 1634 voeati
1380 1576 1407 1635 ί
1446 1581 1595 1649 quod
1632 1577 1951 1633 loculenter

290 1648 622 1717 comprobat
670 1649 888 1704 illustri
952 1650 1209 1718 exemplo
1246 1648 1559 1721 Apollonii,
1607 1664 1674 1704 ex
1717 1655 1950 1704 senatus

291 1722 577 1775 sententia
597 1722 782 1790 capite
807 1721 954 1791 plexi
974 1736 1075 1790 pro
1102 1722 1231 1776 ﬁdei
1250 1723 1594 1778 Christiana:
1607 1721 1943 1788 assertione,

2062 521 2187 561 rum
2208 509 2445 563 secundi
2472 509 2663 563 saeculi
2696 508 3028 578 pontiﬁcum
3062 509 3332 579 martyria
3358 516 3415 563 et
3437 521 3698 565 coronas.

2066 648 2077 660 .
2134 580 2408 660 Poterunt
2458 583 2628 660 etiam
2662 581 2812 660 inde
2858 580 3055 660 colligi
3090 585 3145 634 et
3190 580 3522 660 conﬁrmari
3554 593 3700 635 con-

2056 650 2293 732 jectura:
2324 665 2439 732 non
2470 650 2857 732 improbanda:
2911 653 3064 707 circa
3108 652 3264 706 sedis
3307 652 3701 732 Romanteva-T

2060 722 2341 777 cationem
2374 724 2441 778 ad
2474 723 2702 793 aliquot
2727 729 3299 793 mensesprotractam
3325 729 3450 792 post
3476 721 3698 777 Aniceti

2063 794 2399 871 martyrium
2431 792 2802 871 eodemanno
2832 792 3101 864 464,’quo
3141 795 3369 849 Marcus
3391 793 3703 871 _cum.fra_-

2061 870 2146 918 tre
2181 866 2318 921 Vero
2348 875 2595 935 caeperat
2622 868 2931 935 imperare;
2984 880 3112 920 cum
3148 872 3351 935 praeter
3389 864 3701 935 Marcionis

2056 936 2324 1004 asseclas,
2358 934 2668 993 inducendi
2697 934 3029 992 schismatis
3058 937 3372 1002 studiosos,
3404 936 3553 1006 quod
3603 934 3702 989 ille

2056 1014 2328 1062 :eternum
2363 1008 2546 1064 fuerat
2575 1010 2958 1065 comminatus
3008 1009 3143 1064 huic
3193 1014 3403 1063 sanctae
3433 1006 3701 1061 Ecclesiae

2058 1079 2489 1160 perseillatum
2511 1081 2610 1160 iri,
2626 1080 3454 1160 retardarentdesignationem
3481 1090 3704 1160 succes-

2057 1150 2209 1205 soris
2239 1151 2569 1206 turbulenta
2597 1152 2697 1207 illa
2716 1152 2906 1208 studia
2931 1148 3314 1219 ethnicorum,
3330 1155 3457 1219 post
3476 1148 3696 1204 obitum

2057 1222 2334 1276 Antonini
2366 1223 2454 1277 Pii
2481 1224 2550 1278 ad
2582 1224 2898 1279 delationes
2917 1223 3374 1278 Christianorum
3400 1234 3459 1275 se
3480 1232 3701 1288 compa-

2061 1294 2333 1347 rantium.
2370 1295 2469 1348 His
2511 1294 2659 1349 enim
2687 1294 2995 1350 obnoxium
3049 1308 3161 1363 prae
3190 1293 3414 1347 caeteris
3437 1290 3697 1363 futurum

2060 1371 2298 1418 noverat
2365 1366 2655 1420 Romanus
2715 1366 2907 1421 clerus
2971 1361 3370 1435 quemcunque
3418 1361 3699 1435 expedite

2059 1435 2347 1505 elegisset,
2365 1437 2613 1492 fervente
2628 1436 2818 1492 adhuc
2843 1434 3017 1492 uestro
3045 1448 3318 1491 novorum
3340 1434 3695 1505 delatorum;

2062 1504 2233 1576 paulo
2278 1513 2465 1569 autem
2522 1509 2788 1563 securius
2844 1508 3193 1563 occuitatum
3245 1506 3318 1560 iri
3365 1504 3436 1559 ab
3482 1505 3697 1559 ostium

2059 1578 2323 1645 audacia,
2356 1579 2493 1633 etab
2520 1579 2758 1634 insidiis
2781 1585 3027 1635 tutatum
3055 1579 3125 1633 iri
3162 1576 3509 1647 pontiﬁcem,
3530 1588 3697 1647 quem

2059 1648 2397 1731 conlocasset
2414 1651 2477 1731 in
2505 1652 2656 1719 sede,
2682 1651 2876 1731 sedato
2905 1646 3197 1731 paulisper
3218 1650 3433 1731 impetu
3455 1646 3700 1731 conqui-

2062 1721 2309 1776 rentium
2361 1722 2431 1777 ad
2488 1735 2679 1777 necem
2748 1719 3130 1777 EccleSiarum
3174 1720 3448 1790 pru'sules
3503 1723 3558 1773 et
3586 1719 3696 1772 do-

288 1791 429 1871 dum
454 1792 644 1848 adhuc
674 1793 890 1864 vigeret
931 1792 1018 1848 lex
1052 1808 1178 1871 quae
1225 1804 1424 1871 contra
1450 1794 1740 1871 delatores
1770 1791 1946 1871 Chri-_
1977 1810 2029 1871 Β
2057 1800 2264 1871 olores.

289 1864 616 1919 stianorum
680 1873 933 1919 extrema
987 1864 1277 1934 supplicia
1325 1867 1664 1921 decreverat.
1710 1867 1946 1934 Praestat

293 1935 582 2004 integrum
607 1935 842 1991 Eusebii
866 1932 1080 1991 textum
1106 1932 1201 1991 hic
1223 1937 1458 1992 reddere
1491 1936 1592 1991 lib.
1620 1952 1674 2001 v,
1698 1949 1817 2004 cap.
1854 1932 1945 2000 24,

291 2013 591 2075 exceptum
619 2021 687 2062 ex
719 2006 880 2063 Actis
926 2014 1239 2077 martyrum
1265 2021 1296 2062 a
1350 2022 1409 2064 se
1438 2008 1687 2063 collatis.
1718 2029 1742 2057 α
1777 2010 1950 2060 Com-—

294 2077 484 2159 modo,
537 2079 748 2159 inquit,
800 2080 1478 2159 imperium___I_ioman_um
1516 2079 1949 2159 obt.inente,_res

295 2150 530 2218 quidem
565 2156 771 2205 nostrze
804 2150 862 2205 in
896 2150 1295 2220 tranquilliori
1342 2156 1496 2206 statu
1550 2149 1947 2216 versabantur,

298 2234 437 2289 pace
480 2235 579 2290 per
630 2222 732 2276 Dei
774 2223 1017 2292 gratiam
1064 2229 1302 2277 cunctas
1334 2229 1614 2278 terrarum
1666 2220 1952 2276 Ecclesias

297 2293 613 2361 complexa.
659 2294 846 2363 Atque
914 2294 1142 2348 interim
1199 2294 1473 2349 salutaris
1512 2295 1612 2349 Dei
1657 2305 1843 2348 sermo
1882 2303 1948 2346 ex

295 2365 455 2418 omni
490 2378 692 2435 genere
721 2364 1018 2420 hominum
1044 2365 1501 2436 quamplurimos
1521 2365 1589 2419 ad
1611 2364 1948 2436 religiosum

294 2434 509 2490 summi
544 2438 805 2492 numinis
826 2434 1482 2505 cultum'pertrahebat:
1520 2437 1659 2492 adeo
1692 2441 1753 2490 ut
1781 2434 1949 2489 multi

293 2520 365 2561 ex
398 2506 601 2577 iis,qui
631 2508 688 2562 in
724 2507 865 2563 urbe
904 2509 1080 2562 Roma
1106 2522 1310 2577 genere
1351 2514 1522 2577 atque
1548 2507 1758 2577 opibus
1800 2506 1952 2561 emi-

294 2578 526 2639 nebant,
557 2579 731 2634 simul
763 2593 890 2634 cum
926 2580 1193 2634 universa
1220 2579 1407 2647 domo,
1438 2594 1502 2634 ac
1531 2578 1750 2633 familia
1784 2577 1950 2633 salu—

295 2656 407 2704 tem
443 2650 806 2706 consecuturi
834 2656 1221 2705 accurrerent.
1271 2650 1477 2705 Verum
1530 2649 1948 2706 infestissimus

294 2721 464 2804 bonis
484 2721 753 2804 omnibus
782 2723 1023 2804 daemon,
1055 2727 1122 2804 et
1155 2722 1636 2804 suopteingenio
1690 2720 1943 2804 invidus,

296 2792 451 2848 istud
487 2791 631 2848 ferre
663 2806 773 2848 non
808 2794 1021 2864 potuit.
1055 2791 1279 2850 Rursus
1308 2791 1491 2865 igitur
1519 2794 1709 2848 varias
1737 2792 1947 2865 adver—

296 2877 402 2919 sus
450 2878 553 2919 nos
596 2865 894 2920 machinas
945 2872 1300 2921 commentus
1346 2864 1629 2920 armatur.
1687 2864 1945 2933 Denique

294 2937 486 3018 tioium
506 2936 1253 3018 Apolloniumquemdame
1276 2949 1513 3018 nurnero
1539 2935 1817 3018 ﬁdelium,
1841 2934 1943 3018 qui

299 3008 358 3061 in
392 3007 836 3065 humanioribus
867 3008 1100 3076 litteris,
1123 3013 1177 3063 et
1204 3009 1263 3062 in
1296 3007 1661 3077 philosophia
1692 3008 1944 3062 eximius

295 3077 632 3147 habebatur,
666 3080 723 3134 in
747 3080 1038 3149 judicium
1071 3079 1336 3139 adduxit,
1370 3080 1648 3135 suscitato
1681 3081 1732 3133 ei
1764 3091 1943 3133 accu—

2130 1863 2289 1919 Nihil
2349 1865 2531 1935 igitur
2576 1864 2817 1934 impedit
2847 1877 2961 1933 quo
3015 1863 3208 1918 minus
3244 1874 3554 1933 sequamur
3578 1858 3699 1935 du-

2058 1940 2212 1990 ctum
2263 1930 2753 2006 cata‘logorum'et
2799 1930 3046 1991 aliorum
3090 1930 3374 2002 codicum,
3408 1946 3473 1987 ac
3503 1930 3696 2006 moni—

2061 2013 2378 2061 mentorum
2405 2004 2532 2078 quae
2558 2021 2730 2076 supra
2765 2006 3223 2072 memoravimus,
3247 2006 3315 2060 ad
3347 2004 3697 2078 constituen-

2057 2081 2184 2133 dam
2200 2068 2533 2134 electionem
2560 2068 2777 2133 Soteris
2796 2079 3093 2132 Dominica
3121 2068 3401 2147 postrema
3414 2068 3694 2147 anni464,

2058 2150 2297 2217 ejusque
2326 2151 2554 2218 epochen
2575 2149 2923 2219 pontiﬁcalis
2954 2144 3186 2219 initium
3212 2146 3436 2203 desumi
3468 2144 3700 2219 colliga-

2061 2214 2187 2276 mus
2204 2214 2285 2275 ex
2310 2214 2858 2276 Kalendislanuarii
2880 2222 3016 2275 anni
3039 2217 3159 2287 462,
3176 2221 3415 2274 Rustico
3443 2224 3499 2271 et
3524 2214 3698 2285 Aqui-

2064 2293 2183 2348 lino
2214 2292 2575 2359 consulibus,
2619 2293 2829 2347 ibidem
2866 2292 3163 2361 perspicue
3190 2287 3699 2361 signatisgdonec

2060 2365 2346 2422 absolutis
2411 2354 2582 2419 annis
2625 2363 2677 2430 9,
2732 2354 3028 2418 mensibus
3084 2361 3136 2428 3,
3186 2354 3395 2416 diebus
3452 2354 3544 2421 2i,
3602 2356 3697 2411 sui

2063 2437 2452 2507 pontiﬁcatus,
2477 2436 2745 2491 concordi
2779 2435 3108 2490 testimonio
3137 2440 3391 2507 veterum
3432 2431 3701 2507 pictura-

2062 2500 2209 2573 rum,
2256 2507 2668 2575 catalogorum,
2723 2513 2781 2561 et
2828 2507 3089 2562 codicum
3134 2505 3317 2559 eidem
3371 2500 3694 2575 attributis,

2060 2572 2396 2651 martyrium
2420 2572 2672 2648 parietur
2689 2580 2853 2646 juxta
2897 2577 3326 2651 ecclesiasticas
3359 2572 3586 2651 tabulas
3608 2584 3701 2640 pa-

2058 2644 2862 2706 riter'consentientes—anno
2909 2646 3030 2718 474,
3063 2647 3159 2703 die
3205 2644 3272 2703 42
3300 2645 3542 2716 Aprilis,
3586 2653 3699 2712 qua

2054 2723 2286 2779 colitur.

2477 2824 2533 2866 Ε]
2542 2823 2718 2866 ΗΞΒΕΜ
2751 2823 2903 2866 ΝΟΤΑΕ
2934 2821 3236 2865 HISTORIC/E
3246 2848 3260 2861 .

2125 2938 2295 2993 Linea
2337 2933 2393 2990 2.
2442 2965 2514 2976 —
2560 2936 2688 2989 Fuit
2736 2935 3063 3005 temporibus
3106 2932 3292 2987 Severi
3315 2947 3355 3005 gr
3409 2928 3698 3005 consulatu

2052 3012 2261 3065 Rustici
2279 3013 2328 3061 ct
2353 3007 2613 3075 Aquilini
2637 3022 2810 3074 usque
2825 2999 2899 3059 (id
2916 3006 3199 3071 Cethegum
3221 3007 3271 3056 et
3296 3002 3534 3055 Clarum.
3553 2999 3697 3054 Con-

2053 3082 2282 3136 sulatus
2309 3084 2549 3147 uterque
2580 3085 2730 3132 recte
2758 3078 3132 3146 consignatus
3147 3075 3504 3147 demonstrat
3533 3083 3658 3147 erro
3685 3098 3701 3108 -

292 3156 485 3221 satore
517 3144 1022 3221 homine'quodam
1054 3150 1469 3220 perditissimo,
1499 3151 1599 3221 qui
1647 3151 1713 3205 ad
1749 3149 1945 3218 hujus-
1975 3154 2022 3214 Ο
2058 3165 2172 3207 rem
2220 3144 2470 3204 librarii
2496 3149 2553 3202 in
2604 3144 3010 3221 substituendo
3078 3146 3309 3221 nomine
3362 3144 3548 3198 Severi
3596 3153 3696 3209 pro

297 3220 449 3276 modi
510 3222 730 3292 ﬁagitia
776 3220 1020 3278 idoneus
1049 3223 1340 3292 imprimis
1371 3220 1637 3276 minister
1665 3221 1946 3276 daemonis

295 3292 617 3374 videbatur.
648 3294 749 3374 Sed
778 3295 953 3374 miser
973 3294 1391 3374 intempestive
1408 3299 1686 3374 suscepta
1717 3305 1946 3374 accusa-

294 3364 474 3444 tione,
497 3378 625 3444 cum
652 3365 1022 3444 imperatoris
1052 3366 1239 3444 edicto
1270 3364 1539 3444 capitalis
1571 3377 1733 3433 ptena
1761 3363 1824 3444 in
1847 3376 1948 3444 eos

339 3434 401 3489 ui
460 3435 599 3490 talia
648 3432 994 3491 detulissent
1037 3442 1184 3492 esset
1245 3432 1583 3501 constituta,
1646 3432 1947 3490 confestim

323 3507 500 3589 ractis
525 3507 805 3589 cruribus
827 3509 1136 3589 occiditur,
1161 3508 1410 3589 Perenne
1438 3505 1721 3589 ejusmodi
1750 3506 1948 3561 adver-

294 3592 402 3633 sus
457 3580 646 3647 ipsum
689 3580 1031 3634 sententiam
1082 3580 1511 3649 pronuntiante.
1560 3580 1774 3647 Martyr
1820 3590 1951 3649 vero

296 3650 411 3703 Deo
434 3650 893 3719 acceptissimus,
926 3665 1053 3705 cum
1080 3651 1255 3719 judex
1290 3650 1493 3705 multis
1521 3662 1648 3703 eum
1682 3648 1951 3717 precibus

294 3720 678 3802 obsecrasset,
722 3723 1082 3802 _petissetq_u_e
1110 3721 1181 3802 ab
1228 3721 1348 3802 illo,
1402 3723 1487 3802 uti
1521 3732 1710 3802 coram
1746 3724 1949 3801 senatu

297 3791 576 3847 rationem
608 3792 737 3848 ﬁdei
762 3808 880 3849 suae
924 3794 1201 3859 redderet,
1231 3791 1661 3863 elegantissima
1688 3791 1951 3846 oratione

300 3876 405 3933 pro
447 3863 782 3919 defensione
815 3865 946 3920 ﬁdei
990 3879 1109 3919 suae
1140 3862 1341 3920 coram’
1382 3862 1652 3918 omnibus
1687 3874 1951 3930 pronun—

295 3936 461 4001 tiata,
519 3936 756 4004 capitali
810 3936 1101 4006 supplicio
1149 3950 1181 3990 a
1227 3941 1426 3990 senatu
1488 3934 1945 4006 damnatusﬂest.

293 4006 523 4088 Quippe
548 4008 723 4088 veteri
756 4004 906 4088 apud
927 4004 1033 4088 eos
1063 4008 1183 4078 lege
1209 4006 1495 4088 sancitum
1522 4010 1668 4088 erat,
1690 4010 1754 4087 ut
1779 4004 1954 4058 Chri—

296 4078 503 4159 stiani,
547 4080 645 4148 qui
672 4076 852 4159 semel
884 4079 1059 4159 injus
1091 4076 1278 4134 vocati
1313 4076 1559 4159 fuerant,
1591 4077 1705 4159 nisi
1756 4089 1786 4130 a
1816 4088 1953 4145 pro—

298 4149 491 4217 posito
518 4164 624 4204 suo
653 4150 1039 4214 discederent,
1092 4161 1452 4219 nequaquam
1498 4149 1948 4203 dimitterentur.

302 4222 477 4274 Porro
503 4227 709 4276 cuncta
741 4222 812 4275 ab
849 4221 952 4278 illo
986 4222 1042 4276 in
1066 4221 1294 4291 judicio
1315 4221 1569 4288 dicta,et
1597 4230 1956 4291 quacunque

301 4292 543 4347 Perenni
586 4294 966 4365 interroganti
998 4290 1317 4365 respondit,
1339 4300 1395 4347 et
1413 4292 1740 4365 orationem
1772 4290 1952 4365 illam,

298 4376 471 4444 quam
507 4378 609 4444 pro
640 4363 772 4420 ﬁdei
804 4360 1015 4444 nostra;
1036 4360 1368 4444 defensione
1409 4363 1464 4417 in
1495 4368 1695 4418 senatu
1729 4360 1952 4444 habuit,

297 4437 579 4504 quisquis
601 4450 769 4492 nosse
799 4437 1068 4504 voluerit,
1101 4450 1169 4491 ex
1204 4437 1576 4505 antiquorum
1641 4439 1953 4502 martyrum

301 4507 698 4577 passionibus,
748 4522 781 4563 a
830 4507 997 4563 nobis
1040 4507 1301 4564 collectis
1333 4509 1545 4576 poterit
1582 4505 1891 4574 percipere.
1927 4520 1953 4551 ι)

296 4578 584 4634 Hactenus
607 4580 915 4637 Eusebius.

368 4654 501 4707 Haec
549 4653 720 4724 paulo
756 4652 948 4708 fusius
981 4651 1319 4724 exponenda
1353 4649 1521 4724 duxi,
1553 4654 1670 4704 tum
1703 4647 1955 4724 chrono-

301 4726 473 4797 lOgiae
502 4720 696 4793 causa,
734 4731 852 4781 tum
885 4720 1165 4779 historiaz.
1222 4722 1413 4797 Video
1432 4720 1585 4797 enim
1612 4733 1729 4797 eos,
1761 4720 1860 4790 qui
1885 4720 1955 4797 de

300 4792 593 4869 paucitate
617 4804 931 4867 martyrum
960 4810 1060 4869 pr_o
1088 4794 1305 4869 ingenii
1326 4792 1417 4848 sui
1449 4792 1820 4869 praejudicata
1836 4792 1955 4861 opi-

300 4862 476 4926 nione
505 4862 886 4939 scripserunt,
920 4862 976 4923 et
1014 4862 1291 4939 Romanis
1322 4862 1844 4939 pontiﬁcib‘us,no_n
1873 4876 1956 4939 se-

294 4958 404 4999 cus
416 4956 483 4997 ac
504 4935 724 4997 caeteris
740 4939 1009 5009 pluribus
1025 4953 1121 5008 per
1140 4937 1465 5009 provincias
1476 4935 1726 5009 eamdem
1756 4935 1954 5005 gloriae

297 5027 573 5071 coronam
607 5007 793 5082 primo
823 5025 889 5067 ac
913 5007 1166 5082 secundo
1196 5008 1404 5064 saaculo
1430 5007 1685 5082 adimere
1711 5012 1846 5061 sunt
1867 5019 1954 5060 co-

299 5087 447 5152 nati,
475 5080 678 5140 contra
730 5084 989 5138 omnium
1036 5081 1424 5137 Ecclesiarum
1468 5080 1832 5152 documenta,
1886 5090 1953 5131 ac

296 5149 669 5221 traditiones,
716 5154 1056 5224 plerumque
1087 5152 1196 5224 niti
1248 5152 1474 5224 legibus
1504 5149 1950 5224 Antoninorum,

299 5230 541 5286 mitiora
560 5227 632 5282 de
657 5219 826 5282 nobis
847 5219 1564 5289 decérnentibusfduriora
1592 5221 1650 5276 in
1668 5219 1955 5275 delatores

300 5307 637 5358 nostrorum
670 5298 930 5353 fratrum.
969 5296 1071 5351 His
1096 5302 1341 5350 attamen
1376 5292 1602 5365 legibus
1632 5306 1742 5365 non
1784 5305 1952 5347 revo—

295 5375 469 5439 catis,
499 5376 738 5426 senatus
756 5370 944 5425 edicta
993 5368 1295 5439 superiora
1320 5364 1762 5439 etproducebat,
1792 5369 1846 5418 et
1871 5376 1951 5418 se-

295 5436 609 5515 quebatur,
642 5440 738 5496 ubi
762 5436 1114 5515 privatorum
1132 5437 1359 5515 artibus
1384 5437 1588 5515 iterum
1608 5436 1952 5515 sisterentur

290 5507 524 5585 judicio
555 5507 815 5568 illustres
832 5514 1003 5567 etiam
1025 5510 1368 5585 Christiani,
1394 5507 1592 5585 quales
1607 5508 1708 5585 ius
1742 5507 1875 5561 inus
1895 5511 1952 5561 et

297 5580 678 5657 Apollonius:
725 5589 781 5639 et
803 5596 1021 5657 poenam
1041 5581 1255 5651 capitis
1282 5580 1353 5635 de
1378 5580 1560 5657 tantis
1585 5580 1730 5657 viris
1759 5591 1946 5632 sume-

298 5649 414 5718 bat,
447 5658 645 5713 eodem
704 5649 965 5724 principe
1012 5649 1125 5708 non
1148 5657 1390 5724 vetante,
1421 5650 1523 5721 qui
1558 5649 1813 5724 mitiora
1849 5662 1948 5717 pro

299 5730 517 5786 nostris
552 5720 741 5783 edicta
768 5720 1114 5797 vulgaverat.
1150 5725 1337 5797 Quare
1370 5720 1490 5797 has
1520 5720 1947 5797 observationes

296 5815 410 5857 non
449 5799 691 5856 inutiles
718 5797 838 5854 fore
856 5793 1110 5867 j'udicavi
1143 5797 1211 5867 ad
1237 5794 1634 5867 liberanda,_et
1660 5793 1951 5867 vindican-

291 5873 370 5929 da
388 5872 463 5928 ab
495 5871 804 5941 injuriosis
832 5865 1269 5938 exceptionibus
1299 5865 1579 5935 ejusmodi
1608 5865 1945 5920 criticorum

2055 3224 2230 3277 Marci
2277 3226 2327 3274 et
2377 3221 2502 3275 Veri
2547 3219 2902 3283 nominibus,
2932 3232 3059 3287 quae
3105 3216 3381 3287 distincte
3428 3224 3696 3287 expressa

2058 3291 2401 3363 legunturin
2414 3291 2670 3363 secundo
2683 3289 2939 3358 catalogo
2952 3285 3497 3363 aetatisdustiniani,
3526 3295 3693 3353 quem

2057 3358 2377 3434 ca‘talogum
2411 3361 2894 3416 Bibliothecarius
2912 3358 3207 3434 exscribit.

2130 3425 2302 3490 Linea
2332 3433 2386 3488 3.
2416 3463 2490 3473 —
2532 3434 2821 3487 Coustituit
2865 3439 2927 3485 ut
2980 3431 3136 3484 nulla
3177 3427 3443 3483 monacha
3489 3425 3702 3496 pallam

2059 3514 2331 3561 sacratam
2362 3506 2714 3571 contingeret,
2764 3519 2860 3557 nec
2900 3505 3182 3557 incensum
3205 3505 3432 3570 poneret
3457 3500 3516 3551 in
3562 3511 3701 3550 san-

2059 3585 2146 3632 cta
2196 3578 2456 3631 Ecclesia.
2518 3576 2900 3630 lndicaveram
2954 3574 3012 3628 in
3048 3573 3201 3628 natis
3243 3571 3312 3626 ad
3358 3573 3701 3639 praeceptum

2060 3648 2519 3719 ApostoliaLino
2548 3646 2971 3719 renovatumde
2990 3643 3251 3719 velandis
3278 3639 3701 3696 mulieribusin

2061 3714 2334 3783 Ecclesia,
2389 3718 2628 3789 primam
2704 3718 2963 3771 haeresim
3007 3714 3309 3789 Simonis,
3365 3719 3701 3767 czeterarum

2061 3787 2449 3861 antesignani,
2472 3788 2725 3843 Selenem
2762 3787 3019 3843 circumd
3033 3787 3255 3861 ucentis
3281 3792 3551 3861 tanquam
3585 3794 3703 3836 sua:

2065 3854 2282 3917 mentis
2344 3854 2644 3927 Ennoiam,
2692 3874 2788 3928 per
2827 3873 2997 3929 quam
3043 3857 3295 3929 angelos,
3345 3854 3700 3929 occasionem

2062 3934 2291 3990 dedisse
2316 3940 2514 3988 contra
2545 3924 2666 3986 eam
2692 3924 3120 4000 'prmmuniendi
3161 3927 3377 4000 ﬁdeles,
3405 3926 3473 3981 ad
3505 3924 3688 4000 decla;

2067 4006 2445 4074 randiaperte
2473 4004 2530 4057 in
2559 3994 2841 4058 conventu
2883 4001 3170 4074 Ecclesize,
3205 3999 3446 4074 feminas
3471 3994 3701 4074 excludi

2070 4068 2350 4146 penitusa
2382 4075 2726 4142 sacerdotio,
2759 4075 2931 4142 idque
2956 4070 3290 4146 srgniﬁcari
3321 4083 3419 4138 per
3450 4068 3703 4146 velamen

2067 4138 2399 4217 impositum
2434 4138 2755 4217 mulierum,
2772 4138 3064 4214 capitibus
3089 4144 3224 4198 dum
3253 4146 3500 4205 orarent,
3533 4138 3708 4217 utin-

2066 4215 2393 4290 teliigerent
2424 4232 2483 4274 se
2512 4216 2780 4290 esse_sub
2800 4216 2912 4271 viri
2947 4220 3221 4290 potestate
3249 4232 3269 4290 ;_
3292 4215 3704 4290 aperto_au_tem

2065 4282 2253 4361 capite
2291 4291 2437 4346 viris
2485 4288 2762 4345 orandum
2791 4301 2913 4361 esse
2944 4282 3008 4343 ut
3058 4287 3274 4361 Christi
3314 4282 3704 4361 sacerdotium

2065 4354 2181 4418 sibi
2237 4371 2583 4417 reservatum
2645 4359 3098 4415 recordarentur.
3151 4356 3461 4423 Addebam,
3505 4354 3710 4408 imitan-

2064 4436 2222 4489 tione
2268 4433 2524 4488 Simonis
2556 4431 2901 4487 Marcionem
2950 4428 3410 4497 haeresiarcham,
3452 4422 3512 4479 et
3541 4422 3696 4497 Gno-

2067 4507 2244 4560 sticos
2278 4505 2453 4560 istius
2481 4502 2667 4559 aetatis
2687 4502 2757 4557 de
2779 4518 2889 4571 qua
2918 4501 3214 4571 loquimur
3237 4499 3369 4571 inde
3384 4496 3705 4571 arripuisse

1987 4559 2037 4619 υ
2064 4578 2150 4647 (ex
2174 4559 2401 4644 Selene,
2422 4572 2759 4647 acSimone)
2785 4559 2849 4628 ut
2894 4559 3188 4647 complura
3219 4567 3405 4647 oﬁicia
3430 4559 3705 4647 sacerdo-

2064 4643 2205 4703 talia
2235 4648 2362 4702 suis
2385 4643 2747 4702 mulierculis
2768 4643 3299 4707 communicarent;
3325 4644 3596 4707 tantaque
3621 4648 3707 4690 ar-

2066 4719 2325 4789 rogantia
2359 4724 2633 4789 usurpata
2658 4714 2936 4789 fuisse_ab
2962 4706 3295 4789 ambitiosis
3316 4706 3517 4789 eorum
3532 4706 3706 4789 femi-

2067 4784 2158 4845 nis
2199 4790 2316 4845 haec
2339 4784 2683 4855 ministeria,
2727 4793 2791 4842 ut
2836 4785 3216 4841 Firmilianus
3258 4784 3407 4855 apud
3441 4786 3703 4836 sanctum

2062 4861 2411 4931 Cyprianum
2439 4858 2760 4928 scripserit,
2822 4863 3107 4924 constare,
3152 4857 3455 4925 quamdam
3495 4863 3705 4976 gre‘ga—

2066 4932 2169 4976 lnm
2222 4932 2413 4976 imnim
2464 4929 2622 4976 factm
2659 4943 2724 4976 en
2753 4929 3010 4976 audacia;
3044 4928 3386 4976 pervenisse.
3439 4932 3500 4976 ui.
3529 4944 3554 4975 α
3610 4935 3705 4976 re-

2065 4928 2172 4987 lem
2222 4932 2413 5001 impia:
2463 4929 2622 4985 facta:
2659 4943 2724 4983 eo
2753 4929 3010 4984 audacias
3044 4928 3403 5001 pertgtnisse,
3439 4932 3500 5001 ut
3529 4944 3554 4975 α
3583 4928 3705 5001 fre-

2064 4992 2685 5073 quenter'sanctiﬁcare
2715 5013 2776 5055 se
2819 4992 3128 5073 panem,'et
3159 4992 3583 5073 Eucharistiam
3613 4992 3704 5049 fa—

2062 5068 2190 5130 cere
2242 5074 2565 5140 simularet,
2599 5080 2655 5127 et
2698 5071 3047 5127 sacriﬁcium
3078 5069 3320 5125 Domino
3352 5068 3477 5122 sine
3506 5079 3705 5140 sacra-

2064 5151 2252 5201 mento
2272 5145 2456 5200 solitae
2505 5136 2856 5214 precationis
2898 5141 3202 5199 offerret».
3247 5140 3464 5211 Vigiles
3502 5136 3705 5214 Eccle—

2064 5219 2164 5273 sia:
2219 5209 2759 5288 pastoresfquibus
2787 5217 2844 5270 in
2890 5215 3042 5288 Petri
3073 5214 3204 5269 sede
3248 5214 3441 5288 ovium
3488 5209 3705 5280 pariter

2061 5297 2116 5345 et
2145 5284 2422 5360 agnorum
2442 5359 2450 5360 ί
2467 5284 3112 5360 est—curaconcredita,
3142 5284 3420 5360 nascenti,
3446 5296 3563 5360 seu
3606 5293 3703 5335 re-

2063 5353 2319 5417 nascenti
2346 5359 2494 5414 malo
2515 5358 2860 5413 Samaritani
2897 5356 3150 5411 Simonis
3196 5355 3255 5408 in
3285 5353 3616 5421 Marcionis,
3648 5359 3704 5407 et

2063 5433 2351 5489 sociorum
2384 5431 2580 5486 schola
2624 5441 2872 5498 praesens
2916 5428 3232 5498 remedium
3283 5429 3697 5498 opposuerunt,

2061 5503 2390 5574 apostolicae
2404 5494 3418 5574 scilicet'disciplinzeprimadecreta
3432 5494 3704 5574 _:_utcleri-

2061 5568 2113 5631 c'i
2138 5577 2193 5629 in
2218 5581 2425 5629 sortem
2448 5570 3086 5627 saccrdotiiChristiani
3105 5583 3135 5623 a
3155 5570 3268 5623 Deo
3286 5568 3466 5622 vocati
3490 5580 3522 5621 a
3547 5573 3703 5623 caete-

2062 5648 2144 5702 ris
2173 5648 2640 5720 discernerentur
2658 5650 2904 5720 externo
2932 5653 3161 5711 quoque
3176 5638 3615 5720 capitissign'o.
3642 5639 3699 5693 Id

2061 5717 2424 5787 praestititAn
2438 5718 2638 5783 icetus,
2658 5716 2807 5769 Petri
2825 5721 3118 5787 tonsuram
3137 5718 3190 5767 et
3205 5711 3605 5787 Pauliclerici‘s
3617 5722 3702 5787 ge

2057 5780 2317 5845 staudam
2371 5788 2576 5843 iterato
2609 5780 2965 5857 praecipiens.
2998 5786 3306 5857 Successor
3332 5788 3521 5838 autem
3552 5780 3700 5834 Ani-

2056 5861 2168 5917 ceti
2193 5861 2356 5917 Soter
2374 5855 2882 5916 curavitrenovari
2901 5857 3053 5928 leges
3076 5855 3446 5913 excludentes
3467 5857 3701 5909 caeteros
