  <div class='ocr_page' id='page_1' title='image "/cluster/home/n/w/nwhite01/storage/ocr_20150623/127/hvd.32044054759881/629.png"; bbox 0 0 4070 6178; ppageno 0'>
   <div class='ocr_carea' id='block_1_1' title="bbox 509 298 645 357">
    <p class='ocr_par' dir='ltr' id='par_1_1' title="bbox 509 298 645 357">
     <span class='ocr_line' id='line_1_1' title="bbox 509 298 645 357; baseline 0.007 -2"><span class='ocrx_word' id='word_1_1' title='bbox 509 298 645 357; x_wconf 68' lang='grc'><strong>4247</strong></span> 
     </span>
    </p>
   </div>
   <div class='ocr_carea' id='block_1_2' title="bbox 1725 302 2668 367">
    <p class='ocr_par' dir='ltr' id='par_1_2' title="bbox 1725 302 2668 367">
     <span class='ocr_line' id='line_1_2' title="bbox 1725 302 2668 367; baseline 0.004 -9"><span class='ocrx_word' id='word_1_2' title='bbox 1725 303 2084 360; x_wconf 73' lang='grc' dir='ltr'><strong>ΑΝΑΞΤΑΒΠ</strong></span> <span class='ocrx_word' id='word_1_3' title='bbox 2126 302 2668 367; x_wconf 82' lang='lat' dir='ltr'><strong>BIBLIOTHECARII</strong></span> 
     </span>
    </p>
   </div>
   <div class='ocr_carea' id='block_1_3' title="bbox 3691 312 3797 370">
    <p class='ocr_par' dir='ltr' id='par_1_3' title="bbox 3691 312 3797 370">
     <span class='ocr_line' id='line_1_3' title="bbox 3691 312 3797 370; baseline 0.019 -2"><span class='ocrx_word' id='word_1_4' title='bbox 3691 312 3797 370; x_wconf 62' lang='grc' dir='ltr'><strong>ωε</strong></span> 
     </span>
    </p>
   </div>
   <div class='ocr_carea' id='block_1_4' title="bbox 507 421 3799 507">
    <p class='ocr_par' dir='ltr' id='par_1_4' title="bbox 507 421 3799 507">
     <span class='ocr_line' id='line_1_4' title="bbox 507 421 3799 507; baseline 0.003 -27"><span class='ocrx_word' id='word_1_5' title='bbox 507 421 699 507; x_wconf 77' lang='lat' dir='ltr'><strong>ﬁdeles</strong></span> <span class='ocrx_word' id='word_1_6' title='bbox 725 425 1018 507; x_wconf 82' lang='lat' dir='ltr'><strong>i_u_sorte_m</strong></span> <span class='ocrx_word' id='word_1_7' title='bbox 1046 427 1279 507; x_wconf 80' lang='lat' dir='ltr'><strong>Domini</strong></span> <span class='ocrx_word' id='word_1_8' title='bbox 1293 441 1410 507; x_wconf 77' lang='lat' dir='ltr'><strong>non</strong></span> <span class='ocrx_word' id='word_1_9' title='bbox 1436 433 1665 507; x_wconf 76' lang='lat' dir='ltr'><strong>vocatos</strong></span> <span class='ocrx_word' id='word_1_10' title='bbox 1687 441 1720 484; x_wconf 90' lang='lat' dir='ltr'><strong>a</strong></span> <span class='ocrx_word' id='word_1_11' title='bbox 1741 434 2015 507; x_wconf 67' lang='lat' dir='ltr'><strong>contactu</strong></span> <span class='ocrx_word' id='word_1_12' title='bbox 2042 443 2142 507; x_wconf 79' lang='lat' dir='ltr'><strong>sa—</strong></span> <span class='ocrx_word' id='word_1_13' title='bbox 2163 432 2220 490; x_wconf 88' lang='lat' dir='ltr'><strong>A</strong></span> <span class='ocrx_word' id='word_1_14' title='bbox 2250 434 2438 488; x_wconf 84' lang='lat' dir='ltr'><strong>retulit</strong></span> <span class='ocrx_word' id='word_1_15' title='bbox 2469 435 2776 489; x_wconf 83' lang='lat' dir='ltr'><strong>testimonia</strong></span> <span class='ocrx_word' id='word_1_16' title='bbox 2814 434 3519 507; x_wconf 72' lang='lat' dir='ltr'><strong>obsequentisveaemtionis</strong></span> <span class='ocrx_word' id='word_1_17' title='bbox 3563 435 3644 492; x_wconf 87' lang='lat' dir='ltr'><strong>SS.</strong></span> <span class='ocrx_word' id='word_1_18' title='bbox 3669 440 3799 507; x_wconf 76' lang='lat' dir='ltr'><strong>Poly-</strong></span> 
     </span>
    </p>
   </div>
   <div class='ocr_carea' id='block_1_5' title="bbox 505 497 2141 569">
    <p class='ocr_par' dir='ltr' id='par_1_5' title="bbox 505 497 2141 569">
     <span class='ocr_line' id='line_1_5' title="bbox 505 497 2141 569; baseline 0.002 -18"><span class='ocrx_word' id='word_1_19' title='bbox 505 498 649 569; x_wconf 85' lang='lat' dir='ltr'><strong>crati</strong></span> <span class='ocrx_word' id='word_1_20' title='bbox 677 497 1000 567; x_wconf 81' lang='lat' dir='ltr'><strong>ministerii,</strong></span> <span class='ocrx_word' id='word_1_21' title='bbox 1035 512 1178 569; x_wconf 89' lang='lat' dir='ltr'><strong>quas</strong></span> <span class='ocrx_word' id='word_1_22' title='bbox 1217 499 1476 554; x_wconf 79' lang='lat' dir='ltr'><strong>edixerat</strong></span> <span class='ocrx_word' id='word_1_23' title='bbox 1499 501 1710 555; x_wconf 81' lang='lat' dir='ltr'><strong>Sixtus.</strong></span> <span class='ocrx_word' id='word_1_24' title='bbox 1737 501 1960 556; x_wconf 85' lang='lat' dir='ltr'><strong>Sixtina</strong></span> <span class='ocrx_word' id='word_1_25' title='bbox 1987 502 2141 555; x_wconf 89' lang='lat' dir='ltr'><strong>enim</strong></span> 
     </span>
    </p>
   </div>
   <div class='ocr_carea' id='block_1_6' title="bbox 505 567 2144 642">
    <p class='ocr_par' dir='ltr' id='par_1_6' title="bbox 505 567 2144 642">
     <span class='ocr_line' id='line_1_6' title="bbox 505 567 2144 642; baseline 0.002 -20"><span class='ocrx_word' id='word_1_26' title='bbox 505 567 768 642; x_wconf 75' lang='lat' dir='ltr'><strong>lex,qua3</strong></span> <span class='ocrx_word' id='word_1_27' title='bbox 811 569 896 642; x_wconf 85' lang='lat' dir='ltr'><strong>vel</strong></span> <span class='ocrx_word' id='word_1_28' title='bbox 939 567 1124 637; x_wconf 85' lang='lat' dir='ltr'><strong>unice,</strong></span> <span class='ocrx_word' id='word_1_29' title='bbox 1172 571 1258 626; x_wconf 90' lang='lat' dir='ltr'><strong>vel</strong></span> <span class='ocrx_word' id='word_1_30' title='bbox 1286 573 1568 640; x_wconf 65' lang='lat' dir='ltr'><strong>praecipue</strong></span> <span class='ocrx_word' id='word_1_31' title='bbox 1600 577 1964 642; x_wconf 81' lang='lat' dir='ltr'><strong>prospexerat</strong></span> <span class='ocrx_word' id='word_1_32' title='bbox 1993 586 2144 627; x_wconf 74' lang='lat' dir='ltr'><strong>cura:</strong></span> 
     </span>
    </p>
   </div>
   <div class='ocr_carea' id='block_1_7' title="bbox 503 639 2140 711">
    <p class='ocr_par' dir='ltr' id='par_1_7' title="bbox 503 639 2140 711">
     <span class='ocr_line' id='line_1_7' title="bbox 503 639 2140 711; baseline 0.002 -17"><span class='ocrx_word' id='word_1_33' title='bbox 503 653 570 694; x_wconf 90' lang='lat' dir='ltr'><strong>ac</strong></span> <span class='ocrx_word' id='word_1_34' title='bbox 585 639 900 710; x_wconf 69' lang='lat' dir='ltr'><strong>diligentiae</strong></span> <span class='ocrx_word' id='word_1_35' title='bbox 918 643 1250 711; x_wconf 65' lang='lat' dir='ltr'><strong>priestandze</strong></span> <span class='ocrx_word' id='word_1_36' title='bbox 1270 639 1327 696; x_wconf 79' lang='lat' dir='ltr'><strong>in</strong></span> <span class='ocrx_word' id='word_1_37' title='bbox 1357 639 1806 699; x_wconf 80' lang='lat' dir='ltr'><strong>contrectatione</strong></span> <span class='ocrx_word' id='word_1_38' title='bbox 1825 657 2140 710; x_wconf 89' lang='lat' dir='ltr'><strong>sacrorum,</strong></span> 
     </span>
    </p>
   </div>
   <div class='ocr_carea' id='block_1_8' title="bbox 505 711 2145 781">
    <p class='ocr_par' dir='ltr' id='par_1_8' title="bbox 505 711 2145 781">
     <span class='ocr_line' id='line_1_8' title="bbox 505 711 2145 781; baseline 0.002 -16"><span class='ocrx_word' id='word_1_39' title='bbox 505 723 576 766; x_wconf 92' lang='lat' dir='ltr'><strong>ne</strong></span> <span class='ocrx_word' id='word_1_40' title='bbox 615 711 906 781; x_wconf 84' lang='lat' dir='ltr'><strong>quidpiam</strong></span> <span class='ocrx_word' id='word_1_41' title='bbox 947 713 1166 768; x_wconf 87' lang='lat' dir='ltr'><strong>scilicet</strong></span> <span class='ocrx_word' id='word_1_42' title='bbox 1210 712 1385 769; x_wconf 88' lang='lat' dir='ltr'><strong>oblati</strong></span> <span class='ocrx_word' id='word_1_43' title='bbox 1443 719 1498 768; x_wconf 87' lang='lat' dir='ltr'><strong>et</strong></span> <span class='ocrx_word' id='word_1_44' title='bbox 1541 716 1857 770; x_wconf 88' lang='lat' dir='ltr'><strong>consecrati</strong></span> <span class='ocrx_word' id='word_1_45' title='bbox 1889 717 2145 770; x_wconf 90' lang='lat' dir='ltr'><strong>muneris</strong></span> 
     </span>
    </p>
   </div>
   <div class='ocr_carea' id='block_1_9' title="bbox 505 783 2146 856">
    <p class='ocr_par' dir='ltr' id='par_1_9' title="bbox 505 783 2146 856">
     <span class='ocr_line' id='line_1_9' title="bbox 505 783 2146 856; baseline 0.003 -20"><span class='ocrx_word' id='word_1_46' title='bbox 505 783 877 856; x_wconf 73' lang='lat' dir='ltr'><strong>conversique</strong></span> <span class='ocrx_word' id='word_1_47' title='bbox 891 783 959 856; x_wconf 87' lang='lat' dir='ltr'><strong>in</strong></span> <span class='ocrx_word' id='word_1_48' title='bbox 986 799 1196 853; x_wconf 89' lang='lat' dir='ltr'><strong>corpus</strong></span> <span class='ocrx_word' id='word_1_49' title='bbox 1219 790 1276 839; x_wconf 87' lang='lat' dir='ltr'><strong>et</strong></span> <span class='ocrx_word' id='word_1_50' title='bbox 1300 786 1634 856; x_wconf 88' lang='lat' dir='ltr'><strong>sanguinem</strong></span> <span class='ocrx_word' id='word_1_51' title='bbox 1663 785 1888 842; x_wconf 88' lang='lat' dir='ltr'><strong>Domini</strong></span> <span class='ocrx_word' id='word_1_52' title='bbox 1917 785 2146 856; x_wconf 71' lang='lat' dir='ltr'><strong>impru-</strong></span> 
     </span>
    </p>
   </div>
   <div class='ocr_carea' id='block_1_10' title="bbox 503 854 2143 926">
    <p class='ocr_par' dir='ltr' id='par_1_10' title="bbox 503 854 2143 926">
     <span class='ocr_line' id='line_1_10' title="bbox 503 854 2143 926; baseline 0.004 -20"><span class='ocrx_word' id='word_1_53' title='bbox 503 854 1046 926; x_wconf 12' lang='lat' dir='ltr'><strong>deniterieXCideret,</strong></span> <span class='ocrx_word' id='word_1_54' title='bbox 1099 863 1272 926; x_wconf 89' lang='lat' dir='ltr'><strong>atque</strong></span> <span class='ocrx_word' id='word_1_55' title='bbox 1317 857 1374 910; x_wconf 92' lang='lat' dir='ltr'><strong>iu</strong></span> <span class='ocrx_word' id='word_1_56' title='bbox 1415 854 1632 912; x_wconf 64' lang='lat' dir='ltr'><strong>&#39;terram</strong></span> <span class='ocrx_word' id='word_1_57' title='bbox 1665 854 2143 926; x_wconf 83' lang='lat' dir='ltr'><strong>dilaberetur(cui</strong></span> 
     </span>
    </p>
   </div>
   <div class='ocr_carea' id='block_1_11' title="bbox 505 925 2144 992">
    <p class='ocr_par' dir='ltr' id='par_1_11' title="bbox 505 925 2144 992">
     <span class='ocr_line' id='line_1_11' title="bbox 505 925 2144 992; baseline 0.002 -13"><span class='ocrx_word' id='word_1_58' title='bbox 505 925 762 992; x_wconf 88' lang='lat' dir='ltr'><strong>periculo</strong></span> <span class='ocrx_word' id='word_1_59' title='bbox 801 925 1105 981; x_wconf 86' lang='lat' dir='ltr'><strong>cavebatur</strong></span> <span class='ocrx_word' id='word_1_60' title='bbox 1143 925 1427 983; x_wconf 90' lang='lat' dir='ltr'><strong>reservato</strong></span> <span class='ocrx_word' id='word_1_61' title='bbox 1455 933 1720 983; x_wconf 85' lang='lat' dir='ltr'><strong>contactu</strong></span> <span class='ocrx_word' id='word_1_62' title='bbox 1755 941 2016 983; x_wconf 81' lang='lat' dir='ltr'><strong>vasorum</strong></span> <span class='ocrx_word' id='word_1_63' title='bbox 2039 925 2144 982; x_wconf 84' lang='lat' dir='ltr'><strong>sa—</strong></span> 
     </span>
    </p>
   </div>
   <div class='ocr_carea' id='block_1_12' title="bbox 503 996 2140 1066">
    <p class='ocr_par' dir='ltr' id='par_1_12' title="bbox 503 996 2140 1066">
     <span class='ocr_line' id='line_1_12' title="bbox 503 996 2140 1066; baseline 0.005 -19"><span class='ocrx_word' id='word_1_64' title='bbox 503 997 647 1050; x_wconf 88' lang='lat' dir='ltr'><strong>crati</strong></span> <span class='ocrx_word' id='word_1_65' title='bbox 663 996 970 1052; x_wconf 84' lang='lat' dir='ltr'><strong>ministerii</strong></span> <span class='ocrx_word' id='word_1_66' title='bbox 987 997 1128 1054; x_wconf 89' lang='lat' dir='ltr'><strong>solis</strong></span> <span class='ocrx_word' id='word_1_67' title='bbox 1149 999 1458 1066; x_wconf 86' lang='lat' dir='ltr'><strong>ministris,</strong></span> <span class='ocrx_word' id='word_1_68' title='bbox 1473 999 1670 1054; x_wconf 91' lang='lat' dir='ltr'><strong>divina</strong></span> <span class='ocrx_word' id='word_1_69' title='bbox 1688 999 2059 1054; x_wconf 87' lang='lat' dir='ltr'><strong>institutione</strong></span> <span class='ocrx_word' id='word_1_70' title='bbox 2071 1001 2140 1055; x_wconf 90' lang='lat' dir='ltr'><strong>ad</strong></span> 
     </span>
    </p>
   </div>
   <div class='ocr_carea' id='block_1_13' title="bbox 505 1067 2146 1140">
    <p class='ocr_par' dir='ltr' id='par_1_13' title="bbox 505 1067 2146 1140">
     <span class='ocr_line' id='line_1_13' title="bbox 505 1067 2146 1140; baseline 0.002 -19"><span class='ocrx_word' id='word_1_71' title='bbox 505 1067 886 1140; x_wconf 83' lang='lat' dir='ltr'><strong>sacerdotium</strong></span> <span class='ocrx_word' id='word_1_72' title='bbox 932 1071 1168 1134; x_wconf 83' lang='lat' dir='ltr'><strong>vocatis,</strong></span> <span class='ocrx_word' id='word_1_73' title='bbox 1199 1076 1255 1124; x_wconf 92' lang='lat' dir='ltr'><strong>et</strong></span> <span class='ocrx_word' id='word_1_74' title='bbox 1285 1072 1352 1125; x_wconf 91' lang='lat' dir='ltr'><strong>ad</strong></span> <span class='ocrx_word' id='word_1_75' title='bbox 1388 1071 1533 1126; x_wconf 89' lang='lat' dir='ltr'><strong>illud</strong></span> <span class='ocrx_word' id='word_1_76' title='bbox 1569 1071 1992 1140; x_wconf 81' lang='lat' dir='ltr'><strong>procurandum</strong></span> <span class='ocrx_word' id='word_1_77' title='bbox 2048 1084 2146 1125; x_wconf 90' lang='lat' dir='ltr'><strong>se-</strong></span> 
     </span>
    </p>
   </div>
   <div class='ocr_carea' id='block_1_14' title="bbox 503 1137 2141 1212">
    <p class='ocr_par' dir='ltr' id='par_1_14' title="bbox 503 1137 2141 1212">
     <span class='ocr_line' id='line_1_14' title="bbox 503 1137 2141 1212; baseline 0.002 -21"><span class='ocrx_word' id='word_1_78' title='bbox 503 1137 640 1212; x_wconf 82' lang='lat' dir='ltr'><strong>dulo</strong></span> <span class='ocrx_word' id='word_1_79' title='bbox 657 1139 986 1212; x_wconf 81' lang='lat' dir='ltr'><strong>pontiﬁcum</strong></span> <span class='ocrx_word' id='word_1_80' title='bbox 1003 1141 1196 1196; x_wconf 88' lang='lat' dir='ltr'><strong>studio</strong></span> <span class='ocrx_word' id='word_1_81' title='bbox 1207 1141 1510 1212; x_wconf 85' lang='lat' dir='ltr'><strong>exercitis),</strong></span> <span class='ocrx_word' id='word_1_82' title='bbox 1539 1137 1600 1198; x_wconf 81' lang='lat' dir='ltr'><strong>ut</strong></span> <span class='ocrx_word' id='word_1_83' title='bbox 1629 1143 1958 1197; x_wconf 88' lang='lat' dir='ltr'><strong>redderetur</strong></span> <span class='ocrx_word' id='word_1_84' title='bbox 1971 1144 2141 1196; x_wconf 91' lang='lat' dir='ltr'><strong>etiam</strong></span> 
     </span>
    </p>
   </div>
   <div class='ocr_carea' id='block_1_15' title="bbox 505 1209 2142 1277">
    <p class='ocr_par' dir='ltr' id='par_1_15' title="bbox 505 1209 2142 1277">
     <span class='ocr_line' id='line_1_15' title="bbox 505 1209 2142 1277; baseline 0.002 -15"><span class='ocrx_word' id='word_1_85' title='bbox 505 1209 667 1264; x_wconf 84' lang='lat' dir='ltr'><strong>utilis</strong></span> <span class='ocrx_word' id='word_1_86' title='bbox 687 1209 752 1264; x_wconf 90' lang='lat' dir='ltr'><strong>ad</strong></span> <span class='ocrx_word' id='word_1_87' title='bbox 804 1210 1152 1268; x_wconf 91' lang='lat' dir='ltr'><strong>cohibendas</strong></span> <span class='ocrx_word' id='word_1_88' title='bbox 1193 1213 1432 1268; x_wconf 72' lang='lat' dir='ltr'><strong>haereses</strong></span> <span class='ocrx_word' id='word_1_89' title='bbox 1459 1209 1596 1268; x_wconf 84' lang='lat' dir='ltr'><strong>tunc</strong></span> <span class='ocrx_word' id='word_1_90' title='bbox 1631 1213 1920 1277; x_wconf 89' lang='lat' dir='ltr'><strong>subortas,</strong></span> <span class='ocrx_word' id='word_1_91' title='bbox 1951 1219 2006 1267; x_wconf 88' lang='lat' dir='ltr'><strong>et</strong></span> <span class='ocrx_word' id='word_1_92' title='bbox 2036 1212 2142 1266; x_wconf 85' lang='lat' dir='ltr'><strong>ab-</strong></span> 
     </span>
    </p>
   </div>
   <div class='ocr_carea' id='block_1_16' title="bbox 503 1281 2142 1354">
    <p class='ocr_par' dir='ltr' id='par_1_16' title="bbox 503 1281 2142 1354">
     <span class='ocr_line' id='line_1_16' title="bbox 503 1281 2142 1354; baseline 0.002 -20"><span class='ocrx_word' id='word_1_93' title='bbox 503 1283 1038 1354; x_wconf 87' lang='lat' dir='ltr'><strong>usum_Marciouis,</strong></span> <span class='ocrx_word' id='word_1_94' title='bbox 1069 1297 1135 1338; x_wconf 90' lang='lat' dir='ltr'><strong>ac</strong></span> <span class='ocrx_word' id='word_1_95' title='bbox 1167 1281 1504 1338; x_wconf 86' lang='lat' dir='ltr'><strong>feminarum</strong></span> <span class='ocrx_word' id='word_1_96' title='bbox 1537 1285 1792 1352; x_wconf 88' lang='lat' dir='ltr'><strong>ejusdem</strong></span> <span class='ocrx_word' id='word_1_97' title='bbox 1825 1284 2142 1354; x_wconf 83' lang='lat' dir='ltr'><strong>gregalium</strong></span> 
     </span>
    </p>
   </div>
   <div class='ocr_carea' id='block_1_17' title="bbox 500 1351 2140 1425">
    <p class='ocr_par' dir='ltr' id='par_1_17' title="bbox 500 1351 2140 1425">
     <span class='ocr_line' id='line_1_17' title="bbox 500 1351 2140 1425; baseline 0.002 -20"><span class='ocrx_word' id='word_1_98' title='bbox 500 1351 794 1425; x_wconf 79' lang='lat' dir='ltr'><strong>audaciam</strong></span> <span class='ocrx_word' id='word_1_99' title='bbox 833 1355 1221 1425; x_wconf 87' lang='lat' dir='ltr'><strong>coercendam.</strong></span> <span class='ocrx_word' id='word_1_100' title='bbox 1255 1369 1367 1424; x_wconf 90' lang='lat' dir='ltr'><strong>qua</strong></span> <span class='ocrx_word' id='word_1_101' title='bbox 1401 1365 1464 1410; x_wconf 79' lang='lat' dir='ltr'><strong>ut</strong></span> <span class='ocrx_word' id='word_1_102' title='bbox 1505 1351 1602 1409; x_wconf 88' lang='lat' dir='ltr'><strong>ille</strong></span> <span class='ocrx_word' id='word_1_103' title='bbox 1627 1355 1694 1410; x_wconf 89' lang='lat' dir='ltr'><strong>ad</strong></span> <span class='ocrx_word' id='word_1_104' title='bbox 1728 1351 2140 1425; x_wconf 73' lang='lat' dir='ltr'><strong>epiScopatum,</strong></span> 
     </span>
    </p>
   </div>
   <div class='ocr_carea' id='block_1_18' title="bbox 502 1422 2142 1496">
    <p class='ocr_par' dir='ltr' id='par_1_18' title="bbox 502 1422 2142 1496">
     <span class='ocr_line' id='line_1_18' title="bbox 502 1422 2142 1496; baseline 0.002 -20"><span class='ocrx_word' id='word_1_105' title='bbox 502 1422 581 1496; x_wconf 81' lang='lat' dir='ltr'><strong>ita</strong></span> <span class='ocrx_word' id='word_1_106' title='bbox 632 1423 873 1496; x_wconf 50' lang='lat' dir='ltr'><strong>istaisti</strong></span> <span class='ocrx_word' id='word_1_107' title='bbox 923 1422 1307 1480; x_wconf 85' lang='lat' dir='ltr'><strong>sacerdotium</strong></span> <span class='ocrx_word' id='word_1_108' title='bbox 1343 1427 1661 1496; x_wconf 67' lang='lat' dir='ltr'><strong>pertingere</strong></span> <span class='ocrx_word' id='word_1_109' title='bbox 1705 1422 2142 1496; x_wconf 70' lang='lat' dir='ltr'><strong>praesumebant,</strong></span> 
     </span>
    </p>
   </div>
   <div class='ocr_carea' id='block_1_19' title="bbox 501 1492 2140 1568">
    <p class='ocr_par' dir='ltr' id='par_1_19' title="bbox 501 1492 2140 1568">
     <span class='ocr_line' id='line_1_19' title="bbox 501 1492 2140 1568; baseline 0.005 -20"><span class='ocrx_word' id='word_1_110' title='bbox 501 1492 822 1568; x_wconf 79' lang='lat' dir='ltr'><strong>roboranda</strong></span> <span class='ocrx_word' id='word_1_111' title='bbox 847 1493 961 1568; x_wconf 82' lang='lat' dir='ltr'><strong>fuit</strong></span> <span class='ocrx_word' id='word_1_112' title='bbox 976 1509 1074 1565; x_wconf 92' lang='lat' dir='ltr'><strong>per</strong></span> <span class='ocrx_word' id='word_1_113' title='bbox 1096 1492 1366 1568; x_wconf 54' lang='lat' dir='ltr'><strong>Soterem&#39;,</strong></span> <span class='ocrx_word' id='word_1_114' title='bbox 1389 1492 1693 1552; x_wconf 81' lang='lat' dir='ltr'><strong>interdicto</strong></span> <span class='ocrx_word' id='word_1_115' title='bbox 1707 1492 1916 1568; x_wconf 82' lang='lat' dir='ltr'><strong>quovis</strong></span> <span class='ocrx_word' id='word_1_116' title='bbox 1933 1492 2140 1556; x_wconf 63' lang='lat' dir='ltr'><strong>oﬁicio.</strong></span> 
     </span>
    </p>
   </div>
   <div class='ocr_carea' id='block_1_20' title="bbox 499 1564 2145 1638">
    <p class='ocr_par' dir='ltr' id='par_1_20' title="bbox 499 1564 2145 1638">
     <span class='ocr_line' id='line_1_20' title="bbox 499 1564 2145 1638; baseline 0.002 -20"><span class='ocrx_word' id='word_1_117' title='bbox 499 1577 566 1638; x_wconf 81' lang='lat' dir='ltr'><strong>ac</strong></span> <span class='ocrx_word' id='word_1_118' title='bbox 590 1564 922 1638; x_wconf 15' lang='lat' dir='ltr'><strong>ministerio,</strong></span> <span class='ocrx_word' id='word_1_119' title='bbox 937 1564 1281 1638; x_wconf 80' lang='lat' dir='ltr'><strong>sacerdotali</strong></span> <span class='ocrx_word' id='word_1_120' title='bbox 1307 1569 1477 1622; x_wconf 87' lang='lat' dir='ltr'><strong>etiam</strong></span> <span class='ocrx_word' id='word_1_121' title='bbox 1514 1569 1710 1624; x_wconf 85' lang='lat' dir='ltr'><strong>leviori</strong></span> <span class='ocrx_word' id='word_1_122' title='bbox 1731 1564 1978 1623; x_wconf 72' lang='lat' dir='ltr'><strong>feminis</strong></span> <span class='ocrx_word' id='word_1_123' title='bbox 2007 1568 2145 1638; x_wconf 89' lang='lat' dir='ltr'><strong>qui—</strong></span> 
     </span>
    </p>
   </div>
   <div class='ocr_carea' id='block_1_21' title="bbox 499 1635 2144 1708">
    <p class='ocr_par' dir='ltr' id='par_1_21' title="bbox 499 1635 2144 1708">
     <span class='ocr_line' id='line_1_21' title="bbox 499 1635 2144 1708; baseline 0.001 -18"><span class='ocrx_word' id='word_1_124' title='bbox 499 1635 860 1708; x_wconf 86' lang='lat' dir='ltr'><strong>buscuuque,</strong></span> <span class='ocrx_word' id='word_1_125' title='bbox 909 1637 1040 1693; x_wconf 91' lang='lat' dir='ltr'><strong>licet</strong></span> <span class='ocrx_word' id='word_1_126' title='bbox 1079 1640 1462 1694; x_wconf 86' lang='lat' dir='ltr'><strong>sanctimonia</strong></span> <span class='ocrx_word' id='word_1_127' title='bbox 1497 1638 1896 1708; x_wconf 83' lang='lat' dir='ltr'><strong>professionis,</strong></span> <span class='ocrx_word' id='word_1_128' title='bbox 1938 1646 1995 1695; x_wconf 88' lang='lat' dir='ltr'><strong>et</strong></span> <span class='ocrx_word' id='word_1_129' title='bbox 2019 1635 2144 1693; x_wconf 76' lang='lat' dir='ltr'><strong>vir-</strong></span> 
     </span>
    </p>
   </div>
   <div class='ocr_carea' id='block_1_22' title="bbox 498 1706 2140 1780">
    <p class='ocr_par' dir='ltr' id='par_1_22' title="bbox 498 1706 2140 1780">
     <span class='ocr_line' id='line_1_22' title="bbox 498 1706 2140 1780; baseline 0.002 -20"><span class='ocrx_word' id='word_1_130' title='bbox 498 1706 951 1778; x_wconf 88' lang='lat' dir='ltr'><strong>ginitatistitulo</strong></span> <span class='ocrx_word' id='word_1_131' title='bbox 966 1711 1074 1764; x_wconf 92' lang='lat' dir='ltr'><strong>Deo</strong></span> <span class='ocrx_word' id='word_1_132' title='bbox 1096 1724 1194 1780; x_wconf 91' lang='lat' dir='ltr'><strong>per</strong></span> <span class='ocrx_word' id='word_1_133' title='bbox 1222 1706 1517 1778; x_wconf 82' lang='lat' dir='ltr'><strong>pontiﬁces</strong></span> <span class='ocrx_word' id='word_1_134' title='bbox 1546 1711 1655 1766; x_wconf 90' lang='lat' dir='ltr'><strong>rite</strong></span> <span class='ocrx_word' id='word_1_135' title='bbox 1670 1712 1895 1766; x_wconf 88' lang='lat' dir='ltr'><strong>dicatis.</strong></span> <span class='ocrx_word' id='word_1_136' title='bbox 1913 1711 1969 1766; x_wconf 88' lang='lat' dir='ltr'><strong>Id</strong></span> <span class='ocrx_word' id='word_1_137' title='bbox 1986 1713 2140 1766; x_wconf 91' lang='lat' dir='ltr'><strong>enim</strong></span> 
     </span>
    </p>
   </div>
   <div class='ocr_carea' id='block_1_23' title="bbox 495 1780 2138 1852">
    <p class='ocr_par' dir='ltr' id='par_1_23' title="bbox 495 1780 2138 1852">
     <span class='ocr_line' id='line_1_23' title="bbox 495 1780 2138 1852; baseline 0.004 -23"><span class='ocrx_word' id='word_1_138' title='bbox 495 1780 772 1852; x_wconf 69' lang='lat' dir='ltr'><strong>monacnce</strong></span> <span class='ocrx_word' id='word_1_139' title='bbox 801 1780 1180 1852; x_wconf 85' lang='lat' dir='ltr'><strong>appellatione</strong></span> <span class='ocrx_word' id='word_1_140' title='bbox 1211 1783 1421 1850; x_wconf 91' lang='lat' dir='ltr'><strong>(serius</strong></span> <span class='ocrx_word' id='word_1_141' title='bbox 1448 1784 1676 1852; x_wconf 85' lang='lat' dir='ltr'><strong>quidem</strong></span> <span class='ocrx_word' id='word_1_142' title='bbox 1706 1783 1961 1848; x_wconf 86' lang='lat' dir='ltr'><strong>inducta,</strong></span> <span class='ocrx_word' id='word_1_143' title='bbox 1993 1789 2050 1836; x_wconf 92' lang='lat' dir='ltr'><strong>et</strong></span> <span class='ocrx_word' id='word_1_144' title='bbox 2071 1795 2138 1836; x_wconf 91' lang='lat' dir='ltr'><strong>ex</strong></span> 
     </span>
    </p>
   </div>
   <div class='ocr_carea' id='block_1_24' title="bbox 497 1849 2140 1923">
    <p class='ocr_par' dir='ltr' id='par_1_24' title="bbox 497 1849 2140 1923">
     <span class='ocr_line' id='line_1_24' title="bbox 497 1849 2140 1923; baseline 0.002 -19"><span class='ocrx_word' id='word_1_145' title='bbox 497 1849 809 1923; x_wconf 84' lang='lat' dir='ltr'><strong>phrasibus</strong></span> <span class='ocrx_word' id='word_1_146' title='bbox 822 1851 1066 1923; x_wconf 88' lang='lat' dir='ltr'><strong>catalogi</strong></span> <span class='ocrx_word' id='word_1_147' title='bbox 1083 1849 1319 1910; x_wconf 74' lang='lat' dir='ltr'><strong>sec-undi</strong></span> <span class='ocrx_word' id='word_1_148' title='bbox 1339 1868 1368 1908; x_wconf 91' lang='lat' dir='ltr'><strong>a</strong></span> <span class='ocrx_word' id='word_1_149' title='bbox 1389 1849 2140 1910; x_wconf 85' lang='lat' dir='ltr'><strong>bibliothecariistranslata</strong></span> 
     </span>
    </p>
   </div>
   <div class='ocr_carea' id='block_1_25' title="bbox 499 1919 2140 1996">
    <p class='ocr_par' dir='ltr' id='par_1_25' title="bbox 499 1919 2140 1996">
     <span class='ocr_line' id='line_1_25' title="bbox 499 1919 2140 1996; baseline 0.002 -22"><span class='ocrx_word' id='word_1_150' title='bbox 499 1919 558 1975; x_wconf 93' lang='lat' dir='ltr'><strong>in</strong></span> <span class='ocrx_word' id='word_1_151' title='bbox 611 1919 764 1976; x_wconf 93' lang='lat' dir='ltr'><strong>hunc</strong></span> <span class='ocrx_word' id='word_1_152' title='bbox 818 1919 1140 1989; x_wconf 65' lang='lat' dir='ltr'><strong>numer&#39;um,</strong></span> <span class='ocrx_word' id='word_1_153' title='bbox 1173 1939 1302 1980; x_wconf 92' lang='lat' dir='ltr'><strong>cum</strong></span> <span class='ocrx_word' id='word_1_154' title='bbox 1327 1939 1427 1995; x_wconf 91' lang='lat' dir='ltr'><strong>per</strong></span> <span class='ocrx_word' id='word_1_155' title='bbox 1469 1939 1529 1980; x_wconf 86' lang='lat' dir='ltr'><strong>ea</strong></span> <span class='ocrx_word' id='word_1_156' title='bbox 1561 1925 1632 1980; x_wconf 90' lang='lat' dir='ltr'><strong>de</strong></span> <span class='ocrx_word' id='word_1_157' title='bbox 1677 1925 1890 1995; x_wconf 90' lang='lat' dir='ltr'><strong>quibus</strong></span> <span class='ocrx_word' id='word_1_158' title='bbox 1913 1925 2140 1996; x_wconf 83' lang='lat' dir='ltr'><strong>agimus</strong></span> 
     </span>
    </p>
   </div>
   <div class='ocr_carea' id='block_1_26' title="bbox 497 1996 2142 2064">
    <p class='ocr_par' dir='ltr' id='par_1_26' title="bbox 497 1996 2142 2064">
     <span class='ocr_line' id='line_1_26' title="bbox 497 1996 2142 2064; baseline 0.001 -17"><span class='ocrx_word' id='word_1_159' title='bbox 497 2005 749 2062; x_wconf 85' lang='lat' dir='ltr'><strong>tempora</strong></span> <span class='ocrx_word' id='word_1_160' title='bbox 774 1996 990 2048; x_wconf 75' lang='lat' dir='ltr'><strong>ancillae</strong></span> <span class='ocrx_word' id='word_1_161' title='bbox 1013 1997 1122 2062; x_wconf 89' lang='lat' dir='ltr'><strong>Dei,</strong></span> <span class='ocrx_word' id='word_1_162' title='bbox 1165 2005 1220 2052; x_wconf 89' lang='lat' dir='ltr'><strong>et</strong></span> <span class='ocrx_word' id='word_1_163' title='bbox 1247 1999 1486 2064; x_wconf 78' lang='lat' dir='ltr'><strong>virgines</strong></span> <span class='ocrx_word' id='word_1_164' title='bbox 1515 2000 1616 2052; x_wconf 89' lang='lat' dir='ltr'><strong>Deo</strong></span> <span class='ocrx_word' id='word_1_165' title='bbox 1646 2012 1832 2060; x_wconf 76' lang='lat' dir='ltr'><strong>sacrae,</strong></span> <span class='ocrx_word' id='word_1_166' title='bbox 1871 2004 1972 2051; x_wconf 87' lang='lat' dir='ltr'><strong>aut</strong></span> <span class='ocrx_word' id='word_1_167' title='bbox 2003 1998 2142 2050; x_wconf 83' lang='lat' dir='ltr'><strong>Uia-</strong></span> 
     </span>
    </p>
   </div>
   <div class='ocr_carea' id='block_1_27' title="bbox 496 2065 2136 2140">
    <p class='ocr_par' dir='ltr' id='par_1_27' title="bbox 496 2065 2136 2140">
     <span class='ocr_line' id='line_1_27' title="bbox 496 2065 2136 2140; baseline 0.004 -25"><span class='ocrx_word' id='word_1_168' title='bbox 496 2068 718 2118; x_wconf 65' lang='lat' dir='ltr'><strong>conissw</strong></span> <span class='ocrx_word' id='word_1_169' title='bbox 762 2065 1208 2140; x_wconf 80' lang='lat' dir='ltr'><strong>appellarentur)</strong></span> <span class='ocrx_word' id='word_1_170' title='bbox 1253 2067 1684 2140; x_wconf 89' lang='lat' dir='ltr'><strong>intelligendum</strong></span> <span class='ocrx_word' id='word_1_171' title='bbox 1731 2081 1854 2123; x_wconf 91' lang='lat' dir='ltr'><strong>esse</strong></span> <span class='ocrx_word' id='word_1_172' title='bbox 1891 2072 2136 2140; x_wconf 78' lang='lat' dir='ltr'><strong>constat,</strong></span> 
     </span>
    </p>
   </div>
   <div class='ocr_carea' id='block_1_28' title="bbox 497 2137 2138 2208">
    <p class='ocr_par' dir='ltr' id='par_1_28' title="bbox 497 2137 2138 2208">
     <span class='ocr_line' id='line_1_28' title="bbox 497 2137 2138 2208; baseline 0.003 -21"><span class='ocrx_word' id='word_1_173' title='bbox 497 2140 620 2208; x_wconf 79' lang='lat' dir='ltr'><strong>tum</strong></span> <span class='ocrx_word' id='word_1_174' title='bbox 649 2149 716 2190; x_wconf 87' lang='lat' dir='ltr'><strong>ex</strong></span> <span class='ocrx_word' id='word_1_175' title='bbox 745 2138 1034 2192; x_wconf 87' lang='lat' dir='ltr'><strong>aduotatis</strong></span> <span class='ocrx_word' id='word_1_176' title='bbox 1060 2137 1334 2207; x_wconf 87' lang='lat' dir='ltr'><strong>superius</strong></span> <span class='ocrx_word' id='word_1_177' title='bbox 1377 2137 1752 2195; x_wconf 59' lang='lat' dir='ltr'><strong>in&#39;Clemente</strong></span> <span class='ocrx_word' id='word_1_178' title='bbox 1777 2154 1840 2194; x_wconf 81' lang='lat' dir='ltr'><strong>ac</strong></span> <span class='ocrx_word' id='word_1_179' title='bbox 1885 2139 2004 2208; x_wconf 90' lang='lat' dir='ltr'><strong>Pio,</strong></span> <span class='ocrx_word' id='word_1_180' title='bbox 2039 2137 2138 2192; x_wconf 92' lang='lat' dir='ltr'><strong>ubi</strong></span> 
     </span>
    </p>
   </div>
   <div class='ocr_carea' id='block_1_29' title="bbox 499 2205 2139 2280">
    <p class='ocr_par' dir='ltr' id='par_1_29' title="bbox 499 2205 2139 2280">
     <span class='ocr_line' id='line_1_29' title="bbox 499 2205 2139 2280; baseline 0.001 -20"><span class='ocrx_word' id='word_1_181' title='bbox 499 2205 882 2280; x_wconf 81' lang='lat' dir='ltr'><strong>indicavimus</strong></span> <span class='ocrx_word' id='word_1_182' title='bbox 910 2205 1387 2266; x_wconf 83' lang='lat' dir='ltr'><strong>consuetudinem</strong></span> <span class='ocrx_word' id='word_1_183' title='bbox 1417 2211 1489 2266; x_wconf 89' lang='lat' dir='ltr'><strong>ab</strong></span> <span class='ocrx_word' id='word_1_184' title='bbox 1517 2210 1798 2280; x_wconf 76' lang='lat' dir='ltr'><strong>apostolis</strong></span> <span class='ocrx_word' id='word_1_185' title='bbox 1833 2205 2139 2280; x_wconf 83' lang='lat' dir='ltr'><strong>profectam</strong></span> 
     </span>
    </p>
   </div>
   <div class='ocr_carea' id='block_1_30' title="bbox 498 2275 2144 2348">
    <p class='ocr_par' dir='ltr' id='par_1_30' title="bbox 498 2275 2144 2348">
     <span class='ocr_line' id='line_1_30' title="bbox 498 2275 2144 2348; baseline 0.003 -19"><span class='ocrx_word' id='word_1_186' title='bbox 498 2275 788 2348; x_wconf 78' lang='lat' dir='ltr'><strong>virginum</strong></span> <span class='ocrx_word' id='word_1_187' title='bbox 817 2281 928 2334; x_wconf 91' lang='lat' dir='ltr'><strong>Deo</strong></span> <span class='ocrx_word' id='word_1_188' title='bbox 971 2281 1366 2348; x_wconf 86' lang='lat' dir='ltr'><strong>dicandarum,</strong></span> <span class='ocrx_word' id='word_1_189' title='bbox 1409 2291 1526 2337; x_wconf 90' lang='lat' dir='ltr'><strong>tum</strong></span> <span class='ocrx_word' id='word_1_190' title='bbox 1559 2275 1627 2337; x_wconf 85' lang='lat' dir='ltr'><strong>cx</strong></span> <span class='ocrx_word' id='word_1_191' title='bbox 1648 2275 2021 2337; x_wconf 83' lang='lat' dir='ltr'><strong>observandis</strong></span> <span class='ocrx_word' id='word_1_192' title='bbox 2045 2279 2144 2334; x_wconf 89' lang='lat' dir='ltr'><strong>in—</strong></span> 
     </span>
    </p>
   </div>
   <div class='ocr_carea' id='block_1_31' title="bbox 498 2345 2142 2424">
    <p class='ocr_par' dir='ltr' id='par_1_31' title="bbox 498 2345 2142 2424">
     <span class='ocr_line' id='line_1_31' title="bbox 498 2345 2142 2424; baseline 0.002 -23"><span class='ocrx_word' id='word_1_193' title='bbox 498 2345 681 2424; x_wconf 58' lang='lat' dir='ltr'><strong>fra&#39;ad</strong></span> <span class='ocrx_word' id='word_1_194' title='bbox 716 2350 896 2404; x_wconf 87' lang='lat' dir='ltr'><strong>Vitam</strong></span> <span class='ocrx_word' id='word_1_195' title='bbox 931 2353 1132 2424; x_wconf 74' lang='lat' dir='ltr'><strong>Leonis</strong></span> <span class='ocrx_word' id='word_1_196' title='bbox 1159 2345 1612 2424; x_wconf 44' lang='lat' dir='ltr'><strong>Magni&#39;numero</strong></span> <span class='ocrx_word' id='word_1_197' title='bbox 1633 2351 1723 2422; x_wconf 84' lang='lat'><strong>67,</strong></span> <span class='ocrx_word' id='word_1_198' title='bbox 1754 2353 2142 2408; x_wconf 82' lang='lat' dir='ltr'><strong>ubimonachce</strong></span> 
     </span>
    </p>
   </div>
   <div class='ocr_carea' id='block_1_32' title="bbox 498 2419 2141 2495">
    <p class='ocr_par' dir='ltr' id='par_1_32' title="bbox 498 2419 2141 2495">
     <span class='ocr_line' id='line_1_32' title="bbox 498 2419 2141 2495; baseline 0.002 -22"><span class='ocrx_word' id='word_1_199' title='bbox 498 2419 728 2473; x_wconf 89' lang='lat' dir='ltr'><strong>nomine</strong></span> <span class='ocrx_word' id='word_1_200' title='bbox 753 2423 1062 2495; x_wconf 82' lang='lat' dir='ltr'><strong>exponitur</strong></span> <span class='ocrx_word' id='word_1_201' title='bbox 1084 2437 1147 2478; x_wconf 90' lang='lat' dir='ltr'><strong>ea</strong></span> <span class='ocrx_word' id='word_1_202' title='bbox 1177 2419 1300 2494; x_wconf 67' lang='lat' dir='ltr'><strong>qua:</strong></span> <span class='ocrx_word' id='word_1_203' title='bbox 1332 2427 1690 2495; x_wconf 78' lang='lat' dir='ltr'><strong>virginitatis</strong></span> <span class='ocrx_word' id='word_1_204' title='bbox 1713 2419 2141 2481; x_wconf 85' lang='lat' dir='ltr'><strong>dedicationem</strong></span> 
     </span>
    </p>
   </div>
   <div class='ocr_carea' id='block_1_33' title="bbox 496 2493 2141 2566">
    <p class='ocr_par' dir='ltr' id='par_1_33' title="bbox 496 2493 2141 2566">
     <span class='ocr_line' id='line_1_33' title="bbox 496 2493 2141 2566; baseline 0.003 -23"><span class='ocrx_word' id='word_1_205' title='bbox 496 2499 955 2566; x_wconf 79' lang='lat' dir='ltr'><strong>consequeretur</strong></span> <span class='ocrx_word' id='word_1_206' title='bbox 971 2493 1364 2550; x_wconf 55' lang='lat' dir='ltr'><strong>benedictione</strong></span> <span class='ocrx_word' id='word_1_207' title='bbox 1384 2493 1687 2552; x_wconf 87' lang='lat' dir='ltr'><strong>velaminis</strong></span> <span class='ocrx_word' id='word_1_208' title='bbox 1707 2498 1885 2566; x_wconf 88' lang='lat' dir='ltr'><strong>capiti</strong></span> <span class='ocrx_word' id='word_1_209' title='bbox 1909 2509 2016 2551; x_wconf 92' lang='lat' dir='ltr'><strong>suo</strong></span> <span class='ocrx_word' id='word_1_210' title='bbox 2034 2509 2141 2549; x_wconf 79' lang='lat' dir='ltr'><strong>im-</strong></span> 
     </span>
    </p>
   </div>
   <div class='ocr_carea' id='block_1_34' title="bbox 499 2562 2140 2636">
    <p class='ocr_par' dir='ltr' id='par_1_34' title="bbox 499 2562 2140 2636">
     <span class='ocr_line' id='line_1_34' title="bbox 499 2562 2140 2636; baseline 0.004 -23"><span class='ocrx_word' id='word_1_211' title='bbox 499 2562 766 2636; x_wconf 75' lang='lat' dir='ltr'><strong>ponendi,</strong></span> <span class='ocrx_word' id='word_1_212' title='bbox 795 2578 892 2636; x_wconf 87' lang='lat' dir='ltr'><strong>per</strong></span> <span class='ocrx_word' id='word_1_213' title='bbox 912 2565 1088 2621; x_wconf 90' lang='lat' dir='ltr'><strong>ritum</strong></span> <span class='ocrx_word' id='word_1_214' title='bbox 1116 2569 1284 2636; x_wconf 89' lang='lat' dir='ltr'><strong>paulo</strong></span> <span class='ocrx_word' id='word_1_215' title='bbox 1303 2576 1434 2622; x_wconf 88' lang='lat' dir='ltr'><strong>ante</strong></span> <span class='ocrx_word' id='word_1_216' title='bbox 1453 2562 1907 2624; x_wconf 79' lang='lat' dir='ltr'><strong>demonstratum</strong></span> <span class='ocrx_word' id='word_1_217' title='bbox 1936 2568 1992 2622; x_wconf 94' lang='lat' dir='ltr'><strong>in</strong></span> <span class='ocrx_word' id='word_1_218' title='bbox 2021 2567 2140 2630; x_wconf 88' lang='lat' dir='ltr'><strong>Pio,</strong></span> 
     </span>
    </p>
   </div>
   <div class='ocr_carea' id='block_1_35' title="bbox 495 2633 2138 2710">
    <p class='ocr_par' dir='ltr' id='par_1_35' title="bbox 495 2633 2138 2710">
     <span class='ocr_line' id='line_1_35' title="bbox 495 2633 2138 2710; baseline 0.002 -24"><span class='ocrx_word' id='word_1_219' title='bbox 495 2644 564 2686; x_wconf 87' lang='lat' dir='ltr'><strong>ex</strong></span> <span class='ocrx_word' id='word_1_220' title='bbox 595 2633 1015 2710; x_wconf 70' lang='lat' dir='ltr'><strong>veteri_pic_tura</strong></span> <span class='ocrx_word' id='word_1_221' title='bbox 1035 2633 1352 2710; x_wconf 14' lang='lat' dir='ltr'><strong>Ain&#39;cryptis</strong></span> <span class='ocrx_word' id='word_1_222' title='bbox 1376 2639 1467 2693; x_wconf 89' lang='lat' dir='ltr'><strong>SS.</strong></span> <span class='ocrx_word' id='word_1_223' title='bbox 1500 2640 1810 2710; x_wconf 87' lang='lat' dir='ltr'><strong>Martyrum</strong></span> <span class='ocrx_word' id='word_1_224' title='bbox 1839 2637 2138 2710; x_wconf 83' lang='lat' dir='ltr'><strong>repertain</strong></span> 
     </span>
    </p>
   </div>
   <div class='ocr_carea' id='block_1_36' title="bbox 495 2705 2139 2765">
    <p class='ocr_par' dir='ltr' id='par_1_36' title="bbox 495 2705 2139 2765">
     <span class='ocr_line' id='line_1_36' title="bbox 495 2705 2139 2765; baseline 0.003 -10"><span class='ocrx_word' id='word_1_225' title='bbox 495 2705 821 2759; x_wconf 75' lang='lat' dir='ltr'><strong>coemeterio</strong></span> <span class='ocrx_word' id='word_1_226' title='bbox 866 2706 1166 2762; x_wconf 81' lang='lat' dir='ltr'><strong>Priscillae.</strong></span> <span class='ocrx_word' id='word_1_227' title='bbox 1201 2705 1250 2760; x_wconf 71' lang='grc' dir='ltr'><strong>ἀ’</strong></span> <span class='ocrx_word' id='word_1_228' title='bbox 1288 2710 1390 2762; x_wconf 85' lang='lat' dir='ltr'><strong>llic</strong></span> <span class='ocrx_word' id='word_1_229' title='bbox 1437 2705 1747 2765; x_wconf 78' lang='lat' dir='ltr'><strong>constituit</strong></span> <span class='ocrx_word' id='word_1_230' title='bbox 1775 2716 1838 2764; x_wconf 91' lang='lat' dir='ltr'><strong>ut</strong></span> <span class='ocrx_word' id='word_1_231' title='bbox 1867 2705 2139 2764; x_wconf 81' lang='lat' dir='ltr'><strong>mouacha</strong></span> 
     </span>
    </p>
   </div>
   <div class='ocr_carea' id='block_1_37' title="bbox 496 2775 2138 2900">
    <p class='ocr_par' dir='ltr' id='par_1_37' title="bbox 496 2775 2138 2900">
     <span class='ocr_line' id='line_1_37' title="bbox 496 2775 2138 2900; baseline 0.004 -75"><span class='ocrx_word' id='word_1_232' title='bbox 496 2785 608 2826; x_wconf 92' lang='lat' dir='ltr'><strong>non</strong></span> <span class='ocrx_word' id='word_1_233' title='bbox 649 2775 928 2900; x_wconf 54' lang='lat' dir='ltr'><strong>acci‘peret</strong></span> <span class='ocrx_word' id='word_1_234' title='bbox 954 2778 1259 2833; x_wconf 89' lang='lat' dir='ltr'><strong>velaminis</strong></span> <span class='ocrx_word' id='word_1_235' title='bbox 1286 2779 1496 2848; x_wconf 88' lang='lat' dir='ltr'><strong>capitis</strong></span> <span class='ocrx_word' id='word_1_236' title='bbox 1515 2780 1990 2845; x_wconf 88' lang='lat' dir='ltr'><strong>benedictionem,</strong></span> <span class='ocrx_word' id='word_1_237' title='bbox 2024 2779 2138 2833; x_wconf 89' lang='lat' dir='ltr'><strong>nisi</strong></span> 
     </span>
     <span class='ocr_line' id='line_1_38' title="bbox 500 2843 2096 2900; baseline -0.001 0"><span class='ocrx_word' id='word_1_238' title='bbox 500 2843 730 2900; x_wconf 82' lang='lat' dir='ltr'><strong>probata</strong></span> <span class='ocrx_word' id='word_1_239' title='bbox 787 2848 937 2900; x_wconf 86' lang='lat' dir='ltr'><strong>uerit</strong></span> <span class='ocrx_word' id='word_1_240' title='bbox 969 2849 1026 2900; x_wconf 92' lang='lat' dir='ltr'><strong>in</strong></span> <span class='ocrx_word' id='word_1_241' title='bbox 1051 2849 1379 2900; x_wconf 69' lang='lat' dir='ltr'><strong>virginitate</strong></span> <span class='ocrx_word' id='word_1_242' title='bbox 1407 2853 1700 2900; x_wconf 71' lang='lat' dir='ltr'><strong>sexaginta</strong></span> <span class='ocrx_word' id='word_1_243' title='bbox 1731 2863 2033 2900; x_wconf 85' lang='lat' dir='ltr'><strong>annorum.</strong></span> <span class='ocrx_word' id='word_1_244' title='bbox 2070 2869 2096 2898; x_wconf 72' lang='grc' dir='ltr'><strong>λ)</strong></span> 
     </span>
    </p>
   </div>
   <div class='ocr_carea' id='block_1_38' title="bbox 500 2843 2096 2923">
    <p class='ocr_par' dir='ltr' id='par_1_38' title="bbox 500 2843 2096 2923">
     <span class='ocr_line' id='line_1_39' title="bbox 500 2843 2096 2923; baseline 0.004 -26"><span class='ocrx_word' id='word_1_245' title='bbox 500 2843 730 2912; x_wconf 87' lang='lat' dir='ltr'><strong>probata</strong></span> <span class='ocrx_word' id='word_1_246' title='bbox 759 2843 937 2902; x_wconf 86' lang='lat' dir='ltr'><strong>fuerit</strong></span> <span class='ocrx_word' id='word_1_247' title='bbox 969 2849 1026 2902; x_wconf 93' lang='lat' dir='ltr'><strong>in</strong></span> <span class='ocrx_word' id='word_1_248' title='bbox 1051 2843 1379 2921; x_wconf 87' lang='lat' dir='ltr'><strong>virginitate</strong></span> <span class='ocrx_word' id='word_1_249' title='bbox 1407 2853 1703 2923; x_wconf 84' lang='lat' dir='ltr'><strong>sexaginta</strong></span> <span class='ocrx_word' id='word_1_250' title='bbox 1731 2843 2033 2906; x_wconf 88' lang='lat' dir='ltr'><strong>annorum.</strong></span> <span class='ocrx_word' id='word_1_251' title='bbox 2070 2869 2096 2898; x_wconf 72' lang='grc' dir='ltr'><strong><em>υ</em></strong></span> 
     </span>
    </p>
   </div>
   <div class='ocr_carea' id='block_1_39' title="bbox 1170 2956 1490 3014">
    <p class='ocr_par' dir='ltr' id='par_1_39' title="bbox 1170 2956 1490 3014">
     <span class='ocr_line' id='line_1_40' title="bbox 1170 2956 1490 3014; baseline -0.003 -2"><span class='ocrx_word' id='word_1_252' title='bbox 1170 2956 1490 3014; x_wconf 80' lang='lat' dir='ltr'><strong>CIACONII.</strong></span> 
     </span>
    </p>
   </div>
   <div class='ocr_carea' id='block_1_40' title="bbox 567 3061 2138 3134">
    <p class='ocr_par' dir='ltr' id='par_1_40' title="bbox 567 3061 2138 3134">
     <span class='ocr_line' id='line_1_41' title="bbox 567 3061 2138 3134; baseline 0.003 -18"><span class='ocrx_word' id='word_1_253' title='bbox 567 3061 738 3117; x_wconf 87' lang='lat' dir='ltr'><strong>Linea</strong></span> <span class='ocrx_word' id='word_1_254' title='bbox 761 3061 813 3118; x_wconf 89' lang='lat'><strong>6.</strong></span> <span class='ocrx_word' id='word_1_255' title='bbox 826 3093 898 3104; x_wconf 90' lang='lat'>—</span> <span class='ocrx_word' id='word_1_256' title='bbox 910 3063 1016 3129; x_wconf 85' lang='lat' dir='ltr'><strong>Qui</strong></span> <span class='ocrx_word' id='word_1_257' title='bbox 1022 3067 1183 3120; x_wconf 87' lang='lat' dir='ltr'><strong>etiam</strong></span> <span class='ocrx_word' id='word_1_258' title='bbox 1199 3067 1443 3134; x_wconf 86' lang='lat' dir='ltr'><strong>sepultus</strong></span> <span class='ocrx_word' id='word_1_259' title='bbox 1453 3067 1598 3120; x_wconf 80' lang='lat' dir='ltr'><strong>estin</strong></span> <span class='ocrx_word' id='word_1_260' title='bbox 1611 3069 1902 3120; x_wconf 72' lang='lat' dir='ltr'><strong>cmmeterio</strong></span> <span class='ocrx_word' id='word_1_261' title='bbox 1915 3066 1988 3120; x_wconf 91' lang='lat' dir='ltr'><strong>Ca</strong></span> <span class='ocrx_word' id='word_1_262' title='bbox 1995 3066 2138 3132; x_wconf 74' lang='lat' dir='ltr'><strong>limti,</strong></span> 
     </span>
    </p>
   </div>
   <div class='ocr_carea' id='block_1_41' title="bbox 495 3133 2142 3208">
    <p class='ocr_par' dir='ltr' id='par_1_41' title="bbox 495 3133 2142 3208">
     <span class='ocr_line' id='line_1_42' title="bbox 495 3133 2142 3208; baseline 0.004 -23"><span class='ocrx_word' id='word_1_263' title='bbox 495 3133 585 3208; x_wconf 73' lang='lat' dir='ltr'><strong>uia</strong></span> <span class='ocrx_word' id='word_1_264' title='bbox 599 3135 806 3202; x_wconf 71' lang='lat' dir='ltr'><strong>Appia.</strong></span> <span class='ocrx_word' id='word_1_265' title='bbox 819 3135 1064 3208; x_wconf 81' lang='lat' dir='ltr'><strong>Sanctus</strong></span> <span class='ocrx_word' id='word_1_266' title='bbox 1078 3137 1173 3192; x_wconf 90' lang='lat' dir='ltr'><strong>hic</strong></span> <span class='ocrx_word' id='word_1_267' title='bbox 1196 3133 1352 3206; x_wconf 85' lang='lat' dir='ltr'><strong>ponti</strong></span> <span class='ocrx_word' id='word_1_268' title='bbox 1365 3136 1453 3193; x_wconf 88' lang='lat' dir='ltr'><strong>fex</strong></span> <span class='ocrx_word' id='word_1_269' title='bbox 1467 3139 1730 3206; x_wconf 88' lang='lat' dir='ltr'><strong>sepultus</strong></span> <span class='ocrx_word' id='word_1_270' title='bbox 1741 3145 1828 3192; x_wconf 88' lang='lat' dir='ltr'><strong>est</strong></span> <span class='ocrx_word' id='word_1_271' title='bbox 1844 3139 1936 3192; x_wconf 86' lang='lat' dir='ltr'><strong>via</strong></span> <span class='ocrx_word' id='word_1_272' title='bbox 1960 3137 2142 3208; x_wconf 85' lang='lat' dir='ltr'><strong>Appia</strong></span> 
     </span>
    </p>
   </div>
   <div class='ocr_carea' id='block_1_42' title="bbox 497 3203 2143 3278">
    <p class='ocr_par' dir='ltr' id='par_1_42' title="bbox 497 3203 2143 3278">
     <span class='ocr_line' id='line_1_43' title="bbox 497 3203 2143 3278; baseline 0.004 -22"><span class='ocrx_word' id='word_1_273' title='bbox 497 3203 554 3258; x_wconf 91' lang='lat' dir='ltr'><strong>in</strong></span> <span class='ocrx_word' id='word_1_274' title='bbox 606 3207 950 3278; x_wconf 62' lang='lat' dir='ltr'><strong>(&#39;mmeterio,</strong></span> <span class='ocrx_word' id='word_1_275' title='bbox 1006 3209 1154 3278; x_wconf 86' lang='lat' dir='ltr'><strong>quod</strong></span> <span class='ocrx_word' id='word_1_276' title='bbox 1196 3203 1326 3278; x_wconf 81' lang='lat' dir='ltr'><strong>ipse</strong></span> <span class='ocrx_word' id='word_1_277' title='bbox 1361 3203 1680 3274; x_wconf 74' lang='lat' dir='ltr'><strong>contrusit,</strong></span> <span class='ocrx_word' id='word_1_278' title='bbox 1713 3216 1769 3264; x_wconf 90' lang='lat' dir='ltr'><strong>et</strong></span> <span class='ocrx_word' id='word_1_279' title='bbox 1809 3203 2143 3278; x_wconf 50' lang='lat' dir='ltr'><strong>Soteris‘de</strong></span> 
     </span>
    </p>
   </div>
   <div class='ocr_carea' id='block_1_43' title="bbox 496 3277 2142 3351">
    <p class='ocr_par' dir='ltr' id='par_1_43' title="bbox 496 3277 2142 3351">
     <span class='ocr_line' id='line_1_44' title="bbox 496 3277 2142 3351; baseline 0.004 -22"><span class='ocrx_word' id='word_1_280' title='bbox 496 3277 728 3351; x_wconf 79' lang='lat' dir='ltr'><strong>nomine</strong></span> <span class='ocrx_word' id='word_1_281' title='bbox 782 3291 892 3351; x_wconf 87' lang='lat' dir='ltr'><strong>suo</strong></span> <span class='ocrx_word' id='word_1_282' title='bbox 915 3277 1270 3351; x_wconf 75' lang='lat' dir='ltr'><strong>appellatum</strong></span> <span class='ocrx_word' id='word_1_283' title='bbox 1317 3289 1424 3351; x_wconf 90' lang='lat' dir='ltr'><strong>est,</strong></span> <span class='ocrx_word' id='word_1_284' title='bbox 1458 3294 1621 3350; x_wconf 91' lang='lat' dir='ltr'><strong>quem</strong></span> <span class='ocrx_word' id='word_1_285' title='bbox 1659 3288 1785 3350; x_wconf 90' lang='lat' dir='ltr'><strong>post</strong></span> <span class='ocrx_word' id='word_1_286' title='bbox 1826 3293 2009 3336; x_wconf 88' lang='lat' dir='ltr'><strong>annos</strong></span> <span class='ocrx_word' id='word_1_287' title='bbox 2037 3277 2142 3336; x_wconf 85' lang='lat'><strong>670</strong></span> 
     </span>
    </p>
   </div>
   <div class='ocr_carea' id='block_1_44' title="bbox 493 3345 2140 3420">
    <p class='ocr_par' dir='ltr' id='par_1_44' title="bbox 493 3345 2140 3420">
     <span class='ocr_line' id='line_1_45' title="bbox 493 3345 2140 3420; baseline 0.004 -21"><span class='ocrx_word' id='word_1_288' title='bbox 493 3345 724 3420; x_wconf 75' lang='lat' dir='ltr'><strong>Sergius</strong></span> <span class='ocrx_word' id='word_1_289' title='bbox 743 3345 1286 3416; x_wconf 53' lang='lat' dir='ltr'><strong>pontifex&#39;lllaximus</strong></span> <span class='ocrx_word' id='word_1_290' title='bbox 1302 3351 1400 3420; x_wconf 83' lang='lat' dir='ltr'><strong>huj</strong></span> <span class='ocrx_word' id='word_1_291' title='bbox 1412 3345 1694 3408; x_wconf 58' lang='lat' dir='ltr'><strong>us&#39;nomi&#39;n</strong></span> <span class='ocrx_word' id='word_1_292' title='bbox 1708 3356 1757 3407; x_wconf 89' lang='lat' dir='ltr'><strong>is</strong></span> <span class='ocrx_word' id='word_1_293' title='bbox 1779 3353 2066 3408; x_wconf 89' lang='lat' dir='ltr'><strong>secundus</strong></span> <span class='ocrx_word' id='word_1_294' title='bbox 2081 3351 2140 3405; x_wconf 92' lang='lat' dir='ltr'><strong>in</strong></span> 
     </span>
    </p>
   </div>
   <div class='ocr_carea' id='block_1_45' title="bbox 497 3419 2144 3492">
    <p class='ocr_par' dir='ltr' id='par_1_45' title="bbox 497 3419 2144 3492">
     <span class='ocr_line' id='line_1_46' title="bbox 497 3419 2144 3492; baseline 0.003 -21"><span class='ocrx_word' id='word_1_295' title='bbox 497 3419 814 3492; x_wconf 76' lang='lat' dir='ltr'><strong>Ecclesium</strong></span> <span class='ocrx_word' id='word_1_296' title='bbox 834 3428 1162 3477; x_wconf 91' lang='lat' dir='ltr'><strong>sanctorum</strong></span> <span class='ocrx_word' id='word_1_297' title='bbox 1193 3419 1466 3492; x_wconf 79' lang='lat' dir='ltr'><strong>Sylvestri</strong></span> <span class='ocrx_word' id='word_1_298' title='bbox 1503 3430 1560 3477; x_wconf 91' lang='lat' dir='ltr'><strong>et</strong></span> <span class='ocrx_word' id='word_1_299' title='bbox 1601 3423 1836 3478; x_wconf 86' lang='lat' dir='ltr'><strong>Martini</strong></span> <span class='ocrx_word' id='word_1_300' title='bbox 1867 3426 1926 3476; x_wconf 89' lang='lat' dir='ltr'><strong>iu</strong></span> <span class='ocrx_word' id='word_1_301' title='bbox 1973 3435 2144 3478; x_wconf 91' lang='lat' dir='ltr'><strong>mon-</strong></span> 
     </span>
    </p>
   </div>
   <div class='ocr_carea' id='block_1_46' title="bbox 496 3487 2140 3565">
    <p class='ocr_par' dir='ltr' id='par_1_46' title="bbox 496 3487 2140 3565">
     <span class='ocr_line' id='line_1_47' title="bbox 496 3487 2140 3565; baseline 0.004 -24"><span class='ocrx_word' id='word_1_302' title='bbox 496 3487 651 3565; x_wconf 80' lang='lat' dir='ltr'><strong>tibus</strong></span> <span class='ocrx_word' id='word_1_303' title='bbox 677 3489 1096 3565; x_wconf 76' lang='lat' dir='ltr'><strong>tituloequitii</strong></span> <span class='ocrx_word' id='word_1_304' title='bbox 1125 3487 1458 3549; x_wconf 84' lang='lat' dir='ltr'><strong>transtulit:</strong></span> <span class='ocrx_word' id='word_1_305' title='bbox 1492 3502 1557 3550; x_wconf 90' lang='lat' dir='ltr'><strong>ut</strong></span> <span class='ocrx_word' id='word_1_306' title='bbox 1584 3507 1652 3548; x_wconf 88' lang='lat' dir='ltr'><strong>ex</strong></span> <span class='ocrx_word' id='word_1_307' title='bbox 1678 3493 1914 3565; x_wconf 88' lang='lat' dir='ltr'><strong>antiqua</strong></span> <span class='ocrx_word' id='word_1_308' title='bbox 1944 3493 2026 3548; x_wconf 91' lang='lat' dir='ltr'><strong>ibi</strong></span> <span class='ocrx_word' id='word_1_309' title='bbox 2059 3495 2140 3548; x_wconf 91' lang='lat' dir='ltr'><strong>in-</strong></span> 
     </span>
    </p>
   </div>
   <div class='ocr_carea' id='block_1_47' title="bbox 493 3559 1040 3634">
    <p class='ocr_par' dir='ltr' id='par_1_47' title="bbox 493 3559 1040 3634">
     <span class='ocr_line' id='line_1_48' title="bbox 493 3559 1040 3634; baseline 0.009 -21"><span class='ocrx_word' id='word_1_310' title='bbox 493 3559 802 3630; x_wconf 90' lang='lat' dir='ltr'><strong>scriptione</strong></span> <span class='ocrx_word' id='word_1_311' title='bbox 829 3559 1040 3634; x_wconf 78' lang='lat' dir='ltr'><strong>liquet.</strong></span> 
     </span>
    </p>
   </div>
   <div class='ocr_carea' id='block_1_48' title="bbox 1241 3656 1447 3712">
    <p class='ocr_par' dir='ltr' id='par_1_48' title="bbox 1241 3656 1447 3712">
     <span class='ocr_line' id='line_1_49' title="bbox 1241 3656 1447 3712; baseline 0 -3"><span class='ocrx_word' id='word_1_312' title='bbox 1241 3656 1447 3712; x_wconf 85' lang='lat' dir='ltr'><strong>PAGIl.</strong></span> 
     </span>
    </p>
   </div>
   <div class='ocr_carea' id='block_1_49' title="bbox 566 3737 2142 3814">
    <p class='ocr_par' dir='ltr' id='par_1_49' title="bbox 566 3737 2142 3814">
     <span class='ocr_line' id='line_1_50' title="bbox 566 3737 2142 3814; baseline 0.005 -21"><span class='ocrx_word' id='word_1_313' title='bbox 566 3737 738 3796; x_wconf 84' lang='lat' dir='ltr'><strong>Linea</strong></span> <span class='ocrx_word' id='word_1_314' title='bbox 767 3737 816 3794; x_wconf 79' lang='grc'><strong>4.</strong></span> <span class='ocrx_word' id='word_1_315' title='bbox 869 3771 938 3782; x_wconf 91' lang='grc'><strong>--</strong></span> <span class='ocrx_word' id='word_1_316' title='bbox 962 3742 1135 3798; x_wconf 86' lang='lat' dir='ltr'><strong>Soter.</strong></span> <span class='ocrx_word' id='word_1_317' title='bbox 1162 3745 1240 3800; x_wconf 91' lang='lat' dir='ltr'><strong>De</strong></span> <span class='ocrx_word' id='word_1_318' title='bbox 1282 3744 1496 3814; x_wconf 89' lang='lat' dir='ltr'><strong>Sotere,</strong></span> <span class='ocrx_word' id='word_1_319' title='bbox 1531 3748 1589 3800; x_wconf 90' lang='lat' dir='ltr'><strong>et</strong></span> <span class='ocrx_word' id='word_1_320' title='bbox 1617 3744 1867 3800; x_wconf 85' lang='lat' dir='ltr'><strong>Ecclesia</strong></span> <span class='ocrx_word' id='word_1_321' title='bbox 1893 3745 2142 3801; x_wconf 83' lang='lat' dir='ltr'><strong>Romana</strong></span> 
     </span>
    </p>
   </div>
   <div class='ocr_carea' id='block_1_50' title="bbox 495 3808 2141 3886">
    <p class='ocr_par' dir='ltr' id='par_1_50' title="bbox 495 3808 2141 3886">
     <span class='ocr_line' id='line_1_51' title="bbox 495 3808 2141 3886; baseline 0.005 -22"><span class='ocrx_word' id='word_1_322' title='bbox 495 3808 937 3886; x_wconf 31' lang='lat' dir='ltr'><strong>illustre‘exstat</strong></span> <span class='ocrx_word' id='word_1_323' title='bbox 969 3816 1364 3886; x_wconf 86' lang='lat' dir='ltr'><strong>testimonium</strong></span> <span class='ocrx_word' id='word_1_324' title='bbox 1399 3808 1664 3886; x_wconf 85' lang='lat' dir='ltr'><strong>Dionysii</strong></span> <span class='ocrx_word' id='word_1_325' title='bbox 1704 3815 2141 3873; x_wconf 87' lang='lat' dir='ltr'><strong>Corinthiorum</strong></span> 
     </span>
    </p>
   </div>
   <div class='ocr_carea' id='block_1_51' title="bbox 493 3881 2142 3956">
    <p class='ocr_par' dir='ltr' id='par_1_51' title="bbox 493 3881 2142 3956">
     <span class='ocr_line' id='line_1_52' title="bbox 493 3881 2142 3956; baseline 0.006 -23"><span class='ocrx_word' id='word_1_326' title='bbox 493 3881 768 3956; x_wconf 60' lang='lat' dir='ltr'><strong>episcopi.</strong></span> <span class='ocrx_word' id='word_1_327' title='bbox 793 3885 929 3937; x_wconf 90' lang='lat' dir='ltr'><strong>Cum</strong></span> <span class='ocrx_word' id='word_1_328' title='bbox 949 3885 1100 3939; x_wconf 91' lang='lat' dir='ltr'><strong>enim</strong></span> <span class='ocrx_word' id='word_1_329' title='bbox 1120 3887 1372 3941; x_wconf 85' lang='lat' dir='ltr'><strong>Ecclesia</strong></span> <span class='ocrx_word' id='word_1_330' title='bbox 1392 3881 1641 3942; x_wconf 77' lang='lat' dir='ltr'><strong>Romana</strong></span> <span class='ocrx_word' id='word_1_331' title='bbox 1665 3893 1812 3942; x_wconf 83' lang='lat' dir='ltr'><strong>esset</strong></span> <span class='ocrx_word' id='word_1_332' title='bbox 1832 3887 2142 3956; x_wconf 90' lang='lat' dir='ltr'><strong>opulentis-</strong></span> 
     </span>
    </p>
   </div>
   <div class='ocr_carea' id='block_1_52' title="bbox 494 3951 2141 4027">
    <p class='ocr_par' dir='ltr' id='par_1_52' title="bbox 494 3951 2141 4027">
     <span class='ocr_line' id='line_1_53' title="bbox 494 3951 2141 4027; baseline 0.007 -24"><span class='ocrx_word' id='word_1_333' title='bbox 494 3963 662 4027; x_wconf 80' lang='lat' dir='ltr'><strong>sima,</strong></span> <span class='ocrx_word' id='word_1_334' title='bbox 695 3951 940 4027; x_wconf 87' lang='lat' dir='ltr'><strong>aliarum</strong></span> <span class='ocrx_word' id='word_1_335' title='bbox 967 3957 1338 4027; x_wconf 82' lang='lat' dir='ltr'><strong>ecclesiarum</strong></span> <span class='ocrx_word' id='word_1_336' title='bbox 1375 3959 1624 4027; x_wconf 91' lang='lat' dir='ltr'><strong>inopiam</strong></span> <span class='ocrx_word' id='word_1_337' title='bbox 1661 3951 2008 4014; x_wconf 84' lang='lat' dir='ltr'><strong>liberalitate</strong></span> <span class='ocrx_word' id='word_1_338' title='bbox 2037 3973 2141 4014; x_wconf 89' lang='lat' dir='ltr'><strong>sua</strong></span> 
     </span>
    </p>
   </div>
   <div class='ocr_carea' id='block_1_53' title="bbox 495 4020 2142 4090">
    <p class='ocr_par' dir='ltr' id='par_1_53' title="bbox 495 4020 2142 4090">
     <span class='ocr_line' id='line_1_54' title="bbox 495 4020 2142 4090; baseline 0.006 -16"><span class='ocrx_word' id='word_1_339' title='bbox 495 4020 846 4090; x_wconf 89' lang='lat' dir='ltr'><strong>sublevabat,</strong></span> <span class='ocrx_word' id='word_1_340' title='bbox 891 4031 946 4080; x_wconf 90' lang='lat' dir='ltr'><strong>et</strong></span> <span class='ocrx_word' id='word_1_341' title='bbox 977 4025 1254 4082; x_wconf 88' lang='lat' dir='ltr'><strong>fratribus</strong></span> <span class='ocrx_word' id='word_1_342' title='bbox 1274 4031 1342 4083; x_wconf 89' lang='lat' dir='ltr'><strong>ad</strong></span> <span class='ocrx_word' id='word_1_343' title='bbox 1386 4020 1678 4084; x_wconf 77' lang='lat' dir='ltr'><strong>metallum</strong></span> <span class='ocrx_word' id='word_1_344' title='bbox 1703 4031 2012 4089; x_wconf 87' lang='lat' dir='ltr'><strong>damnatis.</strong></span> <span class='ocrx_word' id='word_1_345' title='bbox 2039 4037 2142 4085; x_wconf 88' lang='lat' dir='ltr'><strong>aut</strong></span> 
     </span>
    </p>
   </div>
   <div class='ocr_carea' id='block_1_54' title="bbox 497 4093 2140 4163">
    <p class='ocr_par' dir='ltr' id='par_1_54' title="bbox 497 4093 2140 4163">
     <span class='ocr_line' id='line_1_55' title="bbox 497 4093 2140 4163; baseline 0.007 -18"><span class='ocrx_word' id='word_1_346' title='bbox 497 4093 558 4146; x_wconf 92' lang='lat' dir='ltr'><strong>in</strong></span> <span class='ocrx_word' id='word_1_347' title='bbox 583 4094 856 4149; x_wconf 86' lang='lat' dir='ltr'><strong>exsilium</strong></span> <span class='ocrx_word' id='word_1_348' title='bbox 884 4098 1096 4163; x_wconf 88' lang='lat' dir='ltr'><strong>missis,</strong></span> <span class='ocrx_word' id='word_1_349' title='bbox 1129 4099 1402 4155; x_wconf 88' lang='lat' dir='ltr'><strong>alimenta</strong></span> <span class='ocrx_word' id='word_1_350' title='bbox 1428 4107 1485 4154; x_wconf 89' lang='lat' dir='ltr'><strong>et</strong></span> <span class='ocrx_word' id='word_1_351' title='bbox 1517 4113 1748 4155; x_wconf 73' lang='lat' dir='ltr'><strong>munera</strong></span> <span class='ocrx_word' id='word_1_352' title='bbox 1800 4100 2140 4156; x_wconf 87' lang='lat' dir='ltr'><strong>submittere</strong></span> 
     </span>
    </p>
   </div>
   <div class='ocr_carea' id='block_1_55' title="bbox 493 4172 2136 4240">
    <p class='ocr_par' dir='ltr' id='par_1_55' title="bbox 493 4172 2136 4240">
     <span class='ocr_line' id='line_1_56' title="bbox 493 4172 2136 4240; baseline 0.007 -25"><span class='ocrx_word' id='word_1_353' title='bbox 493 4172 1106 4240; x_wconf 63' lang='lat' dir='ltr'><strong>consueverat,_quein</strong></span> <span class='ocrx_word' id='word_1_354' title='bbox 1156 4185 1374 4240; x_wconf 76' lang='lat' dir='ltr'><strong>morem,</strong></span> <span class='ocrx_word' id='word_1_355' title='bbox 1426 4173 1620 4236; x_wconf 85' lang='lat' dir='ltr'><strong>inquit</strong></span> <span class='ocrx_word' id='word_1_356' title='bbox 1648 4173 1960 4240; x_wconf 63' lang='lat' dir='ltr'><strong>Dionysius</strong></span> <span class='ocrx_word' id='word_1_357' title='bbox 1986 4173 2136 4240; x_wconf 89' lang='lat' dir='ltr'><strong>apud</strong></span> 
     </span>
    </p>
   </div>
   <div class='ocr_carea' id='block_1_56' title="bbox 495 4233 2140 4310">
    <p class='ocr_par' dir='ltr' id='par_1_56' title="bbox 495 4233 2140 4310">
     <span class='ocr_line' id='line_1_57' title="bbox 495 4233 2140 4310; baseline 0.005 -25"><span class='ocrx_word' id='word_1_358' title='bbox 495 4233 829 4310; x_wconf 69' lang='lat' dir='ltr'><strong>Eusebium,</strong></span> <span class='ocrx_word' id='word_1_359' title='bbox 861 4233 974 4291; x_wconf 62' lang='lat' dir='ltr'><strong>lib:</strong></span> <span class='ocrx_word' id='word_1_360' title='bbox 1021 4254 1094 4296; x_wconf 87' lang='lat' dir='ltr'><strong>iv,</strong></span> <span class='ocrx_word' id='word_1_361' title='bbox 1127 4255 1250 4308; x_wconf 89' lang='lat' dir='ltr'><strong>cap.</strong></span> <span class='ocrx_word' id='word_1_362' title='bbox 1271 4233 1366 4307; x_wconf 71' lang='lat'><strong>23,</strong></span> <span class='ocrx_word' id='word_1_363' title='bbox 1393 4262 1416 4292; x_wconf 83' lang='grc' dir='ltr'><strong>α</strong></span> <span class='ocrx_word' id='word_1_364' title='bbox 1443 4233 1638 4296; x_wconf 78' lang='lat' dir='ltr'><strong>Beatus</strong></span> <span class='ocrx_word' id='word_1_365' title='bbox 1669 4233 1945 4310; x_wconf 70' lang='lat' dir='ltr'><strong>episeopus</strong></span> <span class='ocrx_word' id='word_1_366' title='bbox 1965 4233 2140 4296; x_wconf 76' lang='lat' dir='ltr'><strong>vester</strong></span> 
     </span>
    </p>
   </div>
   <div class='ocr_carea' id='block_1_57' title="bbox 493 4303 2134 4380">
    <p class='ocr_par' dir='ltr' id='par_1_57' title="bbox 493 4303 2134 4380">
     <span class='ocr_line' id='line_1_58' title="bbox 493 4303 2134 4380; baseline 0.004 -21"><span class='ocrx_word' id='word_1_367' title='bbox 493 4303 649 4359; x_wconf 80' lang='lat' dir='ltr'><strong>Soter</strong></span> <span class='ocrx_word' id='word_1_368' title='bbox 676 4321 785 4359; x_wconf 87' lang='lat' dir='ltr'><strong>non</strong></span> <span class='ocrx_word' id='word_1_369' title='bbox 815 4314 1050 4363; x_wconf 75' lang='lat' dir='ltr'><strong>servavit</strong></span> <span class='ocrx_word' id='word_1_370' title='bbox 1084 4303 1275 4377; x_wconf 77' lang='lat' dir='ltr'><strong>solum,</strong></span> <span class='ocrx_word' id='word_1_371' title='bbox 1308 4303 1495 4366; x_wconf 78' lang='lat' dir='ltr'><strong>verum</strong></span> <span class='ocrx_word' id='word_1_372' title='bbox 1523 4303 1950 4367; x_wconf 58' lang='lat' dir='ltr'><strong>etianfadazlwit</strong></span> <span class='ocrx_word' id='word_1_373' title='bbox 1981 4331 1998 4380; x_wconf 88' lang='lat'><strong><em>;</em></strong></span> <span class='ocrx_word' id='word_1_374' title='bbox 2023 4320 2134 4368; x_wconf 83' lang='lat' dir='ltr'><strong>tum</strong></span> 
     </span>
    </p>
   </div>
   <div class='ocr_carea' id='block_1_58' title="bbox 493 4382 2137 4452">
    <p class='ocr_par' dir='ltr' id='par_1_58' title="bbox 493 4382 2137 4452">
     <span class='ocr_line' id='line_1_59' title="bbox 493 4382 2137 4452; baseline 0.007 -24"><span class='ocrx_word' id='word_1_375' title='bbox 493 4391 722 4452; x_wconf 76' lang='lat' dir='ltr'><strong>munera</strong></span> <span class='ocrx_word' id='word_1_376' title='bbox 749 4383 954 4433; x_wconf 79' lang='lat' dir='ltr'><strong>sanctis</strong></span> <span class='ocrx_word' id='word_1_377' title='bbox 1003 4382 1274 4436; x_wconf 79' lang='lat' dir='ltr'><strong>destinata</strong></span> <span class='ocrx_word' id='word_1_378' title='bbox 1304 4387 1510 4452; x_wconf 70' lang='lat' dir='ltr'><strong>cepiose</strong></span> <span class='ocrx_word' id='word_1_379' title='bbox 1552 4384 1994 4452; x_wconf 83' lang='lat' dir='ltr'><strong>submmistrans,</strong></span> <span class='ocrx_word' id='word_1_380' title='bbox 2021 4391 2137 4438; x_wconf 89' lang='lat' dir='ltr'><strong>tum</strong></span> 
     </span>
    </p>
   </div>
   <div class='ocr_carea' id='block_1_59' title="bbox 497 4449 2137 4525">
    <p class='ocr_par' dir='ltr' id='par_1_59' title="bbox 497 4449 2137 4525">
     <span class='ocr_line' id='line_1_60' title="bbox 497 4449 2137 4525; baseline 0.006 -26"><span class='ocrx_word' id='word_1_381' title='bbox 497 4449 696 4525; x_wconf 55' lang='lat' dir='ltr'><strong>fiat&#39;res</strong></span> <span class='ocrx_word' id='word_1_382' title='bbox 721 4465 946 4525; x_wconf 71' lang='lat' dir='ltr'><strong>peregre</strong></span> <span class='ocrx_word' id='word_1_383' title='bbox 983 4453 1332 4508; x_wconf 74' lang='lat' dir='ltr'><strong>advenientes</strong></span> <span class='ocrx_word' id='word_1_384' title='bbox 1358 4449 1633 4523; x_wconf 71' lang='lat' dir='ltr'><strong>tanquam</strong></span> <span class='ocrx_word' id='word_1_385' title='bbox 1659 4455 1853 4508; x_wconf 80' lang='lat' dir='ltr'><strong>liberos</strong></span> <span class='ocrx_word' id='word_1_386' title='bbox 1878 4449 2002 4509; x_wconf 79' lang='lat' dir='ltr'><strong>suos</strong></span> <span class='ocrx_word' id='word_1_387' title='bbox 2021 4473 2137 4525; x_wconf 83' lang='lat' dir='ltr'><strong>pa-</strong></span> 
     </span>
    </p>
   </div>
   <div class='ocr_carea' id='block_1_60' title="bbox 493 4523 2138 4581">
    <p class='ocr_par' dir='ltr' id='par_1_60' title="bbox 493 4523 2138 4581">
     <span class='ocr_line' id='line_1_61' title="bbox 493 4523 2138 4581; baseline 0.007 -10"><span class='ocrx_word' id='word_1_388' title='bbox 493 4523 574 4572; x_wconf 80' lang='lat' dir='ltr'><strong>ter</strong></span> <span class='ocrx_word' id='word_1_389' title='bbox 595 4524 1006 4578; x_wconf 87' lang='lat' dir='ltr'><strong>amantissimus</strong></span> <span class='ocrx_word' id='word_1_390' title='bbox 1036 4525 1204 4579; x_wconf 87' lang='lat' dir='ltr'><strong>beatis</strong></span> <span class='ocrx_word' id='word_1_391' title='bbox 1224 4526 1560 4580; x_wconf 81' lang='lat' dir='ltr'><strong>sermonibus</strong></span> <span class='ocrx_word' id='word_1_392' title='bbox 1586 4526 1931 4580; x_wconf 83' lang='lat' dir='ltr'><strong>consolando.</strong></span> <span class='ocrx_word' id='word_1_393' title='bbox 1953 4547 1978 4576; x_wconf 79' lang='lat'><strong><em>»</em></strong></span> <span class='ocrx_word' id='word_1_394' title='bbox 2014 4523 2138 4581; x_wconf 66' lang='lat' dir='ltr'><strong>Haec</strong></span> 
     </span>
    </p>
   </div>
   <div class='ocr_carea' id='block_1_61' title="bbox 493 4592 2140 4666">
    <p class='ocr_par' dir='ltr' id='par_1_61' title="bbox 493 4592 2140 4666">
     <span class='ocr_line' id='line_1_62' title="bbox 493 4592 2140 4666; baseline 0.005 -22"><span class='ocrx_word' id='word_1_395' title='bbox 493 4593 546 4644; x_wconf 76' lang='lat' dir='ltr'><strong>S.</strong></span> <span class='ocrx_word' id='word_1_396' title='bbox 575 4592 887 4666; x_wconf 83' lang='lat' dir='ltr'><strong>Dionysius</strong></span> <span class='ocrx_word' id='word_1_397' title='bbox 913 4596 971 4649; x_wconf 92' lang='lat' dir='ltr'><strong>in</strong></span> <span class='ocrx_word' id='word_1_398' title='bbox 1010 4596 1254 4666; x_wconf 85' lang='lat' dir='ltr'><strong>epistola</strong></span> <span class='ocrx_word' id='word_1_399' title='bbox 1293 4599 1359 4652; x_wconf 88' lang='lat' dir='ltr'><strong>ad</strong></span> <span class='ocrx_word' id='word_1_400' title='bbox 1395 4600 1673 4652; x_wconf 81' lang='lat' dir='ltr'><strong>Romanos</strong></span> <span class='ocrx_word' id='word_1_401' title='bbox 1702 4598 1862 4653; x_wconf 90' lang='lat' dir='ltr'><strong>data.</strong></span> <span class='ocrx_word' id='word_1_402' title='bbox 1899 4601 1956 4654; x_wconf 92' lang='lat' dir='ltr'><strong>ln</strong></span> <span class='ocrx_word' id='word_1_403' title='bbox 1987 4599 2140 4654; x_wconf 91' lang='lat' dir='ltr'><strong>hunc</strong></span> 
     </span>
    </p>
   </div>
   <div class='ocr_carea' id='block_1_62' title="bbox 495 4663 2142 4741">
    <p class='ocr_par' dir='ltr' id='par_1_62' title="bbox 495 4663 2142 4741">
     <span class='ocr_line' id='line_1_63' title="bbox 495 4663 2142 4741; baseline 0.004 -24"><span class='ocrx_word' id='word_1_404' title='bbox 495 4676 661 4741; x_wconf 88' lang='lat' dir='ltr'><strong>usum</strong></span> <span class='ocrx_word' id='word_1_405' title='bbox 689 4663 1162 4741; x_wconf 62' lang='lat' dir='ltr'><strong>ﬁebantcollectae</strong></span> <span class='ocrx_word' id='word_1_406' title='bbox 1185 4671 1243 4723; x_wconf 92' lang='lat' dir='ltr'><strong>in</strong></span> <span class='ocrx_word' id='word_1_407' title='bbox 1268 4669 1518 4724; x_wconf 85' lang='lat' dir='ltr'><strong>Ecclesia</strong></span> <span class='ocrx_word' id='word_1_408' title='bbox 1541 4671 1808 4738; x_wconf 78' lang='lat' dir='ltr'><strong>Romana,</strong></span> <span class='ocrx_word' id='word_1_409' title='bbox 1827 4671 1898 4741; x_wconf 78' lang='lat' dir='ltr'><strong>de</strong></span> <span class='ocrx_word' id='word_1_410' title='bbox 1925 4671 2142 4741; x_wconf 89' lang='lat' dir='ltr'><strong>quibus</strong></span> 
     </span>
    </p>
   </div>
   <div class='ocr_carea' id='block_1_63' title="bbox 492 4737 2145 4810">
    <p class='ocr_par' dir='ltr' id='par_1_63' title="bbox 492 4737 2145 4810">
     <span class='ocr_line' id='line_1_64' title="bbox 492 4737 2145 4810; baseline 0.006 -23"><span class='ocrx_word' id='word_1_411' title='bbox 492 4739 719 4810; x_wconf 78' lang='lat' dir='ltr'><strong>exstant</strong></span> <span class='ocrx_word' id='word_1_412' title='bbox 743 4737 968 4806; x_wconf 87' lang='lat' dir='ltr'><strong>aliquot</strong></span> <span class='ocrx_word' id='word_1_413' title='bbox 995 4740 1047 4794; x_wconf 92' lang='lat' dir='ltr'><strong>S.</strong></span> <span class='ocrx_word' id='word_1_414' title='bbox 1094 4741 1296 4796; x_wconf 88' lang='lat' dir='ltr'><strong>Leonis</strong></span> <span class='ocrx_word' id='word_1_415' title='bbox 1324 4755 1480 4810; x_wconf 68' lang='lat' dir='ltr'><strong>papa:</strong></span> <span class='ocrx_word' id='word_1_416' title='bbox 1510 4737 1820 4796; x_wconf 88' lang='lat' dir='ltr'><strong>sermones.</strong></span> <span class='ocrx_word' id='word_1_417' title='bbox 1852 4737 1988 4809; x_wconf 67' lang='lat' dir='ltr'><strong>Quae</strong></span> <span class='ocrx_word' id='word_1_418' title='bbox 2013 4743 2145 4797; x_wconf 87' lang='lat' dir='ltr'><strong>lau-</strong></span> 
     </span>
    </p>
   </div>
   <div class='ocr_carea' id='block_1_64' title="bbox 493 4805 2141 4882">
    <p class='ocr_par' dir='ltr' id='par_1_64' title="bbox 493 4805 2141 4882">
     <span class='ocr_line' id='line_1_65' title="bbox 493 4805 2141 4882; baseline 0.005 -21"><span class='ocrx_word' id='word_1_419' title='bbox 493 4805 1098 4882; x_wconf 37' lang='lat' dir='ltr'><strong>dabiliscou’suetudo</strong></span> <span class='ocrx_word' id='word_1_420' title='bbox 1121 4813 1234 4879; x_wconf 86' lang='lat' dir='ltr'><strong>jam</strong></span> <span class='ocrx_word' id='word_1_421' title='bbox 1271 4805 1462 4867; x_wconf 57' lang='lat' dir='ltr'><strong>in&#39;ile&#39;a</strong></span> <span class='ocrx_word' id='word_1_422' title='bbox 1515 4813 1716 4882; x_wconf 89' lang='lat' dir='ltr'><strong>primis</strong></span> <span class='ocrx_word' id='word_1_423' title='bbox 1753 4805 2141 4882; x_wconf 78' lang='lat' dir='ltr'><strong>apostolorum</strong></span> 
     </span>
    </p>
   </div>
   <div class='ocr_carea' id='block_1_65' title="bbox 495 4876 2146 4953">
    <p class='ocr_par' dir='ltr' id='par_1_65' title="bbox 495 4876 2146 4953">
     <span class='ocr_line' id='line_1_66' title="bbox 495 4876 2146 4953; baseline 0.004 -21"><span class='ocrx_word' id='word_1_424' title='bbox 495 4883 602 4953; x_wconf 70' lang='lat' dir='ltr'><strong>tem</strong></span> <span class='ocrx_word' id='word_1_425' title='bbox 614 4876 847 4953; x_wconf 81' lang='lat' dir='ltr'><strong>poribus</strong></span> <span class='ocrx_word' id='word_1_426' title='bbox 868 4876 1152 4952; x_wconf 78' lang='lat' dir='ltr'><strong>instituta,</strong></span> <span class='ocrx_word' id='word_1_427' title='bbox 1173 4883 1228 4937; x_wconf 90' lang='lat' dir='ltr'><strong>iu</strong></span> <span class='ocrx_word' id='word_1_428' title='bbox 1247 4876 1528 4953; x_wconf 80' lang='lat' dir='ltr'><strong>postrema</strong></span> <span class='ocrx_word' id='word_1_429' title='bbox 1553 4887 1724 4939; x_wconf 85' lang='lat' dir='ltr'><strong>etiam</strong></span> <span class='ocrx_word' id='word_1_430' title='bbox 1750 4876 2146 4952; x_wconf 79' lang='lat' dir='ltr'><strong>persecutione</strong></span> 
     </span>
    </p>
   </div>
   <div class='ocr_carea' id='block_1_66' title="bbox 491 4951 2146 5024">
    <p class='ocr_par' dir='ltr' id='par_1_66' title="bbox 491 4951 2146 5024">
     <span class='ocr_line' id='line_1_67' title="bbox 491 4951 2146 5024; baseline 0.002 -18"><span class='ocrx_word' id='word_1_431' title='bbox 491 4951 842 5024; x_wconf 80' lang='lat' dir='ltr'><strong>Diocletiani</strong></span> <span class='ocrx_word' id='word_1_432' title='bbox 877 4959 1102 5008; x_wconf 87' lang='lat' dir='ltr'><strong>servata</strong></span> <span class='ocrx_word' id='word_1_433' title='bbox 1142 4951 1261 5018; x_wconf 60' lang='lat' dir='ltr'><strong>est,</strong></span> <span class='ocrx_word' id='word_1_434' title='bbox 1289 4959 1350 5010; x_wconf 92' lang='lat' dir='ltr'><strong>ut</strong></span> <span class='ocrx_word' id='word_1_435' title='bbox 1379 4955 1481 5010; x_wconf 88' lang='lat' dir='ltr'><strong>lib.</strong></span> <span class='ocrx_word' id='word_1_436' title='bbox 1520 4969 1591 5017; x_wconf 84' lang='lat' dir='ltr'><strong>iv,</strong></span> <span class='ocrx_word' id='word_1_437' title='bbox 1621 4951 1865 5024; x_wconf 27' lang='lat' dir='ltr'><strong>cap.’23,</strong></span> <span class='ocrx_word' id='word_1_438' title='bbox 1902 4964 2146 5012; x_wconf 88' lang='lat' dir='ltr'><strong>testatur</strong></span> 
     </span>
    </p>
   </div>
   <div class='ocr_carea' id='block_1_67' title="bbox 493 5023 2146 5095">
    <p class='ocr_par' dir='ltr' id='par_1_67' title="bbox 493 5023 2146 5095">
     <span class='ocr_line' id='line_1_68' title="bbox 493 5023 2146 5095; baseline 0.004 -19"><span class='ocrx_word' id='word_1_439' title='bbox 493 5023 797 5095; x_wconf 81' lang='lat' dir='ltr'><strong>Eusebius.</strong></span> <span class='ocrx_word' id='word_1_440' title='bbox 815 5023 938 5093; x_wconf 89' lang='lat' dir='ltr'><strong>Quo</strong></span> <span class='ocrx_word' id='word_1_441' title='bbox 959 5031 1216 5095; x_wconf 78' lang='lat' dir='ltr'><strong>tempore</strong></span> <span class='ocrx_word' id='word_1_442' title='bbox 1243 5025 1495 5082; x_wconf 86' lang='lat' dir='ltr'><strong>Ecclesia</strong></span> <span class='ocrx_word' id='word_1_443' title='bbox 1512 5023 1765 5082; x_wconf 82' lang='lat' dir='ltr'><strong>Romana</strong></span> <span class='ocrx_word' id='word_1_444' title='bbox 1791 5027 2146 5082; x_wconf 85' lang='lat' dir='ltr'><strong>Christianis</strong></span> 
     </span>
    </p>
   </div>
   <div class='ocr_carea' id='block_1_68' title="bbox 491 5094 2146 5168">
    <p class='ocr_par' dir='ltr' id='par_1_68' title="bbox 491 5094 2146 5168">
     <span class='ocr_line' id='line_1_69' title="bbox 491 5094 2146 5168; baseline 0.004 -21"><span class='ocrx_word' id='word_1_445' title='bbox 491 5094 823 5168; x_wconf 39' lang='lat' dir='ltr'><strong>adhmetalla</strong></span> <span class='ocrx_word' id='word_1_446' title='bbox 877 5094 1207 5164; x_wconf 66' lang='lat' dir='ltr'><strong>Palaestinae,</strong></span> <span class='ocrx_word' id='word_1_447' title='bbox 1257 5105 1312 5153; x_wconf 91' lang='lat' dir='ltr'><strong>et</strong></span> <span class='ocrx_word' id='word_1_448' title='bbox 1361 5113 1460 5167; x_wconf 89' lang='lat' dir='ltr'><strong>per</strong></span> <span class='ocrx_word' id='word_1_449' title='bbox 1503 5097 1804 5168; x_wconf 66' lang='lat' dir='ltr'><strong>JEgyptum</strong></span> <span class='ocrx_word' id='word_1_450' title='bbox 1857 5101 2146 5154; x_wconf 86' lang='lat' dir='ltr'><strong>damnatis</strong></span> 
     </span>
    </p>
   </div>
   <div class='ocr_carea' id='block_1_69' title="bbox 493 5163 2148 5235">
    <p class='ocr_par' dir='ltr' id='par_1_69' title="bbox 493 5163 2148 5235">
     <span class='ocr_line' id='line_1_70' title="bbox 493 5163 2148 5235; baseline 0.005 -17"><span class='ocrx_word' id='word_1_451' title='bbox 493 5163 762 5220; x_wconf 88' lang='lat' dir='ltr'><strong>collectas</strong></span> <span class='ocrx_word' id='word_1_452' title='bbox 785 5169 1058 5235; x_wconf 90' lang='lat' dir='ltr'><strong>pecunias</strong></span> <span class='ocrx_word' id='word_1_453' title='bbox 1100 5163 1276 5222; x_wconf 84' lang='lat' dir='ltr'><strong>misit.</strong></span> <span class='ocrx_word' id='word_1_454' title='bbox 1311 5163 1387 5223; x_wconf 82' lang='lat' dir='ltr'><strong>De</strong></span> <span class='ocrx_word' id='word_1_455' title='bbox 1420 5170 1524 5224; x_wconf 91' lang='lat' dir='ltr'><strong>hoc</strong></span> <span class='ocrx_word' id='word_1_456' title='bbox 1557 5163 1710 5224; x_wconf 78' lang='lat' dir='ltr'><strong>more</strong></span> <span class='ocrx_word' id='word_1_457' title='bbox 1741 5171 2004 5225; x_wconf 66' lang='lat' dir='ltr'><strong>Romamn</strong></span> <span class='ocrx_word' id='word_1_458' title='bbox 2038 5173 2148 5226; x_wconf 88' lang='lat' dir='ltr'><strong>Ec—</strong></span> 
     </span>
    </p>
   </div>
   <div class='ocr_carea' id='block_1_70' title="bbox 493 5235 2148 5311">
    <p class='ocr_par' dir='ltr' id='par_1_70' title="bbox 493 5235 2148 5311">
     <span class='ocr_line' id='line_1_71' title="bbox 493 5235 2148 5311; baseline 0.005 -24"><span class='ocrx_word' id='word_1_459' title='bbox 493 5235 684 5311; x_wconf 67' lang='lat' dir='ltr'><strong>clesiae</strong></span> <span class='ocrx_word' id='word_1_460' title='bbox 740 5243 944 5306; x_wconf 74' lang='lat' dir='ltr'><strong>pra-ter</strong></span> <span class='ocrx_word' id='word_1_461' title='bbox 996 5240 1334 5308; x_wconf 81' lang='lat' dir='ltr'><strong>Dionysium</strong></span> <span class='ocrx_word' id='word_1_462' title='bbox 1375 5241 1832 5310; x_wconf 89' lang='lat' dir='ltr'><strong>Corinthiorum,</strong></span> <span class='ocrx_word' id='word_1_463' title='bbox 1888 5241 2148 5311; x_wconf 88' lang='lat' dir='ltr'><strong>loquitur</strong></span> 
     </span>
    </p>
   </div>
   <div class='ocr_carea' id='block_1_71' title="bbox 493 5307 2148 5381">
    <p class='ocr_par' dir='ltr' id='par_1_71' title="bbox 493 5307 2148 5381">
     <span class='ocr_line' id='line_1_72' title="bbox 493 5307 2148 5381; baseline 0.005 -21"><span class='ocrx_word' id='word_1_464' title='bbox 493 5307 662 5362; x_wconf 91' lang='lat' dir='ltr'><strong>etiam</strong></span> <span class='ocrx_word' id='word_1_465' title='bbox 688 5311 1000 5379; x_wconf 85' lang='lat' dir='ltr'><strong>Dionysius</strong></span> <span class='ocrx_word' id='word_1_466' title='bbox 1035 5307 1458 5366; x_wconf 73' lang='lat' dir='ltr'><strong>AleXandriuus</strong></span> <span class='ocrx_word' id='word_1_467' title='bbox 1493 5311 1548 5366; x_wconf 92' lang='lat' dir='ltr'><strong>in</strong></span> <span class='ocrx_word' id='word_1_468' title='bbox 1568 5307 1894 5381; x_wconf 73' lang='lat' dir='ltr'><strong>epistolaad</strong></span> <span class='ocrx_word' id='word_1_469' title='bbox 1919 5307 2148 5381; x_wconf 76' lang='lat' dir='ltr'><strong>Siepha-</strong></span> 
     </span>
    </p>
   </div>
   <div class='ocr_carea' id='block_1_72' title="bbox 496 5379 2146 5452">
    <p class='ocr_par' dir='ltr' id='par_1_72' title="bbox 496 5379 2146 5452">
     <span class='ocr_line' id='line_1_73' title="bbox 496 5379 2146 5452; baseline 0.005 -22"><span class='ocrx_word' id='word_1_470' title='bbox 496 5390 626 5431; x_wconf 90' lang='lat' dir='ltr'><strong>num</strong></span> <span class='ocrx_word' id='word_1_471' title='bbox 657 5393 877 5450; x_wconf 85' lang='lat' dir='ltr'><strong>papam,</strong></span> <span class='ocrx_word' id='word_1_472' title='bbox 901 5395 1071 5451; x_wconf 87' lang='lat' dir='ltr'><strong>quam</strong></span> <span class='ocrx_word' id='word_1_473' title='bbox 1097 5381 1266 5437; x_wconf 84' lang='lat' dir='ltr'><strong>refert</strong></span> <span class='ocrx_word' id='word_1_474' title='bbox 1293 5382 1686 5438; x_wconf 87' lang='lat' dir='ltr'><strong>Eusebiuslib.</strong></span> <span class='ocrx_word' id='word_1_475' title='bbox 1715 5379 1748 5437; x_wconf 85' lang='lat'><strong>7</strong></span> <span class='ocrx_word' id='word_1_476' title='bbox 1767 5397 1884 5451; x_wconf 85' lang='lat' dir='ltr'><strong>cap.</strong></span> <span class='ocrx_word' id='word_1_477' title='bbox 1911 5382 1946 5439; x_wconf 75' lang='grc' dir='ltr'>ὅ</span> <span class='ocrx_word' id='word_1_478' title='bbox 1963 5379 2146 5452; x_wconf 61' lang='lat' dir='ltr'><strong>syrm-</strong></span> 
     </span>
    </p>
   </div>
   <div class='ocr_carea' id='block_1_73' title="bbox 494 5452 2146 5525">
    <p class='ocr_par' dir='ltr' id='par_1_73' title="bbox 494 5452 2146 5525">
     <span class='ocr_line' id='line_1_74' title="bbox 494 5452 2146 5525; baseline 0.007 -27"><span class='ocrx_word' id='word_1_479' title='bbox 494 5452 1184 5525; x_wconf 60' lang='lat' dir='ltr'><strong>rquuidemprovinciae</strong></span> <span class='ocrx_word' id='word_1_480' title='bbox 1209 5468 1408 5521; x_wconf 87' lang='lat' dir='ltr'><strong>omnes,</strong></span> <span class='ocrx_word' id='word_1_481' title='bbox 1440 5455 1633 5525; x_wconf 89' lang='lat' dir='ltr'><strong>inquit</strong></span> <span class='ocrx_word' id='word_1_482' title='bbox 1661 5455 1997 5525; x_wconf 87' lang='lat' dir='ltr'><strong>Dionysius,</strong></span> <span class='ocrx_word' id='word_1_483' title='bbox 2027 5472 2146 5510; x_wconf 91' lang='lat' dir='ltr'><strong>cum</strong></span> 
     </span>
    </p>
   </div>
   <div class='ocr_carea' id='block_1_74' title="bbox 493 5519 2146 5596">
    <p class='ocr_par' dir='ltr' id='par_1_74' title="bbox 493 5519 2146 5596">
     <span class='ocr_line' id='line_1_75' title="bbox 493 5519 2146 5596; baseline 0.007 -25"><span class='ocrx_word' id='word_1_484' title='bbox 493 5519 726 5596; x_wconf 43' lang='lat' dir='ltr'><strong>(tralata,</strong></span> <span class='ocrx_word' id='word_1_485' title='bbox 761 5519 1292 5596; x_wconf 41' lang='lat' dir='ltr'><strong>quib—asidentidem</strong></span> <span class='ocrx_word' id='word_1_486' title='bbox 1317 5519 1622 5596; x_wconf 70' lang='lat' dir='ltr'><strong>necessaria</strong></span> <span class='ocrx_word' id='word_1_487' title='bbox 1646 5519 2030 5596; x_wconf 39' lang='lat' dir='ltr'><strong>sapiae-(litatis.</strong></span> <span class='ocrx_word' id='word_1_488' title='bbox 2065 5529 2146 5582; x_wconf 85' lang='lat' dir='ltr'><strong>Ita</strong></span> 
     </span>
    </p>
   </div>
   <div class='ocr_carea' id='block_1_75' title="bbox 499 5588 2150 5666">
    <p class='ocr_par' dir='ltr' id='par_1_75' title="bbox 499 5588 2150 5666">
     <span class='ocr_line' id='line_1_76' title="bbox 499 5588 2150 5666; baseline 0.008 -26"><span class='ocrx_word' id='word_1_489' title='bbox 499 5588 841 5666; x_wconf 65' lang='lat' dir='ltr'><strong>Yalcsiusin</strong></span> <span class='ocrx_word' id='word_1_490' title='bbox 887 5595 1042 5666; x_wconf 81' lang='lat' dir='ltr'><strong>notis</strong></span> <span class='ocrx_word' id='word_1_491' title='bbox 1064 5595 1131 5666; x_wconf 89' lang='lat' dir='ltr'><strong>ad</strong></span> <span class='ocrx_word' id='word_1_492' title='bbox 1162 5609 1287 5666; x_wconf 88' lang='lat' dir='ltr'><strong>cap.</strong></span> <span class='ocrx_word' id='word_1_493' title='bbox 1312 5593 1382 5651; x_wconf 74' lang='grc'><strong>23</strong></span> <span class='ocrx_word' id='word_1_494' title='bbox 1403 5597 1538 5652; x_wconf 87' lang='lat' dir='ltr'><strong>libri</strong></span> <span class='ocrx_word' id='word_1_495' title='bbox 1565 5611 1616 5652; x_wconf 89' lang='lat' dir='ltr'><strong>tv</strong></span> <span class='ocrx_word' id='word_1_496' title='bbox 1640 5588 1895 5653; x_wconf 74' lang='lat' dir='ltr'><strong>Eusebii.</strong></span> <span class='ocrx_word' id='word_1_497' title='bbox 1923 5598 2150 5654; x_wconf 90' lang='lat' dir='ltr'><strong>Colitur</strong></span> 
     </span>
    </p>
   </div>
   <div class='ocr_carea' id='block_1_76' title="bbox 491 5659 1220 5734">
    <p class='ocr_par' dir='ltr' id='par_1_76' title="bbox 491 5659 1220 5734">
     <span class='ocr_line' id='line_1_77' title="bbox 491 5659 1220 5734; baseline 0.01 -21"><span class='ocrx_word' id='word_1_498' title='bbox 491 5659 548 5714; x_wconf 80' lang='lat' dir='ltr'><strong>S.</strong></span> <span class='ocrx_word' id='word_1_499' title='bbox 579 5660 742 5715; x_wconf 87' lang='lat' dir='ltr'><strong>Soter</strong></span> <span class='ocrx_word' id='word_1_500' title='bbox 766 5663 860 5718; x_wconf 90' lang='lat' dir='ltr'><strong>die</strong></span> <span class='ocrx_word' id='word_1_501' title='bbox 887 5662 960 5718; x_wconf 67' lang='lat'><strong>“:22</strong></span> <span class='ocrx_word' id='word_1_502' title='bbox 987 5665 1220 5734; x_wconf 86' lang='lat' dir='ltr'><strong>Aprilis.</strong></span> 
     </span>
    </p>
   </div>
   <div class='ocr_carea' id='block_1_77' title="bbox 1151 5755 1482 5812">
    <p class='ocr_par' dir='ltr' id='par_1_77' title="bbox 1151 5755 1482 5812">
     <span class='ocr_line' id='line_1_78' title="bbox 1151 5755 1482 5812; baseline -0.006 0"><span class='ocrx_word' id='word_1_503' title='bbox 1151 5755 1482 5812; x_wconf 78' lang='lat' dir='ltr'><strong>SOMMIER.</strong></span> 
     </span>
    </p>
   </div>
   <div class='ocr_carea' id='block_1_78' title="bbox 566 5840 2148 5914">
    <p class='ocr_par' dir='ltr' id='par_1_78' title="bbox 566 5840 2148 5914">
     <span class='ocr_line' id='line_1_79' title="bbox 566 5840 2148 5914; baseline 0.006 -20"><span class='ocrx_word' id='word_1_504' title='bbox 566 5840 864 5908; x_wconf 82' lang='lat' dir='ltr'><strong>Postquam</strong></span> <span class='ocrx_word' id='word_1_505' title='bbox 887 5840 1151 5894; x_wconf 86' lang='lat' dir='ltr'><strong>Sommier</strong></span> <span class='ocrx_word' id='word_1_506' title='bbox 1189 5845 1283 5900; x_wconf 81' lang='lat' dir='ltr'><strong>lib.</strong></span> <span class='ocrx_word' id='word_1_507' title='bbox 1323 5858 1361 5901; x_wconf 83' lang='grc' dir='ltr'>ιι</span> <span class='ocrx_word' id='word_1_508' title='bbox 1405 5845 1534 5900; x_wconf 87' lang='lat' dir='ltr'><strong>Hist</strong></span> <span class='ocrx_word' id='word_1_509' title='bbox 1578 5845 1898 5914; x_wconf 82' lang='lat' dir='ltr'><strong>dogmaticae</strong></span> <span class='ocrx_word' id='word_1_510' title='bbox 1921 5848 1978 5905; x_wconf 89' lang='lat' dir='ltr'><strong>S.</strong></span> <span class='ocrx_word' id='word_1_511' title='bbox 2003 5849 2148 5903; x_wconf 83' lang='lat' dir='ltr'><strong>sedis</strong></span> 
     </span>
    </p>
   </div>
   <div class='ocr_carea' id='block_1_79' title="bbox 2253 505 3800 574">
    <p class='ocr_par' dir='ltr' id='par_1_79' title="bbox 2253 505 3800 574">
     <span class='ocr_line' id='line_1_80' title="bbox 2253 505 3800 574; baseline 0.003 -17"><span class='ocrx_word' id='word_1_512' title='bbox 2253 507 2408 574; x_wconf 81' lang='lat' dir='ltr'><strong>carpi</strong></span> <span class='ocrx_word' id='word_1_513' title='bbox 2459 511 2509 560; x_wconf 89' lang='lat' dir='ltr'><strong>et</strong></span> <span class='ocrx_word' id='word_1_514' title='bbox 2558 507 2751 560; x_wconf 66' lang='lat' dir='ltr'><strong>Irenwi</strong></span> <span class='ocrx_word' id='word_1_515' title='bbox 2786 522 2918 571; x_wconf 74' lang='lat' dir='ltr'><strong>erga</strong></span> <span class='ocrx_word' id='word_1_516' title='bbox 2957 508 3010 559; x_wconf 84' lang='lat' dir='ltr'><strong>S.</strong></span> <span class='ocrx_word' id='word_1_517' title='bbox 3072 505 3244 559; x_wconf 81' lang='lat' dir='ltr'><strong>sedem</strong></span> <span class='ocrx_word' id='word_1_518' title='bbox 3285 509 3572 572; x_wconf 84' lang='lat' dir='ltr'><strong>Romanam,</strong></span> <span class='ocrx_word' id='word_1_519' title='bbox 3609 508 3717 562; x_wconf 83' lang='lat' dir='ltr'><strong>dum</strong></span> <span class='ocrx_word' id='word_1_520' title='bbox 3748 505 3800 562; x_wconf 73' lang='lat' dir='ltr'><strong>ad</strong></span> 
     </span>
    </p>
   </div>
   <div class='ocr_carea' id='block_1_80' title="bbox 2253 577 3802 646">
    <p class='ocr_par' dir='ltr' id='par_1_80' title="bbox 2253 577 3802 646">
     <span class='ocr_line' id='line_1_81' title="bbox 2253 577 3802 646; baseline 0.004 -18"><span class='ocrx_word' id='word_1_521' title='bbox 2253 577 2492 630; x_wconf 84' lang='lat' dir='ltr'><strong>eamdem</strong></span> <span class='ocrx_word' id='word_1_522' title='bbox 2519 593 2631 632; x_wconf 84' lang='lat' dir='ltr'><strong>sese</strong></span> <span class='ocrx_word' id='word_1_523' title='bbox 2677 580 3004 644; x_wconf 79' lang='lat' dir='ltr'><strong>conferrent,</strong></span> <span class='ocrx_word' id='word_1_524' title='bbox 3058 580 3296 646; x_wconf 74' lang='lat' dir='ltr'><strong>responsi</strong></span> <span class='ocrx_word' id='word_1_525' title='bbox 3319 581 3490 645; x_wconf 80' lang='lat' dir='ltr'><strong>gratia</strong></span> <span class='ocrx_word' id='word_1_526' title='bbox 3523 580 3802 634; x_wconf 72' lang='lat' dir='ltr'><strong>obtinendin-</strong></span> 
     </span>
    </p>
   </div>
   <div class='ocr_carea' id='block_1_81' title="bbox 2252 647 3803 718">
    <p class='ocr_par' dir='ltr' id='par_1_81' title="bbox 2252 647 3803 718">
     <span class='ocr_line' id='line_1_82' title="bbox 2252 647 3803 718; baseline 0.003 -18"><span class='ocrx_word' id='word_1_527' title='bbox 2252 647 2398 701; x_wconf 78' lang='lat' dir='ltr'><strong>Pctri</strong></span> <span class='ocrx_word' id='word_1_528' title='bbox 2435 649 2832 702; x_wconf 79' lang='lat' dir='ltr'><strong>successoribus</strong></span> <span class='ocrx_word' id='word_1_529' title='bbox 2865 663 3028 717; x_wconf 80' lang='lat' dir='ltr'><strong>super</strong></span> <span class='ocrx_word' id='word_1_530' title='bbox 3067 649 3441 718; x_wconf 62' lang='lat' dir='ltr'><strong>quastionibus</strong></span> <span class='ocrx_word' id='word_1_531' title='bbox 3483 649 3541 703; x_wconf 85' lang='lat' dir='ltr'><strong>de</strong></span> <span class='ocrx_word' id='word_1_532' title='bbox 3567 651 3803 718; x_wconf 75' lang='lat' dir='ltr'><strong>disciplina</strong></span> 
     </span>
    </p>
   </div>
   <div class='ocr_carea' id='block_1_82' title="bbox 2254 718 3178 789">
    <p class='ocr_par' dir='ltr' id='par_1_82' title="bbox 2254 718 3178 789">
     <span class='ocr_line' id='line_1_83' title="bbox 2254 718 3178 789; baseline 0.001 -18"><span class='ocrx_word' id='word_1_533' title='bbox 2254 719 2510 786; x_wconf 84' lang='lat' dir='ltr'><strong>subortis,</strong></span> <span class='ocrx_word' id='word_1_534' title='bbox 2545 721 2656 774; x_wconf 76' lang='lat' dir='ltr'><strong>haec</strong></span> <span class='ocrx_word' id='word_1_535' title='bbox 2675 721 2861 774; x_wconf 82' lang='lat' dir='ltr'><strong>subdit</strong></span> <span class='ocrx_word' id='word_1_536' title='bbox 2881 735 3013 789; x_wconf 85' lang='lat' dir='ltr'><strong>pag.</strong></span> <span class='ocrx_word' id='word_1_537' title='bbox 3048 718 3178 775; x_wconf 75' lang='lat'><strong>138:</strong></span> 
     </span>
    </p>
   </div>
   <div class='ocr_carea' id='block_1_83' title="bbox 2329 808 3806 880">
    <p class='ocr_par' dir='ltr' id='par_1_83' title="bbox 2329 808 3806 880">
     <span class='ocr_line' id='line_1_84' title="bbox 2329 808 3806 880; baseline 0.001 -17"><span class='ocrx_word' id='word_1_538' title='bbox 2329 829 2354 856; x_wconf 76' lang='grc' dir='ltr'>α</span> <span class='ocrx_word' id='word_1_539' title='bbox 2384 810 2593 878; x_wconf 84' lang='lat' dir='ltr'><strong>Nempe</strong></span> <span class='ocrx_word' id='word_1_540' title='bbox 2617 809 2770 864; x_wconf 87' lang='lat' dir='ltr'><strong>hisce</strong></span> <span class='ocrx_word' id='word_1_541' title='bbox 2798 808 3094 878; x_wconf 91' lang='lat' dir='ltr'><strong>prioribus</strong></span> <span class='ocrx_word' id='word_1_542' title='bbox 3141 809 3310 864; x_wconf 88' lang='lat' dir='ltr'><strong>etiam</strong></span> <span class='ocrx_word' id='word_1_543' title='bbox 3336 809 3549 864; x_wconf 70' lang='lat' dir='ltr'><strong>saeculis</strong></span> <span class='ocrx_word' id='word_1_544' title='bbox 3583 811 3806 880; x_wconf 85' lang='lat' dir='ltr'><strong>respicie-</strong></span> 
     </span>
    </p>
   </div>
   <div class='ocr_carea' id='block_1_84' title="bbox 2253 877 3804 950">
    <p class='ocr_par' dir='ltr' id='par_1_84' title="bbox 2253 877 3804 950">
     <span class='ocr_line' id='line_1_85' title="bbox 2253 877 3804 950; baseline 0.003 -18"><span class='ocrx_word' id='word_1_545' title='bbox 2253 877 2466 934; x_wconf 90' lang='lat' dir='ltr'><strong>bantur</strong></span> <span class='ocrx_word' id='word_1_546' title='bbox 2496 877 3059 950; x_wconf 80' lang='lat' dir='ltr'><strong>pontiﬁcesRomaui</strong></span> <span class='ocrx_word' id='word_1_547' title='bbox 3095 886 3358 950; x_wconf 88' lang='lat' dir='ltr'><strong>tauquam</strong></span> <span class='ocrx_word' id='word_1_548' title='bbox 3384 877 3679 936; x_wconf 81' lang='lat' dir='ltr'><strong>communes</strong></span> <span class='ocrx_word' id='word_1_549' title='bbox 3702 884 3804 936; x_wconf 90' lang='lat' dir='ltr'><strong>uni-</strong></span> 
     </span>
    </p>
   </div>
   <div class='ocr_carea' id='block_1_85' title="bbox 2255 951 3808 1022">
    <p class='ocr_par' dir='ltr' id='par_1_85' title="bbox 2255 951 3808 1022">
     <span class='ocr_line' id='line_1_86' title="bbox 2255 951 3808 1022; baseline 0.001 -18"><span class='ocrx_word' id='word_1_550' title='bbox 2255 963 2546 1022; x_wconf 81' lang='lat' dir='ltr'><strong>versorum</strong></span> <span class='ocrx_word' id='word_1_551' title='bbox 2583 951 2838 1007; x_wconf 90' lang='lat' dir='ltr'><strong>ﬁdelium</strong></span> <span class='ocrx_word' id='word_1_552' title='bbox 2873 959 3062 1021; x_wconf 88' lang='lat' dir='ltr'><strong>patres</strong></span> <span class='ocrx_word' id='word_1_553' title='bbox 3085 965 3195 1006; x_wconf 90' lang='lat' dir='ltr'><strong>non</strong></span> <span class='ocrx_word' id='word_1_554' title='bbox 3225 953 3384 1007; x_wconf 92' lang='lat' dir='ltr'><strong>modo</strong></span> <span class='ocrx_word' id='word_1_555' title='bbox 3408 952 3464 1006; x_wconf 90' lang='lat' dir='ltr'><strong>in</strong></span> <span class='ocrx_word' id='word_1_556' title='bbox 3489 953 3589 1006; x_wconf 87' lang='lat' dir='ltr'><strong>vita</strong></span> <span class='ocrx_word' id='word_1_557' title='bbox 3618 955 3808 1022; x_wconf 76' lang='lat' dir='ltr'><strong>spiritus</strong></span> 
     </span>
    </p>
   </div>
   <div class='ocr_carea' id='block_1_86' title="bbox 2257 1021 3804 1092">
    <p class='ocr_par' dir='ltr' id='par_1_86' title="bbox 2257 1021 3804 1092">
     <span class='ocr_line' id='line_1_87' title="bbox 2257 1021 3804 1092; baseline 0.001 -18"><span class='ocrx_word' id='word_1_558' title='bbox 2257 1021 2570 1077; x_wconf 89' lang='lat' dir='ltr'><strong>immortali</strong></span> <span class='ocrx_word' id='word_1_559' title='bbox 2609 1024 2818 1078; x_wconf 89' lang='lat' dir='ltr'><strong>tuenda</strong></span> <span class='ocrx_word' id='word_1_560' title='bbox 2844 1037 2942 1092; x_wconf 92' lang='lat' dir='ltr'><strong>per</strong></span> <span class='ocrx_word' id='word_1_561' title='bbox 2971 1023 3186 1077; x_wconf 87' lang='lat' dir='ltr'><strong>Christi</strong></span> <span class='ocrx_word' id='word_1_562' title='bbox 3207 1023 3464 1090; x_wconf 82' lang='lat' dir='ltr'><strong>gratiam,</strong></span> <span class='ocrx_word' id='word_1_563' title='bbox 3483 1021 3656 1078; x_wconf 89' lang='lat' dir='ltr'><strong>verum</strong></span> <span class='ocrx_word' id='word_1_564' title='bbox 3679 1025 3804 1078; x_wconf 87' lang='lat' dir='ltr'><strong>etiam</strong></span> 
     </span>
    </p>
   </div>
   <div class='ocr_carea' id='block_1_87' title="bbox 2257 1093 3807 1162">
    <p class='ocr_par' dir='ltr' id='par_1_87' title="bbox 2257 1093 3807 1162">
     <span class='ocr_line' id='line_1_88' title="bbox 2257 1093 3807 1162; baseline 0.001 -15"><span class='ocrx_word' id='word_1_565' title='bbox 2257 1093 2313 1147; x_wconf 93' lang='lat' dir='ltr'><strong>in</strong></span> <span class='ocrx_word' id='word_1_566' title='bbox 2344 1095 2820 1162; x_wconf 73' lang='lat' dir='ltr'><strong>temporalisvitm</strong></span> <span class='ocrx_word' id='word_1_567' title='bbox 2832 1093 3119 1150; x_wconf 89' lang='lat' dir='ltr'><strong>subsidiis</strong></span> <span class='ocrx_word' id='word_1_568' title='bbox 3139 1095 3472 1150; x_wconf 86' lang='lat' dir='ltr'><strong>necessariis</strong></span> <span class='ocrx_word' id='word_1_569' title='bbox 3485 1095 3657 1158; x_wconf 88' lang='lat' dir='ltr'><strong>copori</strong></span> <span class='ocrx_word' id='word_1_570' title='bbox 3680 1095 3807 1149; x_wconf 90' lang='lat' dir='ltr'><strong>mini-</strong></span> 
     </span>
    </p>
   </div>
   <div class='ocr_carea' id='block_1_88' title="bbox 2255 1165 3809 1235">
    <p class='ocr_par' dir='ltr' id='par_1_88' title="bbox 2255 1165 3809 1235">
     <span class='ocr_line' id='line_1_89' title="bbox 2255 1165 3809 1235; baseline 0.001 -18"><span class='ocrx_word' id='word_1_571' title='bbox 2255 1166 2531 1230; x_wconf 88' lang='lat' dir='ltr'><strong>strandis,</strong></span> <span class='ocrx_word' id='word_1_572' title='bbox 2567 1181 2691 1235; x_wconf 66' lang='lat' dir='ltr'><strong>qua:</strong></span> <span class='ocrx_word' id='word_1_573' title='bbox 2733 1166 2962 1220; x_wconf 87' lang='lat' dir='ltr'><strong>inﬁnito</strong></span> <span class='ocrx_word' id='word_1_574' title='bbox 2992 1165 3389 1235; x_wconf 89' lang='lat' dir='ltr'><strong>propemodum</strong></span> <span class='ocrx_word' id='word_1_575' title='bbox 3416 1179 3630 1220; x_wconf 88' lang='lat' dir='ltr'><strong>numero</strong></span> <span class='ocrx_word' id='word_1_576' title='bbox 3651 1165 3809 1220; x_wconf 85' lang='lat' dir='ltr'><strong>confes-</strong></span> 
     </span>
    </p>
   </div>
   <div class='ocr_carea' id='block_1_89' title="bbox 2253 1235 3808 1306">
    <p class='ocr_par' dir='ltr' id='par_1_89' title="bbox 2253 1235 3808 1306">
     <span class='ocr_line' id='line_1_90' title="bbox 2253 1235 3808 1306; baseline -0.001 -16"><span class='ocrx_word' id='word_1_577' title='bbox 2253 1249 2448 1290; x_wconf 87' lang='lat' dir='ltr'><strong>sorum</strong></span> <span class='ocrx_word' id='word_1_578' title='bbox 2496 1236 2985 1292; x_wconf 85' lang='lat' dir='ltr'><strong>subtrahebautur</strong></span> <span class='ocrx_word' id='word_1_579' title='bbox 3029 1249 3062 1292; x_wconf 89' lang='lat' dir='ltr'><strong>a</strong></span> <span class='ocrx_word' id='word_1_580' title='bbox 3100 1235 3550 1306; x_wconf 83' lang='lat' dir='ltr'><strong>persecutoribus</strong></span> <span class='ocrx_word' id='word_1_581' title='bbox 3583 1238 3808 1304; x_wconf 72' lang='lat' dir='ltr'><strong>Ecclesia,</strong></span> 
     </span>
    </p>
   </div>
   <div class='ocr_carea' id='block_1_90' title="bbox 2255 1307 3810 1376">
    <p class='ocr_par' dir='ltr' id='par_1_90' title="bbox 2255 1307 3810 1376">
     <span class='ocr_line' id='line_1_91' title="bbox 2255 1307 3810 1376; baseline 0.001 -15"><span class='ocrx_word' id='word_1_582' title='bbox 2255 1321 2384 1361; x_wconf 92' lang='lat' dir='ltr'><strong>cum</strong></span> <span class='ocrx_word' id='word_1_583' title='bbox 2413 1307 2479 1361; x_wconf 85' lang='lat' dir='ltr'><strong>ad</strong></span> <span class='ocrx_word' id='word_1_584' title='bbox 2519 1314 2828 1362; x_wconf 86' lang='lat' dir='ltr'><strong>extremam</strong></span> <span class='ocrx_word' id='word_1_585' title='bbox 2873 1321 3062 1362; x_wconf 90' lang='lat' dir='ltr'><strong>rerum</strong></span> <span class='ocrx_word' id='word_1_586' title='bbox 3111 1309 3367 1362; x_wconf 89' lang='lat' dir='ltr'><strong>omnium</strong></span> <span class='ocrx_word' id='word_1_587' title='bbox 3411 1307 3639 1376; x_wconf 88' lang='lat' dir='ltr'><strong>inopiam</strong></span> <span class='ocrx_word' id='word_1_588' title='bbox 3669 1307 3810 1362; x_wconf 78' lang='lat' dir='ltr'><strong>fideles</strong></span> 
     </span>
    </p>
   </div>
   <div class='ocr_carea' id='block_1_91' title="bbox 2253 1377 3812 1450">
    <p class='ocr_par' dir='ltr' id='par_1_91' title="bbox 2253 1377 3812 1450">
     <span class='ocr_line' id='line_1_92' title="bbox 2253 1377 3812 1450; baseline -0.001 -18"><span class='ocrx_word' id='word_1_589' title='bbox 2253 1377 2469 1432; x_wconf 90' lang='lat' dir='ltr'><strong>Christi</strong></span> <span class='ocrx_word' id='word_1_590' title='bbox 2505 1379 2846 1450; x_wconf 85' lang='lat' dir='ltr'><strong>redigereut.</strong></span> <span class='ocrx_word' id='word_1_591' title='bbox 2901 1379 3180 1434; x_wconf 81' lang='lat' dir='ltr'><strong>Eusebius</strong></span> <span class='ocrx_word' id='word_1_592' title='bbox 3225 1379 3576 1434; x_wconf 65' lang='lat' dir='ltr'><strong>Caisariensis</strong></span> <span class='ocrx_word' id='word_1_593' title='bbox 3609 1381 3812 1450; x_wconf 84' lang='lat' dir='ltr'><strong>oculatus</strong></span> 
     </span>
    </p>
   </div>
   <div class='ocr_carea' id='block_1_92' title="bbox 2256 1449 3810 1519">
    <p class='ocr_par' dir='ltr' id='par_1_92' title="bbox 2256 1449 3810 1519">
     <span class='ocr_line' id='line_1_93' title="bbox 2256 1449 3810 1519; baseline 0.001 -17"><span class='ocrx_word' id='word_1_594' title='bbox 2256 1450 2420 1504; x_wconf 91' lang='lat' dir='ltr'><strong>testis</strong></span> <span class='ocrx_word' id='word_1_595' title='bbox 2474 1449 2792 1505; x_wconf 86' lang='lat' dir='ltr'><strong>luculenter</strong></span> <span class='ocrx_word' id='word_1_596' title='bbox 2844 1451 3156 1506; x_wconf 89' lang='lat' dir='ltr'><strong>ostendita</strong></span> <span class='ocrx_word' id='word_1_597' title='bbox 3211 1465 3271 1506; x_wconf 92' lang='lat' dir='ltr'><strong>se</strong></span> <span class='ocrx_word' id='word_1_598' title='bbox 3299 1457 3555 1519; x_wconf 79' lang='lat' dir='ltr'><strong>spectata,</strong></span> <span class='ocrx_word' id='word_1_599' title='bbox 3596 1449 3810 1504; x_wconf 77' lang='lat' dir='ltr'><strong>etaudila</strong></span> 
     </span>
    </p>
   </div>
   <div class='ocr_carea' id='block_1_93' title="bbox 2255 1521 3811 1591">
    <p class='ocr_par' dir='ltr' id='par_1_93' title="bbox 2255 1521 3811 1591">
     <span class='ocr_line' id='line_1_94' title="bbox 2255 1521 3811 1591; baseline 0.001 -19"><span class='ocrx_word' id='word_1_600' title='bbox 2255 1534 2394 1586; x_wconf 72' lang='lat' dir='ltr'><strong>sum,</strong></span> <span class='ocrx_word' id='word_1_601' title='bbox 2427 1533 2492 1575; x_wconf 89' lang='lat' dir='ltr'><strong>ac</strong></span> <span class='ocrx_word' id='word_1_602' title='bbox 2522 1523 2886 1589; x_wconf 85' lang='lat' dir='ltr'><strong>superiorum</strong></span> <span class='ocrx_word' id='word_1_603' title='bbox 2910 1528 3139 1577; x_wconf 65' lang='lat' dir='ltr'><strong>aetatum</strong></span> <span class='ocrx_word' id='word_1_604' title='bbox 3163 1523 3434 1591; x_wconf 82' lang='lat' dir='ltr'><strong>exempla,</strong></span> <span class='ocrx_word' id='word_1_605' title='bbox 3461 1521 3608 1590; x_wconf 89' lang='lat' dir='ltr'><strong>plane</strong></span> <span class='ocrx_word' id='word_1_606' title='bbox 3632 1534 3811 1588; x_wconf 81' lang='lat' dir='ltr'><strong>respon-</strong></span> 
     </span>
    </p>
   </div>
   <div class='ocr_carea' id='block_1_94' title="bbox 2253 1592 3808 1663">
    <p class='ocr_par' dir='ltr' id='par_1_94' title="bbox 2253 1592 3808 1663">
     <span class='ocr_line' id='line_1_95' title="bbox 2253 1592 3808 1663; baseline -0.003 -17"><span class='ocrx_word' id='word_1_607' title='bbox 2253 1592 2449 1646; x_wconf 89' lang='lat' dir='ltr'><strong>dcntia</strong></span> <span class='ocrx_word' id='word_1_608' title='bbox 2497 1593 2829 1647; x_wconf 89' lang='lat' dir='ltr'><strong>testimonio</strong></span> <span class='ocrx_word' id='word_1_609' title='bbox 2861 1593 3121 1663; x_wconf 89' lang='lat' dir='ltr'><strong>Dionysii</strong></span> <span class='ocrx_word' id='word_1_610' title='bbox 3156 1594 3572 1648; x_wconf 87' lang='lat' dir='ltr'><strong>Corinthiorum</strong></span> <span class='ocrx_word' id='word_1_611' title='bbox 3597 1593 3808 1661; x_wconf 86' lang='lat' dir='ltr'><strong>episcopi.</strong></span> 
     </span>
    </p>
   </div>
   <div class='ocr_carea' id='block_1_95' title="bbox 2253 1663 3812 1735">
    <p class='ocr_par' dir='ltr' id='par_1_95' title="bbox 2253 1663 3812 1735">
     <span class='ocr_line' id='line_1_96' title="bbox 2253 1663 3812 1735; baseline -0.001 -19"><span class='ocrx_word' id='word_1_612' title='bbox 2253 1663 2358 1718; x_wconf 85' lang='lat' dir='ltr'><strong>Hic</strong></span> <span class='ocrx_word' id='word_1_613' title='bbox 2383 1663 2450 1735; x_wconf 86' lang='lat' dir='ltr'><strong>ad</strong></span> <span class='ocrx_word' id='word_1_614' title='bbox 2485 1664 2766 1719; x_wconf 83' lang='lat' dir='ltr'><strong>Romanos</strong></span> <span class='ocrx_word' id='word_1_615' title='bbox 2800 1663 2994 1719; x_wconf 87' lang='lat' dir='ltr'><strong>fideles</strong></span> <span class='ocrx_word' id='word_1_616' title='bbox 3043 1665 3306 1719; x_wconf 90' lang='lat' dir='ltr'><strong>scribens</strong></span> <span class='ocrx_word' id='word_1_617' title='bbox 3335 1663 3651 1735; x_wconf 81' lang='lat' dir='ltr'><strong>gratulatur,</strong></span> <span class='ocrx_word' id='word_1_618' title='bbox 3673 1664 3812 1735; x_wconf 76' lang='lat' dir='ltr'><strong>vigere</strong></span> 
     </span>
    </p>
   </div>
   <div class='ocr_carea' id='block_1_96' title="bbox 2253 1733 3812 1813">
    <p class='ocr_par' dir='ltr' id='par_1_96' title="bbox 2253 1733 3812 1813">
     <span class='ocr_line' id='line_1_97' title="bbox 2253 1733 3812 1813; baseline -0.001 -26"><span class='ocrx_word' id='word_1_619' title='bbox 2253 1734 2404 1813; x_wconf 85' lang='lat' dir='ltr'><strong>apud</strong></span> <span class='ocrx_word' id='word_1_620' title='bbox 2435 1735 2590 1802; x_wconf 91' lang='lat' dir='ltr'><strong>ipsos</strong></span> <span class='ocrx_word' id='word_1_621' title='bbox 2617 1736 3114 1813; x_wconf 80' lang='lat' dir='ltr'><strong>consuetudinem,</strong></span> <span class='ocrx_word' id='word_1_622' title='bbox 3139 1735 3212 1789; x_wconf 89' lang='lat' dir='ltr'><strong>ab</strong></span> <span class='ocrx_word' id='word_1_623' title='bbox 3239 1733 3461 1813; x_wconf 77' lang='lat' dir='ltr'><strong>origine</strong></span> <span class='ocrx_word' id='word_1_624' title='bbox 3478 1735 3642 1813; x_wconf 75' lang='lat' dir='ltr'><strong>hujus</strong></span> <span class='ocrx_word' id='word_1_625' title='bbox 3667 1733 3812 1813; x_wconf 79' lang='lat' dir='ltr'><strong>Eccle-</strong></span> 
     </span>
    </p>
   </div>
   <div class='ocr_carea' id='block_1_97' title="bbox 2171 1801 3812 1874">
    <p class='ocr_par' dir='ltr' id='par_1_97' title="bbox 2171 1801 3812 1874">
     <span class='ocr_line' id='line_1_98' title="bbox 2171 1801 3812 1874; baseline -0.004 -12"><span class='ocrx_word' id='word_1_626' title='bbox 2171 1801 2224 1862; x_wconf 92' lang='lat' dir='ltr'>B</span> <span class='ocrx_word' id='word_1_627' title='bbox 2253 1801 2354 1859; x_wconf 71' lang='lat' dir='ltr'><strong>sia:</strong></span> <span class='ocrx_word' id='word_1_628' title='bbox 2379 1801 2648 1874; x_wconf 84' lang='lat' dir='ltr'><strong>perpetuo</strong></span> <span class='ocrx_word' id='word_1_629' title='bbox 2679 1807 3050 1872; x_wconf 80' lang='lat' dir='ltr'><strong>custoditum,</strong></span> <span class='ocrx_word' id='word_1_630' title='bbox 3076 1813 3139 1862; x_wconf 89' lang='lat' dir='ltr'><strong>ut</strong></span> <span class='ocrx_word' id='word_1_631' title='bbox 3166 1801 3360 1862; x_wconf 74' lang='lat' dir='ltr'><strong>omnia</strong></span> <span class='ocrx_word' id='word_1_632' title='bbox 3407 1801 3646 1862; x_wconf 84' lang='lat' dir='ltr'><strong>subsidia</strong></span> <span class='ocrx_word' id='word_1_633' title='bbox 3671 1803 3812 1859; x_wconf 84' lang='lat' dir='ltr'><strong>omni-</strong></span> 
     </span>
    </p>
   </div>
   <div class='ocr_carea' id='block_1_98' title="bbox 2253 1875 3810 1948">
    <p class='ocr_par' dir='ltr' id='par_1_98' title="bbox 2253 1875 3810 1948">
     <span class='ocr_line' id='line_1_99' title="bbox 2253 1875 3810 1948; baseline -0.003 -18"><span class='ocrx_word' id='word_1_634' title='bbox 2253 1875 2360 1930; x_wconf 90' lang='lat' dir='ltr'><strong>bus</strong></span> <span class='ocrx_word' id='word_1_635' title='bbox 2399 1878 2661 1948; x_wconf 85' lang='lat' dir='ltr'><strong>ecclesiis</strong></span> <span class='ocrx_word' id='word_1_636' title='bbox 2694 1880 3086 1933; x_wconf 87' lang='lat' dir='ltr'><strong>transmittere</strong></span> <span class='ocrx_word' id='word_1_637' title='bbox 3114 1883 3408 1944; x_wconf 83' lang='lat' dir='ltr'><strong>curarent,</strong></span> <span class='ocrx_word' id='word_1_638' title='bbox 3439 1886 3491 1932; x_wconf 92' lang='lat' dir='ltr'><strong>et</strong></span> <span class='ocrx_word' id='word_1_639' title='bbox 3539 1875 3810 1948; x_wconf 82' lang='lat' dir='ltr'><strong>singillatim</strong></span> 
     </span>
    </p>
   </div>
   <div class='ocr_carea' id='block_1_99' title="bbox 2255 1947 3814 2020">
    <p class='ocr_par' dir='ltr' id='par_1_99' title="bbox 2255 1947 3814 2020">
     <span class='ocr_line' id='line_1_100' title="bbox 2255 1947 3814 2020; baseline -0.001 -19"><span class='ocrx_word' id='word_1_640' title='bbox 2255 1948 2587 2020; x_wconf 86' lang='lat' dir='ltr'><strong>ministrare</strong></span> <span class='ocrx_word' id='word_1_641' title='bbox 2604 1947 2884 2004; x_wconf 88' lang='lat' dir='ltr'><strong>fratribus</strong></span> <span class='ocrx_word' id='word_1_642' title='bbox 2912 1949 3334 2020; x_wconf 81' lang='lat' dir='ltr'><strong>indigentibus,</strong></span> <span class='ocrx_word' id='word_1_643' title='bbox 3363 1947 3650 2020; x_wconf 65' lang='lat' dir='ltr'><strong>praesertim</strong></span> <span class='ocrx_word' id='word_1_644' title='bbox 3668 1947 3720 2000; x_wconf 87' lang='lat' dir='ltr'><strong>ad</strong></span> <span class='ocrx_word' id='word_1_645' title='bbox 3743 1959 3814 1999; x_wconf 85' lang='lat' dir='ltr'><strong>me-</strong></span> 
     </span>
    </p>
   </div>
   <div class='ocr_carea' id='block_1_100' title="bbox 2250 2018 3813 2092">
    <p class='ocr_par' dir='ltr' id='par_1_100' title="bbox 2250 2018 3813 2092">
     <span class='ocr_line' id='line_1_101' title="bbox 2250 2018 3813 2092; baseline -0.003 -20"><span class='ocrx_word' id='word_1_646' title='bbox 2250 2018 2389 2074; x_wconf 89' lang='lat' dir='ltr'><strong>talla</strong></span> <span class='ocrx_word' id='word_1_647' title='bbox 2419 2021 2728 2092; x_wconf 85' lang='lat' dir='ltr'><strong>damnatis,</strong></span> <span class='ocrx_word' id='word_1_648' title='bbox 2766 2018 3218 2092; x_wconf 45' lang='lat' dir='ltr'><strong>praesidia—vitae.</strong></span> <span class='ocrx_word' id='word_1_649' title='bbox 3257 2022 3311 2075; x_wconf 90' lang='lat' dir='ltr'><strong>ld</strong></span> <span class='ocrx_word' id='word_1_650' title='bbox 3347 2018 3585 2092; x_wconf 66' lang='lat' dir='ltr'><strong>Seguiter</strong></span> <span class='ocrx_word' id='word_1_651' title='bbox 3607 2019 3813 2092; x_wconf 59' lang='lat' dir='ltr'><strong>obserga-</strong></span> 
     </span>
    </p>
   </div>
   <div class='ocr_carea' id='block_1_101' title="bbox 2254 2089 3814 2163">
    <p class='ocr_par' dir='ltr' id='par_1_101' title="bbox 2254 2089 3814 2163">
     <span class='ocr_line' id='line_1_102' title="bbox 2254 2089 3814 2163; baseline -0.004 -19"><span class='ocrx_word' id='word_1_652' title='bbox 2254 2097 2373 2145; x_wconf 91' lang='lat' dir='ltr'><strong>tum</strong></span> <span class='ocrx_word' id='word_1_653' title='bbox 2399 2091 2471 2144; x_wconf 88' lang='lat' dir='ltr'><strong>ab</strong></span> <span class='ocrx_word' id='word_1_654' title='bbox 2491 2092 2727 2163; x_wconf 85' lang='lat' dir='ltr'><strong>exordio</strong></span> <span class='ocrx_word' id='word_1_655' title='bbox 2759 2107 2876 2147; x_wconf 64' lang='lat' dir='ltr'><strong>suae</strong></span> <span class='ocrx_word' id='word_1_656' title='bbox 2912 2091 3276 2147; x_wconf 86' lang='lat' dir='ltr'><strong>lundationis</strong></span> <span class='ocrx_word' id='word_1_657' title='bbox 3311 2089 3525 2163; x_wconf 66' lang='lat' dir='ltr'><strong>(Optima</strong></span> <span class='ocrx_word' id='word_1_658' title='bbox 3560 2089 3814 2160; x_wconf 71' lang='lat' dir='ltr'><strong>parensne-</strong></span> 
     </span>
    </p>
   </div>
   <div class='ocr_carea' id='block_1_102' title="bbox 2251 2162 3812 2234">
    <p class='ocr_par' dir='ltr' id='par_1_102' title="bbox 2251 2162 3812 2234">
     <span class='ocr_line' id='line_1_103' title="bbox 2251 2162 3812 2234; baseline -0.003 -20"><span class='ocrx_word' id='word_1_659' title='bbox 2251 2177 2418 2234; x_wconf 74' lang='lat' dir='ltr'><strong>niana</strong></span> <span class='ocrx_word' id='word_1_660' title='bbox 2452 2162 2710 2231; x_wconf 80' lang='lat' dir='ltr'><strong>Ecclesia)</strong></span> <span class='ocrx_word' id='word_1_661' title='bbox 2759 2177 3050 2232; x_wconf 86' lang='lat' dir='ltr'><strong>nunquam</strong></span> <span class='ocrx_word' id='word_1_662' title='bbox 3104 2177 3222 2218; x_wconf 88' lang='lat' dir='ltr'><strong>non</strong></span> <span class='ocrx_word' id='word_1_663' title='bbox 3269 2162 3504 2234; x_wconf 67' lang='lat' dir='ltr'><strong>prtetitit</strong></span> <span class='ocrx_word' id='word_1_664' title='bbox 3531 2163 3812 2234; x_wconf 76' lang='lat' dir='ltr'><strong>diligenter;</strong></span> 
     </span>
    </p>
   </div>
   <div class='ocr_carea' id='block_1_103' title="bbox 2252 2233 3811 2300">
    <p class='ocr_par' dir='ltr' id='par_1_103' title="bbox 2252 2233 3811 2300">
     <span class='ocr_line' id='line_1_104' title="bbox 2252 2233 3811 2300; baseline -0.003 -14"><span class='ocrx_word' id='word_1_665' title='bbox 2252 2233 2455 2288; x_wconf 91' lang='lat' dir='ltr'><strong>beatus</strong></span> <span class='ocrx_word' id='word_1_666' title='bbox 2505 2247 2634 2288; x_wconf 88' lang='lat' dir='ltr'><strong>vero</strong></span> <span class='ocrx_word' id='word_1_667' title='bbox 2690 2235 2872 2300; x_wconf 89' lang='lat' dir='ltr'><strong>Soter,</strong></span> <span class='ocrx_word' id='word_1_668' title='bbox 2905 2236 3272 2290; x_wconf 90' lang='lat' dir='ltr'><strong>decessorum</strong></span> <span class='ocrx_word' id='word_1_669' title='bbox 3328 2249 3553 2290; x_wconf 83' lang='lat' dir='ltr'><strong>suorum</strong></span> <span class='ocrx_word' id='word_1_670' title='bbox 3605 2233 3811 2292; x_wconf 84' lang='lat' dir='ltr'><strong>imitator,</strong></span> 
     </span>
    </p>
   </div>
   <div class='ocr_carea' id='block_1_104' title="bbox 2256 2305 3813 2375">
    <p class='ocr_par' dir='ltr' id='par_1_104' title="bbox 2256 2305 3813 2375">
     <span class='ocr_line' id='line_1_105' title="bbox 2256 2305 3813 2375; baseline -0.001 -17"><span class='ocrx_word' id='word_1_671' title='bbox 2256 2305 2334 2358; x_wconf 90' lang='lat' dir='ltr'><strong>ita</strong></span> <span class='ocrx_word' id='word_1_672' title='bbox 2371 2306 2740 2375; x_wconf 88' lang='lat' dir='ltr'><strong>prosequitur</strong></span> <span class='ocrx_word' id='word_1_673' title='bbox 2769 2307 3080 2375; x_wconf 83' lang='lat' dir='ltr'><strong>custodire,</strong></span> <span class='ocrx_word' id='word_1_674' title='bbox 3112 2313 3177 2360; x_wconf 92' lang='lat' dir='ltr'><strong>ut</strong></span> <span class='ocrx_word' id='word_1_675' title='bbox 3204 2308 3376 2361; x_wconf 89' lang='lat' dir='ltr'><strong>etiam</strong></span> <span class='ocrx_word' id='word_1_676' title='bbox 3402 2306 3668 2362; x_wconf 89' lang='lat' dir='ltr'><strong>cumulare</strong></span> <span class='ocrx_word' id='word_1_677' title='bbox 3689 2313 3813 2369; x_wconf 83' lang='lat' dir='ltr'><strong>supe-</strong></span> 
     </span>
    </p>
   </div>
   <div class='ocr_carea' id='block_1_105' title="bbox 2256 2376 3766 2444">
    <p class='ocr_par' dir='ltr' id='par_1_105' title="bbox 2256 2376 3766 2444">
     <span class='ocr_line' id='line_1_106' title="bbox 2256 2376 3766 2444; baseline -0.003 -14"><span class='ocrx_word' id='word_1_678' title='bbox 2256 2376 2475 2430; x_wconf 91' lang='lat' dir='ltr'><strong>riorum</strong></span> <span class='ocrx_word' id='word_1_679' title='bbox 2511 2377 2842 2444; x_wconf 84' lang='lat' dir='ltr'><strong>pontiﬁcum</strong></span> <span class='ocrx_word' id='word_1_680' title='bbox 2879 2377 3174 2432; x_wconf 88' lang='lat' dir='ltr'><strong>beneﬁciis</strong></span> <span class='ocrx_word' id='word_1_681' title='bbox 3208 2379 3531 2432; x_wconf 85' lang='lat' dir='ltr'><strong>mantissam</strong></span> <span class='ocrx_word' id='word_1_682' title='bbox 3561 2377 3719 2431; x_wconf 86' lang='lat' dir='ltr'><strong>addat.</strong></span> <span class='ocrx_word' id='word_1_683' title='bbox 3747 2391 3766 2419; x_wconf 74' lang='grc' dir='ltr'><strong><em>ο</em></strong></span> 
     </span>
    </p>
   </div>
   <div class='ocr_carea' id='block_1_106' title="bbox 2329 2445 3814 2518">
    <p class='ocr_par' dir='ltr' id='par_1_106' title="bbox 2329 2445 3814 2518">
     <span class='ocr_line' id='line_1_107' title="bbox 2329 2445 3814 2518; baseline -0.001 -18"><span class='ocrx_word' id='word_1_684' title='bbox 2329 2449 2530 2500; x_wconf 79' lang='lat' dir='ltr'><strong>Deinde</strong></span> <span class='ocrx_word' id='word_1_685' title='bbox 2557 2449 2781 2501; x_wconf 79' lang='lat' dir='ltr'><strong>Eusebii</strong></span> <span class='ocrx_word' id='word_1_686' title='bbox 2807 2449 2972 2502; x_wconf 79' lang='lat' dir='ltr'><strong>verba</strong></span> <span class='ocrx_word' id='word_1_687' title='bbox 3001 2465 3068 2502; x_wconf 72' lang='lat' dir='ltr'><strong>em</strong></span> <span class='ocrx_word' id='word_1_688' title='bbox 3091 2448 3331 2502; x_wconf 84' lang='lat' dir='ltr'><strong>editione</strong></span> <span class='ocrx_word' id='word_1_689' title='bbox 3355 2449 3628 2504; x_wconf 69' lang='lat' dir='ltr'><strong>Oxoniensi</strong></span> <span class='ocrx_word' id='word_1_690' title='bbox 3663 2445 3814 2518; x_wconf 69' lang='lat' dir='ltr'><strong>prafo&#39;t</strong></span> 
     </span>
    </p>
   </div>
   <div class='ocr_carea' id='block_1_107' title="bbox 2253 2519 2841 2574">
    <p class='ocr_par' dir='ltr' id='par_1_107' title="bbox 2253 2519 2841 2574">
     <span class='ocr_line' id='line_1_108' title="bbox 2253 2519 2841 2574; baseline 0.007 -4"><span class='ocrx_word' id='word_1_691' title='bbox 2253 2519 2332 2571; x_wconf 88' lang='lat' dir='ltr'><strong>ita</strong></span> <span class='ocrx_word' id='word_1_692' title='bbox 2353 2519 2546 2572; x_wconf 80' lang='lat' dir='ltr'><strong>Latine</strong></span> <span class='ocrx_word' id='word_1_693' title='bbox 2570 2521 2792 2574; x_wconf 72' lang='lat' dir='ltr'><strong>reddita</strong></span> <span class='ocrx_word' id='word_1_694' title='bbox 2825 2541 2841 2574; x_wconf 90' lang='lat'><em>:</em></span> 
     </span>
    </p>
   </div>
   <div class='ocr_carea' id='block_1_108' title="bbox 2327 2601 3811 2679">
    <p class='ocr_par' dir='ltr' id='par_1_108' title="bbox 2327 2601 3811 2679">
     <span class='ocr_line' id='line_1_109' title="bbox 2327 2601 3811 2679; baseline -0.003 -21"><span class='ocrx_word' id='word_1_695' title='bbox 2327 2627 2350 2658; x_wconf 76' lang='grc' dir='ltr'><strong>α</strong></span> <span class='ocrx_word' id='word_1_696' title='bbox 2414 2609 2792 2664; x_wconf 80' lang='lat' dir='ltr'><strong>Romanorum</strong></span> <span class='ocrx_word' id='word_1_697' title='bbox 2851 2610 3358 2671; x_wconf 84' lang='lat' dir='ltr'><strong>consuetudinem,</strong></span> <span class='ocrx_word' id='word_1_698' title='bbox 3397 2623 3516 2679; x_wconf 60' lang='lat' dir='ltr'><strong>quae</strong></span> <span class='ocrx_word' id='word_1_699' title='bbox 3543 2607 3736 2662; x_wconf 82' lang='lat' dir='ltr'><strong>assidue</strong></span> <span class='ocrx_word' id='word_1_700' title='bbox 3766 2601 3811 2654; x_wconf 83' lang='lat' dir='ltr'><strong>ad</strong></span> 
     </span>
    </p>
   </div>
   <div class='ocr_carea' id='block_1_109' title="bbox 2254 2677 3815 2756">
    <p class='ocr_par' dir='ltr' id='par_1_109' title="bbox 2254 2677 3815 2756">
     <span class='ocr_line' id='line_1_110' title="bbox 2254 2677 3815 2756; baseline 0.001 -24"><span class='ocrx_word' id='word_1_701' title='bbox 2254 2677 2398 2734; x_wconf 90' lang='lat' dir='ltr'><strong>hanc</strong></span> <span class='ocrx_word' id='word_1_702' title='bbox 2426 2680 2874 2748; x_wconf 86' lang='lat' dir='ltr'><strong>persecutionem</strong></span> <span class='ocrx_word' id='word_1_703' title='bbox 2903 2688 3094 2756; x_wconf 84' lang='lat' dir='ltr'><strong>nostra</strong></span> <span class='ocrx_word' id='word_1_704' title='bbox 3121 2688 3292 2756; x_wconf 50' lang='lat' dir='ltr'><strong>nitate</strong></span> <span class='ocrx_word' id='word_1_705' title='bbox 3312 2677 3638 2756; x_wconf 77' lang='lat' dir='ltr'><strong>grassantem</strong></span> <span class='ocrx_word' id='word_1_706' title='bbox 3655 2683 3815 2756; x_wconf 61' lang='lat' dir='ltr'><strong>servata</strong></span> 
     </span>
    </p>
   </div>
   <div class='ocr_carea' id='block_1_110' title="bbox 2253 2747 3812 2823">
    <p class='ocr_par' dir='ltr' id='par_1_110' title="bbox 2253 2747 3812 2823">
     <span class='ocr_line' id='line_1_111' title="bbox 2253 2747 3812 2823; baseline -0.004 -19"><span class='ocrx_word' id='word_1_707' title='bbox 2253 2757 2360 2823; x_wconf 87' lang='lat' dir='ltr'><strong>est,</strong></span> <span class='ocrx_word' id='word_1_708' title='bbox 2392 2747 2731 2821; x_wconf 85' lang='lat' dir='ltr'><strong>magnopere</strong></span> <span class='ocrx_word' id='word_1_709' title='bbox 2761 2751 3084 2820; x_wconf 75' lang='lat' dir='ltr'><strong>approbatis</strong></span> <span class='ocrx_word' id='word_1_710' title='bbox 3113 2747 3468 2823; x_wconf 57' lang='lat' dir='ltr'><strong>(Dionysius)</strong></span> <span class='ocrx_word' id='word_1_711' title='bbox 3513 2753 3611 2806; x_wconf 87' lang='lat' dir='ltr'><strong>ista</strong></span> <span class='ocrx_word' id='word_1_712' title='bbox 3633 2747 3812 2823; x_wconf 74' lang='lat' dir='ltr'><strong>scribit:</strong></span> 
     </span>
    </p>
   </div>
   <div class='ocr_carea' id='block_1_111' title="bbox 2251 2819 3816 2897">
    <p class='ocr_par' dir='ltr' id='par_1_111' title="bbox 2251 2819 3816 2897">
     <span class='ocr_line' id='line_1_112' title="bbox 2251 2819 3816 2897; baseline -0.001 -23"><span class='ocrx_word' id='word_1_713' title='bbox 2251 2820 2416 2897; x_wconf 82' lang='lat' dir='ltr'><strong>Apud</strong></span> <span class='ocrx_word' id='word_1_714' title='bbox 2445 2819 2546 2897; x_wconf 66' lang='lat' dir='ltr'><strong>vos</strong></span> <span class='ocrx_word' id='word_1_715' title='bbox 2569 2819 2617 2876; x_wconf 81' lang='lat' dir='ltr'><strong>is</strong></span> <span class='ocrx_word' id='word_1_716' title='bbox 2649 2837 2769 2897; x_wconf 85' lang='lat' dir='ltr'><strong>mos</strong></span> <span class='ocrx_word' id='word_1_717' title='bbox 2803 2819 2919 2892; x_wconf 84' lang='lat' dir='ltr'><strong>jam</strong></span> <span class='ocrx_word' id='word_1_718' title='bbox 2955 2819 3312 2897; x_wconf 75' lang='lat' dir='ltr'><strong>inveteravit,</strong></span> <span class='ocrx_word' id='word_1_719' title='bbox 3362 2833 3425 2897; x_wconf 86' lang='lat' dir='ltr'><strong>ut</strong></span> <span class='ocrx_word' id='word_1_720' title='bbox 3453 2819 3634 2879; x_wconf 85' lang='lat' dir='ltr'><strong>omnes</strong></span> <span class='ocrx_word' id='word_1_721' title='bbox 3669 2819 3816 2897; x_wconf 69' lang='lat' dir='ltr'><strong>fratres</strong></span> 
     </span>
    </p>
   </div>
   <div class='ocr_carea' id='block_1_112' title="bbox 2255 2892 3814 2967">
    <p class='ocr_par' dir='ltr' id='par_1_112' title="bbox 2255 2892 3814 2967">
     <span class='ocr_line' id='line_1_113' title="bbox 2255 2892 3814 2967; baseline 0 -20"><span class='ocrx_word' id='word_1_722' title='bbox 2255 2894 2434 2967; x_wconf 83' lang='lat' dir='ltr'><strong>variis</strong></span> <span class='ocrx_word' id='word_1_723' title='bbox 2463 2892 2763 2967; x_wconf 80' lang='lat' dir='ltr'><strong>aﬁiceretis</strong></span> <span class='ocrx_word' id='word_1_724' title='bbox 2812 2896 3147 2950; x_wconf 88' lang='lat' dir='ltr'><strong>beneﬁciis:</strong></span> <span class='ocrx_word' id='word_1_725' title='bbox 3191 2904 3250 2950; x_wconf 92' lang='lat' dir='ltr'><strong>et</strong></span> <span class='ocrx_word' id='word_1_726' title='bbox 3281 2895 3546 2950; x_wconf 89' lang='lat' dir='ltr'><strong>Ecclesiis</strong></span> <span class='ocrx_word' id='word_1_727' title='bbox 3569 2892 3814 2967; x_wconf 65' lang='lat' dir='ltr'><strong>permultis.</strong></span> 
     </span>
    </p>
   </div>
   <div class='ocr_carea' id='block_1_113' title="bbox 2256 2959 3816 3041">
    <p class='ocr_par' dir='ltr' id='par_1_113' title="bbox 2256 2959 3816 3041">
     <span class='ocr_line' id='line_1_114' title="bbox 2256 2959 3816 3041; baseline -0.006 -20"><span class='ocrx_word' id='word_1_728' title='bbox 2256 2979 2380 3041; x_wconf 65' lang='lat' dir='ltr'><strong>qua!</strong></span> <span class='ocrx_word' id='word_1_729' title='bbox 2409 2965 2466 3041; x_wconf 72' lang='lat' dir='ltr'><strong>in</strong></span> <span class='ocrx_word' id='word_1_730' title='bbox 2499 2965 2732 3041; x_wconf 78' lang='lat' dir='ltr'><strong>civitate</strong></span> <span class='ocrx_word' id='word_1_731' title='bbox 2758 2980 2984 3041; x_wconf 83' lang='lat' dir='ltr'><strong>quaque</strong></span> <span class='ocrx_word' id='word_1_732' title='bbox 3019 2973 3180 3034; x_wconf 91' lang='lat' dir='ltr'><strong>sunt,</strong></span> <span class='ocrx_word' id='word_1_733' title='bbox 3217 2968 3351 3041; x_wconf 72' lang='lat' dir='ltr'><strong>vita:</strong></span> <span class='ocrx_word' id='word_1_734' title='bbox 3377 2959 3653 3041; x_wconf 81' lang='lat' dir='ltr'><strong>mitteretis</strong></span> <span class='ocrx_word' id='word_1_735' title='bbox 3673 2959 3816 3041; x_wconf 79' lang='lat' dir='ltr'><strong>subsi—</strong></span> 
     </span>
    </p>
   </div>
   <div class='ocr_carea' id='block_1_114' title="bbox 2255 3034 3816 3108">
    <p class='ocr_par' dir='ltr' id='par_1_114' title="bbox 2255 3034 3816 3108">
     <span class='ocr_line' id='line_1_115' title="bbox 2255 3034 3816 3108; baseline -0.004 -18"><span class='ocrx_word' id='word_1_736' title='bbox 2255 3035 2370 3108; x_wconf 89' lang='lat' dir='ltr'><strong>dia.</strong></span> <span class='ocrx_word' id='word_1_737' title='bbox 2405 3037 2498 3091; x_wconf 86' lang='lat' dir='ltr'><strong>Sic</strong></span> <span class='ocrx_word' id='word_1_738' title='bbox 2531 3036 2695 3106; x_wconf 87' lang='lat' dir='ltr'><strong>plane</strong></span> <span class='ocrx_word' id='word_1_739' title='bbox 2745 3034 2856 3093; x_wconf 81' lang='lat' dir='ltr'><strong>non</strong></span> <span class='ocrx_word' id='word_1_740' title='bbox 2896 3034 3087 3093; x_wconf 84' lang='lat' dir='ltr'><strong>solum</strong></span> <span class='ocrx_word' id='word_1_741' title='bbox 3133 3040 3430 3108; x_wconf 78' lang='lat' dir='ltr'><strong>egentium</strong></span> <span class='ocrx_word' id='word_1_742' title='bbox 3457 3034 3816 3108; x_wconf 80' lang='lat' dir='ltr'><strong>sublevatisin—</strong></span> 
     </span>
    </p>
   </div>
   <div class='ocr_carea' id='block_1_115' title="bbox 2255 3105 3818 3179">
    <p class='ocr_par' dir='ltr' id='par_1_115' title="bbox 2255 3105 3818 3179">
     <span class='ocr_line' id='line_1_116' title="bbox 2255 3105 3818 3179; baseline -0.002 -18"><span class='ocrx_word' id='word_1_743' title='bbox 2255 3107 2466 3179; x_wconf 9' lang='lat' dir='ltr'><strong>Opiram,</strong></span> <span class='ocrx_word' id='word_1_744' title='bbox 2517 3105 2710 3164; x_wconf 85' lang='lat' dir='ltr'><strong>verum</strong></span> <span class='ocrx_word' id='word_1_745' title='bbox 2769 3109 2942 3163; x_wconf 90' lang='lat' dir='ltr'><strong>etiam</strong></span> <span class='ocrx_word' id='word_1_746' title='bbox 2993 3105 3304 3176; x_wconf 83' lang='lat' dir='ltr'><strong>fratribus,</strong></span> <span class='ocrx_word' id='word_1_747' title='bbox 3365 3112 3462 3179; x_wconf 88' lang='lat' dir='ltr'><strong>qui</strong></span> <span class='ocrx_word' id='word_1_748' title='bbox 3510 3105 3706 3179; x_wconf 79' lang='lat' dir='ltr'><strong>suntad</strong></span> <span class='ocrx_word' id='word_1_749' title='bbox 3733 3113 3818 3179; x_wconf 68' lang='lat' dir='ltr'><strong>mg-</strong></span> 
     </span>
    </p>
   </div>
   <div class='ocr_carea' id='block_1_116' title="bbox 2173 3170 3819 3250">
    <p class='ocr_par' dir='ltr' id='par_1_116' title="bbox 2173 3170 3819 3250">
     <span class='ocr_line' id='line_1_117' title="bbox 2173 3170 3819 3250; baseline -0.005 -18"><span class='ocrx_word' id='word_1_750' title='bbox 2173 3179 2222 3241; x_wconf 86' lang='lat' dir='ltr'><strong>C</strong></span> <span class='ocrx_word' id='word_1_751' title='bbox 2257 3170 2391 3233; x_wconf 80' lang='lat' dir='ltr'><strong>talla</strong></span> <span class='ocrx_word' id='word_1_752' title='bbox 2422 3170 2700 3250; x_wconf 80' lang='lat' dir='ltr'><strong>damnati.</strong></span> <span class='ocrx_word' id='word_1_753' title='bbox 2755 3193 2916 3249; x_wconf 90' lang='lat' dir='ltr'><strong>opem</strong></span> <span class='ocrx_word' id='word_1_754' title='bbox 2969 3180 3170 3236; x_wconf 87' lang='lat' dir='ltr'><strong>fertis:</strong></span> <span class='ocrx_word' id='word_1_755' title='bbox 3219 3170 3420 3250; x_wconf 77' lang='lat' dir='ltr'><strong>sicque</strong></span> <span class='ocrx_word' id='word_1_756' title='bbox 3471 3193 3561 3248; x_wconf 90' lang='lat' dir='ltr'><strong>per</strong></span> <span class='ocrx_word' id='word_1_757' title='bbox 3582 3191 3638 3232; x_wconf 88' lang='lat' dir='ltr'><strong>eo</strong></span> <span class='ocrx_word' id='word_1_758' title='bbox 3660 3170 3819 3230; x_wconf 84' lang='lat' dir='ltr'><strong>benefi-</strong></span> 
     </span>
    </p>
   </div>
   <div class='ocr_carea' id='block_1_117' title="bbox 2253 3249 3818 3330">
    <p class='ocr_par' dir='ltr' id='par_1_117' title="bbox 2253 3249 3818 3330">
     <span class='ocr_line' id='line_1_118' title="bbox 2253 3249 3818 3330; baseline -0.003 -26"><span class='ocrx_word' id='word_1_759' title='bbox 2253 3249 2767 3330; x_wconf 63' lang='lat' dir='ltr'><strong>centiaesubsidia,</strong></span> <span class='ocrx_word' id='word_1_760' title='bbox 2796 3265 2923 3330; x_wconf 66' lang='lat' dir='ltr'><strong>quae</strong></span> <span class='ocrx_word' id='word_1_761' title='bbox 2943 3251 3059 3330; x_wconf 79' lang='lat' dir='ltr'><strong>jam</strong></span> <span class='ocrx_word' id='word_1_762' title='bbox 3108 3265 3139 3308; x_wconf 91' lang='lat' dir='ltr'><strong>a</strong></span> <span class='ocrx_word' id='word_1_763' title='bbox 3163 3249 3385 3330; x_wconf 75' lang='lat' dir='ltr'><strong>primis</strong></span> <span class='ocrx_word' id='word_1_764' title='bbox 3411 3251 3818 3330; x_wconf 56' lang='lat' dir='ltr'><strong>Ecclesizevesttf</strong></span> 
     </span>
    </p>
   </div>
   <div class='ocr_carea' id='block_1_118' title="bbox 2249 3321 3816 3392">
    <p class='ocr_par' dir='ltr' id='par_1_118' title="bbox 2249 3321 3816 3392">
     <span class='ocr_line' id='line_1_119' title="bbox 2249 3321 3816 3392; baseline 0 -18"><span class='ocrx_word' id='word_1_765' title='bbox 2249 3321 2422 3390; x_wconf 87' lang='lat' dir='ltr'><strong>jactis</strong></span> <span class='ocrx_word' id='word_1_766' title='bbox 2455 3323 2626 3377; x_wconf 86' lang='lat' dir='ltr'><strong>funda</strong></span> <span class='ocrx_word' id='word_1_767' title='bbox 2639 3321 2844 3377; x_wconf 83' lang='lat' dir='ltr'><strong>mentis</strong></span> <span class='ocrx_word' id='word_1_768' title='bbox 2870 3324 3080 3392; x_wconf 87' lang='lat' dir='ltr'><strong>passim</strong></span> <span class='ocrx_word' id='word_1_769' title='bbox 3103 3323 3335 3378; x_wconf 87' lang='lat' dir='ltr'><strong>mittere</strong></span> <span class='ocrx_word' id='word_1_770' title='bbox 3349 3321 3708 3392; x_wconf 77' lang='lat' dir='ltr'><strong>cousuevistis,</strong></span> <span class='ocrx_word' id='word_1_771' title='bbox 3725 3325 3816 3392; x_wconf 67' lang='grc' dir='ltr'><strong>συξη</strong></span> 
     </span>
    </p>
   </div>
   <div class='ocr_carea' id='block_1_119' title="bbox 2254 3391 3820 3460">
    <p class='ocr_par' dir='ltr' id='par_1_119' title="bbox 2254 3391 3820 3460">
     <span class='ocr_line' id='line_1_120' title="bbox 2254 3391 3820 3460; baseline -0.006 -14"><span class='ocrx_word' id='word_1_772' title='bbox 2254 3393 2389 3446; x_wconf 90' lang='lat' dir='ltr'><strong>sitis</strong></span> <span class='ocrx_word' id='word_1_773' title='bbox 2414 3393 2672 3460; x_wconf 75' lang='lat' dir='ltr'><strong>Romani,</strong></span> <span class='ocrx_word' id='word_1_774' title='bbox 2707 3391 3090 3450; x_wconf 80' lang='lat' dir='ltr'><strong>Romanorum</strong></span> <span class='ocrx_word' id='word_1_775' title='bbox 3136 3395 3602 3450; x_wconf 86' lang='lat' dir='ltr'><strong>consuetudinem</strong></span> <span class='ocrx_word' id='word_1_776' title='bbox 3628 3405 3655 3445; x_wconf 89' lang='lat' dir='ltr'><strong>a</strong></span> <span class='ocrx_word' id='word_1_777' title='bbox 3684 3391 3820 3442; x_wconf 78' lang='lat' dir='ltr'><strong>l’atri—</strong></span> 
     </span>
    </p>
   </div>
   <div class='ocr_carea' id='block_1_120' title="bbox 2254 3462 3823 3536">
    <p class='ocr_par' dir='ltr' id='par_1_120' title="bbox 2254 3462 3823 3536">
     <span class='ocr_line' id='line_1_121' title="bbox 2254 3462 3823 3536; baseline -0.004 -18"><span class='ocrx_word' id='word_1_778' title='bbox 2254 3462 2364 3536; x_wconf 87' lang='lat' dir='ltr'><strong>bus</strong></span> <span class='ocrx_word' id='word_1_779' title='bbox 2400 3464 2668 3518; x_wconf 87' lang='lat' dir='ltr'><strong>traditam</strong></span> <span class='ocrx_word' id='word_1_780' title='bbox 2689 3465 2889 3520; x_wconf 87' lang='lat' dir='ltr'><strong>sedulo</strong></span> <span class='ocrx_word' id='word_1_781' title='bbox 2915 3466 3258 3521; x_wconf 89' lang='lat' dir='ltr'><strong>observatis.</strong></span> <span class='ocrx_word' id='word_1_782' title='bbox 3293 3467 3472 3536; x_wconf 84' lang='lat' dir='ltr'><strong>Quam</strong></span> <span class='ocrx_word' id='word_1_783' title='bbox 3499 3463 3697 3534; x_wconf 85' lang='lat' dir='ltr'><strong>quidem</strong></span> <span class='ocrx_word' id='word_1_784' title='bbox 3717 3462 3823 3536; x_wconf 64' lang='lat' dir='ltr'><strong>certe</strong></span> 
     </span>
    </p>
   </div>
   <div class='ocr_carea' id='block_1_121' title="bbox 2254 3526 3820 3607">
    <p class='ocr_par' dir='ltr' id='par_1_121' title="bbox 2254 3526 3820 3607">
     <span class='ocr_line' id='line_1_122' title="bbox 2254 3526 3820 3607; baseline -0.005 -19"><span class='ocrx_word' id='word_1_785' title='bbox 2254 3535 2465 3607; x_wconf 82' lang='lat' dir='ltr'><strong>beatus</strong></span> <span class='ocrx_word' id='word_1_786' title='bbox 2487 3537 2648 3591; x_wconf 88' lang='lat' dir='ltr'><strong>Soter</strong></span> <span class='ocrx_word' id='word_1_787' title='bbox 2675 3543 2860 3592; x_wconf 90' lang='lat' dir='ltr'><strong>vester</strong></span> <span class='ocrx_word' id='word_1_788' title='bbox 2897 3538 3233 3607; x_wconf 84' lang='lat' dir='ltr'><strong>episcopus,</strong></span> <span class='ocrx_word' id='word_1_789' title='bbox 3261 3526 3337 3593; x_wconf 59' lang='lat' dir='ltr'><strong>ef</strong></span> <span class='ocrx_word' id='word_1_790' title='bbox 3358 3526 3616 3592; x_wconf 76' lang='lat' dir='ltr'><strong>hactenus</strong></span> <span class='ocrx_word' id='word_1_791' title='bbox 3634 3526 3820 3586; x_wconf 82' lang='lat' dir='ltr'><strong>custodi-</strong></span> 
     </span>
    </p>
   </div>
   <div class='ocr_carea' id='block_1_122' title="bbox 2254 3606 3820 3677">
    <p class='ocr_par' dir='ltr' id='par_1_122' title="bbox 2254 3606 3820 3677">
     <span class='ocr_line' id='line_1_123' title="bbox 2254 3606 3820 3677; baseline 0.003 -18"><span class='ocrx_word' id='word_1_792' title='bbox 2254 3606 2696 3677; x_wconf 88' lang='lat' dir='ltr'><strong>vitdiligenter,</strong></span> <span class='ocrx_word' id='word_1_793' title='bbox 2743 3615 2800 3664; x_wconf 92' lang='lat' dir='ltr'><strong>et</strong></span> <span class='ocrx_word' id='word_1_794' title='bbox 2832 3609 3040 3663; x_wconf 88' lang='lat' dir='ltr'><strong>mirqu</strong></span> <span class='ocrx_word' id='word_1_795' title='bbox 3076 3609 3133 3662; x_wconf 91' lang='lat' dir='ltr'><strong>in</strong></span> <span class='ocrx_word' id='word_1_796' title='bbox 3199 3609 3430 3664; x_wconf 91' lang='lat' dir='ltr'><strong>modum</strong></span> <span class='ocrx_word' id='word_1_797' title='bbox 3471 3621 3568 3664; x_wconf 92' lang='lat' dir='ltr'><strong>suo</strong></span> <span class='ocrx_word' id='word_1_798' title='bbox 3615 3608 3820 3673; x_wconf 66' lang='lat' dir='ltr'><strong>prope-&quot;50</strong></span> 
     </span>
    </p>
   </div>
   <div class='ocr_carea' id='block_1_123' title="bbox 2253 3677 3822 3748">
    <p class='ocr_par' dir='ltr' id='par_1_123' title="bbox 2253 3677 3822 3748">
     <span class='ocr_line' id='line_1_124' title="bbox 2253 3677 3822 3748; baseline -0.006 -17"><span class='ocrx_word' id='word_1_799' title='bbox 2253 3677 2452 3732; x_wconf 91' lang='lat' dir='ltr'><strong>studio</strong></span> <span class='ocrx_word' id='word_1_800' title='bbox 2479 3677 2754 3734; x_wconf 84' lang='lat' dir='ltr'><strong>adauxit:</strong></span> <span class='ocrx_word' id='word_1_801' title='bbox 2792 3679 2966 3748; x_wconf 90' lang='lat' dir='ltr'><strong>idque</strong></span> <span class='ocrx_word' id='word_1_802' title='bbox 2994 3693 3107 3734; x_wconf 92' lang='lat' dir='ltr'><strong>non</strong></span> <span class='ocrx_word' id='word_1_803' title='bbox 3136 3680 3311 3735; x_wconf 91' lang='lat' dir='ltr'><strong>modo</strong></span> <span class='ocrx_word' id='word_1_804' title='bbox 3343 3693 3474 3748; x_wconf 90' lang='lat' dir='ltr'><strong>opes</strong></span> <span class='ocrx_word' id='word_1_805' title='bbox 3507 3681 3559 3732; x_wconf 92' lang='lat' dir='ltr'><strong>in</strong></span> <span class='ocrx_word' id='word_1_806' title='bbox 3582 3679 3822 3730; x_wconf 83' lang='lat' dir='ltr'><strong>sanctosre-</strong></span> 
     </span>
    </p>
   </div>
   <div class='ocr_carea' id='block_1_124' title="bbox 2253 3748 3820 3822">
    <p class='ocr_par' dir='ltr' id='par_1_124' title="bbox 2253 3748 3820 3822">
     <span class='ocr_line' id='line_1_125' title="bbox 2253 3748 3820 3822; baseline -0.006 -20"><span class='ocrx_word' id='word_1_807' title='bbox 2253 3748 2529 3822; x_wconf 86' lang='lat' dir='ltr'><strong>ficieudos</strong></span> <span class='ocrx_word' id='word_1_808' title='bbox 2564 3750 2854 3822; x_wconf 77' lang='lat' dir='ltr'><strong>delegatus</strong></span> <span class='ocrx_word' id='word_1_809' title='bbox 2873 3748 3122 3820; x_wconf 82' lang='lat' dir='ltr'><strong>benigne</strong></span> <span class='ocrx_word' id='word_1_810' title='bbox 3148 3749 3636 3806; x_wconf 88' lang='lat' dir='ltr'><strong>subministrando</strong></span> <span class='ocrx_word' id='word_1_811' title='bbox 3654 3763 3668 3810; x_wconf 73' lang='grc' dir='ltr'>ς</span> <span class='ocrx_word' id='word_1_812' title='bbox 3685 3749 3820 3822; x_wconf 74' lang='lat' dir='ltr'><strong>verunt</strong></span> 
     </span>
    </p>
   </div>
   <div class='ocr_carea' id='block_1_125' title="bbox 2252 3817 3823 3890">
    <p class='ocr_par' dir='ltr' id='par_1_125' title="bbox 2252 3817 3823 3890">
     <span class='ocr_line' id='line_1_126' title="bbox 2252 3817 3823 3890; baseline 0 -18"><span class='ocrx_word' id='word_1_813' title='bbox 2252 3823 2425 3873; x_wconf 86' lang='lat' dir='ltr'><strong>etiam</strong></span> <span class='ocrx_word' id='word_1_814' title='bbox 2462 3819 2668 3875; x_wconf 84' lang='lat' dir='ltr'><strong>fratres</strong></span> <span class='ocrx_word' id='word_1_815' title='bbox 2692 3817 2759 3877; x_wconf 77' lang='lat' dir='ltr'><strong>ad</strong></span> <span class='ocrx_word' id='word_1_816' title='bbox 2797 3823 2984 3890; x_wconf 87' lang='lat' dir='ltr'><strong>ipsum</strong></span> <span class='ocrx_word' id='word_1_817' title='bbox 3015 3817 3419 3890; x_wconf 78' lang='lat' dir='ltr'><strong>adventantes,</strong></span> <span class='ocrx_word' id='word_1_818' title='bbox 3449 3829 3687 3890; x_wconf 78' lang='lat' dir='ltr'><strong>tauquam</strong></span> <span class='ocrx_word' id='word_1_819' title='bbox 3717 3817 3823 3890; x_wconf 58' lang='lat' dir='ltr'><strong>pater</strong></span> 
     </span>
    </p>
   </div>
   <div class='ocr_carea' id='block_1_126' title="bbox 2257 3889 3824 3966">
    <p class='ocr_par' dir='ltr' id='par_1_126' title="bbox 2257 3889 3824 3966">
     <span class='ocr_line' id='line_1_127' title="bbox 2257 3889 3824 3966; baseline -0.006 -22"><span class='ocrx_word' id='word_1_820' title='bbox 2257 3891 2416 3966; x_wconf 71' lang='lat' dir='ltr'><strong>indui</strong></span> <span class='ocrx_word' id='word_1_821' title='bbox 2429 3905 2587 3961; x_wconf 86' lang='lat' dir='ltr'><strong>gens,</strong></span> <span class='ocrx_word' id='word_1_822' title='bbox 2603 3900 2657 3947; x_wconf 91' lang='lat' dir='ltr'><strong>et</strong></span> <span class='ocrx_word' id='word_1_823' title='bbox 2671 3889 2918 3966; x_wconf 85' lang='lat' dir='ltr'><strong>clemens</strong></span> <span class='ocrx_word' id='word_1_824' title='bbox 2935 3895 2949 3946; x_wconf 94' lang='lat' dir='ltr'><strong>i</strong></span> <span class='ocrx_word' id='word_1_825' title='bbox 2959 3907 2992 3966; x_wconf 88' lang='lat' dir='ltr'><strong>n</strong></span> <span class='ocrx_word' id='word_1_826' title='bbox 3016 3893 3256 3966; x_wconf 89' lang='lat' dir='ltr'><strong>liberos,</strong></span> <span class='ocrx_word' id='word_1_827' title='bbox 3275 3889 3514 3966; x_wconf 83' lang='lat' dir='ltr'><strong>beatoac</strong></span> <span class='ocrx_word' id='word_1_828' title='bbox 3537 3889 3620 3960; x_wconf 85' lang='lat' dir='ltr'><strong>pio</strong></span> <span class='ocrx_word' id='word_1_829' title='bbox 3637 3889 3824 3966; x_wconf 67' lang='lat' dir='ltr'><strong>sermone</strong></span> 
     </span>
    </p>
   </div>
   <div class='ocr_carea' id='block_1_127' title="bbox 2254 3956 3823 4034">
    <p class='ocr_par' dir='ltr' id='par_1_127' title="bbox 2254 3956 3823 4034">
     <span class='ocr_line' id='line_1_128' title="bbox 2254 3956 3823 4034; baseline -0.002 -18"><span class='ocrx_word' id='word_1_830' title='bbox 2254 3963 2322 4016; x_wconf 61' lang='lat' dir='ltr'><strong>ad</strong></span> <span class='ocrx_word' id='word_1_831' title='bbox 2354 3956 2622 4034; x_wconf 71' lang='lat' dir='ltr'><strong>virtutem</strong></span> <span class='ocrx_word' id='word_1_832' title='bbox 2657 3964 3030 4020; x_wconf 77' lang='lat' dir='ltr'><strong>cohortando.</strong></span> <span class='ocrx_word' id='word_1_833' title='bbox 3068 3982 3093 4013; x_wconf 79' lang='grc' dir='ltr'><strong>ι)</strong></span> <span class='ocrx_word' id='word_1_834' title='bbox 3127 3956 3386 4034; x_wconf 65' lang='lat' dir='ltr'><strong>(Euseb,</strong></span> <span class='ocrx_word' id='word_1_835' title='bbox 3432 3956 3620 4018; x_wconf 80' lang='lat' dir='ltr'><strong>Hister.</strong></span> <span class='ocrx_word' id='word_1_836' title='bbox 3669 3956 3746 4012; x_wconf 86' lang='lat' dir='ltr'><strong>lib.</strong></span> <span class='ocrx_word' id='word_1_837' title='bbox 3776 3962 3823 4012; x_wconf 66' lang='lat' dir='ltr'><strong>Ws</strong></span> 
     </span>
    </p>
   </div>
   <div class='ocr_carea' id='block_1_128' title="bbox 2251 4031 2512 4104">
    <p class='ocr_par' dir='ltr' id='par_1_128' title="bbox 2251 4031 2512 4104">
     <span class='ocr_line' id='line_1_129' title="bbox 2251 4031 2512 4104; baseline 0 -18"><span class='ocrx_word' id='word_1_838' title='bbox 2251 4046 2374 4102; x_wconf 89' lang='lat' dir='ltr'><strong>cap.</strong></span> <span class='ocrx_word' id='word_1_839' title='bbox 2396 4031 2512 4104; x_wconf 73' lang='lat'><strong>‘22.)</strong></span> 
     </span>
    </p>
   </div>
   <div class='ocr_carea' id='block_1_129' title="bbox 2324 4111 3826 4194">
    <p class='ocr_par' dir='ltr' id='par_1_129' title="bbox 2324 4111 3826 4194">
     <span class='ocr_line' id='line_1_130' title="bbox 2324 4111 3826 4194; baseline -0.005 -20"><span class='ocrx_word' id='word_1_840' title='bbox 2324 4123 2422 4177; x_wconf 83' lang='lat' dir='ltr'><strong>llis</strong></span> <span class='ocrx_word' id='word_1_841' title='bbox 2447 4139 2516 4176; x_wconf 81' lang='lat' dir='ltr'><strong>ea:</strong></span> <span class='ocrx_word' id='word_1_842' title='bbox 2536 4124 2767 4178; x_wconf 83' lang='lat' dir='ltr'><strong>historia</strong></span> <span class='ocrx_word' id='word_1_843' title='bbox 2791 4125 3016 4180; x_wconf 84' lang='lat' dir='ltr'><strong>Eusebii</strong></span> <span class='ocrx_word' id='word_1_844' title='bbox 3031 4124 3326 4194; x_wconf 80' lang='lat' dir='ltr'><strong>productis</strong></span> <span class='ocrx_word' id='word_1_845' title='bbox 3346 4129 3635 4194; x_wconf 77' lang='lat' dir='ltr'><strong>sequentem</strong></span> <span class='ocrx_word' id='word_1_846' title='bbox 3668 4111 3826 4194; x_wconf 55' lang='lat' dir='ltr'><strong>subjitit</strong></span> 
     </span>
    </p>
   </div>
   <div class='ocr_carea' id='block_1_130' title="bbox 2249 4187 3828 4264">
    <p class='ocr_par' dir='ltr' id='par_1_130' title="bbox 2249 4187 3828 4264">
     <span class='ocr_line' id='line_1_131' title="bbox 2249 4187 3828 4264; baseline -0.002 -20"><span class='ocrx_word' id='word_1_847' title='bbox 2249 4193 2672 4248; x_wconf 77' lang='lat' dir='ltr'><strong>observationem</strong></span> <span class='ocrx_word' id='word_1_848' title='bbox 2725 4196 2987 4249; x_wconf 83' lang='lat' dir='ltr'><strong>laudatus</strong></span> <span class='ocrx_word' id='word_1_849' title='bbox 3031 4187 3245 4264; x_wconf 61' lang='lat' dir='ltr'><strong>praesul</strong></span> <span class='ocrx_word' id='word_1_850' title='bbox 3287 4187 3544 4251; x_wconf 59' lang='lat' dir='ltr'><strong>Sominier</strong></span> <span class='ocrx_word' id='word_1_851' title='bbox 3583 4197 3698 4246; x_wconf 72' lang='lat' dir='ltr'><strong>inter</strong></span> <span class='ocrx_word' id='word_1_852' title='bbox 3720 4187 3828 4264; x_wconf 54' lang='lat' dir='ltr'><strong>uetas</strong></span> 
     </span>
    </p>
   </div>
   <div class='ocr_carea' id='block_1_131' title="bbox 2247 4262 3828 4340">
    <p class='ocr_par' dir='ltr' id='par_1_131' title="bbox 2247 4262 3828 4340">
     <span class='ocr_line' id='line_1_132' title="bbox 2247 4262 3828 4340; baseline -0.001 -23"><span class='ocrx_word' id='word_1_853' title='bbox 2247 4266 2334 4340; x_wconf 74' lang='lat' dir='ltr'><strong>ad</strong></span> <span class='ocrx_word' id='word_1_854' title='bbox 2371 4265 2608 4319; x_wconf 78' lang='lat' dir='ltr'><strong>Soterem</strong></span> <span class='ocrx_word' id='word_1_855' title='bbox 2662 4269 2852 4340; x_wconf 79' lang='lat' dir='ltr'><strong>merito</strong></span> <span class='ocrx_word' id='word_1_856' title='bbox 2897 4262 3225 4340; x_wconf 72' lang='lat' dir='ltr'><strong>eligendam,</strong></span> <span class='ocrx_word' id='word_1_857' title='bbox 3273 4285 3396 4337; x_wconf 72' lang='lat' dir='ltr'><strong>quae</strong></span> <span class='ocrx_word' id='word_1_858' title='bbox 3443 4262 3828 4340; x_wconf 35' lang='lat' dir='ltr'><strong>mercaturam?</strong></span> 
     </span>
    </p>
   </div>
   <div class='ocr_carea' id='block_1_132' title="bbox 2245 4334 3827 4400">
    <p class='ocr_par' dir='ltr' id='par_1_132' title="bbox 2245 4334 3827 4400">
     <span class='ocr_line' id='line_1_133' title="bbox 2245 4334 3827 4400; baseline 0.001 -12"><span class='ocrx_word' id='word_1_859' title='bbox 2245 4338 2449 4400; x_wconf 80' lang='lat' dir='ltr'><strong>referri</strong></span> <span class='ocrx_word' id='word_1_860' title='bbox 2486 4340 2631 4390; x_wconf 84' lang='lat' dir='ltr'><strong>inter</strong></span> <span class='ocrx_word' id='word_1_861' title='bbox 2665 4339 3064 4392; x_wconf 79' lang='lat' dir='ltr'><strong>obseruationes</strong></span> <span class='ocrx_word' id='word_1_862' title='bbox 3095 4339 3171 4392; x_wconf 90' lang='lat' dir='ltr'><strong>ad</strong></span> <span class='ocrx_word' id='word_1_863' title='bbox 3219 4334 3606 4394; x_wconf 75' lang='lat' dir='ltr'><strong>illustrandum</strong></span> <span class='ocrx_word' id='word_1_864' title='bbox 3641 4334 3827 4390; x_wconf 43' lang='lat' dir='ltr'><strong>Dionis&quot;</strong></span> 
     </span>
    </p>
   </div>
   <div class='ocr_carea' id='block_1_133' title="bbox 2246 4411 2925 4479">
    <p class='ocr_par' dir='ltr' id='par_1_133' title="bbox 2246 4411 2925 4479">
     <span class='ocr_line' id='line_1_134' title="bbox 2246 4411 2925 4479; baseline 0.004 -19"><span class='ocrx_word' id='word_1_865' title='bbox 2246 4411 2530 4476; x_wconf 78' lang='lat' dir='ltr'><strong>epistolam</strong></span> <span class='ocrx_word' id='word_1_866' title='bbox 2569 4416 2925 4479; x_wconf 79' lang='lat' dir='ltr'><strong>Opportunas.</strong></span> 
     </span>
    </p>
   </div>
   <div class='ocr_carea' id='block_1_134' title="bbox 2323 4479 3835 4570">
    <p class='ocr_par' dir='ltr' id='par_1_134' title="bbox 2323 4479 3835 4570">
     <span class='ocr_line' id='line_1_135' title="bbox 2323 4479 3835 4570; baseline -0.006 -21"><span class='ocrx_word' id='word_1_867' title='bbox 2323 4517 2348 4570; x_wconf 70' lang='grc' dir='ltr'>ᾳ</span> <span class='ocrx_word' id='word_1_868' title='bbox 2386 4499 2448 4550; x_wconf 93' lang='lat' dir='ltr'><strong>Iu</strong></span> <span class='ocrx_word' id='word_1_869' title='bbox 2482 4498 2732 4568; x_wconf 83' lang='lat' dir='ltr'><strong>imagine</strong></span> <span class='ocrx_word' id='word_1_870' title='bbox 2749 4498 2978 4568; x_wconf 90' lang='lat' dir='ltr'><strong>antiqui</strong></span> <span class='ocrx_word' id='word_1_871' title='bbox 3001 4498 3175 4569; x_wconf 84' lang='lat' dir='ltr'><strong>hujus</strong></span> <span class='ocrx_word' id='word_1_872' title='bbox 3191 4501 3500 4570; x_wconf 90' lang='lat' dir='ltr'><strong>sanctique</strong></span> <span class='ocrx_word' id='word_1_873' title='bbox 3521 4479 3835 4570; x_wconf 50' lang='lat' dir='ltr'><strong>pontiﬁcisefj</strong></span> 
     </span>
    </p>
   </div>
   <div class='ocr_carea' id='block_1_135' title="bbox 2164 4555 3826 4638">
    <p class='ocr_par' dir='ltr' id='par_1_135' title="bbox 2164 4555 3826 4638">
     <span class='ocr_line' id='line_1_136' title="bbox 2164 4555 3826 4638; baseline -0.004 -15"><span class='ocrx_word' id='word_1_874' title='bbox 2164 4555 2220 4615; x_wconf 87' lang='lat' dir='ltr'><strong>D</strong></span> <span class='ocrx_word' id='word_1_875' title='bbox 2253 4567 2440 4638; x_wconf 85' lang='lat' dir='ltr'><strong>ﬁgiem</strong></span> <span class='ocrx_word' id='word_1_876' title='bbox 2477 4555 2770 4624; x_wconf 70' lang='lat' dir='ltr'><strong>iutucmur</strong></span> <span class='ocrx_word' id='word_1_877' title='bbox 2796 4555 3106 4625; x_wconf 64' lang='lat' dir='ltr'><strong>Clementis</strong></span> <span class='ocrx_word' id='word_1_878' title='bbox 3148 4570 3249 4636; x_wconf 79' lang='lat' dir='ltr'><strong>XI,</strong></span> <span class='ocrx_word' id='word_1_879' title='bbox 3284 4585 3354 4626; x_wconf 87' lang='lat' dir='ltr'><strong>ex</strong></span> <span class='ocrx_word' id='word_1_880' title='bbox 3379 4555 3563 4625; x_wconf 72' lang='lat' dir='ltr'><strong>eadem</strong></span> <span class='ocrx_word' id='word_1_881' title='bbox 3608 4566 3718 4638; x_wconf 75' lang='lat' dir='ltr'><strong>sede</strong></span> <span class='ocrx_word' id='word_1_882' title='bbox 3753 4565 3826 4638; x_wconf 69' lang='lat' dir='ltr'><strong>n06</strong></span> 
     </span>
    </p>
   </div>
   <div class='ocr_carea' id='block_1_136' title="bbox 2256 4636 3824 4710">
    <p class='ocr_par' dir='ltr' id='par_1_136' title="bbox 2256 4636 3824 4710">
     <span class='ocr_line' id='line_1_137' title="bbox 2256 4636 3824 4710; baseline -0.006 -16"><span class='ocrx_word' id='word_1_883' title='bbox 2256 4636 2426 4695; x_wconf 79' lang='lat' dir='ltr'><strong>hedie</strong></span> <span class='ocrx_word' id='word_1_884' title='bbox 2455 4641 2850 4710; x_wconf 83' lang='lat' dir='ltr'><strong>gubernantis.</strong></span> <span class='ocrx_word' id='word_1_885' title='bbox 2887 4641 3070 4708; x_wconf 85' lang='lat' dir='ltr'><strong>Hujus</strong></span> <span class='ocrx_word' id='word_1_886' title='bbox 3089 4641 3258 4710; x_wconf 87' lang='lat' dir='ltr'><strong>plena</strong></span> <span class='ocrx_word' id='word_1_887' title='bbox 3289 4638 3654 4696; x_wconf 86' lang='lat' dir='ltr'><strong>humanitatis</strong></span> <span class='ocrx_word' id='word_1_888' title='bbox 3675 4636 3824 4710; x_wconf 50' lang='lat' dir='ltr'><strong>virttis:</strong></span> 
     </span>
    </p>
   </div>
   <div class='ocr_carea' id='block_1_137' title="bbox 2253 4701 3829 4790">
    <p class='ocr_par' dir='ltr' id='par_1_137' title="bbox 2253 4701 3829 4790">
     <span class='ocr_line' id='line_1_138' title="bbox 2253 4701 3829 4790; baseline -0.003 -26"><span class='ocrx_word' id='word_1_889' title='bbox 2253 4701 2549 4790; x_wconf 74' lang='lat' dir='ltr'><strong>cemitatis</strong></span> <span class='ocrx_word' id='word_1_890' title='bbox 2595 4713 2902 4790; x_wconf 88' lang='lat' dir='ltr'><strong>exceptio,_</strong></span> <span class='ocrx_word' id='word_1_891' title='bbox 2934 4701 3166 4790; x_wconf 72' lang='lat' dir='ltr'><strong>indoles</strong></span> <span class='ocrx_word' id='word_1_892' title='bbox 3205 4701 3829 4790; x_wconf 47' lang='lat' dir='ltr'><strong>benifiﬁcentiaa,specta}:a</strong></span> 
     </span>
    </p>
   </div>
   <div class='ocr_carea' id='block_1_138' title="bbox 2253 4767 3828 4857">
    <p class='ocr_par' dir='ltr' id='par_1_138' title="bbox 2253 4767 3828 4857">
     <span class='ocr_line' id='line_1_139' title="bbox 2253 4767 3828 4857; baseline -0.002 -21"><span class='ocrx_word' id='word_1_893' title='bbox 2253 4781 2604 4857; x_wconf 81' lang='lat' dir='ltr'><strong>eloquentia,</strong></span> <span class='ocrx_word' id='word_1_894' title='bbox 2633 4767 2810 4857; x_wconf 61' lang='lat' dir='ltr'><strong>et_a&#39;rs</strong></span> <span class='ocrx_word' id='word_1_895' title='bbox 2836 4767 3204 4857; x_wconf 79' lang='lat' dir='ltr'><strong>admirabilis</strong></span> <span class='ocrx_word' id='word_1_896' title='bbox 3243 4767 3472 4840; x_wconf 89' lang='lat' dir='ltr'><strong>animos</strong></span> <span class='ocrx_word' id='word_1_897' title='bbox 3518 4767 3828 4857; x_wconf 52' lang='lat' dir='ltr'><strong>devinciqntfj:</strong></span> 
     </span>
    </p>
   </div>
   <div class='ocr_carea' id='block_1_139' title="bbox 2253 4847 3831 4933">
    <p class='ocr_par' dir='ltr' id='par_1_139' title="bbox 2253 4847 3831 4933">
     <span class='ocr_line' id='line_1_140' title="bbox 2253 4847 3831 4933; baseline 0.004 -26"><span class='ocrx_word' id='word_1_898' title='bbox 2253 4860 2320 4933; x_wconf 89' lang='lat' dir='ltr'><strong>et_</strong></span> <span class='ocrx_word' id='word_1_899' title='bbox 2359 4847 2650 4933; x_wconf 82' lang='lat' dir='ltr'><strong>mentibus</strong></span> <span class='ocrx_word' id='word_1_900' title='bbox 2697 4855 3040 4933; x_wconf 75' lang='lat' dir='ltr'><strong>imperandi,</strong></span> <span class='ocrx_word' id='word_1_901' title='bbox 3084 4861 3260 4933; x_wconf 79' lang='lat' dir='ltr'><strong>atque</strong></span> <span class='ocrx_word' id='word_1_902' title='bbox 3291 4854 3632 4933; x_wconf 65' lang='lat' dir='ltr'><strong>inspirandaa</strong></span> <span class='ocrx_word' id='word_1_903' title='bbox 3662 4847 3831 4933; x_wconf 49' lang='lat' dir='ltr'><strong>piffa‘ﬁ</strong></span> 
     </span>
    </p>
   </div>
   <div class='ocr_carea' id='block_1_140' title="bbox 2255 4911 3833 5004">
    <p class='ocr_par' dir='ltr' id='par_1_140' title="bbox 2255 4911 3833 5004">
     <span class='ocr_line' id='line_1_141' title="bbox 2255 4911 3833 5004; baseline -0.001 -25"><span class='ocrx_word' id='word_1_904' title='bbox 2255 4925 2322 4980; x_wconf 88' lang='lat' dir='ltr'><strong>ad</strong></span> <span class='ocrx_word' id='word_1_905' title='bbox 2365 4938 2424 4979; x_wconf 91' lang='lat' dir='ltr'><strong>se</strong></span> <span class='ocrx_word' id='word_1_906' title='bbox 2466 4911 2894 5004; x_wconf 55' lang='lat' dir='ltr'><strong>accedentibus,</strong></span> <span class='ocrx_word' id='word_1_907' title='bbox 2957 4911 3088 5004; x_wconf 78' lang='lat' dir='ltr'><strong>nota</strong></span> <span class='ocrx_word' id='word_1_908' title='bbox 3119 4911 3236 4995; x_wconf 73' lang='lat' dir='ltr'><strong>jam</strong></span> <span class='ocrx_word' id='word_1_909' title='bbox 3269 4911 3476 5004; x_wconf 65' lang='lat' dir='ltr'><strong>decere</strong></span> <span class='ocrx_word' id='word_1_910' title='bbox 3517 4911 3833 5004; x_wconf 44' lang='lat' dir='ltr'><strong>univeﬁij:</strong></span> 
     </span>
    </p>
   </div>
   <div class='ocr_carea' id='block_1_141' title="bbox 2259 4987 3829 5074">
    <p class='ocr_par' dir='ltr' id='par_1_141' title="bbox 2259 4987 3829 5074">
     <span class='ocr_line' id='line_1_142' title="bbox 2259 4987 3829 5074; baseline 0.003 -25"><span class='ocrx_word' id='word_1_911' title='bbox 2259 5004 2551 5074; x_wconf 87' lang='lat' dir='ltr'><strong>perspecta</strong></span> <span class='ocrx_word' id='word_1_912' title='bbox 2570 5009 2736 5074; x_wconf 69' lang='lat' dir='ltr'><strong>sunt.</strong></span> <span class='ocrx_word' id='word_1_913' title='bbox 2770 4987 3173 5074; x_wconf 71' lang='lat' dir='ltr'><strong>Experimenio</strong></span> <span class='ocrx_word' id='word_1_914' title='bbox 3194 4998 3428 5067; x_wconf 90' lang='lat' dir='ltr'><strong>proprio</strong></span> <span class='ocrx_word' id='word_1_915' title='bbox 3462 4999 3573 5052; x_wconf 63' lang='lat' dir='ltr'><strong>haec</strong></span> <span class='ocrx_word' id='word_1_916' title='bbox 3595 4987 3829 5074; x_wconf 50' lang='lat' dir='ltr'><strong>adgigifg‘</strong></span> 
     </span>
    </p>
   </div>
   <div class='ocr_carea' id='block_1_142' title="bbox 2261 5061 3832 5144">
    <p class='ocr_par' dir='ltr' id='par_1_142' title="bbox 2261 5061 3832 5144">
     <span class='ocr_line' id='line_1_143' title="bbox 2261 5061 3832 5144; baseline 0 -22"><span class='ocrx_word' id='word_1_917' title='bbox 2261 5061 2373 5124; x_wconf 91' lang='lat' dir='ltr'><strong>imo</strong></span> <span class='ocrx_word' id='word_1_918' title='bbox 2394 5061 2517 5136; x_wconf 50' lang='lat' dir='ltr'><strong>&#39;qua</strong></span> <span class='ocrx_word' id='word_1_919' title='bbox 2551 5069 2646 5122; x_wconf 90' lang='lat' dir='ltr'><strong>die</strong></span> <span class='ocrx_word' id='word_1_920' title='bbox 2679 5069 2797 5123; x_wconf 71' lang='lat' dir='ltr'><strong>haec</strong></span> <span class='ocrx_word' id='word_1_921' title='bbox 2821 5061 2878 5122; x_wconf 85' lang='lat' dir='ltr'><strong>in</strong></span> <span class='ocrx_word' id='word_1_922' title='bbox 2901 5069 3128 5144; x_wconf 84' lang='lat' dir='ltr'><strong>litteras</strong></span> <span class='ocrx_word' id='word_1_923' title='bbox 3155 5061 3386 5144; x_wconf 65' lang='lat' dir='ltr'><strong>mando,</strong></span> <span class='ocrx_word' id='word_1_924' title='bbox 3426 5061 3832 5144; x_wconf 36' lang='lat' dir='ltr'><strong>accepi-ﬁant}?</strong></span> 
     </span>
    </p>
   </div>
   <div class='ocr_carea' id='block_1_143' title="bbox 2257 5126 3834 5213">
    <p class='ocr_par' dir='ltr' id='par_1_143' title="bbox 2257 5126 3834 5213">
     <span class='ocr_line' id='line_1_144' title="bbox 2257 5126 3834 5213; baseline -0.003 -19"><span class='ocrx_word' id='word_1_925' title='bbox 2257 5126 2436 5213; x_wconf 63' lang='lat' dir='ltr'><strong>tatem&#39;</strong></span> <span class='ocrx_word' id='word_1_926' title='bbox 2457 5153 2616 5213; x_wconf 84' lang='lat' dir='ltr'><strong>suam</strong></span> <span class='ocrx_word' id='word_1_927' title='bbox 2649 5153 2716 5195; x_wconf 90' lang='lat' dir='ltr'><strong>ex</strong></span> <span class='ocrx_word' id='word_1_928' title='bbox 2749 5139 2986 5213; x_wconf 72' lang='lat' dir='ltr'><strong>aerario</strong></span> <span class='ocrx_word' id='word_1_929' title='bbox 3018 5139 3318 5208; x_wconf 87' lang='lat' dir='ltr'><strong>pontiﬁcio</strong></span> <span class='ocrx_word' id='word_1_930' title='bbox 3371 5126 3834 5213; x_wconf 9' lang='lat' dir='ltr'><strong>transmisisserfij</strong></span> 
     </span>
    </p>
   </div>
   <div class='ocr_carea' id='block_1_144' title="bbox 2259 5197 3832 5284">
    <p class='ocr_par' dir='ltr' id='par_1_144' title="bbox 2259 5197 3832 5284">
     <span class='ocr_line' id='line_1_145' title="bbox 2259 5197 3832 5284; baseline -0.004 -20"><span class='ocrx_word' id='word_1_931' title='bbox 2259 5210 2436 5284; x_wconf 81' lang='lat' dir='ltr'><strong>risios</strong></span> <span class='ocrx_word' id='word_1_932' title='bbox 2478 5211 2761 5284; x_wconf 83' lang='lat' dir='ltr'><strong>ingentem</strong></span> <span class='ocrx_word' id='word_1_933' title='bbox 2787 5197 3044 5279; x_wconf 70' lang='lat' dir='ltr'><strong>pecuniae</strong></span> <span class='ocrx_word' id='word_1_934' title='bbox 3069 5213 3182 5266; x_wconf 89' lang='lat' dir='ltr'><strong>vim</strong></span> <span class='ocrx_word' id='word_1_935' title='bbox 3213 5213 3286 5284; x_wconf 89' lang='lat' dir='ltr'><strong>ad</strong></span> <span class='ocrx_word' id='word_1_936' title='bbox 3331 5197 3832 5284; x_wconf 40' lang='lat' dir='ltr'><strong>relevandasint‘jlifi</strong></span> 
     </span>
    </p>
   </div>
   <div class='ocr_carea' id='block_1_145' title="bbox 2261 5274 3836 5356">
    <p class='ocr_par' dir='ltr' id='par_1_145' title="bbox 2261 5274 3836 5356">
     <span class='ocr_line' id='line_1_146' title="bbox 2261 5274 3836 5356; baseline -0.005 -20"><span class='ocrx_word' id='word_1_937' title='bbox 2261 5282 2424 5356; x_wconf 80' lang='lat' dir='ltr'><strong>illius</strong></span> <span class='ocrx_word' id='word_1_938' title='bbox 2453 5274 2746 5356; x_wconf 79' lang='lat' dir='ltr'><strong>principis</strong></span> <span class='ocrx_word' id='word_1_939' title='bbox 2768 5274 3166 5356; x_wconf 63' lang='lat' dir='ltr'><strong>necessitates,</strong></span> <span class='ocrx_word' id='word_1_940' title='bbox 3184 5283 3285 5350; x_wconf 91' lang='lat' dir='ltr'><strong>qui</strong></span> <span class='ocrx_word' id='word_1_941' title='bbox 3309 5283 3486 5337; x_wconf 89' lang='lat' dir='ltr'><strong>decus</strong></span> <span class='ocrx_word' id='word_1_942' title='bbox 3503 5274 3764 5356; x_wconf 55' lang='lat' dir='ltr'><strong>catholicas</strong></span> <span class='ocrx_word' id='word_1_943' title='bbox 3781 5277 3836 5356; x_wconf 55' lang='grc' dir='ltr'><strong>ξε·</strong></span> 
     </span>
    </p>
   </div>
   <div class='ocr_carea' id='block_1_146' title="bbox 2258 5347 3808 5424">
    <p class='ocr_par' dir='ltr' id='par_1_146' title="bbox 2258 5347 3808 5424">
     <span class='ocr_line' id='line_1_147' title="bbox 2258 5347 3808 5424; baseline -0.007 -17"><span class='ocrx_word' id='word_1_944' title='bbox 2258 5347 2499 5424; x_wconf 65' lang='grc' dir='ltr'><strong>Ιὶςείοῐιὶἐ</strong></span> <span class='ocrx_word' id='word_1_945' title='bbox 2525 5347 2779 5420; x_wconf 61' lang='grc' dir='ltr'><strong>ιη’ἑὲίυΙὶῐ</strong></span> <span class='ocrx_word' id='word_1_946' title='bbox 2808 5354 2986 5424; x_wconf 87' lang='lat' dir='ltr'><strong>regiis</strong></span> <span class='ocrx_word' id='word_1_947' title='bbox 3010 5347 3469 5408; x_wconf 44' lang='lat' dir='ltr'><strong>titulis—suarum</strong></span> <span class='ocrx_word' id='word_1_948' title='bbox 3491 5347 3768 5424; x_wconf 83' lang='lat' dir='ltr'><strong>natalium.</strong></span> <span class='ocrx_word' id='word_1_949' title='bbox 3791 5354 3808 5424; x_wconf 57' lang='grc' dir='ltr'><em>ε</em></span> 
     </span>
    </p>
   </div>
   <div class='ocr_carea' id='block_1_147' title="bbox 2329 5420 3835 5489">
    <p class='ocr_par' dir='ltr' id='par_1_147' title="bbox 2329 5420 3835 5489">
     <span class='ocr_line' id='line_1_148' title="bbox 2329 5420 3835 5489; baseline -0.009 -13"><span class='ocrx_word' id='word_1_950' title='bbox 2329 5423 2502 5489; x_wconf 84' lang='lat' dir='ltr'><strong>Quam</strong></span> <span class='ocrx_word' id='word_1_951' title='bbox 2551 5425 2780 5477; x_wconf 83' lang='lat' dir='ltr'><strong>libenter</strong></span> <span class='ocrx_word' id='word_1_952' title='bbox 2825 5420 2934 5478; x_wconf 53' lang='lat' dir='ltr'><strong>hinc</strong></span> <span class='ocrx_word' id='word_1_953' title='bbox 2979 5427 3036 5477; x_wconf 87' lang='lat' dir='ltr'><strong>in</strong></span> <span class='ocrx_word' id='word_1_954' title='bbox 3075 5425 3284 5477; x_wconf 80' lang='lat' dir='ltr'><strong>litteras</strong></span> <span class='ocrx_word' id='word_1_955' title='bbox 3335 5423 3703 5476; x_wconf 76' lang='lat' dir='ltr'><strong>mandaturum</strong></span> <span class='ocrx_word' id='word_1_956' title='bbox 3751 5420 3835 5462; x_wconf 76' lang='lat' dir='ltr'><strong>cum</strong></span> 
     </span>
    </p>
   </div>
   <div class='ocr_carea' id='block_1_148' title="bbox 2258 5489 3837 5565">
    <p class='ocr_par' dir='ltr' id='par_1_148' title="bbox 2258 5489 3837 5565">
     <span class='ocr_line' id='line_1_149' title="bbox 2258 5489 3837 5565; baseline -0.008 -15"><span class='ocrx_word' id='word_1_957' title='bbox 2258 5495 2316 5550; x_wconf 90' lang='lat' dir='ltr'><strong>C.</strong></span> <span class='ocrx_word' id='word_1_958' title='bbox 2379 5496 2442 5550; x_wconf 89' lang='lat' dir='ltr'><strong>V.</strong></span> <span class='ocrx_word' id='word_1_959' title='bbox 2527 5495 2788 5550; x_wconf 84' lang='lat' dir='ltr'><strong>Summier</strong></span> <span class='ocrx_word' id='word_1_960' title='bbox 2829 5502 3090 5565; x_wconf 81' lang='lat' dir='ltr'><strong>putamus</strong></span> <span class='ocrx_word' id='word_1_961' title='bbox 3133 5497 3472 5560; x_wconf 79' lang='lat' dir='ltr'><strong>Dionysium,</strong></span> <span class='ocrx_word' id='word_1_962' title='bbox 3523 5494 3570 5544; x_wconf 83' lang='lat' dir='ltr'><strong>si</strong></span> <span class='ocrx_word' id='word_1_963' title='bbox 3612 5491 3735 5540; x_wconf 80' lang='lat' dir='ltr'><strong>inter</strong></span> <span class='ocrx_word' id='word_1_964' title='bbox 3767 5489 3837 5565; x_wconf 68' lang='lat' dir='ltr'><strong>&quot;of</strong></span> 
     </span>
    </p>
   </div>
   <div class='ocr_carea' id='block_1_149' title="bbox 2256 5551 3837 5635">
    <p class='ocr_par' dir='ltr' id='par_1_149' title="bbox 2256 5551 3837 5635">
     <span class='ocr_line' id='line_1_150' title="bbox 2256 5551 3837 5635; baseline -0.008 -15"><span class='ocrx_word' id='word_1_965' title='bbox 2256 5569 2456 5620; x_wconf 77' lang='lat' dir='ltr'><strong>uiueret</strong></span> <span class='ocrx_word' id='word_1_966' title='bbox 2483 5569 2503 5620; x_wconf 92' lang='lat'><strong><em>!</em></strong></span> <span class='ocrx_word' id='word_1_967' title='bbox 2533 5569 2599 5621; x_wconf 88' lang='lat' dir='ltr'><strong>In</strong></span> <span class='ocrx_word' id='word_1_968' title='bbox 2642 5551 2872 5635; x_wconf 63' lang='lat' dir='ltr'><strong>utroque</strong></span> <span class='ocrx_word' id='word_1_969' title='bbox 2921 5569 3065 5620; x_wconf 82' lang='lat' dir='ltr'><strong>enim</strong></span> <span class='ocrx_word' id='word_1_970' title='bbox 3112 5551 3363 5634; x_wconf 71' lang='lat' dir='ltr'><strong>principe</strong></span> <span class='ocrx_word' id='word_1_971' title='bbox 3411 5551 3752 5618; x_wconf 67' lang='lat' dir='ltr'><strong>centimanus</strong></span> <span class='ocrx_word' id='word_1_972' title='bbox 3788 5551 3837 5600; x_wconf 55' lang='lat' dir='ltr'><strong>tl&quot;</strong></span> 
     </span>
    </p>
   </div>
   <div class='ocr_carea' id='block_1_150' title="bbox 2257 5635 3838 5706">
    <p class='ocr_par' dir='ltr' id='par_1_150' title="bbox 2257 5635 3838 5706">
     <span class='ocr_line' id='line_1_151' title="bbox 2257 5635 3838 5706; baseline -0.001 -16"><span class='ocrx_word' id='word_1_973' title='bbox 2257 5640 2466 5704; x_wconf 84' lang='lat' dir='ltr'><strong>origine</strong></span> <span class='ocrx_word' id='word_1_974' title='bbox 2496 5654 2598 5692; x_wconf 88' lang='lat' dir='ltr'><strong>sua</strong></span> <span class='ocrx_word' id='word_1_975' title='bbox 2629 5639 2876 5692; x_wconf 79' lang='lat' dir='ltr'><strong>Ecclesia:</strong></span> <span class='ocrx_word' id='word_1_976' title='bbox 2908 5641 3156 5692; x_wconf 70' lang='lat' dir='ltr'><strong>Romana:</strong></span> <span class='ocrx_word' id='word_1_977' title='bbox 3179 5637 3341 5690; x_wconf 84' lang='lat' dir='ltr'><strong>decus</strong></span> <span class='ocrx_word' id='word_1_978' title='bbox 3360 5638 3674 5704; x_wconf 59' lang='lat' dir='ltr'><strong>prmeipuum</strong></span> <span class='ocrx_word' id='word_1_979' title='bbox 3700 5635 3838 5706; x_wconf 50' lang='lat'><strong>49&quot;?&quot;</strong></span> 
     </span>
    </p>
   </div>
   <div class='ocr_carea' id='block_1_151' title="bbox 2258 5705 3840 5778">
    <p class='ocr_par' dir='ltr' id='par_1_151' title="bbox 2258 5705 3840 5778">
     <span class='ocr_line' id='line_1_152' title="bbox 2258 5705 3840 5778; baseline -0.012 -16"><span class='ocrx_word' id='word_1_980' title='bbox 2258 5714 2424 5762; x_wconf 84' lang='lat' dir='ltr'><strong>sceret</strong></span> <span class='ocrx_word' id='word_1_981' title='bbox 2458 5729 2474 5762; x_wconf 93' lang='lat'><strong><em>:</em></strong></span> <span class='ocrx_word' id='word_1_982' title='bbox 2515 5711 2570 5762; x_wconf 84' lang='lat' dir='ltr'><strong>in</strong></span> <span class='ocrx_word' id='word_1_983' title='bbox 2602 5711 2806 5775; x_wconf 65' lang='lat' dir='ltr'><strong>eaisule,</strong></span> <span class='ocrx_word' id='word_1_984' title='bbox 2841 5714 2892 5762; x_wconf 86' lang='lat' dir='ltr'><strong>et</strong></span> <span class='ocrx_word' id='word_1_985' title='bbox 2919 5709 3048 5778; x_wconf 75' lang='lat' dir='ltr'><strong>ﬁdei</strong></span> <span class='ocrx_word' id='word_1_986' title='bbox 3074 5723 3234 5763; x_wconf 79' lang='lat' dir='ltr'><strong>causa</strong></span> <span class='ocrx_word' id='word_1_987' title='bbox 3269 5709 3499 5776; x_wconf 84' lang='lat' dir='ltr'><strong>spoliato</strong></span> <span class='ocrx_word' id='word_1_988' title='bbox 3527 5705 3743 5778; x_wconf 72' lang='lat' dir='ltr'><strong>paternis.</strong></span> <span class='ocrx_word' id='word_1_989' title='bbox 3768 5705 3840 5770; x_wconf 61' lang='lat' dir='ltr'><strong>rc—</strong></span> 
     </span>
    </p>
   </div>
   <div class='ocr_carea' id='block_1_152' title="bbox 2255 5769 3840 5852">
    <p class='ocr_par' dir='ltr' id='par_1_152' title="bbox 2255 5769 3840 5852">
     <span class='ocr_line' id='line_1_153' title="bbox 2255 5769 3840 5852; baseline 0.003 -20"><span class='ocrx_word' id='word_1_990' title='bbox 2255 5781 2398 5847; x_wconf 87' lang='lat' dir='ltr'><strong>gnis,</strong></span> <span class='ocrx_word' id='word_1_991' title='bbox 2436 5769 2800 5834; x_wconf 77' lang='lat' dir='ltr'><strong>constantiam</strong></span> <span class='ocrx_word' id='word_1_992' title='bbox 2845 5769 3251 5852; x_wconf 78' lang='lat' dir='ltr'><strong>confessoruin;</strong></span> <span class='ocrx_word' id='word_1_993' title='bbox 3297 5769 3362 5832; x_wconf 69' lang='lat' dir='ltr'><strong>in</strong></span> <span class='ocrx_word' id='word_1_994' title='bbox 3393 5769 3840 5852; x_wconf 49' lang='grc' dir='ltr'><strong>Ροηέῖβςει,¹ιοξὲξ’</strong></span> 
     </span>
    </p>
   </div>
   <div class='ocr_carea' id='block_1_153' title="bbox 2257 5844 3840 5922">
    <p class='ocr_par' dir='ltr' id='par_1_153' title="bbox 2257 5844 3840 5922">
     <span class='ocr_line' id='line_1_154' title="bbox 2257 5844 3840 5922; baseline -0.007 -17"><span class='ocrx_word' id='word_1_995' title='bbox 2257 5844 2328 5905; x_wconf 81' lang='lat' dir='ltr'><strong>tis</strong></span> <span class='ocrx_word' id='word_1_996' title='bbox 2373 5844 2520 5920; x_wconf 76' lang='lat' dir='ltr'><strong>regis</strong></span> <span class='ocrx_word' id='word_1_997' title='bbox 2569 5852 2865 5918; x_wconf 84' lang='lat' dir='ltr'><strong>gloriosam</strong></span> <span class='ocrx_word' id='word_1_998' title='bbox 2894 5844 3137 5922; x_wconf 84' lang='lat' dir='ltr'><strong>inopiam</strong></span> <span class='ocrx_word' id='word_1_999' title='bbox 3179 5844 3434 5904; x_wconf 58' lang='lat' dir='ltr'><strong>Romanis</strong></span> <span class='ocrx_word' id='word_1_1000' title='bbox 3487 5844 3714 5901; x_wconf 71' lang='lat' dir='ltr'><strong>Eaclesiav</strong></span> <span class='ocrx_word' id='word_1_1001' title='bbox 3733 5846 3840 5890; x_wconf 59' lang='grc' dir='ltr'><em>σοιν</em></span> 
     </span>
    </p>
   </div>
  </div>
