4070 6178
484 313 612 373 4254
1711 310 2069 399 ANASTASII
2108 311 2600 370 BIBLIOTHECAR
2608 315 2652 369 II
3669 318 3774 379 49,52
3922 92 3929 363 ‘

479 439 671 515 sbyter
697 436 1097 515 Lugdunensis
1128 435 1394 515 Ecclesia;
1421 440 1562 515 erat.
1608 434 2134 515 supradictoEleu-
2161 434 2211 491 Α
2242 450 2311 492 ex
2339 437 2462 515 ipso
2492 437 2756 503 Eusebio,
2790 451 2960 515 quam
2981 451 3051 494 ex
3077 437 3277 495 litteris
3303 445 3591 515 sanctorum
3612 444 3779 515 Lugdu.
3930 434 3931 503 ἰ

483 505 643 565 thero
678 505 1052 579 per'litteras
1090 506 1587 579 commendarunt.
1634 524 1660 555 ι)
1705 508 1770 560 Et
1816 505 2129 579 presbyteri

479 577 837 637 confesSores
859 581 916 635 in
949 580 1095 648 ipsis
1122 579 1368 633 litteris:
1398 598 1423 629 α
1451 578 1524 631 Te
1554 591 1650 646 per
1676 577 1889 640 omnia,
1923 592 1987 632 ac
2014 591 2134 646 per-

484 661 653 719 petuo
685 660 951 722 optamus
980 652 1037 705 in
1079 652 1189 705 Deo
1221 649 1424 722 valere,
1463 650 1623 703 Pater
1663 648 1980 722 Eleuthere.
2024 649 2134 702 llas

482 719 737 782 litteras.
781 730 843 778 ut
887 723 955 777 ad
1008 728 1061 776 te
1110 720 1403 790 perferret,
1460 721 1690 775 fratrem
1747 727 1800 774 et
1856 719 2131 790 collegam

482 803 744 850 nostrum
786 796 1059 848 Irenzeum
1096 792 1308 847 hortati
1342 806 1564 845 sumus.
1602 809 1628 840 »

554 868 653 921 His
683 866 887 935 positis
913 865 1198 933 sequitur,
1232 863 1476 935 durante
1498 863 1568 914 Μ.
1603 861 1823 935 Aurelii
1860 874 2131 935 persecu-

483 938 661 1001 tione,
684 932 1078 991 Eleutherium
1106 935 1291 989 Romae
1312 934 1566 1001 sedisse;
1597 933 1745 1001 quod
1778 940 1839 987 ut
1868 932 2132 986 eminen-

483 1010 748 1063 tissimus
777 1006 1091 1062 cardinalis
1118 1006 1401 1059 Baronius
1432 1018 1538 1060 suo
1564 1004 1785 1058 calculo
1807 1016 2133 1057 accommo—

480 1080 661 1150 daret,
681 1093 711 1133 a
735 1080 925 1133 Sotere
946 1091 1129 1132 annos
1147 1076 1371 1150 aliquot
1386 1074 1727 1130 auferendos
1743 1088 1865 1150 esse
1879 1075 2131 1150 censuit,

481 1157 536 1205 et
564 1146 659 1205 cui
707 1163 901 1205 omnes
931 1148 1159 1217 antiqui
1211 1148 1541 1216 scriptores,
1593 1160 1658 1200 ac
1699 1146 1968 1216 catalogi,
2016 1151 2130 1198 tam

482 1235 615 1276 mss.
649 1234 817 1291 quam
851 1221 1003 1290 typis
1022 1220 1187 1291 editi,
1221 1220 1288 1272 ad
1326 1219 1626 1291 minimum
1655 1224 1781 1271 octo
1812 1218 1897 1271 vel
1932 1229 2128 1291 novem

478 1287 1046 1361 annos'pontiﬁ’c’atus
1065 1289 1350 1357 tribuunt,
1374 1292 1494 1357 ipse
1515 1289 1697 1343 solum
1723 1294 1986 1361 quatuor.
2015 1287 2135 1361 mi—

482 1377 591 1418 nus
628 1358 835 1418 diebus
863 1362 1190 1429 duodecim,
1238 1361 1495 1429 reliquit.
1533 1361 1803 1414 Posuerat
1856 1358 2131 1413 Baronius

477 1435 696 1489 Soteris
744 1436 981 1488 initium
1037 1428 1186 1486 anno
1221 1428 1379 1486 ns:
1409 1432 1500 1486 cui
1534 1431 1582 1485 si
1632 1445 1759 1485 cum
1798 1429 2037 1484 Eusebio
2076 1434 2132 1483 et

477 1506 534 1560 S.
572 1507 845 1573 PrOSpero
875 1512 1003 1560 octo
1031 1516 1232 1567 annos,
1265 1503 1368 1571 vel,
1403 1517 1530 1557 cum
1564 1501 1841 1571 catalogis
1870 1514 1936 1555 ac
1960 1500 2129 1555 Libro

480 1576 1033 1647 Pontiﬁcali,‘annos
1057 1588 1248 1647 novem
1275 1574 1597 1647 tribuisset,
1620 1573 1989 1647 Eleutherius
2018 1584 2127 1626 non

481 1648 595 1704 nisi
624 1661 774 1702 anno
820 1643 922 1701 483
952 1646 1038 1700 vel
1077 1642 1178 1700 484
1221 1645 1415 1700 sedere
1459 1646 1745 1713 ctepisset.
1796 1645 1909 1698 Hoc
1938 1650 2127 1698 autem

480 1733 610 1775 cum
632 1726 939 1788 martyrum
963 1718 1434 1787 Lugdunensium
1456 1716 1787 1771 testimonio
1812 1728 2130 1784 repugnare

2244 510 2507 563 nensium
2555 516 2887 580 martyrum,
2932 509 3039 566 hoc
3080 514 3318 579 tempore
3359 512 3420 565 ad
3470 509 3780 571 Eleutherium

2244 580 2645 647 scribentium,
2689 582 2908 637 Soteris
2950 581 3188 648 obitum,
3219 588 3378 652 atque
3415 583 3684 640 Eleutherii
3712 591 3782 641 in—

2244 665 2502 721 gressum
2551 654 2814 708 consulto
2856 654 3174 721 ponendum
3218 666 3334 708 esse
3375 654 3725 710 existimamus.
3763 678 3780 707 ι

2242 726 2430 792 Atque
2458 724 2574 778 hinc
2611 724 2915 787 Baronius,
2943 726 3110 793 cujus
3135 725 3374 789 regulam
3409 726 3473 779 de
3502 728 3784 795 temporibus

2247 795 2651 863 praedictorum
2694 797 3026 864 pontiﬁcum
3058 810 3125 850 ex
3168 795 3372 851 litteris
3408 803 3675 867 martyrum
3703 801 3783 855 Lu-

2244 867 2311 991 gd
2324 866 2629 991 tangnsium
2653 868 2857 935 secuti,
2891 880 3079 923 veram
3097 868 3412 923 eorumdem
3434 866 3785 940 chronologiam

2272 952 2326 991 ra
2378 952 2390 989 l
2443 952 2613 991 imus.

2245 946 2613 993 tradidimus.

2317 1008 2487 1063 Linea
2513 1006 2564 1064 3.
2608 1040 2676 1047 —
2717 1012 2817 1065 Hic
2858 1011 3061 1078 accepit
3098 1010 3369 1078 epistolam
3394 1027 3425 1063 a
3448 1013 3593 1065 Lucio
3612 1012 3785 1065 Britan-

2243 1080 2509 1145 niaerege.
2551 1080 2701 1135 Idem
2731 1079 2904 1136 refert
2935 1082 3069 1135 Ven.
3119 1081 3261 1136 Beda
3292 1081 3386 1135 lib.
3430 1096 3444 1136 ι
3487 1082 3615 1137 Hist.
3638 1080 3787 1138 Gentis

2241 1150 2555 1220 Anglorum
2587 1167 2637 1205 c.
2665 1148 2717 1218 4,
2751 1151 2878 1207 ubi:
2916 1172 2941 1204 ‹‹
2972 1153 3112 1207 Cum
3145 1152 3485 1208 Eleutherius
3512 1155 3590 1207 vir
3614 1162 3787 1209 sanctus

2246 1222 2603 1288 pontiﬁcatui
2650 1224 2812 1278 Rom.
2848 1223 3111 1279 Ecclesiae
3141 1232 3410 1293 pra‘esset,
3449 1225 3592 1279 misit
3619 1227 3673 1279 ad
3696 1239 3787 1279 eum

2245 1293 2456 1348 Lucius
2498 1294 2905 1350 Britannorum
2958 1310 3054 1349 rex
3098 1295 3413 1363 epistolam,
3458 1296 3715 1352 obsecrans
3746 1303 3788 1351 ut

2246 1378 2342 1432 per
2368 1365 2494 1433 ejus
2541 1367 2867 1421 mandatum
2899 1366 3267 1422 Christianus
3310 1366 3610 1434 eﬁiceretur,
3633 1375 3677 1421 et
3701 1381 3788 1421 mox

2240 1434 2501 1490 effectum
2552 1437 2660 1506 pia:
2703 1437 3110 1507 postulationis
3138 1445 3469 1494 consecutus
3509 1445 3599 1493 est.
3637 1456 3658 1487 ι
3694 1439 3789 1506 Qua

2241 1509 2477 1633 ogugino
2549 1512 2866 1565 concinunt
2910 1509 3154 1581 catalogi
3215 1517 3271 1565 et
3312 1510 3460 1565 Libri
3513 1510 3790 1565 Pontiﬁcalis

2241 1593 2271 1633 v
2310 1594 2335 1632 r
2381 1594 2450 1633 is.

2240 1593 2450 1634 VCPDIS.

2904 1690 3199 1746 BENCINI.

482 1789 2128 1883 Ῡ.¹ίέ⁶ἒῐ’ἳξιέ⁰ὲθεξέἑ¹ἷ¹ἓξ¹ἐῖἶιέτίῗὲ.³ἐ¹1ἶ9ἓ’.ἯῩῩἏἮΕῩῨῈΞῩΫᾹ
2164 1818 2215 1877 Β
2315 1812 2483 1867 Linea
2634 1845 2702 1853 ——
2757 1817 2857 1870 Hic
2905 1818 3147 1883 ﬁrmavit
3204 1820 3266 1868 ut
3310 1815 3460 1868 nulla
3510 1815 3790 1868 θεραπευθείς

476 1868 533 1916 et
549 1862 862 1917 octodecim
887 1862 1013 1916 dies
1041 1859 1269 1925 tribuit,
1294 1860 1361 1914 ad
1394 1860 1497 1914 hoc
1522 1866 1585 1914 ut
1609 1873 1758 1913 mors
1788 1858 1952 1913 illius
1980 1870 2130 1911 anno

479 1931 581 1987 479
623 1934 917 2001 collocari,
961 1938 1017 1986 et
1061 1937 1191 1986 ante
1233 1931 1452 1986 obitum
1490 1931 1561 1984 Μ.
1616 1930 1833 1985 Aurelii
1884 1931 2129 2001 [renisus

477 2004 545 2060 ad
570 1998 963 2061 Eleutheriu'm
986 2004 1202 2058 Soteris
1229 2016 1614 2072 successorem
1648 2002 1931 2072 legatione
1962 1998 2126 2072 fungi

480 2077 777 2146 potuisset.
815 2078 983 2130 Notat
1010 2081 1192 2129 tamen
1234 2074 1301 2129 ad
1334 2088 1464 2128 ann.
1502 2071 1621 2139 479,
1671 2069 1827 2127 num.
1861 2069 1921 2146 54
1954 2089 2024 2146 εμςι
2067 2069 2125 2125 Si

477 2143 611 2217 quis
629 2156 814 2202 autem
834 2147 1133 2202 certiorem
1147 2147 1216 2200 de
1233 2146 1402 2199 annis
1421 2146 1635 2200 Soteris
1655 2144 1934 2217 invenerit
1953 2143 2133 2197 chro-

478 2216 875 2288 nographiam,
913 2232 1022 2288 qua
1047 2224 1232 2273 tamen
1264 2230 1373 2271 non
1412 2216 1710 2285 rejiciatur
1739 2216 1932 2269 Cletus
1957 2228 1986 2268 e
2016 2229 2129 2267 nu-

480 2303 633 2345 mero
654 2292 1029 2344 Romanorum
1055 2288 1412 2358 pontiﬁcum,
1437 2302 1537 2342 nec
1563 2288 1882 2342 litterarum
1912 2291 2130 2354 marty-

480 2375 605 2416 rum
635 2361 1101 2431 Lugdunensium
1130 2360 1420 2414 sincerum
1451 2359 1845 2414 testimonium
1870 2364 2125 2431 contem-

480 2437 673 2495 natur,
696 2429 842 2486 haud
869 2431 1035 2485 inviti
1053 2434 1456 2485 assentiemur.
1477 2452 1500 2480 υ
1519 2432 1639 2484 Haec
1660 2443 1788 2484 cum
1815 2429 1881 2483 ad
1893 2435 2129 2483 notave—

484 2504 695 2572 ritipse
708 2502 1271 2565 Baronius,debitam
1290 2502 1399 2570 ipsi
1423 2502 1792 2557 reverentiam
1816 2506 2127 2560 servantes,

483 2575 823 2629 recessimus
875 2573 944 2627 ab
996 2574 1122 2640 ejus
1171 2574 1475 2635 sententia,
1527 2576 1829 2627 certiorem
1875 2572 2128 2626 chrono-

481 2646 659 2700 taxim
677 2646 980 2699 statuendo
993 2647 1146 2699 circa
1163 2644 1471 2698 nonnullos
1490 2644 1809 2712 pontiﬁces,
1828 2643 1898 2697 de
1915 2641 2128 2711 quibus

480 2724 581 2771 aut
610 2729 677 2769 ex
707 2716 968 2783 antiquis
1016 2715 1407 2784 monimentis,
1440 2722 1541 2769 aut
1592 2722 1844 2769 veterum
1876 2713 2129 2784 testimo-

484 2787 601 2841 niis
632 2787 771 2841 adeo
808 2782 961 2839 clare
989 2791 1232 2851 constat,
1269 2790 1329 2839 ut
1379 2782 1448 2839 de
1489 2791 1759 2853 tempore,
1793 2798 1906 2854 quo
1940 2782 2126 2851 ponti-

482 2858 709 2913 ﬁcatum
738 2864 1056 2928 gesserunt,
1103 2855 1392 2926 ambigere
1437 2856 1672 2910 minime
1704 2855 1889 2928 lii-eat.
1920 2855 2130 2928 Statui-

484 2943 611 2985 mus
651 2929 704 2983 id
729 2926 798 2983 de
850 2929 995 2982 Petri
1028 2928 1417 2996 apostolorum
1466 2927 1771 2995 principis,
1796 2926 2123 2992 Clementis,

480 3008 532 3055 et
591 3000 901 3055 Alexandri
952 2998 1326 3066 temporibus,
1381 2998 1594 3068 quibus
1648 2999 1919 3068 martyrio
1973 3010 2129 3051 coro-

484 3074 599 3127 nati
649 3080 803 3126 sunt.
866 3071 1013 3125 ldem
1058 3072 1127 3124 de
1172 3069 1388 3124 Soteris
1446 3068 1783 3138 pontiﬁcatu
1831 3069 2129 3124 ostendere

480 3143 779 3212 cmpimus,
814 3142 883 3197 de
932 3155 1044 3211 quo
1093 3147 1308 3195 certum
1350 3147 1436 3195 est
1481 3141 1765 3196 decimum
1818 3141 2123 3210 septimum

483 3217 551 3269 Μ.
580 3213 806 3269 Aurelii
845 3214 1211 3282 imperatoris
1252 3225 1485 3270 annum.
1523 3226 1635 3282 quo
1672 3213 1989 3279 persecutio
2020 3225 2127 3266 coe-

482 3286 589 3355 pit,
645 3286 913 3340 excedere
968 3298 1075 3338 non
1124 3285 1400 3352 potuisse.
1450 3285 1723 3352 Tempore
1760 3284 1910 3338 enim
1960 3283 2128 3339 illius

485 3356 903 3426 persecutionis
922 3362 1196 3424 martyres
1219 3356 1625 3426 Lugdunenses
1642 3356 1856 3423 saepius
1872 3356 1941 3409 ad
1966 3355 2127 3408 Eleu-

482 3428 730 3483 therium
766 3440 962 3497 papam
985 3429 1363 3497 scripserunt,
1396 3432 1457 3481 ut
1488 3432 1730 3481 testatur
1756 3426 2042 3497 Eusebius
2067 3427 2124 3497 in

480 3500 733 3554 Historia
760 3494 863 3554 iib'.
897 3513 947 3565 v,
988 3494 1123 3566 cap.
1149 3494 1198 3563 4,
1235 3497 1333 3552 ubi
1366 3497 1661 3565 epistolam
1692 3497 1922 3552 illorum
1955 3496 2128 3552 exhi—

480 3571 594 3698 get],
616 3584 785 3696 quam
810 3571 870 3623 D.
899 3573 1109 3625 [remeo
1128 3570 1197 3624 ad
1220 3569 1613 3624 Eleutherium
1635 3568 1997 3623 deferendam
2020 3574 2129 3622 tra-

526 3657 541 3697 ι
586 3656 727 3698 erun
765 3683 775 3694 .

526 3643 775 3698 iderunt.

552 3716 724 3769 Porro
763 3713 913 3769 circa
948 3719 1172 3782 tempus
1200 3712 1416 3768 Soteris
1448 3725 1624 3781 papze,
1648 3725 1761 3782 quo
1788 3710 2127 3779 martyrium

480 3786 718 3852 subivit,
746 3790 800 3839 et
824 3784 1155 3840 Eleutherio
1179 3783 1506 3838 cathedram
1536 3785 1840 3839 Romanam
1866 3782 2124 3851 reliquit,

478 3856 979 3911 eminentissimus
1000 3855 1317 3909 cardinalis
1345 3856 1625 3909 Baronius
1655 3868 1686 3908 a
1716 3853 1884 3909 nobis
1909 3854 2129 3908 dissen-

482 3928 555 3982 tit
585 3933 807 3981 tantum
845 3927 900 3979 in
932 3926 1161 3980 duobus
1190 3927 1381 3994 annis,
1419 3925 1633 3994 quibus
1661 3938 1693 3979 a
1719 3938 1847 3978 vera
1877 3924 2128 3979 chrono-

482 3998 599 4052 taxi
631 3997 944 4065 primorum
988 3996 1320 4065 pontiﬁcum
1353 4004 1623 4065 perpetuo
1644 3996 1911 4051 deﬂectit.
1943 3996 2128 4063 Quare

481 4068 673 4123 omnia
696 4075 850 4138 gesta
876 4068 1267 4122 ecclesiastica
1295 4067 1523 4123 duobus
1561 4069 1732 4122 annis
1764 4068 2124 4138 postposuit;

482 4154 595 4208 qua
627 4137 850 4193 ratione
878 4139 1050 4193 etiam
1080 4138 1289 4193 factum
1323 4145 1425 4201 est,
1463 4139 1613 4208 quod
1648 4140 1719 4192 Μ.
1757 4139 1978 4192 Aurelii
2013 4137 2130 4192 im—

485 4209 766 4279 peratoris
786 4223 997 4264 annum
1037 4210 1322 4263 decimum
1364 4223 1423 4264 se
1471 4212 1694 4273 timum,
1729 4210 1830 4278 qui
1858 4223 1986 4263 cum
2017 4222 2129 4263 zera

485 4278 584 4334 477
635 4280 950 4334 concurrit.
1001 4280 1068 4334 ad
1124 4293 1336 4334 annum
1396 4224 1499 4334 499
1557 4281 1777 4334 retulit.
1822 4281 1879 4334 Si
1937 4288 2127 4334 autem

484 4278 584 4336 477
635 4280 950 4347 concurrit,
1001 4280 1068 4334 ad
1124 4293 1336 4334 annum
1396 4278 1499 4334 479
1557 4281 1777 4335 retulit.
1822 4281 1879 4334 Si
1937 4288 2127 4334 autem

480 4364 669 4408 annus
711 4347 775 4406 47
819 4352 993 4405 Marci
1040 4351 1261 4405 Aurelii
1301 4365 1427 4405 terte
1455 4366 1572 4406 sua:
1619 4348 1714 4406 177
1765 4352 2125 4418 restituatur,

482 4423 781 4479 nobiscum
829 4423 1036 4477 sentiet
1079 4423 1360 4477 Baronius
1403 4423 1557 4477 circa
1605 4429 1829 4491 tempus
1856 4436 2130 4491 persecu—

482 4496 682 4558 tionis,
732 4508 846 4564 quo
888 4496 1050 4549 Soter
1107 4493 1368 4563 martyrii
1423 4493 1663 4562 palmam
1737 4494 1977 4562 adeptus
2019 4500 2125 4563 est,

481 4574 536 4622 et
565 4566 935 4622 Eleutherius
986 4567 1290 4620 Romanam
1328 4566 1656 4620 cathedram
1684 4564 1963 4620 obtinuit.
2001 4566 2129 4621 Au-

480 4638 688 4694 dienda
721 4642 856 4693 sunt
887 4637 1116 4691 Baronii
1144 4636 1312 4692 verba
1328 4639 1396 4693 ad
1424 4651 1635 4693 annum
1672 4633 1793 4705 479,
1828 4636 1926 4692 ubi
1955 4650 2128 4707 agens

481 4710 551 4765 de
585 4709 975 4779 persecutione
1007 4708 1063 4762 in
1098 4722 1206 4778 qua
1240 4716 1514 4779 martyres
1539 4709 1946 4779 Lugdunenses
1967 4721 2129 4763 occu-

484 4777 751 4849 buerunt,
798 4781 879 4835 ita
909 4777 1307 4836 scribit’num.
1347 4777 1446 4835 50:
1486 4800 1511 4832 α
1543 4777 1653 4835 Hac
1690 4780 1819 4834 item
1858 4794 2130 4849 persecu-

482 4853 640 4908 tione
668 4852 956 4907 sublatum
991 4850 1174 4906 fuisse
1209 4851 1455 4905 Soterem
1483 4865 1702 4921 papam,
1727 4851 1930 4906 litterae
1972 4865 2128 4906 mar-

486 4931 671 4995 tyrum
703 4923 1192 4995 Lugdunensium,
1219 4936 1344 4995 quae
1370 4925 1472 4995 hoc
1494 4923 1685 4978 eodem
1711 4923 2129 4991 persecutionis

481 4993 732 5065 tempore
753 4993 981 5064 scriptae
1012 5000 1147 5049 sunt
1177 4994 1244 5065 ad
1267 4993 1659 5049 Eleutherium
1689 4995 1815 5063 ejus
1844 5008 2132 5049 successo-

482 5062 621 5135 rem,
658 5062 975 5122 necessario
1004 5079 1106 5120 nos
1135 5062 1416 5120 afﬁrmare
1439 5062 1788 5135 compellunt
1813 5083 1827 5135 ;
1860 5066 1991 5120 licet
2018 5065 2127 5120 alii

481 5150 662 5193 annos
686 5151 886 5193 novem
903 5137 1087 5193 eidem
1107 5135 1435 5192 tribuerint.
1464 5138 1565 5191 Sed
1596 5139 1745 5205 quod
1766 5144 1881 5192 tres
1904 5143 2124 5192 tantum

481 5210 881 5266 ordinationes
911 5207 1117 5263 fecisse
1134 5209 1477 5277 reperiatur,
1513 5208 1662 5263 haud
1699 5208 1945 5278 longiori
1977 5215 2127 5263 tem-

485 5294 618 5350 pore
643 5282 882 5349 sedisse,
912 5294 1218 5349 possumus
1244 5278 1491 5348 epinari.
1530 5279 1815 5335 Eusebius
1844 5287 2033 5334 autem
2065 5279 2124 5334 in

482 5352 785 5421 Chronico,
804 5365 956 5408 anno
986 5350 1273 5419 superiori
1298 5363 1496 5419 nempe
1516 5350 1739 5421 decimo
1760 5359 1924 5405 sexto
1949 5352 2122 5407 Marci

485 5420 869 5491 imperatoris,
907 5422 1068 5492 ponit
1090 5421 1481 5477 Eleutherium
1506 5420 1807 5477 suﬁectum
1842 5423 1900 5476 in
1936 5422 2121 5477 locum

480 5493 715 5549 Soteris.
746 5496 843 5550 sed
877 5496 933 5549 in
959 5494 1200 5548 historia
1234 5493 1337 5548 hoc
1364 5495 1489 5563 ipso
1518 5507 1667 5548 anno
1692 5494 1913 5548 decimo
1939 5495 2123 5562 septi-

483 5578 571 5618 mo
596 5581 607 5615 :
637 5566 754 5633 cui,
789 5567 1059 5635 quoniam
1098 5564 1389 5619 credimus
1421 5566 1475 5619 id
1509 5565 1796 5633 accepisse
1821 5579 1888 5618 ex
1914 5565 2126 5620 litteris

482 5642 790 5706 martyrum
816 5637 1308 5706 Lugdunensium,
1334 5636 1481 5690 haud
1505 5637 1674 5690 inviti
1702 5635 2121 5704 astipulantur;

476 5720 605 5763 cum
638 5704 860 5775 alioqui
897 5704 952 5761 in
980 5707 1224 5777 reliquis
1258 5706 1569 5776 prmieritis
1600 5707 1870 5761 Romanis
1899 5708 2128 5777 pontiﬁ-

475 5777 666 5845 cibus,
698 5777 849 5845 quod
893 5780 1322 5848 praetermiserit
1348 5778 1587 5846 Cletum,
1625 5777 1772 5848 haud
1818 5792 2124 5848 possumus

474 5850 661 5906 eidem
685 5846 982 5901 assentiri.
1013 5848 1108 5901 Sic
1139 5849 1320 5916 igitur
1349 5849 1410 5905 in
1441 5861 1502 5904 re
1529 5846 1832 5920 ambigua,
1863 5863 1975 5906 non
2007 5856 2121 5906 tam

2241 1900 2275 1937 a
2299 1885 2622 1939 Christianis
2647 1888 3053 1955 repudiaretur.
3079 1887 3514 1951 Judaizantium,
3535 1887 3663 1942 sicut
3680 1887 3789 1940 Pius.

2241 1968 2489 2028 errorem
2531 1956 2708 2011 alium
2757 1959 3096 2028 perstringit
3134 1959 3410 2028 pontifex,
3458 1959 3546 2028 qui
3592 1959 3640 2011 in
3686 1956 3791 2010 cibis

2239 2026 2459 2082 delectu
2473 2042 2520 2081 m
2541 2043 2605 2082 su
2616 2026 3369 2097 perstitiosum’tuebantur.
3388 2026 3515 2084 Cum
3542 2028 3792 2083 Eleutherio

2239 2097 2341 2151 alii
2383 2098 2760 2155 ecclesiastici
2794 2102 3104 2169 scriptores
3132 2100 3447 2157 convellere
3485 2101 3651 2155 eodem
3691 2107 3792 2153 tem-

2242 2182 2375 2236 pore
2392 2170 2762 2242 elaborabant
2782 2174 3271 2242 superstitionem,
3294 2174 3375 2227 uti
3392 2170 3791 2242 Cleziieiis.tlex._l.

2244 2242 2627 2321 n'Pzedagqc.
2659 2240 2688 2321 ﬁ
2723 2250 2784 2321 et_
2809 2240 2922 2313 seq.
2961 2245 3189 2321 Dicitur
3218 2245 3303 2297 hic
3333 2245 3582 2321 ﬁrmavit:
3608 2240 3792 2321 vel‘quia

2242 2311 2379 2367 Pius
2406 2313 2463 2367 in
2487 2311 2673 2383 priori
2717 2311 2991 2371 adversus
3018 2316 3381 2371 Judaizantes
3408 2316 3627 2378 decreto,
3656 2314 3698 2367 id
3726 2324 3794 2365 ve-

2240 2389 2512 2456 taverat:
2572 2386 2655 2441 vel
2712 2387 2861 2456 quod
2910 2388 3106 2443 verius
3158 2395 3267 2451 est,
3324 2387 3478 2442 Pauli
3532 2388 3790 2454 praeceptum

2240 2455 2571 2528 ICorrinth.,
2614 2473 2663 2510 c.
2696 2455 2800 2513 vin
2853 2459 3071 2525 datum,
3117 2458 3514 2528 publicandnm
3559 2455 3793 2528 censuitct

2238 2527 2713 2583 conﬁrmandum.
2778 2531 2951 2585 Porro
3007 2525 3128 2585 haec
3180 2531 3490 2585 Eleutherii
3546 2525 3793 2583 translatio.

2237 2611 2366 2652 eum
2414 2607 2570 2655 certo
2616 2606 2833 2656 constet
2882 2604 3042 2656 Pium
3086 2615 3199 2656 non
3248 2601 3592 2663 successisse,
3635 2599 3796 2652 ﬁrmare

2238 2670 3357 2746 videturnostrasconjecturasderLibro
3381 2670 3661 2746 Pontiﬁcali
3678 2672 3796 2746 aucto

2240 2753 2339 2814 per
2376 2742 2727 2810 additiones,
2761 2739 2886 2814 quae
2920 2744 2976 2799 in
3009 2745 3331 2801 sch‘edulis.
3359 2750 3455 2799 aut
3501 2745 3551 2797 in
3589 2739 3797 2806 catalogis

2235 2813 2466 2890 additae,
2515 2815 2736 2890 deinde
2770 2813 3127 2890 occasionem
3180 2816 3477 2890 dederunt,
3529 2821 3800 2890 Ul_00ll5i_l.l:‘

2235 2883 2589 2956 ciniarentur.
2635 2887 2739 2942 Sed
2789 2888 2933 2942 hanc
2975 2888 3327 2956 provinciam
3372 2885 3684 2941 lustrandam
3704 2881 3799 2956 aliis

2238 2954 2671 3027 relinquimus:
2718 2972 2824 3015 nos
2870 2959 2929 3013 in
2975 2951 3135 3015 notis
3184 2959 3441 3015 ordinem
3498 2957 3617 3011 libri
3653 2951 3800 3021 sequi-

2238 3039 2386 3081 mur.

2770 3119 2880 3173 BIN
2888 3120 2932 3174 ll
2961 3119 3047 3174 ET
3085 3118 3355 3175 LABBEI.

2305 3222 2402 3295 (Ex
2435 3225 2594 3295 BIN.)
2650 3225 2822 3282 Linea
2874 3224 2929 3281 8.
2978 3256 3053 3266 —
3101 3228 3362 3295 Sepultus
3408 3230 3500 3280 est.
3540 3225 3728 3295 Martyr.
3751 3230 3798 3273 an

2235 3293 2861 3369 confessor,‘incertum
2895 3304 3001 3353 est.
3036 3300 3096 3353 1n
3128 3293 3528 3369 Martyrologio
3553 3293 3802 3369 appellatur

2238 3366 2467 3440 quidem
2529 3365 2775 3439 martyr;
2820 3371 2918 3426 sed
2977 3370 3033 3425 id
3096 3365 3303 3425 nomen
3350 3365 3511 3425 etiam
3550 3365 3802 3440 nequeut?!

2237 3433 2521 3494 tributum
2566 3450 2652 3496 est
2675 3433 3136 3508 confessoribus,
3173 3442 3422 3497 maxime
3451 3440 3575 3495 illis.
3606 3433 3686 3507 qui
3710 3433 3801 3508 ﬁdei

2236 3522 2407 3582 eausa
2447 3512 2767 3567 cruciatum
2819 3513 3068 3582 aliquem
3111 3503 3535 3575 sustinuerunt,
3569 3503 3803 3575 ut'probal

2235 3579 2519 3638 Baronius
2560 3584 2617 3654 in
2649 3585 2802 3639 notis
2831 3579 3097 3654 pluribus
3133 3585 3203 3640 ad
3242 3583 3694 3654 Martyrologium-

2307 3654 2406 3723 tEx
2439 3652 2610 3726 LAB.).
2647 3648 2899 3710 Linea].
2928 3684 3003 3696 —-
3028 3656 3295 3710 Abundio
3323 3648 3459 3728 Lege
3489 3648 3796 3708 Abundantio.

2860 3780 3206 3836 BLANCHIN
3212 3783 3253 3835 Ι.

2753 3900 2906 3943 NOTAE
2932 3899 3071 3942 (ΖΗΒο
3078 3900 3376 3943 NOLOGICIE.

2307 3995 2503 4069 Sotere
2538 3996 2796 4069 martyrii
2817 4008 3103 4069 coronam
3148 3995 3359 4069 adepto
3383 3992 3454 4069 22
3486 3989 3682 4069 Aprilis
3699 3996 3804 4069 anno

2241 4063 2364 4131 471,
2414 4066 2480 4122 ad
2537 4059 2702 4121 Petri'
2735 4067 2923 4122 sedem
2968 4059 3279 4137 provectus
3313 4066 3428 4123 fuit
3476 4059 3800 4133 Eleutherius;

2238 4139 2407 4212 cujus
2459 4139 2697 4212 exordio
2725 4138 3088 4212 tribuuntur
3131 4139 3410 4212 consules
3444 4138 3667 4212 ejusdem
3701 4140 3799 4212 an!!!

2238 4204 2466 4264 Seuerus
2516 4210 2573 4262 11
2609 4214 2659 4263 et
2715 4211 3098 4263 Herennumus
3146 4210 3204 4263 in
3267 4204 3520 4280 catalogo
3572 4204 3805 4280 Liberiano

2240 4282 2507 4336 mendose
2552 4281 2754 4350 scripti
2794 4280 3019 4336 defectu
3083 4282 3283 4350 primae
3330 4276 3554 4352 syllabae
3605 4277 3737 4352 Ferus
3773 4276 3806 4320 ﬂ

2240 4354 2605 4418 Erenniunus,
2640 4348 3140 4422 quemadmodum,
3178 4360 3236 4407 et
3284 4348 3656 4422 in'postremis
3690 4348 3808 4420 ejus-

2236 4423 2361 4478 dem
2394 4424 2517 4478 sedi
2549 4424 2863 4493 assignatis
2893 4429 3015 4479 tum
3052 4425 3108 4478 in
3135 4425 3333 4479 eodem
3361 4423 3622 4493 catalogo,
3654 4424 3805 4493 uigil"

2236 4497 2487 4549 secundo
2516 4486 2703 4549 aetatis
2729 4495 2938 4550 Felicis
2970 4496 3185 4564 quarti,
3221 4509 3439 4550 necnon
3466 4497 3521 4550 in
3546 4486 3694 4564 Libro
3708 4486 3808 4564 Pon'

2160 4552 2213 4613 D
2238 4566 2460 4628 tiﬁcali,
2489 4567 2742 4636 aliisque
2771 4552 3075 4622 codicibus
3105 4552 3409 4622 recensitis
3456 4567 3595 4620 inter
3615 4557 3808 4636 Ρτοιθὲθ

2236 4651 2396 4692 mena
2431 4638 2527 4693 fol.
2559 4634 2717 4699 XClll,
2738 4645 3008 4706 corrupte
3030 4637 3305 4706 leguntur
3324 4636 3580 4692 consules
3605 4634 3808 4706 Petavius

2235 4715 2284 4763 et
2330 4710 2571 4775 Brudua,
2604 4715 2659 4763 et
2703 4710 2761 4763 in
2795 4704 3174 4781 Lectionariis
3225 4708 3520 4781 impressis
3547 4718 3633 4775 per
3654 4704 3809 4781 Lucam

2234 4771 2826 4837 Antonium'Junctam
2860 4793 3008 4834 anno
3044 4777 3200 4849 4562,
3234 4771 3562 4849 corruptius
3587 4771 3809 4849 exhibeo-1

2238 4858 2334 4907 tur
2361 4854 2657 4906 Patrianus
2704 4858 2754 4906 et
2801 4851 3062 4918 Bradua;
3093 4842 3223 4907 cum
3272 4842 3454 4906 tamen
3497 4851 3745 4922 Maternus
3776 4842 3811 4922 ei

2236 4924 2462 4997 _Bra_duu
2485 4923 2813 4997 appellandi
2851 4924 2992 4997 sint,
3021 4910 3100 4997 ita
3130 4923 3453 4993 consignati
3481 4910 3812 4997 compluribus

2240 4994 2299 5048 in
2335 4988 2819 5065 inscriptionibus
2845 4994 2996 5067 apud
3027 4988 3336 5067 Gruterum
3383 5006 3545 5067 cxcn,
3582 4988 3812 5067 Habiti}:

2239 5066 2397 5120 nium
2444 5049 2731 5136 Antiqvuit.
2776 5049 2899 5135 pag,
2953 5065 3062 5132 8d;
3104 5065 3478 5136 Almeloveen,
3517 5049 3590 5136 in
3622 5049 3812 5136 epistola

2234 5137 2442 5206 Cuperi
2488 5139 2553 5193 ad
2602 5130 2804 5191 Fastos
2850 5130 3214 5203 Consulares,
3261 5150 3316 5190 n.
3369 5130 3815 5206 “(Episcopatus

2233 5205 2367 5264 anui
2427 5209 2738 5278 quindecim
2798 5208 3127 5264 Eleutherio
3181 5207 3517 5262 tribuuntur
3586 5205 3814 5278 consensu

2235 5272 2495 5335 omnium
2516 5279 2926 5351 catalogorum.
2955 5280 3073 5334 Add
3086 5288 3260 5335 untur
3287 5292 3507 5351 menses
3526 5282 3623 5351 tres
3650 5286 3680 5326 a
3703 5272 3816 5351 cata.

2236 5352 2363 5423 logo
2386 5351 2594 5407 Felicis
2614 5352 2681 5408 IV
2703 5342 2854 5424 (nam
2884 5351 3090 5406 lacuna
3108 5350 3483 5424 Liberianum‘
3500 5342 3813 5424 hic_oc.cupal7

2238 5413 2493 5477 ut'antea
2526 5413 2779 5493 monui):
2812 5436 2976 5493 quem
3012 5428 3339 5493 sequuntur
3369 5415 3665 5493 Colbertini
3693 5413 3814 5493 duo;

2234 5494 2370 5549 licet
2389 5493 2493 5549 alii
2515 5510 2611 5548 sea:
2637 5482 2855 5549 menses
2885 5482 3230 5562 exprimant,
3256 5499 3307 5547 et
3326 5492 3579 5562 Belgicus
3599 5482 3817 5552 Papebrtr

2233 5566 2353 5621 chii
2408 5572 2664 5634 quatuor.
2725 5567 2883 5620 Hunc
2929 5566 3153 5620 caeteris
3201 5562 3816 5636 prmfereudumcenseu

2236 5626 2435 5706 utpote
2453 5637 2905 5694 consentientem
2944 5650 3074 5692 cum
3108 5626 3352 5706 picturis
3377 5629 3663 5688 Leoniauis
3691 5626 3817 5706 basi:

2237 5700 2358 5764 lica:
2384 5710 2437 5764 S.
2480 5709 2638 5764 Pauli
2669 5727 2684 5775 ς
2721 5715 2888 5779 prout
2917 5700 3197 5763 etiam'in
3228 5706 3432 5779 diebus
3461 5706 3693 5779 quinque,
3722 5700 3816 5779 turn

2236 5781 2314 5835 ibi
2340 5772 2687 5851 spectandis,
2711 5772 2831 5835 tum
2858 5780 2913 5834 in
2934 5780 3213 5851 catalogis
3232 5777 3424 5843 italiae,
3448 5782 3502 5830 et
3522 5772 3814 5851 quinqyﬁi

2230 5838 2599 5908 Colbertinis.
2624 5838 2906 5918 Quocirca
2938 5838 3212 5923 temporis
3240 5838 3511 5907 summam
3537 5838 3819 5899 Eleutherio
