4052 6178
278 307 424 365 4253

1064 297 1390 354 HISTORIA
1426 300 1517 353 DE
1558 297 1729 352 VlTlS
1767 295 1934 352 ROM.
1974 294 2172 352 PONT.
2211 326 2283 337 —
2318 298 2374 352 S.
2418 299 2904 355 ELEUTHERIUS.

3549 304 3679 362 4254

273 426 687 498 assignandum
718 436 921 481 censeo
949 436 1230 478 annorum
1272 420 1325 490 4,
1354 420 1635 477 mensium
1679 418 1765 491 45,
1791 420 1922 477 die-
1954 414 2233 498 Apulum
2258 422 2326 475 ab
2370 422 2688 498 hujusmodi
2731 425 3036 498 hominibus
3082 426 3441 495 (Christianis)
3468 446 3685 498 pinnam

274 495 520 552 rum'iii.

350 570 430 623 Ex
462 567 534 623 26
561 568 718 635 Maii,
752 580 861 637 qua
894 565 1171 621 recolitur
1195 566 1529 637 martyrium
1558 562 1707 619 beati
1748 563 1926 637 Elea;-

273 640 478 708 therii,
506 646 562 694 et
577 653 644 694 ex
669 634 1010 694 consulibus
1036 639 1285 692 Materno
1308 644 1364 691 et
1389 635 1605 691 Bradua
1629 636 1765 690 anni
1801 634 1920 708 466,

274 705 551 781 regressu
572 709 720 765 facto
779 710 1173 781 innanteriora
1223 715 1474 781 tempora
1503 720 1806 781 periannos
1835 705 1919 781 45,

274 778 500 837 menses
530 779 563 835 4
613 778 885 837 εῑόὶθδὸ
933 780 1475 851 provenit‘ejusdem
1527 778 1919 851 ordinatioad

268 854 671 922 episcOpatum
720 854 815 907 die
862 847 1161 907 Dominica
1201 847 1273 909 22
1318 851 1579 907 Januarii
1612 863 1762 905 anno
1797 847 1917 918 470,

269 924 606 994 quindecim
637 924 841 978 solidis
862 922 1154 977 mensibus
1184 929 1485 992 antequam
1508 925 1771 978 decessor
1798 922 1924 991 ejus

264 996 434 1051 Soter
459 996 734 1065 martyrio
757 999 1149 1059 coronaretur,
1167 994 1326 1065 quod
1357 995 1622 1065 contigit,
1658 999 1719 1049 ut
1748 1006 1923 1062 supra

265 1006 434 1051 50ter
459 1006 734 1060 martyrio
757 1006 1149 1059 coronaretur,
1177 1006 1326 1120 truce
1357 1006 1622 1065 contigit,
1658 1006 1719 1049 ut
1748 1006 1922 1062 supra

265 1067 557 1136 diximus,
600 1064 673 1121 22
722 1066 943 1135 Aprilis
982 1066 1120 1120 anni
1155 1062 1178 1119 4
1228 1063 1278 1135 4,
1309 1066 1511 1121 Severo
1550 1066 1596 1120 ll
1621 1071 1678 1121 et
1706 1065 1922 1120 Heren-

272 1137 448 1193 niano
472 1137 832 1193 consulibus.
1277 1166 1283 1171 -

345 1210 454 1264 Hos
500 1209 693 1279 itaque
744 1207 1009 1264 consules
1054 1206 1317 1263 Severum
1346 1208 1769 1263 Herennianum
1823 1220 1920 1262 re-

267 1280 413 1335 tulit
434 1281 730 1351 catalogus
758 1279 1096 1335 Liberianus
1121 1280 1187 1334 ad
1226 1280 1460 1334 initium
1489 1279 1716 1351 epochze
1738 1279 1918 1351 ponti-

266 1351 456 1407 ﬁcalis
483 1348 801 1407 Eleutherii
832 1365 997 1417 ;cum
1024 1351 1278 1419 parietur
1301 1365 1369 1405 ex
1393 1363 1459 1405 ea
1477 1351 1573 1405 die
1596 1348 1920 1404 rationibus

260 1425 406 1478 anni
459 1423 828 1492 pontiﬁcalis,
875 1422 1024 1492 apud
1057 1423 1453 1493 Catalogorum
1484 1422 1795 1490 scriptores
1823 1434 1920 1475 re-

265 1495 516 1550 novandi
596 1492 855 1550 Paschali
953 1499 1202 1562 tempore
1263 1492 1431 1548 circa
1513 1493 1917 1548 Ascensionem

260 1566 519 1632 Domini,
576 1565 1052 1635 quemadmodUm
1099 1565 1314 1620 diserte
1368 1563 1667 1633 proﬁtetur
1718 1571 1919 1619 auctor

257 1637 511 1707 cataIOgi
539 1636 827 1692 Liberiani
883 1638 941 1690 in
989 1635 1349 1691 Przefatione:
1403 1656 1428 1686 (ι
1469 1641 1680 1705 etpost
1716 1636 1920 1691 Ascenv

261 1706 489 1788 sionem
529 1710 654 1776 ejus
674 1707 1045 1763 beatissimus
1078 1709 1275 1762 Petrus
1295 1706 1684 1788 episcopatum
1715 1721 1915 1788 susce-

2035 494 2275 559 dimovit,
2319 497 2395 548 ita
2429 496 2538 548 alio
2566 496 2721 548 modo
2745 497 2930 563 pulum
2962 496 3237 563 dispersit,
3282 494 3496 565 adjeCtEt
3520 504 3683 555 etiam

2034 567 2441 620 accusatoribus
2499 567 2868 632 damnatione,
2921 570 2970 620 et
3020 567 3237 635 quidem
3290 572 3523 624 tetriore.
3583 573 3682 627 His

2034 638 2289 712 ostendit
2322 634 2858 712 principem'nohis
2888 634 3196 708 creteroqui
3225 652 3335 694 non
3372 639 3679 712 infensum,

2036 707 2148 763 imo
2169 718 2223 763 et
2276 711 2723 778 prOpensiorem,
2756 711 2926 764 etiam
2973 716 3099 779 post
3118 707 3359 779 recepta
3382 725 3415 768 a
3435 713 3549 768 Deo
3576 707 3681 769 be-l

2033 779 2235 834 neticia
2284 780 2548 849 precibus
2595 781 2846 835 militum
2894 780 3355 837 Christianorum
3396 785 3684 842 exercitus

2034 852 2380 920 praeservati,
2412 866 2590 925 eaque
2619 857 2931 925 contestata
2969 853 3193 907 senatui
3218 852 3540 925 populoque
3565 856 3685 912 Ro—

2034 936 2219 987 mano,
2256 922 2505 991 pmnales
2538 930 2720 978 tamen
2756 924 2905 994 leges
2934 925 3153 992 pridem
3185 931 3379 980 contra
3417 922 3521 981 n'os
3551 928 3680 983 edi-

2034 1000 2120 1049 tas
2151 1008 2258 1050 non
2309 994 2651 1065 abrogasse;
2685 996 2831 1064 quod
2865 996 3008 1057 satis
3061 1001 3183 1049 erat
3234 1002 3297 1049 ut
3342 996 3571 1065 judices
3614 1012 3682 1054 ex

2033 1065 2218 1120 oﬁicio
2265 1066 2597 1135 inquirendi
2629 1072 2828 1121 contra
2856 1080 2957 1121 nos
2990 1073 3321 1135 potestatem
3355 1082 3456 1136 pro
3488 1069 3682 1125 lubitu

2032 1144 2378 1191 exercerent.
2436 1137 2795 1209 Excogitavit
2848 1138 3077 1209 quidem
3148 1139 3416 1203 remedia,
3468 1141 3682 1209 quibus

2032 1209 2407 1263 redderentur
2454 1207 2718 1263 difﬁciles
2778 1208 3215 1263 criminationes
3253 1223 3316 1264 ac
3362 1207 3682 1268 delationes

2029 1278 2510 1350 Christianorum,
2533 1278 2796 1334 hostibus
2820 1280 3130 1349 prtesertim
3156 1281 3422 1349 privatis,
3446 1284 3682 1350 pericu-

2032 1349 2149 1405 lum
2192 1351 2480 1406 subituris
2500 1351 2732 1419 adjectae
2754 1360 2948 1405 contra
2977 1350 3110 1406 illos
3142 1365 3337 1420 pusum,
3369 1349 3481 1407 nisi
3516 1368 3583 1409 ex
3605 1355 3680 1409 le-

2030 1421 2201 1491 gibus
2232 1436 2341 1478 non
2371 1421 2663 1493 abrogatis
2712 1436 2838 1477 reos
2879 1423 3229 1493 peregissent
3269 1438 3413 1493 quos
3448 1425 3678 1493 publico

2025 1494 2251 1566 judicio
2282 1494 2414 1549 sisti
2438 1500 2763 1549 curassent.
2792 1494 2926 1562 Quae
2951 1508 3078 1549 cum
3106 1501 3321 1550 attente
3355 1498 3676 1566 considero,

2028 1564 2226 1620 videor
2243 1565 2387 1620 mihi
2411 1566 2555 1621 satis
2585 1566 2881 1634 perspicue
2906 1565 3147 1620 deﬁnire
3167 1580 3328 1633 posse
3351 1581 3448 1636 per
3476 1564 3679 1624 decené

2030 1635 2191 1691 nium
2228 1637 2458 1707 imperii
2486 1638 2576 1692 sui
2611 1637 2854 1705 primum
2891 1637 2969 1690 ita
2991 1650 3099 1691 non
3127 1638 3333 1693 vetitas
3354 1635 3679 1696 delationes

2028 1714 2086 1762 et
2113 1710 2510 1763 accusationes
2532 1708 3015 1779 Christianorum,
3052 1714 3115 1763 ut
3147 1709 3418 1777 praasides
3442 1712 3682 1779 provin-

263 1780 357 1848 pit
383 1781 472 1833 Ea:
500 1769 604 1848 qu'o
658 1786 890 1848 tempore
938 1792 1037 1848 per
1079 1769 1507 1850 successionem
1538 1779 1910 1850 dispositum,
1946 1769 1997 1829 Β
2028 1779 2248 1834 ciarum
2277 1787 2333 1834 et
2360 1783 2731 1850 magistratus
2774 1778 2979 1833 urbani
3008 1769 3108 1848 jus
3135 1769 3315 1850 gladii
3351 1769 3678 1840 exercerent

260 1850 402 1919 quis
440 1855 767 1921 episcOpus,
817 1856 871 1905 et
932 1857 1072 1920 quot
1123 1863 1305 1905 annos
1365 1848 1612 1918 praefuit,
1654 1848 1753 1921 vel
1799 1863 1913 1920 quo

263 1920 701 1990 imperantem
759 1922 1047 1991 praecipue
1094 1935 1222 1976 cum
1276 1922 1462 1975 Romae
1529 1920 1725 1975 civilis
1776 1936 1914 1976 usus

255 2005 548 2048 annorum
579 1992 650 2047 ab
684 1992 832 2048 Urbe
876 1990 1109 2048 condita
1148 2006 1215 2047 ex
1272 1992 1579 2060 parilibus,
1609 1990 1913 2047 adhibitus

257 2064 325 2117 in
352 2063 521 2119 fastis
553 2065 889 2120 marmoreis
920 2070 1032 2119 tam
1074 2062 1481 2118 consularibus
1509 2077 1677 2134 quam
1712 2064 1914 2118 trium-

260 2134 557 2203 phalibus,
618 2149 834 2191 necnon
900 2135 957 2189 in
1011 2134 1276 2205 collegiis
1338 2134 1794 2190 sacerdotalibus
1839 2135 1905 2189 ad

251 2208 399 2261 Acta
471 2206 698 2276 publica
779 2207 1048 2261 marmori
1106 2205 1432 2273 incidenda,
1496 2208 1655 2275 paria
1704 2205 1913 2261 faceret

250 2292 390 2332 cum
426 2277 852 2347 pontiﬁcalibus
904 2277 1075 2332 annis
1106 2277 1346 2342 nostris,
1398 2278 1479 2332 ita
1515 2278 1818 2347 dispositis
1844 2292 1909 2332 ex

252 2349 536 2404 instituto
565 2351 818 2419 ejusdem
852 2348 1290 2419 catalogi.7Vide
1315 2348 1607 2404 observata
1640 2350 1912 2418 superius

253 2422 319 2474 in
350 2422 505 2476 notis
541 2421 648 2476 col.
683 2418 840 2487 4020,
886 2417 1236 2489 4439,4469.
1287 2421 1421 2475 Fuit
1459 2420 1638 2476 altera
1684 2417 1912 2491 quoque

247 2505 432 2547 causa
455 2492 748 2548 tribuendi
763 2492 987 2547 eosdem
1006 2492 1273 2546 consules
1290 2491 1620 2548 Eleutherio
1643 2510 1658 2561 ;
1682 2506 1812 2548 cum
1838 2494 1907 2548 ad

254 2576 506 2617 mensem
533 2564 890 2631 Januarium,
925 2577 1039 2632 quo
1061 2564 1191 2618 novi
1222 2562 1488 2618 consules
1530 2578 1740 2618 annum
1770 2577 1913 2632 ape—

255 2633 831 2699 riebantJulianum,
887 2636 1178 2690 referenda
1209 2636 1289 2689 sit
1345 2634 1472 2703 ejus
1519 2635 1812 2691 ordinatio
1838 2636 1907 2690 ad

247 2705 683 2775 episcopatum;
716 2713 780 2761 ut
804 2705 1105 2777 colligitur
1133 2708 1313 2761 exdie
1342 2707 1621 2776 martyrii,
1646 2712 1818 2776 atque
1843 2721 1909 2762 ex

256 2785 571 2832 memorata
601 2791 822 2832 summa
871 2791 1175 2845 annorum,
1218 2778 1521 2844 mensium,
1552 2791 1618 2833 ac
1660 2779 1906 2848 dierum,

249 2848 443 2903 eidem
485 2848 763 2903 attributa
823 2849 882 2904 in
925 2850 1205 2919 catalogis
1235 2854 1291 2904 et
1336 2849 1580 2918 picturis
1631 2851 1822 2920 quarti
1854 2859 1909 2906 et

251 2920 453 2989 quinti
501 2920 723 2975 saeculi.
759 2922 997 2975 Necesse
1040 2922 1223 2991 igitur
1268 2929 1357 2991 est
1385 2921 1663 2976 vicarium
1691 2921 1907 2977 Soteris

249 3004 659 3064 rec0gnoscere
701 2990 1087 3064 Eleutgherium
1131 3005 1226 3061 per
1271 2990 1339 3047 45
1366 2992 1500 3048 illos
1527 3006 1769 3064 menses,
1803 2994 1903 3062 qui

250 3060 623 3117 intercedunt
643 3075 709 3117 ex
732 3064 828 3118 die
846 3060 909 3117 24
942 3060 1224 3122 Januarii.
1246 3064 1548 3119 Dominica
1574 3060 1904 3120 ordinatio-

2028 1857 2299 1921 tanquam
2329 1853 2389 1906 in
2449 1865 2573 1906 reos
2597 1850 2821 1906 violata:
2846 1850 3148 1920 religionis
3176 1858 3375 1907 contra
3399 1852 3676 1909 Christia-

2027 1936 2150 1989 nos,
2210 1923 2374 1991 juxta
2440 1922 2659 1991 praxim
2730 1936 2762 1977 a
2813 1922 3055 1989 Trajano
3107 1924 3425 1978 mandatam
3484 1926 3673 1980 Plinio

2026 1994 2353 2061 proconsuli
2395 1996 2450 2047 in
2495 1994 2782 2063 Bithynia,
2830 2006 2999 2059 quam
3029 1994 3422 2049 Tertullianus
3456 1996 3674 2051 indicat

2022 2065 2456 2137 Apologimcap.
2482 2063 2536 2129 2,
2566 2072 2622 2119 et
2650 2064 2939 2137 Eusebius
2977 2064 3390 2137 llistorizelib.
3430 2080 3512 2121 tu.
3547 2082 3671 2137 cap.

2023 2134 2113 2203 27,
2150 2133 2233 2191 uti
2276 2136 2536 2191 observat
2568 2137 2847 2191 Baronius
2875 2135 2943 2190 ad
2972 2150 3184 2191 annum
3219 2133 3340 2199 iO-i,
3376 2152 3530 2193 num.
3559 2138 3594 2194 6
3618 2133 3675 2194 et

2020 2205 2075 2263 7.
2131 2208 2562 2262 Tertullianus:
2622 2228 2648 2259 «
2680 2209 2838 2262 Tunc
2883 2208 3163 2275 Trajanus
3204 2208 3522 2278 rescripsit,
3566 2210 3672 2265 hoc

2023 2294 2204 2350 genus
2233 2280 2641 2348 inquirendum
2677 2279 2907 2348 quidem
2939 2293 3046 2333 non
3093 2292 3234 2345 esse,
3287 2279 3509 2335 oblatos
3540 2294 3670 2336 vero

2026 2351 2220 2419 puniri
2245 2358 2526 2419 oportere.
2545 2351 2591 2406 Ο
2616 2351 2951 2405 sententiam
2980 2351 3316 2406 necessitate
3341 2351 3667 2407 confusam!

2021 2425 2199 2491 Negat
2222 2423 2618 2492 inquirendos,
2647 2428 2709 2476 ut
2732 2422 3080 2486 innocentes,
3105 2427 3161 2475 et
3185 2424 3412 2477 mandat
3436 2425 3670 2492 punien-

2019 2495 2143 2564 dos,
2170 2501 2233 2549 ut
2254 2500 2542 2548 nocentes.
2574 2494 2760 2548 Parcit
2782 2500 2836 2547 et
2860 2493 3040 2564 saevit,
3068 2493 3472 2549 dissimulatet
3491 2495 3664 2549 anim-

2019 2562 2288 2621 advertit.
2325 2583 2348 2614 »
2394 2566 2674 2634 Trajanus
2704 2565 2946 2633 epistola
2977 2562 3047 2618 98
3089 2564 3222 2619 libri
3257 2580 3312 2620 x.
3351 2566 3500 2621 inter
3542 2567 3665 2621 Pli-

2022 2640 2262 2691 nianas:
2314 2657 2347 2709 7a,
2374 2636 2575 2691 Actum
2628 2650 2793 2706 quem
2836 2636 3113 2709 debuisti,
3166 2636 3240 2690 mi
3295 2636 3571 2705 Secunde,
3610 2638 3665 2692 in

2021 2708 2387 2764 excutiendis
2407 2709 2602 2763 causis
2624 2721 2820 2763 eorum
2845 2708 2943 2777 qui
2969 2707 3286 2763 Christiani
3319 2709 3388 2764 ad
3411 2717 3463 2764 te
3490 2709 3665 2764 delati

2021 2778 2276 2847 fuerunt,
2316 2787 2547 2834 secutus
2575 2793 2654 2834 es.
2683 2782 2876 2849 Neque
2896 2779 3056 2849 enim
3088 2779 3146 2834 in
3182 2781 3511 2836 universum
3551 2781 3669 2836 ali—

2020 2852 2161 2922 quid
2203 2851 2354 2922 quod
2406 2852 2571 2922 quasi
2614 2848 2825 2907 certam
2879 2848 3118 2905 formam
3166 2850 3387 2922 habeat,
3442 2854 3668 2907 consti-

2018 2924 2106 2979 tui
2132 2921 2334 2993 potest.
2361 2921 2754 2992 conquirendi
2795 2934 2904 2977 non
2946 2928 3118 2993 sunt;
3163 2923 3212 2976 si
3239 2921 3572 2978 deferantur
3610 2930 3666 2978 et

2016 2992 2354 3066 arguantur,
2379 2995 2653 3062 puniendi
2675 2999 2833 3066 sunt.
2868 3011 2893 3040 ι›
2919 2992 3202 3066 Eusebius
3222 2993 3331 3066 ista
3348 3007 3661 3061 recensens,

2021 3061 2156 3136 quid
2186 3066 2318 3121 inde
2344 3061 2679 3133 Sequeretur
2700 3064 3035 3136 admonuit:
3067 3064 3244 3136 «rQuo
3268 3061 3433 3136 facto,
3460 3067 3659 3134 inquit,

246 3134 350 3188 nis
379 3133 719 3197 Eleutherii,
752 3134 821 3189 ad
853 3134 1003 3189 diem
1036 3132 1108 3189 22
1135 3135 1375 3204 Aprilis,
1411 3136 1654 3191 natalem
1683 3137 1899 3191 Soteris
1931 3124 1979 3184 C
2021 3124 2439 3206 persecutionis
2466 3136 2819 3200 incendium,
2848 3135 2999 3203 quod
3028 3124 3200 3206 nobis
3230 3124 3664 3191 violentiusiri;

242 3217 315 3260 ex
372 3206 642 3275 martyrio
690 3220 795 3261 suo
822 3206 1140 3261 redditam:
1191 3207 1604 3263 consuetudine
1634 3207 1775 3262 satis
1806 3221 1902 3262 re-

245 3277 684 3349 ceptavicarios
706 3277 938 3349 inUrbe
970 3278 1028 3331 in
1061 3277 1555 3347 persecutionibus
1576 3291 1903 3349 promoven-

241 3347 611 3417 di,aliisque
658 3348 924 3403 Ecclesiae
973 3349 1436 3404 necessitatibus.

319 3420 725 3491 martyriorum
787 3433 899 3475 non
933 3419 1267 3491 infrequens
1304 3420 1419 3476 fuit
1465 3421 1769 3491 imperium
1814 3423 1893 3476 Μ.

239 3490 497 3553 Aurelii,
533 3491 666 3546 licet
685 3500 738 3546 et
765 3490 1301 3562 Antoninus’pater,
1329 3499 1384 3548 et
1410 3493 1533 3562 ipse
1551 3490 1776 3549 Marcus
1806 3506 1903 3548 re-

239 3562 464 3635 scripta
501 3563 753 3618 dedisset
787 3576 884 3632 pro
913 3564 1373 3619 Christianorum
1418 3565 1745 3629 securitate,
1776 3579 1902 3635 qua:

240 3632 544 3689 observata
565 3641 701 3689 sunt
733 3635 789 3689 in
825 3637 979 3689 notis
1010 3634 1310 3690 historicis
1339 3635 1405 3690 ad
1433 3636 1490 3690 S.
1520 3632 1901 3693 Soteremex

241 3718 367 3774 quo
388 3705 850 3761 RomzeJustinus
872 3705 1252 3780 philosophus
1265 3707 1652 3780 Christianus,
1673 3708 1773 3779 qui
1799 3723 1901 3780 pro

242 3782 444 3851 nostra
470 3790 667 3851 causa,
698 3782 1057 3851 peraraverat
1086 3777 1153 3833 ad
1191 3779 1481 3848 principes
1513 3785 1570 3834 et
1612 3777 1896 3851 senatum,

241 3846 934 3918 publicojudiciocapitis
948 3846 1255 3905 damnatus
1270 3856 1357 3904 est
1376 3846 1504 3905 cum
1526 3852 1724 3917 sociis,
1748 3846 1899 3908 anno

240 3916 354 3973 475
402 3916 566 3994 juxta
595 3916 929 3994 t1_li_roni_con
969 3919 1421 3976 Alexendrinum
1477 3929 1532 3994 et
1562 3924 1893 3994 Baronium,

239 4003 415 4061 quem
459 3991 526 4046 ad
588 3987 689 4046 467
732 3990 932 4047 referri
991 4000 1183 4047 monet
1227 3993 1569 4049 Ruinartius
1615 3994 1694 4121 gn
1743 3987 1896 4051 Actis

239 4075 374 4121 pag.
407 4059 493 4121 42)
538 4063 623 4117 vel
654 4075 804 4118 anno
843 4060 963 4121 470,
995 4064 1160 4121 iuxta
1191 4064 1446 4121 calculos
1480 4069 1621 4121 Pape
1668 4067 1891 4121 rochii:

238 4059 374 4138 pag.
407 4059 493 4131 42)
538 4063 623 4117 vel
654 4075 812 4138 anno
843 4060 963 4128 470,
994 4064 1160 4138 juxta
1191 4064 1446 4138 calculos
1480 4059 1891 4138 Papebrochii;

238 4134 455 4187 mirum
489 4146 599 4188 non
626 4140 731 4203 est,
766 4135 815 4189 si
842 4149 994 4190 mors
1021 4134 1183 4191 illata
1225 4135 1339 4192 fuit
1373 4134 1567 4192 Romae
1586 4139 1758 4193 etiam
1785 4134 1894 4194 So-L

236 4203 353 4259 teri
380 4220 551 4278 papae.
569 4207 841 4278 itectores
860 4206 1285 4278 provinciarum
1308 4209 1685 4278 pulsabantur
1703 4211 1891 4265 ethni-

233 4288 438 4347 corum
519 4276 758 4345 libellis,
842 4276 1321 4347 philosophorum
1378 4285 1435 4334 et
1500 4282 1890 4343 sophistarum

231 4346 879 4424 artibastsacerdotum
904 4346 1174 4424 querelis,
1205 4357 1259 4405 et
1290 4351 1481 4424 insani
1510 4354 1665 4424 vulgi
1690 4353 1894 4409 clamo-

236 4417 428 4485 ribus,
477 4420 604 4492 dira
653 4427 851 4476 contra
897 4417 999 4476 nos
1052 4417 1538 4492 imprecantibus;
1575 4417 1640 4479 ui
1666 4424 1893 4481 abunde

232 4490 613 4559 comprobant
642 4492 922 4562 apologis?
952 4494 1089 4561 ipsa:
1117 4492 1354 4561 Justini,
1389 4507 1455 4548 ac
1482 4490 1704 4551 Tatiani
1737 4498 1891 4553 scri—

234 4554 444 4636 pta,'_et
471 4554 729 4632 epistola:
772 4554 1081 4636 martyrium
1129 4554 1597 4636 Lugdunensium
1621 4569 1689 4624 ad
1713 4554 1915 4625 Eleu—i

232 4633 491 4709 therium
527 4648 724 4709 papam
758 4633 1112 4709 transmissa:
1136 4633 1237 4709 per
1266 4638 1558 4709 lrenazum,
1588 4645 1707 4694 tum
1742 4648 1892 4697 tem—

230 4704 400 4775 poris
423 4706 833 4775 presbyterum,
852 4706 923 4761 ab
940 4707 1187 4763 Eusebio
1212 4708 1399 4762 relatae
1417 4709 1527 4763 lib.
1548 4704 1607 4765 ἰν
1626 4712 1890 4768 Historia:

225 4774 362 4853 cap.
400 4774 447 4853 t_.
480 4774 828 4853 lmp’ortunis
870 4780 1051 4853 igitur
1073 4779 1454 4853 petitionibus
1474 4784 1889 4853 extorquebant

226 4846 306 4903 ab
339 4847 529 4924 eodem
566 4850 846 4924 principe,
882 4846 1114 4924 mitiora
1142 4850 1214 4906 de
1244 4851 1411 4906 nobis
1435 4846 1691 4924 jubenté,
1726 4862 1890 4924 pote-

222 4926 439 4975 statem
467 4919 645 4990 gladii
673 4928 867 4975 contra
916 4920 1111 4977 ﬁdeles
1134 4919 1447 4978 exercendi
1467 4923 1701 4981 obtentu
1726 4919 1889 4981 Chri-

220 4990 414 5047 stiani
453 4991 755 5063 nominis;
809 4992 960 5063 quod
1019 4992 1340 5049 luculenter
1387 4996 1698 5052 ostendunt
1749 5000 1886 5052 Acta

216 5060 594 5135 earumdem_
610 5060 926 5135 martyrum
990 5065 1457 5135 Lugdunensium
1488 5080 1553 5123 ac
1598 5068 1887 5124 Viennen-

214 5134 384 5190 sium
410 5133 470 5187 in
494 5133 705 5210 Galliis
730 5142 783 5190 et
809 5135 866 5190 in
892 5135 1060 5210 Urbe,
1081 5133 1452 5210 bedumaliis
1477 5139 1537 5195 in
1571 5141 1885 5210 provinciis

212 5209 391 5333 gesta
420 5210 476 5259 et
529 5206 845 5277 passiones,
900 5212 964 5262 ut
1018 5207 1313 5279 Polycarpi
1373 5224 1439 5267 ac
1482 5206 1772 5269 sociorum
1826 5213 1881 5268 in

275 5277 389 5333 sia.
443 5277 726 5333 Ptolemaei
789 5279 1197 5333 sociorumque
1252 5282 1308 5333 in
1363 5282 1501 5333 urbe
1548 5285 1721 5333 Roma
1776 5284 1881 5333 snh

275 5277 389 5348 sia,
443 5277 726 5333 Ptolemaei
789 5277 1197 5348 sociorumque
1252 5277 1308 5335 in
1363 5282 1501 5339 urbe
1548 5285 1723 5340 Roma
1776 5284 1883 5341 sub

214 5346 497 5425 prast'ecto
552 5349 774 5425 urbico,
808 5365 962 5425 _qua_e_
1005 5346 1350 5425 Ruiniirtius
1390 5356 1458 5410 ad
1502 5369 1715 5412 annum
1759 5352 1880 5425 466,

210 5421 404 5478 Marci
450 5421 674 5476 Aurelii
720 5428 778 5476 et
807 5422 861 5476 L.
920 5423 1049 5477 Veri
1082 5423 1374 5493 quintum,
1420 5426 1712 5482 referenda
1760 5421 1883 5483 esse

208 5494 605 5566 demonstrat,
655 5493 1053 5549 Tertullianus
1093 5495 1149 5547 in
1196 5495 1567 5566 Apolo-getico
1604 5499 1881 5555 adversus

212 5570 425 5635 gentes
467 5564 768 5619 conﬁrmat
803 5578 867 5620 ea
907 5579 1031 5633 quae
1083 5565 1355 5633 dicimus,
1387 5564 1525 5621 dum
1570 5569 1774 5624 eximit
1803 5572 1875 5625 Μ.

207 5636 578 5711 Aureliume
613 5650 856 5711 numero
872 5635 1282 5692 debellatorum
1312 5638 1593 5705 Ecclesiae,
1642 5641 1879 5711 ejusque

210 5709 454 5765 litteras
525 5708 766 5776 indicat,
831 5712 1207 5767 memorantes
1275 5708 1682 5766 Germanicam
1731 5708 1878 5769 sitim

205 5780 662 5835 Christianorum
684 5780 944 5852 militum
965 5782 1373 5852 precationibus
1403 5783 1678 5852 inaperato
1708 5786 1879 5842 imbre

202 5853 549 5909 discussam.
598 5850 810 5909 Subdit
845 5851 1021 5924 enim,
1068 5850 1218 5922 quod
1271 5850 1582 5925 imperator
1632 5862 1716 5929 ut,
1768 5874 1877 5914 non

1919 4524 1972 4586 D

2013 3204 2336 3276 cumbebat,
2360 3208 2697 3261 restinctum
2735 3206 2963 3275 quidem
2988 3204 3183 3273 aliqua
3213 3218 3288 3276 ex
3316 3213 3470 3273 parte
3499 3208 3663 3262 vide—

2013 3280 2181 3335 batur
2210 3298 2224 3345 ;
2271 3274 2346 3333 iis
2399 3286 2585 3333 tamen
2617 3277 2716 3347 qui
2750 3274 2852 3331 nos
2908 3276 3152 3345 maligne
3180 3284 3235 3330 et
3268 3274 3663 3334 fraudulenter

2011 3351 2245 3423 aggredi
2273 3349 2502 3423 vellent,
2526 3362 2636 3423 non
2663 3349 2737 3402 mi
2747 3361 2852 3423 nor
2875 3349 3278 3423 opportunitas
3302 3348 3656 3423 suppetebat,

2015 3416 2305 3478 interdum
2324 3421 2556 3491 populo,
2573 3421 2861 3491 interdum
2876 3416 3659 3488 prasidibusprovinciarum

2011 3495 2287 3550 adversus
2328 3490 2559 3548 nostros
2607 3490 2856 3546 insidias
2885 3491 3373 3559 comparantibus.
3418 3492 3572 3547 Adeo
3604 3499 3665 3547 ut

2012 3567 2204 3622 sinon
2252 3564 2433 3634 palam
2461 3569 2516 3619 et
2572 3562 2817 3631 publice,
2876 3561 3084 3617 locales
3116 3564 3302 3616 tamen
3349 3562 3405 3616 in
3439 3562 3664 3632 aliquot

2015 3633 2331 3705 provinciis
2378 3634 2801 3705 persecutiones
2829 3634 3282 3705 exardescerent,
3330 3633 3658 3705 etplurimi

2010 3703 2076 3763 ex
2102 3703 2736 3775 ﬁdelibus‘multiplicis
2753 3704 3009 3774 martyrii
3025 3709 3309 3775 certamen
3326 3703 3604 3760 subirent.
3631 3724 3656 3755 ι)

2009 3781 2078 3835 Et
2128 3794 2333 3837 rursus
2390 3774 2677 3848 exponens
2723 3776 2943 3844 praxim
3001 3788 3033 3830 a
3081 3774 3268 3848 Plinio
3319 3776 3660 3848 proconsule

2008 3851 2385 3917 observatam,
2420 3845 2590 3919 quam
2620 3848 2902 3916 Trajanus
2952 3845 3275 3903 rescribens
3304 3846 3661 3916 approbave-

2010 3929 2117 3990 rat,
2150 3923 2234 3978 ait
2267 3922 2411 3977 hanc
2439 3921 2639 3986 fuisse,
2673 3925 2734 3973 ut
2760 3919 3024 3988 quosdam
3051 3919 3358 3990 damnaret,
3394 3919 3659 3987 quosdam

2005 3996 2186 4063 gradu
2208 3995 2454 4064 pelleret.
2493 3993 2571 4046 Ex
2602 3992 2695 4047 his
2726 3993 2921 4064 itaque
2945 3989 3188 4064 legibus,
3212 3990 3661 4064 consuetudini-

2004 4060 2116 4124 bus
2144 4060 2224 4121 et’
2249 4066 2547 4134 rescriptis
2573 4063 2802 4131 Trajani
2832 4060 2948 4117 non
2978 4060 3271 4132 abrogatis
3314 4068 3502 4134 actum
3534 4075 3659 4134 esse

2004 4140 2191 4195 dicam
2236 4137 2345 4192 sub
2392 4133 2683 4191 Antonino
2735 4135 2833 4188 Pio
2857 4142 2913 4188 et
2942 4134 3052 4188 sub
3079 4135 3148 4187 M.
3185 4133 3442 4195 Aurelio,
3476 4133 3656 4203 priori

2003 4212 2129 4281 ejus
2152 4208 2381 4279 imperii
2402 4206 2684 4281 decennis
2706 4205 2950 4281 labente,
2983 4206 3166 4281 donec
3186 4217 3335 4260 anno
3348 4206 3569 4261 decimo
3588 4206 3658 4281 in

2003 4276 2367 4352 expeditione
2390 4278 2726 4352 Germanica
2757 4279 2892 4352 dum
2915 4283 3124 4348 ageret,
3142 4276 3456 4352 impetrata
3492 4277 3657 4352 caeli-

2006 4348 2100 4410 tus
2122 4353 2313 4423 pluvia
2350 4349 2621 4423 precibus
2640 4348 3327 4423 Christianorumjcujus
3353 4349 3447 4423 rei;
3472 4349 3657 4423 docu-

2006 4419 2254 4480 men—tum
2272 4419 2501 4479 illustre
2517 4422 2731 4477 visitur
2746 4423 2804 4476 in
2819 4420 3082 4476 columna
3098 4419 3385 4480 Cochlide,
3401 4420 3654 4488 ejusdem

2003 4495 2140 4552 belli
2173 4496 2350 4566 gestis
2380 4494 2745 4566 anaglyptico
2776 4505 2944 4560 Opere
2962 4489 3305 4566 insculpta),
3360 4490 3418 4566 [ῃ
3455 4499 3652 4566 poste-

2003 4560 2566 4644 rumbiarcusedixit
2582 4560 2629 4618 m
2644 4562 3119 4644 iiiusagenduum
3137 4567 3335 4644 contra
3361 4560 3649 4616 Christia-

2002 4653 2128 4704 nos,
2157 4640 2215 4694 in
2241 4637 2485 4707 epistola
2520 4649 2617 4705 per
2649 4630 2953 4707 Eusebium
2990 4633 3204 4707 inserta
3236 4630 3386 4685 libro
3417 4644 3494 4707 tv,
3523 4645 3647 4701 cap.

2002 4710 2087 4779 43,
2119 4703 2369 4766 Sublatis
2398 4703 2793 4779 delationibus
2822 4718 2965 4774 quas
3002 4703 3281 4779 Trajanus
3316 4703 3653 4779 permiserat

2002 4774 2223 4853 praxim
2258 4780 2577 4853 Plinianam
2599 4775 2941 4853 approbans,
2968 4786 3150 4853 neque
3168 4774 3493 4853 Antoninus
3514 4775 3651 4853 Pius

1998 4843 2334 4922 sustulerat,
2371 4851 2506 4906 licet
2546 4843 2813 4905 saeviores
2842 4846 3085 4902 Adriani
3118 4843 3271 4919 leges
3317 4846 3489 4901 silere
3513 4847 3652 4915 jus-

1997 4928 2190 4981 sisset.

2067 4997 2262 5066 Operm
2292 4995 2537 5065 pretium
2562 4997 2649 5048 est
2674 4991 2850 5060 hujus
2868 4987 3125 5066 epistolae
3147 4987 3216 5043 ab
3244 4987 3486 5066 Eusebio
3511 5002 3648 5058 pro-

1995 5062 2184 5124 ducta:
2211 5062 2499 5122 auctorem
2541 5078 2607 5118 ac
2654 5070 2878 5130 tempus
2907 5062 3226 5130 ostendere,
3280 5062 3348 5115 ad
3378 5074 3640 5129 comprov

1995 5139 2240 5195 bandam
2276 5137 2576 5193 historiam
2602 5133 3015 5205 pontiﬁcumet
3038 5139 3351 5205 martyrum
3384 5132 3643 5200 secundi,

1994 5212 2065 5267 de
2096 5225 2211 5281 quo
2235 5210 2484 5282 agimus,
2519 5204 2741 5282 smculi.
2770 5204 3033 5282 Valesius
3068 5204 3125 5259 in
3157 5204 3365 5282 doctis,
3397 5205 3646 5282 adnota-

1997 5276 2373 5339 tion'ibus'ad
2429 5279 2740 5337 Eusebium
2793 5276 3007 5347 pridem
3081 5276 3354 5343 ostendit,
3396 5276 3647 5347 graviter

1996 5354 2218 5425 lapsum
2249 5353 2622 5425 historicum,
2643 5349 3019 5425 quieamdem
3045 5348 3349 5425 epistolam
3372 5346 3646 5425 tribuerit

1993 5418 2283 5482 Antonino
2307 5426 2441 5495 Pio;
2464 5418 3647 5495 cumipsainscriptioevidenter-ostendat

1995 5499 2195 5555 referri
2228 5498 2296 5552 ad
2347 5489 2769 5550 M.'Aurelium.
2809 5514 2832 5542 «
2865 5493 3049 5558 Errat,
3085 5490 3298 5560 inquit,
3336 5489 3641 5558 Eusebius,

1995 5572 2095 5642 qui
2127 5570 2419 5642 Antonino
2456 5566 2551 5621 l'io
2588 5565 2761 5642 hanc
2786 5563 3087 5642 epistolam
3142 5561 3372 5642 tribuit,
3406 5576 3540 5642 cum
3570 5563 3648 5642 sit

1990 5634 2111 5698 divi
2162 5641 2360 5709 Marci,
2396 5647 2459 5695 ut
2483 5652 2552 5694 ex
2587 5637 2968 5705 inscriptione
2996 5635 3118 5709 ipsa
3140 5640 3395 5702 apparet,
3430 5634 3645 5709 scripta

1990 5727 2141 5770 anno
2182 5706 2367 5783 primo
2422 5712 2548 5781 ejus
2600 5710 2850 5783 imperii,
2892 5720 3020 5761 cum
3080 5706 3202 5775 ipse
3232 5707 3642 5783 essetiertium

1987 5776 2213 5841 consul.
2240 5806 2266 5839 α
2298 5776 2507 5841 Subdit
2533 5795 2663 5837 vero
2685 5776 2712 5831 ii
2744 5798 2758 5834 :
2786 5781 2948 5834 Hunc
2964 5790 3214 5833 errorem
3242 5776 3476 5832 Eusebii
3496 5776 3644 5831 vidit

1988 5859 2222 5929 quidem
2274 5863 2476 5914 auctor
2528 5851 2802 5910 Cbronici
2856 5848 3255 5921 Alexandrini,
3325 5848 3422 5905 sed
3479 5846 3637 5903 illam
