4052 6178
184 342 208 400 4
220 340 329 403 257

971 340 1295 401 HISTORIA
1323 345 1412 400 DE
1462 340 1634 400 VITIS
1666 345 1829 402 ROM.
1875 345 2071 401 PONT.
2100 376 2174 386 —
2200 348 2255 402 S.
2291 349 2786 407 ELEUTHERIUS;

3436 354 3574 417 4258

173 479 232 549 et
263 488 362 543 per
390 487 487 549 eos
517 474 774 549 Augusti
790 485 990 541 annos,
1021 475 1236 549 quibus
1258 477 1503 549 edictum
1531 476 1821 548 vulgatum
1852 479 1912 539 A
1937 477 2220 549 principis
2250 478 2577 537 vanitatem.
2611 484 2662 532 et
2691 478 3022 534 Gaianarum
3050 481 3451 549 expeditionum
3480 484 3577 537 lu-

170 544 364 600 fuerat
394 545 465 598 ab
495 544 690 599 eodem
738 545 973 611 Caesare,
1007 544 1067 599 ut
1107 547 1498 600 describeretur
1535 544 1823 601 unioersus

168 617 338 681 orbis,
362 615 671 687 ordinatio
692 616 1115 683 provinciarum
1142 617 1251 672 sub
1282 632 1395 671 uno
1430 618 1687 687 principe
1710 630 1820 672 non

173 687 343 759 modo
362 685 585 759 facilem
610 686 830 759 aditum
861 687 1090 759 parabat
1117 685 1441 759 designatis
1464 685 1821 754 praeconibus

166 756 491 828 Evangelii,
514 769 707 810 verum
736 756 903 811 etiam
935 756 1267 813 ordiebatur
1301 760 1359 813 in
1381 759 1540 814 civili
1560 759 1819 827 disposi-

164 829 329 882 tione
369 828 686 898 regionum,
741 840 1001 897 nexuque
1048 830 1363 896 Oppidatim
1415 843 1511 898 per
1543 844 1637 885 eas
1671 843 1819 885 cou—

162 906 346 963 texto,
382 897 667 967 quoddam
694 898 977 965 specimen
1004 899 1256 954 ordinati
1285 897 1705 968 sanc’tiorisque
1738 914 1819 955 re-

160 968 432 1094 giminis,
472 967 640 1036 paulo
688 974 814 1037 post
861 970 1234 1025 contradendi
1264 984 1295 1025 a
1350 971 1505 1039 pacis
1552 967 1818 1040 Principe

207 1040 402 1094 hristo
435 1039 674 1093 Domino
714 1038 835 1093 suis
874 1040 1171 1094 apostolis.
1224 1054 1537 1094 eorumque
1582 1056 1816 1094 succes-

207 1040 402 1111 hristo
435 1039 674 1111 Domino
714 1038 835 1093 suis
874 1040 1171 1111 apostolis,
1224 1038 1537 1111 eorumque
1582 1038 1816 1097 succes-

162 1110 405 1165 soribus
438 1110 496 1183 in
524 1111 890 1183 episvopatus
920 1110 1232 1167 Christiani
1270 1110 1611 1175 hierarchia,
1646 1126 1816 1183 quam

160 1186 293 1236 erat
321 1181 577 1249 proxime
599 1179 966 1235 fundaturus.
996 1183 1149 1236 Hanc
1178 1187 1356 1237 artem
1379 1184 1565 1238 divini
1588 1179 1815 1239 consilii

159 1266 301 1307 cum
331 1258 463 1306 ante
495 1252 729 1323 Leonem
768 1255 1026 1321 Magnum
1066 1254 1237 1321 probe
1261 1261 1624 1323 cognosceret
1656 1254 1813 1322 prin-

159 1338 304 1389 ceps
353 1321 656 1390 apostolici
688 1327 888 1387 coetus,
918 1328 972 1376 et
1002 1324 1221 1391 primus
1250 1321 1517 1379 Ecclesia:
1540 1321 1815 1380 suae’hie—

162 1393 402 1448 rarchia
451 1392 665 1446 electus
714 1404 744 1445 a
794 1392 1024 1448 Christo
1073 1394 1315 1449 Domino
1358 1395 1551 1451 Simon
1593 1398 1810 1459 Petrus,

156 1464 426 1519 Orientis
455 1469 510 1517 et
539 1462 866 1517 Occidentis
890 1465 1196 1532 praecipuis
1222 1466 1459 1520 sedibus
1479 1466 1815 1520 constitutis

156 1535 382 1604 adjecit
439 1533 665 1588 tertiam
728 1534 786 1587 in
850 1534 1107 1602 Egypto,
1167 1537 1316 1590 unde
1345 1536 1814 1591 Meridionalium

158 1607 470 1675 regionum
500 1610 716 1675 tractus
741 1604 1084 1671 amplissimi
1104 1606 1320 1674 legatos
1341 1607 1557 1661 Christi
1588 1607 1815 1673 recipe-

165 1674 323 1741 reiit,
355 1676 422 1729 ad
456 1674 626 1745 Indos
670 1688 870 1739 usque,
913 1688 976 1729 ac
1005 1676 1302 1743 Ethiopas
1352 1678 1649 1745 potestatis
1697 1691 1815 1732 suae

160 1747 452 1801 terminos
502 1744 828 1813 prolaturos
870 1762 882 1797 :
938 1745 1148 1814 quibus
1199 1744 1382 1802 tamen
1416 1748 1703 1815 omnibus,
1752 1753 1817 1802 ut

161 1817 556 1885 intelligerent
581 1816 860 1886 cathedrae
893 1814 1058 1871 illius
1080 1818 1477 1873 auctoritatem
1506 1832 1630 1873 esse
1663 1831 1814 1886 prae-

161 1884 567 1955 latam,’quam
607 1886 730 1953 ipse
756 1884 947 1940 vivens
989 1901 1052 1940 ac
1095 1888 1344 1942 moriens
1384 1884 1812 1957 donasset‘pri—

157 1958 381 2028 vilegio
429 1970 547 2028 sua:
589 1957 995 2028 successionis
1023 1957 1079 2011 in
1125 1958 1480 2026 amplissima
1515 1966 1807 2027 potestate,

159 2025 390 2100 quanta
435 2026 623 2080 fuerat
670 2025 783 2100 sibi
829 2040 861 2080 a
894 2025 1262 2100 Redemptore
1296 2025 1531 2083 humani
1584 2025 1811 2100 generis

156 2099 379 2153 collata
422 2110 595 2164 supra
643 2098 940 2152 universos
990 2097 1246 2154 ﬁdelium
1299 2108 1524 2167 cintus;
1566 2097 1708 2154 hanc
1750 2100 1810 2154 in

157 2169 316 2224 urbe
367 2169 534 2239 Roma
581 2167 748 2237 figere
779 2168 981 2234 voluit,
1030 2177 1199 2237 caput
1251 2170 1430 2239 orbis,
1480 2178 1536 2225 et
1582 2171 1808 2237 imperii

157 2240 396 2308 pridem
440 2236 652 2303 eﬁ‘ecta’,
707 2251 803 2309 per
858 2236 1159 2309 Europam,
1208 2236 1428 2309 Asiam,
1474 2249 1531 2296 et
1559 2236 1810 2295 Africam

160 2308 473 2379 prOpagati
509 2326 521 2362 :
558 2309 707 2363 unde
738 2308 1360 2377 t'aciliuspossenttum
1388 2308 1526 2380 ipse,
1553 2318 1671 2366 tum
1690 2326 1812 2367 suc.

157 2393 432 2435 cessores
464 2380 522 2433 in
560 2393 915 2451 quaecunque
959 2386 1241 2436 terrarum
1282 2386 1467 2451 spatia
1496 2395 1631 2437 suas
1665 2383 1813 2451 leges

158 2451 414 2531 perinde
455 2464 521 2531 ac
563 2449 871 2531 iegationes
914 2449 1329 2531 transmitierei
1370 2449 1815 2531 Famulabantur

156 2519 419 2576 consilio
462 2519 644 2574 divini
694 2523 884 2589 operis
920 2534 1030 2576 non
1077 2523 1241 2577 modo
1274 2538 1401 2591 pax,
1436 2532 1491 2578 et
1521 2524 1811 2578 ordinatio

158 2591 723 2664 provinciarurm,iac_
744 2605 949 2664 sensus
974 2592 1209 2660 civium,
1240 2601 1295 2648 et
1326 2592 1536 2649 foedera
1567 2596 1811 2664 Augusti

153 2677 304 2718 cum
357 2661 762 2716 remotissimis
815 2661 1065 2730 regibus,
1114 2677 1307 2718 verum
1353 2666 1524 2719 etiam
1559 2661 1724 2733 bella,
1756 2671 1813 2719 et

154 2733 451 2798 victoriae,
484 2733 713 2796 itinera,
756 2738 812 2786 et
843 2734 1180 2801 partitiones
1222 2735 1664 2802 provinciarum,
1699 2736 1812 2788 mi-

155 2806 375 2859 litares
442 2803 857 2871 expeditiones,
902 2804 1257 2875 coloniarum
1301 2806 1592 2867 deductio,
1625 2806 1813 2875 legio-

153 2888 311 2930 num
364 2874 728 2937 transvectio,
784 2874 1089 2943 praesidum
1135 2876 1385 2937 sortitio,
1431 2889 1497 2929 ac
1547 2874 1811 2930 universa

155 2944 584 3015 propemodum
628 2950 783 3014 gesta
838 2944 1206 3013 Reipublicm,
1260 2953 1317 3000 et
1347 2948 1629 3000 Caesarum
1668 2960 1813 3001 con—

151 3014 562 3086 Sequentium.
619 3015 747 3068 Sive
800 3015 858 3069 in
908 3015 1254 3071 Britanniam
1308 3023 1593 3071 moverent
1640 3018 1813 3072 Caius

152 3085 435 3156 Caligula
481 3091 537 3139 et
591 3085 917 3156 Claudius;
978 3087 1097 3141 sive
1148 3086 1205 3140 in
1250 3087 1575 3142 Armeniam
1627 3089 1811 3156 Nero;

1935 548 2194 620 dibrium,
2234 556 2298 620 ut
2334 549 2582 620 appellat
2611 549 2843 605 Tacitus
2885 551 3027 605 Hist.
3065 548 3175 605 lib.
3213 566 3286 606 iv.
3327 565 3449 620 cap.
3486 552 3568 615 15,

1932 617 2010 673 ita
2032 621 2184 691 serio
2215 619 2324 675 sibi
2368 617 2635 676 famulari
2673 620 2865 691 adegit
2904 621 3001 675 Dei
3041 621 3343 690 sapientia,
3377 617 3437 677 ut
3469 622 3574 678 hoc

1933 702 2047 762 uno
2098 690 2349 745 levitatis
2407 691 2667 762 humana:
2714 690 2834 754 ioco
2876 692 3183 747 adduxerit
3228 707 3259 748 e
3296 693 3459 762 Syria
3501 694 3571 748 ad
3638 721 3649 731 -

1932 760 2235 815 Britannos
2304 761 2598 829 complura
2668 763 3046 817 Romanorum
3095 760 3572 831 civium‘millia,

1929 831 2178 899 ascripta
2209 831 2555 903 legionibus,
2589 838 2827 903 quartas,
2852 839 3041 899 sextae,
3065 846 3131 887 ac
3160 834 3415 897 decimae,
3444 834 3577 890 inde

1928 902 2271 973 transvectis
2291 903 2358 956 ad
2382 902 2968 968 hanc‘expeditionem
2995 920 3007 956 :
3045 917 3288 973 quorum
3326 904 3574 960 militum

1933 970 2191 1042 plerique
2234 972 2484 1026 veterani
2529 977 2663 1026 ante
2699 984 2881 1027 annos
2922 970 3349 1042 quatuordecim
3386 976 3575 1030 inter-

1928 1040 2158 1097 fuerant
2197 1043 2416 1097 Christi
2446 1043 2674 1097 Domini
2711 1040 3128 1111 praedicationi,
3163 1052 3217 1100 et
3252 1045 3571 1113 miraculis,

1930 1114 2097 1185 morti
2144 1127 2210 1168 ac
2239 1114 2666 1172 resurrectioni,
2711 1113 2795 1185 vel
2847 1113 3098 1182 ejusdem
3147 1115 3572 1185 discipulorum

1927 1184 2105 1254 gestis
2129 1185 2326 1239 adesse
2351 1189 2651 1252 potuerant
2675 1183 2851 1238 multo
2886 1187 3191 1254 recentius,
3216 1183 3389 1241 testes
3411 1200 3575 1242 occu-

1929 1253 2028 1307 lati
2070 1254 2426 1309 mirabilium
2467 1268 2532 1309 ac
2565 1255 2913 1323 magnalium
2946 1255 3063 1310 Dei.
3093 1253 3221 1311 Sive
3249 1270 3379 1312 cum
3428 1257 3576 1313 Cor-

1928 1325 2079 1379 nelio
2116 1327 2466 1398 centurione
2508 1325 2765 1379 cohortis
2797 1325 3008 1398 italicae
3032 1328 3387 1398 meruissent
3411 1347 3426 1398 ;
3454 1329 3575 1383 sive

1925 1409 2053 1449 cum
2076 1395 2192 1450 alio
2224 1395 2560 1449 centurione
2579 1394 2926 1465 evangelico,
2951 1397 3118 1464 cujus
3147 1397 3275 1452 fidei
3303 1394 3491 1466 parem
3514 1412 3574 1454 se

1925 1467 1981 1521 in
2035 1466 2239 1520 lsraele
2266 1479 2376 1520 non
2407 1466 2694 1519 invenisse
2735 1466 2992 1520 Salvator
3031 1467 3229 1531 dixit;
3277 1470 3396 1524 sive
3442 1484 3572 1525 cum

1926 1536 2217 1591 militibus
2244 1537 2300 1589 in
2323 1545 2501 1591 morte
2520 1536 2747 1590 Domini
2780 1538 3091 1598 conversis,
3115 1545 3171 1592 et
3190 1539 3574 1595 exclamanti—

1924 1606 2052 1673 bus,
2101 1609 2236 1661 Vere
2278 1608 2448 1661 Filius
2491 1608 2588 1659 Dei
2618 1611 2735 1659 erat
2776 1609 2923 1671 iste;
2970 1608 3092 1662 sive
3121 1623 3250 1662 cum
3288 1611 3458 1666 Paulo
3503 1624 3573 1666 ex

1926 1683 2300 1749 persecutore
2329 1678 2383 1730 in
2435 1676 2755 1749 apostolum
2810 1685 3037 1745 repente
3084 1692 3406 1749 converso;
3453 1682 3573 1736 sive

1923 1761 2052 1803 cum
2101 1746 2397 1816 equitibus
2451 1747 2792 1801 Caesarianis
2846 1761 3019 1816 supra
3064 1746 3403 1805 memoratis
3439 1766 3571 1806 cum

1850 1819 2206 1901 BClemente
2277 1818 2685 1901 Alexandrini,
2756 1817 2989 1898 alioque
3042 1818 3342 1901 ‘scriptonre
3403 1828 3572 1901 1‘aut

1920 1904 2050 1944 cum
2085 1889 2297 1957 iis,qui
2330 1889 2399 1943 de
2429 1888 2596 1942 domo
2628 1888 2868 1959 Cwsaris
2897 1894 3079 1956 erant,
3100 1895 3156 1943 et
3180 1890 3236 1943 in
3266 1890 3374 1944 tine
3402 1892 3572 1959 Epis—

1924 1960 2051 2014 lolze
2084 1960 2241 2014 Pauli
2272 1959 2339 2013 ad
2387 1958 2781 2027 Philippenses
2811 1958 2882 2012 ab
2923 1958 3067 2013 Urbe
3092 1960 3239 2014 datae
3264 1958 3571 2017 recenSen—

1921 2036 2036 2095 tur,
2090 2032 2261 2085 Roma
2310 2027 2544 2098 profecti
2597 2030 2717 2083 sint
2754 2029 2811 2083 in
2862 2029 3261 2091 Britanniam;
3312 2038 3570 2099 poterant

1922 2107 2041 2156 tum
2064 2101 2411 2155 annuntiare
2456 2100 2525 2153 de
2548 2100 2774 2153 Christo
2808 2099 3044 2154 Domino
3068 2101 3304 2170 ejusque
3322 2103 3570 2158 Ecclesia

1922 2184 2048 2240 quae
2074 2172 2353 2236 viderant,
2389 2177 2506 2224 tum
2539 2169 2860 2238 discipulos
2880 2170 3130 2231 Domini,
3153 2169 3254 2226 aut
3274 2173 3570 2240 apostolo-

1926 2256 2050 2297 rum
2128 2255 2320 2296 secum
2381 2240 2745 2295 transvehere
2812 2240 2871 2294 in
2929 2241 3153 2295 easdem
3220 2243 3569 2310 provincias.

1922 2314 2126 2368 Verum
2158 2313 2228 2366 de
2260 2310 2551 2366 Britannia
2588 2310 2872 2381 Evangelii
2923 2310 3047 2366 luce
3086 2311 3374 2368 illustrata
3402 2314 3571 2382 paulo

1928 2390 2053 2451 post
2102 2396 2265 2452 agam
2333 2381 2693 2452 distinctius.
2765 2382 2949 2452 Nunc
2985 2383 3298 2451 generatim
3371 2381 3571 2452 prose-

1925 2450 2458 2533 quormt'acilitatem
2528 2450 2873 2533 perferenda:
2924 2450 3268 2533 Christianae
3326 2450 3457 2533 fidei
3511 2456 3569 2509 in

1926 2522 2611 2595 quaslibetﬂprovincias
2684 2522 2986 2595 Romanas,
3053 2529 3109 2576 et
3172 2523 3230 2577 in
3312 2527 3573 2595 regiones

1924 2596 2197 2650 Romanis
2244 2594 2535 2665 limitibus
2564 2593 2870 2665 proximas,
2904 2606 3216 2665 earumque
3248 2593 3567 2665 regibnum.

1924 2681 1989 2721 ac
2018 2664 2439 2734 provinciarum
2470 2663 2752 2717 Ecclesias
2777 2662 3036 2717 nectendi
3064 2678 3194 2718 cum
3220 2662 3407 2732 capite
3434 2667 3572 2722 uni-

1924 2749 2218 2791 versarum
2271 2737 2599 2807 constituto
2631 2734 2711 2807 in
2754 2734 3185 2807 sede__Romana
3227 2748 3260 2789 a
3312 2737 3571 2807 principe

1921 2807 2330 2876 apostolorum.
2367 2806 2505 2859 Nam
2549 2803 2644 2857 ubi
2672 2803 2845 2876 semel
2874 2803 3103 2876 Christo
3135 2803 3335 2876 nomen
3367 2803 3571 2864 dedis-

1919 2873 2047 2933 sent
2071 2876 2303 2931 Romani
2327 2875 2498 2936 cives,
2527 2873 2836 2943 praesertim
2858 2886 2924 2928 eo
2953 2873 3074 2945 loco
3099 2875 3211 2929 nati
3230 2880 3565 2945 esquesiris,

1920 2954 2021 3003 aut
2054 2947 2307 3016 patricize
2342 2945 2682 3016 nobilitatis,
2717 2944 3062 3016 quorumide
3091 2944 3327 3000 numero
3358 2955 3570 3015 praeto—

1923 3032 2033 3081 res,
2054 3012 2466 3085 'proconsules,
2500 3015 2666 3083 legati
2697 3012 2768 3085 ab
2801 3012 2946 3085 Urbe
2976 3013 3032 3066 in
3069 3012 3391 3080 provincias
3427 3021 3570 3073 mit-

1924 3083 2089 3143 tendi
2105 3086 2309 3157 forent,
2344 3085 2423 3138 vel
2451 3084 2781 3153 quotannis,
2807 3083 2889 3136 vel
2914 3096 3009 3150 per
3039 3085 3310 3157 triennia,
3330 3093 3384 3141 et
3404 3090 3568 3157 quin-

153 3152 385 3211 sive'in
410 3156 658 3228 Judaeam
696 3152 1116 3226 Vespasianus;
1149 3158 1269 3211 sive
1297 3159 1574 3226 Trajanus
1609 3160 1666 3211 in
1701 3152 1814 3211 Da-l
1845 3164 1893 3224 C.
1923 3158 2174 3228 quennia
2225 3174 2240 3223 ;
2294 3152 2581 3228 Romanus
2633 3152 3161 3228 quoque_p0ti_tifex
3218 3157 3300 3228 uti
3350 3152 3568 3224 poterat

150 3228 343 3291 ciam,
390 3227 697 3291 Parthiam,
735 3233 789 3280 et
823 3228 1322 3296 MeSopotamiam;
1358 3234 1477 3283 sive
1524 3228 1813 3282 Adrianus

151 3295 439 3352 barbaris
468 3298 797 3351 restitueret
823 3312 887 3352 ea
906 3298 1320 3367 quaaTrajanus
1349 3299 1671 3365 ademerat;
1696 3298 1815 3352 sive

152 3369 450 3423 lustraret
481 3368 621 3435 ipse,
653 3368 891 3436 ejusque
919 3368 1174 3437 exemplo
1203 3369 1531 3423 Antoninus
1579 3368 1816 3436 provin-

147 3442 315 3503 cias,
352 3444 410 3490 et
439 3438 618 3491 oreris
645 3437 954 3493 itineribus
996 3445 1178 3493 totum
1223 3439 1527 3507 imperium
1557 3439 1814 3493 redderet

148 3508 435 3579 pervium
460 3509 608 3580 ;sive
625 3509 885 3580 Romanis
908 3509 1374 3580 legionibus-com
1393 3510 1815 3570 muniret;sive

146 3582 346 3634 etiam
372 3579 567 3650 maria
598 3584 661 3650 et
684 3579 907 3634 insulas
936 3579 1248 3634 continenti
1296 3579 1815 3650 conjungeret,_inf-

146 3648 418 3705 structis
451 3649 507 3701 in
542 3647 703 3703 Italia
741 3650 1026 3705 classibus
1058 3651 1259 3714 Superi
1306 3647 1496 3712 Maris,
1517 3647 1583 3704 et
1624 3648 1811 3715 Inferi,

150 3718 511 3784 Ravennati,
535 3733 601 3773 ac
632 3720 891 3774 Misenati
926 3738 942 3789 ;
975 3722 1094 3776 sive
1116 3720 1327 3774 limites
1362 3720 1587 3789 imperii
1619 3719 1817 3775 firma—

151 3798 254 3846 ret
303 3789 606 3844 collocatis
647 3791 996 3845 exercitibus
1030 3791 1372 3857 Britannico,
1404 3790 1812 3859 Cappadocico,

146 3864 381 3926 Dacco,
410 3859 767 3929 Germanico,
793 3861 1121 3931 Hispanico,
1145 3861 1393 3930 Illyrico,
1415 3861 1813 3927 Mauritanico,

146 3932 464 3994 Maasiaco,
516 3931 769 3997 Rhetico,
818 3933 1151 3998 Sarmatico,
1196 3933 1448 4000 Syriaco,
1492 3932 1818 3999 spectandis

148 4005 221 4058 in
261 4001 521 4074 nummis
542 4001 780 4055 Adriani
812 4019 825 4055 :
860 4002 1125 4058 universa
1158 4004 1274 4058 haec
1308 4003 1593 4074 Evangelii
1631 4001 1819 4070 perfe—

145 4073 341 4128 rendi
375 4077 701 4139 apparatus,
747 4078 802 4127 et
830 4074 1137 4129 comitatus
1163 4080 1344 4133 erant,
1376 4078 1431 4128 et
1467 4073 1817 4141 adjumenta,

146 4156 292 4199 non
328 4142 624 4196 hominum
657 4156 799 4197 vano
830 4145 1075 4199 consilio
1110 4145 1178 4199 ad
1209 4144 1567 4213 temporaria:
1599 4149 1818 4197 tantum

138 4218 312 4268 vita:
354 4226 496 4267 usus
523 4213 640 4267 hzec
679 4214 967 4284 dirigente
995 4226 1338 4284 comparata,
1390 4215 1483 4269 sed
1521 4214 1819 4282 sapientiae

135 4287 393 4355 divina:
448 4292 614 4348 nutu,
652 4297 717 4337 ac
760 4291 1032 4352 potestate
1066 4286 1370 4355 diSposita,
1403 4299 1468 4340 ac
1497 4285 1819 4339 ministrata

134 4353 400 4412 Christi
449 4355 666 4423 glorize,
716 4362 772 4408 et
826 4356 1135 4411 electorum
1167 4353 1401 4412 saluti:
1454 4357 1549 4410 cui
1595 4368 1817 4410 omnem

139 4432 391 4498 prmsto
420 4437 542 4498 esse
570 4436 910 4494 creaturam,
948 4433 1005 4481 et
1034 4440 1247 4481 servnre
1272 4496 1277 4498 ν
1308 4440 1408 4480 nec
1454 4425 1817 4498 cogitantem,

132 4496 354 4565 atque
401 4497 570 4549 etiam
619 4501 819 4550 contra
850 4497 1149 4551 stimulum
1198 4496 1586 4552 calcitrantem
1633 4497 1816 4565 jubet.

1928 3221 2117 3298 parata
2140 3221 2457 3283 occasione.
2481 3230 2537 3278 et
2556 3221 2822 3277 comitem
2854 3221 2974 3298 illis
2995 3223 3130 3277 dare
3154 3221 3561 3298 presbyterum,

1923 3292 2023 3354 aut
2052 3298 2222 3351 etiam
2263 3306 2595 3363 episcoiium
2634 3306 2666 3347 a
2709 3306 2770 3346 se
2813 3292 3161 3360 ordinatum,
3204 3301 3267 3349 ut
3309 3292 3563 3363 ejusdem

1926 3367 2257 3439 provincias,
2280 3364 2646 3439 praefecturae,
2674 3377 2745 3439 ac_
2768 3364 3090 3439 vicinarum
3123 3366 3380 3435 gentium
3406 3369 3569 3436 oppi-

1924 3434 2107 3501 danis,
2150 3444 2205 3491 et
2246 3436 2453 3490 incolis
2485 3448 2646 3489 sacra
2680 3434 3130 3497 administraret,
3179 3434 3566 3494 vetuStos‘er-

1927 3522 2103 3574 rores,
2135 3521 2200 3561 ac
2242 3520 2432 3579 novos,
2479 3517 2791 3579 eorumque
2834 3513 3016 3579 sectas
3060 3506 3362 3579 detegeret,
3394 3514 3567 3579 atque

1923 3583 2283 3647 expurgaret
2317 3576 2501 3643 tidem,
2543 3589 2609 3628 ac
2642 3574 3013 3642 disciplinam
3058 3574 3397 3632 catholicam
3448 3574 3565 3633 ibi-

1922 3646 2049 3706 dem
2075 3646 2492 3713 constabiliret,
2522 3658 2587 3699 ac
2619 3650 2989 3713 promoveret;
3038 3651 3114 3707 et,
3146 3650 3205 3700 ut
3226 3647 3395 3702 verbo
3430 3649 3567 3704 uni-

1926 3735 2083 3775 versa
2106 3717 2468 3785 complectar,
2498 3730 2598 3787 par
2617 3715 2705 3787 illi
2727 3715 2892 3787 copia
2921 3714 3166 3787 dabatur
3185 3719 3566 3787 cognoscendi

1928 3805 2026 3861 per
2051 3790 2301 3861 triennia
2325 3784 2556 3855 singula
2583 3785 2975 3861 Ecclesiarum
2995 3784 3225 3841 illarum
3259 3784 3569 3861 statum,et

1928 3855 2230 3931 religionis
2254 3860 2621 3931 incrementa,
2643 3870 2718 3931 ac
2751 3857 2920 3931 hodie
2944 3855 3112 3911 detur
3141 3871 3236 3931 per
3256 3859 3573 3915 triennales

1930 3926 2290 4000 visitationes
2318 3926 2608 4000 sacrorum
2641 3926 2850 4000 limina
2876 3941 2906 3979 n
2939 3928 3406 3997 apostolicorum,
3440 3931 3570 4000 epi-

1929 4002 2121 4071 scopis
2171 3999 2419 4054 indictas
2463 3998 2519 4052 in
2574 3997 2900 4071 eorum‘dem
2942 3997 3569 4071 consecratione,dum

1930 4066 2163 4129 student
2222 4072 2533 4124 Romanum
2592 4066 2911 4136 pontificem
2974 4074 3253 4137 pastorem
3314 4070 3568 4127 universi

1930 4144 2119 4215 gregis
2146 4140 2430 4215 Dominici
2463 4138 2770 4215 certiorem_
2789 4138 3020 4215 reddere
3043 4140 3113 4215 de
3143 4140 3571 4215 ﬁdeliumpro-

1929 4208 2130 4287 gressu
2162 4212 2534 4287 eumdemque
2574 4208 2872 4287 consulere
2899 4211 2969 4264 de
3006 4209 3177 4287 rebus
3213 4211 3281 4265 ad
3304 4208 3570 4287 divinum

1930 4279 2148 4340 cultum
2173 4279 2692 4351 pertinentibus,et
2717 4281 2783 4333 ad
2808 4286 3073 4334 aeternam
3097 4280 3339 4337 salutem
3374 4283 3571 4351 populi

1928 4357 2121 4411 eadem
2156 4349 2212 4407 in
2240 4351 2532 4420 provincia
2562 4349 3033 4421 sibiconcrediti.
3067 4352 3179 4406 Hac
3198 4366 3326 4407 vero
3357 4349 3575 4421 Oppor-

1932 4426 2180 4481 tunitate
2221 4436 2354 4477 usos
2392 4421 2570 4476 fuisse
2618 4420 2764 4475 Petri
2814 4434 3170 4475 successores
3212 4420 3571 4490 comprobari

1936 4502 2118 4566 potest
2139 4509 2206 4549 ex
2232 4493 2436 4566 primis
2450 4492 2846 4566 episcoporum
2859 4493 2952 4544 sed
2965 4491 3111 4566 ibus,
3133 4490 3211 4544 ibi
3238 4493 3573 4566 plerumque

129 4544 1433 4642 é'u‘JdiofihjEHitriﬁda:iiiiEB'JiiEitiiiéiiiF
1442 4544 1824 4642 missionibus
1852 4544 1904 4603 D
1936 4544 2292 4642 constitutis,
2320 4564 2425 4642 ubi
2450 4544 2705 4642 Colonia:
2725 4560 2939 4642 civium
2968 4544 3345 4614 Romanorum
3371 4544 3573 4642 splen-

124 4632 794 4712 a'postolicisexiere
843 4638 1166 4708 dirigendis
1213 4652 1245 4692 a
1292 4651 1513 4712 summo
1565 4636 1827 4712 Ecclesiae
1936 4638 2086 4712 didae
2108 4633 2777 4712 fuerantdeductzetaut
2810 4632 3188 4712 Romanorum
3213 4632 3572 4712 exercituum

134 4699 485 4782 h'ierarcha
518 4707 575 4760 in
603 4708 844 4782 dissitas
875 4699 1245 4782 quascunque
1273 4709 1532 4782 regiones
1557 4706 1827 4782 frequens
1938 4709 2139 4782 sedes,_
2163 4713 2218 4759 et
2248 4701 2869 4782 castrai’rmsidiorum
2903 4700 3086 4782 posita
3112 4699 3183 4778 ab
3212 4700 3479 4782 Adriano,
3518 4709 3573 4782 et

122 4779 471 4849 legionum
533 4768 1374 4853 transvectio;magistratuum
1409 4768 1683 4853 majorum
1713 4779 1829 4833 mi—
1936 4768 2380 4853 Antoninoisive
2403 4774 2574 4853 etiam
2600 4784 2631 4823 a
2649 4768 3048 4853 superioribus
3072 4770 3454 4853 principibus,
3473 4778 3575 4828 aut

123 4842 505 4920 nJrumque
577 4842 1086 4917 profectio'ferrﬁe
1158 4842 1509 4920 quotidiana
1562 4850 1630 4903 ad
1690 4863 1827 4916 pro-
1937 4842 3578 4920 successeribus.Adri-inumtame_n,et_Antoninumpraa-

120 4910 429 4977 vincias'
464 4925 519 4973 et
577 4910 781 4993 'copias
852 4922 1145 4992 regendas,
1175 4910 1350 4976 'satis
1395 4919 1573 4993 attigi
1630 4910 1822 4993 supra,
1936 4920 2105 4993 cipue
2135 4915 2366 4969 nomino
2399 4931 2413 4979 ;
2452 4912 2603 4993 quod
2642 4910 2699 4963 hi
2725 4910 3265 4993 compleverintboc
3299 4910 3571 4993 secundo,

114 4994 216 5049 ad
298 5002 603 5065 numerum
631 4981 944 5065 _'prim_utn,'
982 4981 1144 5065 cum'
1168 4981 1567 5065 perpenderem
1604 4981 1827 5065 divinas
1935 4981 2147 5056 dequo
2186 4998 2338 5065 nunc
2376 4984 2623 5065 agimus,
2657 4981 2879 5065 saeculo
2908 4981 3331 5065 provinciarum
3367 4982 3575 5065 lioma‘

121 5060 563 5135 providentiae
593 5050 703 5114 vim
761 5050 932 5135 plane:
970 5050 1560 5135 admirabilem,‘quie
1601 5060 1827 5135 infirma
1940 5050 2138 5114 narum
2189 5050 2603 5135 ordinationem
2655 5051 2889 5135 primam
2933 5050 3003 5132 ab
3048 5053 3573 5135 Augusioneditam,

115 5121 390 5204 inundl
418 5131 673 5204 eligens,
712 5121 773 5185 ut
801 5130 975 5204 fortia
1022 5147 1260 5202 quaeque
1285 5121 1615 5204 confundat,
1647 5130 1829 5200 exigit
1937 5140 2173 5204 eamque
2229 5122 2568 5204 perfecerint
2616 5121 3284 5204 post_accessiones‘sub
3314 5123 3575 5204 Claudio,

108 5190 493 5277 sapientiai
520 5190 929 5277 suasi'consiliis
954 5190 1252 5277 servitium
1288 5203 1567 5277 praestari,
1592 5190 1647 5256 et
1667 5190 1832 5277 com—
1937 5190 2179 5277 ljero'ne,
2229 5190 2591 5277 Vespasiano,
2618 5190 2705 5247 ’ac
2739 5192 2999 5277 :l‘rajano
3030 5190 3362 5277 celebratas.
3407 5190 3579 5277 [.“De

114 5264 396 5349 pe'ndia
422 5271 588 5325 etiam
607 5271 678 5325 ab
704 5271 921 5349 insanis
945 5278 998 5328 et
1022 5274 1265 5349 ludicris
1288 5264 1586 5349 hominum
1603 5272 1832 5349 cogita—
1942 5270 2163 5349 Eraisse
2201 5266 2515 5349 c‘anonicus
2552 5264 2937 5349 Carrnotgensis:
2979 5265 3484 5349 a‘ucto‘rhopuscnitli
3509 5267 3581 5349 de

106 5333 450 5404 iionibus
483 5359 495 5394 :
539 5343 1015 5411 quemadmodum
1065 5344 1424 5400 observatum
1462 5343 1574 5398 fuit
1609 5333 1830 5398 inVCaio
1939 5340 2176 5410 Origine
2206 5335 2580 5411 Ecclesiarum
2617 5333 2819 5411 Gallia;
2839 5333 3583 5411 cap.ﬂ5_decernit,_frevi-

101 5411 467 5477 Caligula.
491 5413 717 5486 quando
736 5413 990 5484 legiones
1008 5417 1263 5486 undique
1279 5416 1492 5470 accitas
1506 5414 1574 5468 ad
1601 5414 1832 5486 Britan-

106 5488 375 5545 nicam
423 5483 847 5549 expeditionem
876 5486 1098 5547 eduxit,
1134 5483 1189 5541 et
1247 5505 1273 5536 (ι
1330 5486 1547 5538 directa
1603 5483 1721 5537 acie
1771 5484 1829 5537 in

102 5562 387 5616 littore
424 5550 634 5606 Oceani
666 5552 927 5623 (διιειοη.τ
962 5570 1087 5624 cap.
1118 5553 1185 5610 46
1229 5555 1395 5609 illius
1437 5553 1588 5622 Vitae)
1618 5566 1682 5606 ac
1725 5552 1832 5624 ba-

106 5626 349 5687 listis
381 5622 774 5694 machinisqus
812 5622 1137 5693 dispositis,
1174 5626 1585 5694 neminegnaro
1616 5637 1679 5677 ac
1699 5622 1835 5694 opi-

102 5700 362 5759 nanle
394 5693 526 5768 quid
556 5701 853 5768 coepturus
880 5703 1047 5761 esset,
1074 5702 1305 5768 repente
1332 5700 1393 5749 ut
1421 5694 1668 5768 conchas
1695 5693 1836 5768 legev
1946 5699 2065 5747 tum
2094 5693 2272 5768 fuisse
2301 5693 2627 5768 episcopum
2657 5693 2862 5768 eonem
2884 5698 2955 5766 an

97 5772 338 5829 rent.
362 5761 682 5834 galeasque,
705 5773 760 5819 et
785 5767 952 5820 sinus
971 5761 1271 5833 replerent,
1294 5763 1594 5833 imperavit
1618 5783 1630 5817 :
1653 5763 1834 5832 spolia
1943 5762 2344 5834 apostolorum
2371 5761 2684 5834 principem
2728 5761 2999 5834 martyrio
3030 5762 3384 5834 coronatum.
3420 5761 3584 5834 Anno

98 5826 400 5900 Oceani
429 5826 635 5891 vocans
663 5836 969 5906 Capitolio,
993 5826 1312 5907 palatioque
1340 5826 1550 5893 debita.
1585 5854 1612 5885 υ
1641 5826 1833 5891 Insani
1947 5826 2137 5889 autem
2188 5831 2448 5903 proximo
2489 5833 2683 5886 censet
2731 5827 2789 5883 S.
2832 5826 3190 5883 Crescentem
3236 5829 3587 5899 Moguntinis

516 5923 753 5978 PATBOL.
809 5924 1075 5980 CXXVII.
3314 5912 3384 5973 ιο

1942 5402 2074 5478 νοεῖ
2093 5408 2452 5477 Lugdunum,
2489 5405 2759 5478 Viennam
2790 5403 2938 5478 inter
2962 5402 3581 5478 Galliarumcivitates

1944 5472 2137 5536 haberi
2168 5472 2399 5546 primas,
2426 5490 2550 5545 qua:
2565 5473 2860 5542 episcOpos
2882 5472 3243 5546 obtinuerint
3281 5476 3342 5546 In
3366 5476 3583 5534 Tabula

1944 5542 2586 5617 chronologica,fq'uam
2616 5544 2947 5617 construxit
2977 5558 3100 5617 cap.
3136 5542 3221 5617 4‘0,
3264 5545 3580 5617 adannum

1942 5621 2157 5676 Christi
2190 5613 2277 5685 68,
2314 5616 2486 5671 refert
2526 5617 2580 5669 S.
2616 5613 2963 5669 Eucharium
3010 5614 3443 5673 Trevirensibus
3470 5620 3583 5674 da-

1946 5699 2065 5747 tum
2094 5690 2272 5745 fuisse
2301 5688 2627 5757 episcopum
2657 5686 2853 5740 eodem
2884 5697 3052 5757 anno,
3087 5698 3200 5753 quo
3228 5686 3396 5742 etiam
3425 5697 3585 5757 putat
