4070 6178
488 317 627 377 4259

1719 307 2076 363 ANASTASII
2112 304 2653 361 BIBLIOTHECARII

3746 295 3886 355 4260

481 449 813 519 episcOpum
840 456 873 519 a
896 441 1067 519 beato
1087 439 1227 519 Lin_o
1257 438 1657 519 constitutum:
1682 435 1845 491 Anno
1869 432 2123 519 Mﬁﬁgit
2146 431 2205 490 A
2237 434 2661 519 providentiam
2680 432 2940 519 Romam
2974 431 3630 519 pontiﬁcis,Aan‘tequam
3648 437 3887 519 certam

483 508 752 588 epocham
783 514 1149 588 episcopatus
1182 509 1599 588 Lugdunensis,
1627 513 1780 588 tunc
1818 508 1992 588 erecti
2028 519 2124 574 per

481 577 888 657 Telesphorum
921 602 934 638 :
969 577 1076 657 qui
1123 588 1179 657 et
1208 577 1489 657 ablegavit
1548 577 1851 657 Pothinum
1864 579 2126 657 “episco—

486 645 1181 731 pumisancti‘Polvcarpi
1222 650 1792 731 dhiscipulum..Anno
1829 645 1926 703 167
1958 650 2125 731 Vien-

488 721 764 788 hensibus
794 725 966 782 infert
992 721 1217 779 beatum
1239 722 1503 777 Severum
1531 721 1860 790 episcopum
1891 738 1902 769 :
1935 721 2036 788 qui
2060 732 2128 773 ex

486 801 719 857 Perside
735 804 967 853 vocatur
994 797 1060 849 ad
1078 793 1531 848 annuntiandum
1569 793 1625 846 in
1650 790 2131 859 GalliisEvange-

487 873 652 928 lium.
681 873 738 924 In
766 870 854 923 his
884 873 1071 922 autem
1103 863 1432 919 illustribus
1472 877 1581 932 qua
1606 861 1873 927 coloniis,
1904 874 2015 931 qua
2042 861 2131 915 le—

529 946 723 998 ionum
744 939 1005 994 hibernis
1024 936 1253 1003 castris,
1282 949 1409 1003 quae
1442 933 1777 1001 metrOpoles
1798 934 2131 1001 plerumque

517 1004 724 1071 uerunt
746 1009 1191 1079 provinciarum,
1226 1012 1326 1060 aut
1345 1004 1625 1079 emporia,
1653 1004 2130 1079 solebantRoma-

491 1086 551 1140 ni
580 1075 875 1154 pontiﬁces
890 1075 1241 1154 constituere
1263 1076 1717 1154 episeopos,‘qui
1748 1075 1954 1131 vicarii
1980 1088 2129 1144 quo—

488 1146 602 1226 que
622 1152 935 1226 apostolici
964 1150 1308 1226 auctoritate
1338 1146 1735 1226 pollerenikex
1755 1158 2128 1226 causa_q_uam

486 1214 688 1282 attulit
715 1222 1057 1279 Caelestinus
1087 1220 1307 1288 primus
1334 1214 1577 1285 epistola
1602 1214 1685 1281 13,
1723 1217 1872 1271 inter
1900 1216 2130 1288 Holste-

489 1297 694 1352 nianas
719 1309 750 1349 a
778 1287 1155 1348 Schelestrate
1176 1291 1313 1358 prod
1326 1288 1534 1358 uctain
1560 1288 1791 1342 dissert.
1819 1288 1889 1343 de
1914 1287 2133 1358 Auctio-

490 1368 588 1423 rit.
622 1363 1017 1441 patriarchali,
1047 1356 1508 1441 cap.'3,.p.ag..M
1545 1376 1573 1441 εΔ
1594 1378 1619 1409 α
1642 1359 1787 1412 Sunt
1806 1358 1988 1440 culpae
2013 1357 2132 1441 ali-

534 1426 721 1493 uanta:
753 1448 864 1489 non
897 1426 1064 1500 leves,
1099 1426 1388 1501 qum'illis
1422 1428 1629 1484 innatae
1671 1429 1983 1497 provinciis
2011 1426 2132 1497 (per

490 1453 804 1582 ﬁlyricum)
832 1505 1061 1582 adnos,
1093 1515 1223 1555 cum
1254 1501 1439 1582 simus
1469 1499 1720 1582 longius,
1756 1512 1866 1582 nou
1890 1505 2130 1582 possunt

492 1570 805 1649 pervenire,
837 1579 936 1649 aut
962 1575 1077 1641 jam
1108 1570 1782 1649 semotisomnibus,_non
1814 1571 1893 1649 ita
1913 1576 1975 1625 ut
1994 1575 2130 1625 sunt

488 1640 614 1705 acta
656 1640 995 1714 interposito
1026 1643 1300 1714 temporis
1326 1642 1511 1708 spatio
1545 1640 1912 1714 perferuntur
1938 1660 1950 1694 :
1986 1654 2129 1714 quas

489 1732 685 1775 omnes
705 1711 1242 1772 nos—intercessione
1262 1711 1479 1777 fratris,
1507 1725 1573 1767 ac
1595 1712 1917 1781 coepiscopi
1942 1712 2123 1766 nostri

2235 506 2600 575 episcopatus
2640 504 2828 559 sedem
2870 504 2929 558 in
2976 516 3038 557 ea
3083 503 3690 575 designaret,curare,
3726 510 3795 559 ut
3822 518 3887 558 ex

2239 572 2500 645 utrisque
2524 575 2790 629 ﬁduciam
2815 578 3038 642 caperet
3080 572 3238 645 parat
3253 588 3309 645 aa,
3323 572 3626 629 facilitatis
3645 589 3889 630 conser—

2240 644 2435 703 vanda:
2473 645 3034 711 communicationis,
3080 651 3137 699 et
3178 644 3514 700 obediemiaa
3556 647 3888 701 earumdem

2240 718 2622 778 Ecclesiarum
2663 724 2719 771 et
2768 717 2990 771 sedium
3047 728 3179 786 erga
3221 729 3572 771 communem
3625 716 3889 771 omnium

2244 795 2477 844 matrem
2509 790 2817 842 Romanam
2848 805 2861 840 :
2891 788 2970 841 ita
3003 794 3064 841 ut
3110 787 3511 841 inconcussum
3545 794 3807 842 maneret
3839 790 3889 842 in

2238 860 2508 915 discretis
2543 860 2714 914 etiam
2766 858 3164 923 temporalium
3227 858 3552 926 principum
3602 859 3889 913 Romano-

2241 945 2389 1000 rum,
2421 938 2476 985 et
2504 936 2826 985 exterorum
2854 928 3180 984 ditionibus
3206 929 3404 1000 Irenaei
3442 928 3673 984 axioma
3705 949 3719 984 :
3754 950 3785 981 α
3826 930 3891 983 Ut

2239 999 2466 1057 scilicet
2494 1002 2563 1056 ad
2607 1001 2752 1055 hanc
2781 1000 3086 1054 Romanam
3135 999 3441 1053 Ecclesiam
3480 1008 3715 1069 propter
3767 1003 3889 1070 ejus

2242 1072 2723 1142 principalitatem
2761 1077 3046 1142 Oporteret
3086 1086 3306 1142 omnem
3330 1071 3629 1142 Ecclesium
3659 1072 3736 1139 (et
3765 1086 3888 1127 con~

2240 1139 2542 1213 Sequenter
2568 1142 2750 1205 illam,
2784 1156 2885 1197 seu
2910 1141 3059 1209 illas,
3085 1154 3210 1211 quae
3233 1140 3313 1195 ibi
3339 1139 3745 1210 fundarentur)
3766 1159 3887 1196 con-

2238 1217 2439 1269 venire.
2465 1233 2491 1265 »
2526 1214 2849 1285 Mirandum
2888 1219 3183 1285 propterea
3214 1225 3324 1285 non
3351 1218 3456 1285 est,
3496 1213 3547 1267 si
3590 1214 3887 1285 Evangelii

2242 1286 2369 1341 luce
2406 1285 2598 1341 orbem
2641 1283 2976 1339 universum
3028 1283 3172 1339 satis
3214 1282 3477 1338 celeriter
3521 1282 3886 1353 pervadente,

2242 1370 2351 1411 non
2408 1362 2596 1412 tamen
2662 1356 2820 1409 illico
2888 1354 3253 1409 inveniantur
3320 1355 3479 1409 sedes
3529 1356 3888 1424 episcopales

2249 1427 2435 1496 primo
2472 1426 2681 1482 saeculo
2725 1426 2939 1495 ubique
2967 1427 3313 1480 constitutae.
3344 1424 3448 1479 Ubi
3478 1431 3889 1495 opportunitas

2240 1499 2374 1552 data
2402 1498 2656 1553 nondum
2700 1501 2823 1551 erat
2856 1502 3065 1551 certam
3097 1496 3283 1551 sedem
3324 1496 3694 1564 episcopatus
3738 1497 3891 1552 deli-

2239 1570 2429 1640 gendi,
2462 1569 2605 1623 hanc
2632 1567 2999 1640 disciplinam
3040 1567 3295 1640 viguisse
3320 1568 3632 1640 ordinandi
3671 1568 3888 1637 episco-

2244 1637 2376 1708 pum
2408 1637 2596 1711 gentis
2627 1638 2811 1706 illius,
2845 1638 3013 1706 cujus
3052 1637 3227 1693 saluti
3237 1637 3760 1763 ‘grospiciebatur,
3801 1652 3891 1695 no-

2244 1713 2380 1763 tavit
2409 1724 2477 1763 ex
2504 1710 2690 1763 Photii
2717 1708 3064 1763 bibliotheca
3086 1710 3213 1763 cod.
3309 1750 3324 1763 .
3347 1710 3790 1763 Thomassinus.
3822 1711 3889 1763 de

2239 1713 2380 1765 tavit
2409 1708 2477 1765 ex
2504 1710 2690 1765 Photii
2717 1708 3064 1764 bibliotheca
3086 1710 3213 1764 cod.
3237 1708 3324 1776 48,
3347 1710 3790 1776 Thomassinus,
3822 1711 3889 1765 de

487 1790 615 1845 Ruﬁ
658 1787 731 1872 (is
766 1792 887 1872 θιῖδι
931 1778 1916 1872 Thessaloaiae'eiaespissae),
1937 1786 2127 1872 Ειὲξιε
2158 1790 2210 1851 Β
2237 1782 2355 1872 Yei;
2379 1789 2435 1837 θι
2472 1778 3883 1872 ΞρῐιὲῖθὲἐχξέἓὲοξΒ¹ζξ¹ἓὲςεέ³ἓῖεἱιεηὶίΡιεἓ.ν,⁰ἓ,ιὲ·εἓ

488 1854 940 1930 experimentum
972 1855 1399 1930 comprobatum
1444 1866 1568 1930 esse
1612 1854 1671 1908 in
1708 1855 1901 1908 causis
1930 1854 2127 1930 o_mr_1i~_-

486 1924 616 1999 bus,
647 1936 704 1985 et
746 1930 876 1985 vita:
913 1926 1140 1982 actibus
1169 1926 1370 1995 liquet,
1403 1925 1667 1999 volumus
1691 1924 1991 1999 reservari.
2018 1924 2125 1999 cui

485 1996 669 2058 vicem
718 2006 969 2055 nostram
1020 2011 1117 2066 per
1166 2002 1406 2051 vestram
1449 1996 1798 2066 provinciam
1850 1996 2126 2051 noveritis

487 2086 610 2128 esse
635 2064 1035 2136 commissam,
1061 2069 1142 2123 ita
1172 2074 1236 2122 ut
1263 2066 1329 2121 ad
1363 2080 1493 2121 eum
1534 2064 1739 2121 fratres
1768 2066 2123 2135 charissimi,

484 2142 771 2213 quidquid
799 2142 868 2195 de
883 2139 1076 2213 causis
1103 2137 1620 2213 agitur,__referatur
1646 2156 1658 2197 ;
1688 2140 1812 2213 sine
1838 2137 1964 2213 ejus
1983 2150 2128 2191 con-

483 2208 621 2269 silio
642 2208 840 2266 nullus
860 2208 1198 2278 ordinetur;
1224 2208 1422 2263 nullus
1445 2214 1680 2276 usurpet
1700 2208 1893 2262 eodem
1919 2208 2128 2263 incon—

483 2284 605 2338 scio
625 2281 982 2336 commissam
1002 2280 1088 2334 illi
1126 2280 1473 2348 provinciam
1509 2297 1523 2345 ;
1560 2278 1829 2348 colligere
1861 2278 1973 2332 nisi
1996 2292 2125 2333 cum

483 2355 611 2420 ejus
636 2352 924 2407 voluntate
953 2352 1252 2419 episcopos
1296 2364 1406 2420 non
1450 2355 1751 2418 praesumat
1786 2367 1798 2403 :
1849 2363 1945 2417 per
1996 2364 2125 2404 eum

483 2419 655 2480 etiam
683 2423 750 2477 ad
788 2435 909 2485 nos,
937 2422 986 2474 si
1021 2421 1157 2489 quid
1190 2430 1290 2475 est.
1324 2419 1625 2475 referatur.
1662 2439 1688 2470 υ
1722 2422 1909 2488 Neque
1934 2421 1986 2475 id
2019 2421 2127 2489 pri-

483 2509 638 2550 mum
654 2493 994 2548 leestinus
1020 2491 1342 2554 constituit,
1366 2491 1459 2546 sed
1479 2497 1611 2546 ante
1641 2491 1830 2546 illium
1854 2493 2129 2546 Damasus

477 2567 595 2634 jam
631 2563 938 2634 perfecerat
967 2563 1133 2634 ea_de
1170 2575 1362 2634 causa.
1396 2575 1566 2631 quam
1596 2562 1743 2616 idem
1769 2563 2127 2634 Schelestra—

480 2630 603 2715 tius
628 2630 801 2715 refert
834 2647 959 2715 pag.
994 2630 1081 2698 49,
1114 2639 1176 2715 ut
1218 2632 1520 2715 obsisteret
1549 2633 1802 2715 episcopi
1904 2639 2122 2714 Instan—

480 2702 851 2774 tinopolitani
907 2702 1403 2771 usurpationibus,
1448 2708 1519 2774 et
1567 2704 1752 2757 Roma:
1793 2703 2006 2774 veteris
2054 2717 2120 2758 ea

477 2773 629 2833 esset
670 2774 1067 2844 praerogativa,
1099 2785 1225 2844 quae
1254 2786 1322 2844 ex
1373 2773 1560 2844 prisca
1588 2773 1902 2844 apostolica
1930 2774 2120 2828 disci-

479 2847 640 2917 plina
663 2842 749 2917 (ut
770 2842 979 2917 verbis
999 2842 1554 2917 Theodosiinprobat
1580 2843 2041 2917 Schelestratius
2057 2845 2115 2899 in

478 2912 632 2973 notis
658 2912 728 2971 ad
758 2913 1014 2983 Leonem)
1044 2926 1264 2981 semper
1287 2912 1491 2976 eﬁecit,
1537 2920 1599 2968 ut
1628 2914 1898 2970 omnibus
1921 2915 2117 2971 Eccle—

475 2988 585 3043 siis
617 2991 914 3057 praeesset,
932 3004 958 3036 α
990 2990 1286 3057 ιιῐᾳᾳᾳρθι·
1313 2984 1414 3039 hos
1443 2983 1863 3053 provinciarum
1886 2987 2117 3055 episco-

476 3072 579 3128 pos
603 3054 661 3112 i‘n
697 3054 1010 3128 maioribus
1033 3054 1275 3128 urbibus
1294 3056 1642 3128 constitutos
1659 3056 1727 3111 ad
1755 3057 1905 3128 Petri
1928 3054 2117 3112 Sedem

475 3125 750 3217 universa
753 3125 1107 3217 lis‘l‘ice‘lesize
1117 3138 1261 3217 cura
1277 3126 1687 3217 conﬂueregft
1708 3126 1860 3217 uilli!
1879 3140 2114 3217 usquam
2148 3155 2196 3217 ρ

473 3212 508 3254 a
544 3213 651 3255 suo
693 3197 876 3265 capite
921 3196 1249 3259 dissideret,
1284 3214 1311 3245 »

475 3270 716 3352 magnus
744 3264 989 3352 afﬁrmat
1009 3264 1348 3352 epistolabfi
1372 3264 2119 3352 ad.ii‘nas_ta_sium"i‘hessa-

474 3337 845 3395 lonicensem.
886 3338 1028 3392 Vide
1076 3337 1466 3393 Schelestratii
1503 3337 1791 3394 laudatam
1835 3340 2118 3395 disserta-

470 3411 686 3465 tionem
718 3409 816 3465 ubi
858 3421 1054 3477 supra.

538 3483 651 3535 Has
698 3481 879 3550 igitur
916 3480 985 3535 ad
1019 3479 1275 3550 colonias
1307 3479 1585 3545 illustres,
1625 3486 1728 3535 aut
1777 3481 2118 3550 metropoles

471 3549 920 3622 provinciarum,
976 3549 1060 3622 vel
1108 3550 1385 3622 emporia,
1434 3556 1489 3605 et
1537 3551 1749 3622 oppida
1801 3549 2118 3607 constituta

468 3620 643 3693 prope
671 3628 858 3693 castra
888 3620 1093 3693 stativa
1144 3620 1452 3690 legionum,
1499 3627 1556 3676 et
1596 3621 1804 3675 civium
1846 3624 2119 3678 Romano-

466 3690 613 3749 rum.
649 3694 782 3747 licet
825 3690 1014 3745 facilis
1053 3698 1201 3745 esset
1225 3705 1487 3746 accessus
1533 3694 1887 3759 praeconibus
1930 3694 2118 3748 Evan-

539 3764 604 3818 lii
630 3763 771 3817 illuc
790 3763 1049 3826 directis,
1081 3774 1189 3833 non
1210 3768 1413 3833 tamem
1440 3762 1651 3817 eisdem
1672 3763 2117 3833 assignabantur

492 3832 810 3888 'acilesedes
828 3832 1201 3898 episcopales,
1226 3832 1337 3885 nisi
1365 3846 1431 3887 co
1444 3839 1653 3887 nstaret
1671 3834 1742 3887 de
1754 3832 2117 3890 ordinatione

473 3904 782 3972 provinciae
802 3902 1158 3973 temporibus
1187 3903 1265 3955 ita
1295 3904 1528 3969 pacatis.
1566 3909 1629 3957 ut
1653 3905 1891 3959 mutatio
1928 3919 2118 3973 repen-

468 3970 592 4028 tina
624 3971 815 4026 timeri
865 3970 1095 4043 minime
1143 3979 1350 4039 posset,
1396 3987 1524 4043 quae
1552 3979 1766 4028 statum
1808 3970 2116 4042 proviuciaa

469 4043 839 4099 subverteret.
867 4040 1051 4109 Quare
1085 4042 1142 4096 in
1176 4040 1499 4110 provincias
1527 4044 1777 4098 nondum
1811 4040 2022 4101 liberas
2043 4047 2114 4101 ab

470 4110 1233 4187 excursibusbarbarorum,
1267 4121 1368 4168 aut
1389 4113 1790 4187 abrintestinis
1824 4116 2115 4187 indigena—

475 4196 602 4238 rum
666 4182 943 4254 motibus,
1003 4188 1134 4254 ante
1204 4191 1395 4250 pacata
1454 4185 1691 4239 Adriani
1756 4182 2007 4254 tempora
2057 4194 2113 4242 et

468 4252 909 4318 Antoninorum,
933 4251 1186 4322 episcopi
1213 4267 1358 4322 saepe
1374 4254 1743 4309 mittebantur
1764 4251 2110 4313 vicariorum

472 4323 921 4392 apostolicorum
972 4335 1125 4377 more
1163 4325 1232 4378 ad
1279 4337 1401 4377 eam
1449 4324 1732 4379 nationem
1782 4327 2010 4393 directi,
2052 4329 2110 4383 in

473 4408 587 4466 qua
614 4397 845 4466 possent
871 4406 1173 4448 excurrere
1197 4407 1540 4466 quocunque
1565 4396 2113 4466 necessitasadvoca-

472 4463 575 4522 ret.
624 4463 735 4537 Ubi
793 4469 981 4537 autem
1034 4476 1135 4537 pax
1181 4464 1436 4537 regionis
1491 4464 1791 4522 videbatur
1836 4471 2114 4537 spondere

1358 3197 1854 3267 quemadmodum,
1906 3209 1963 3252 et
2009 3200 2116 3253 Leo

2238 1865 2293 1906 n.
2318 1852 2383 1907 8:
2418 1872 2444 1905 α
2476 1851 2686 1918 Refert,
2713 1851 2926 1921 inquit,
2949 1851 3007 1904 in
3024 1850 3375 1906 Bibliotheca
3398 1851 3885 1917 Photius,Caium

2235 1923 2640 1980 doctissimum
2662 1922 3173 1990 clarissimumque
3189 1922 3453 1977 Romana:
3478 1922 3751 1977 Ecclesia
3774 1938 3887 1990 pre-

2236 1993 2546 2065 sbyterum,
2574 1993 2944 2063 pontiﬁcibus
2963 1991 3187 2048 Victore
3215 1992 3617 2065 etZepbyrino,
3643 1996 3886 2065 gentium

2237 2062 2923 2135 episcopum,iordinatum
2965 2078 3094 2127 esse,
3136 2062 3540 2134 χειροτονηθῆναι
3582 2062 3740 2117 ἐθνῶν
3781 2062 3886 2116 ἐεί-

2237 2134 2418 2189 mm
2447 2156 2459 2190 :
2489 2142 2545 2190 et
2561 2135 2738 2191 veluti
2773 2148 2957 2205 regem
2978 2134 3301 2202 inunctum,
3323 2141 3379 2190 et
3403 2143 3748 2190 coronatum
3765 2150 3887 2191 esse

2235 2207 2287 2261 ei
2320 2221 2514 2277 regno,
2557 2208 2709 2277 quod
2754 2207 2810 2277 vi
2848 2212 2903 2260 et
2945 2205 3190 2260 consilio
3220 2212 3370 2261 esset
3410 2206 3761 2274 adepturus.
3814 2208 3885 2261 Eo

2236 2278 2352 2333 fere
2396 2276 2900 2345 modo’pontiﬁces
2936 2277 3169 2331 Romani
3202 2290 3607 2332 consecravere
3655 2279 3886 2345 episco—

2237 2362 2438 2418 porum
2467 2355 2681 2418 partem
2715 2348 2881 2418 longe
2915 2350 3235 2412 maximam,
3268 2362 3412 2417 quos
3434 2348 3650 2403 deinde
3680 2349 3887 2404 immit-

2239 2427 2422 2475 terent
2463 2420 2531 2474 ad
2577 2418 2966 2485 debellandas,
3014 2418 3263 2487 ﬁdeique
3298 2419 3438 2489 jugo
3486 2420 3884 2488 subjiciendas

2241 2491 2564 2559 provincias
2593 2490 2743 2555 illas,
2769 2503 2912 2559 quas
2932 2490 2990 2545 in
3015 2489 3260 2559 epistola
3280 2503 3386 2545 sua
3401 2498 3713 2546 enumerat
3734 2493 3885 2546 Iuno

2234 2562 2460 2617 centius
2484 2562 2725 2630 primus.
2769 2579 2795 2609 »

2303 2632 2502 2687 Obiter
2556 2632 2651 2686 hic
2691 2630 2996 2699 adnotabo,
3047 2631 3179 2686 data
3221 2631 3521 2686 occasione
3575 2647 3886 2689 consecra-

2232 2704 2413 2758 tionis
2444 2703 2619 2772 bujus
2646 2702 2884 2758 Romani
2917 2701 3231 2771 presbyteri
3260 2704 3412 2757 circa
3436 2704 3610 2759 ﬁnem
3644 2706 3881 2760 secundi

2227 2774 2422 2830 seaculi
2457 2774 2516 2828 in
2547 2774 2878 2842 episcOpum
2913 2772 3143 2827 illarum
3171 2778 3450 2844 gentium,
3475 2789 3629 2843 quas
3654 2776 3881 2831 Christo

2225 2853 2349 2901 erat
2403 2845 2822 2914 acquisiturus,
2884 2857 2996 2899 non
3051 2856 3174 2899 esse
3230 2858 3334 2899 cur
3392 2854 3702 2901 aversetur
3756 2849 3882 2903 adeo

2225 2916 2438 2972 acriter
2473 2916 2681 2985 Pagius
2701 2916 3003 2984 episcopos
3027 2915 3365 2983 adjutoresa
3382 2915 3553 2970 nobis
3574 2931 3694 2973 non
3721 2918 3879 2973 semel

2225 2987 2510 3043 admissos
2528 2987 2586 3040 in
2620 2988 2720 3041 hac
2743 2986 2989 3040 historia
3008 2985 3323 3054 pontiﬁcali
3349 2987 3660 3056 prioribus
3693 2990 3882 3045 Eccle-

2226 3060 2328 3113 siae
2349 3058 2597 3121 saaculis,
2632 3071 2775 3126 quos
2795 3057 3005 3112 deinde
3022 3058 3331 3125 contigerit
3353 3057 3420 3112 ad
3451 3062 3879 3116 successionem

2225 3128 2553 3201 apostolica:
2583 3128 3006 3201 sedisRomani
3051 3127 3191 3182 cleri
3243 3126 3540 3201 suﬁ‘ragiis
3582 3131 3740 3200 eligi
3773 3139 3881 3201 post

2227 3199 2447 3255 obitum
2475 3199 2795 3253 decessoris
2824 3213 2990 3270 ;cum
3027 3199 3567 3267 praeterexemplum
3602 3199 3881 3270 apestolo-

2232 3285 2358 3325 rum
2394 3270 2677 3338 principis
2724 3270 2805 3324 ita
2843 3269 3171 3340 ordinantis
3209 3270 3437 3336 Linum,
3469 3269 3730 3340 Cletuin,
3763 3273 3880 3327 Cle—

2230 3348 2491 3405 mentem,
2524 3343 2697 3394 etiam
2731 3341 2789 3394 in
2828 3339 2936 3396 ﬁne
2967 3339 3203 3395 secundi
3230 3340 3426 3395 saeculi
3462 3342 3648 3398 Caius
3671 3339 3745 3399 ex
3778 3345 3881 3399 Ro—

2232 3425 2397 3466 mano
2448 3411 2775 3481 presbytero
2805 3412 3111 3480 episcopus
3131 3413 3386 3481 gentium
3421 3413 3742 3470 ordinatus
3772 3428 3880 3470 esse

2233 3483 2485 3549 dicatur,
2540 3481 2913 3555 pontiﬁcibus
2942 3482 3165 3555 Victore
3199 3482 3635 3555 echepbyrino,
3688 3499 3879 3555 nempe

2228 3560 2523 3624 promotus
2563 3554 2639 3624 ad
2681 3560 3071 3621 episcopatum
3107 3553 3167 3608 in
3211 3552 3407 3624 aliqua
3438 3556 3683 3612 natione
3718 3552 3879 3612 exer-

2226 3623 2469 3679 cendum
2517 3623 2724 3677 vicarii
2763 3624 3067 3692 apostolici
3117 3623 3482 3692 auctoritate,
3524 3640 3783 3695 cumque
3826 3628 3872 3681 in

2227 3695 2372 3767 Urbe
2402 3695 2916 3767 retentum,udonec
2946 3695 3181 3767 daretur
3200 3697 3615 3765 Opportunitas
3639 3699 3872 3767 eapedi—

2229 3766 2424 3820 tionis.
2485 3765 2604 3835 Non
2656 3765 2826 3819 aliter
2878 3765 3192 3835 contigisse
3247 3768 3473 3833 Opinor,
3530 3782 3669 3823 cum
3723 3765 3868 3823 hunc

2225 3836 2413 3905 ipsum
2444 3834 2858 3899 Eleutherium,
2882 3834 3199 3903 cujus’vitae
3217 3843 3610 3903 notasattexo,
3639 3840 3868 3894 ordina—

2226 3912 2346 3961 tum
2390 3906 2723 3974 episcopum
2758 3908 3188 3976 recognovimus
3228 3921 3296 3963 ex
3325 3909 3541 3976 epocha
3579 3910 3667 3964 illi
3702 3912 3869 3963 attri-

2228 3978 2362 4032 buta
2401 3976 2704 4049 mensibus
2744 3976 3070 4049 quindecim
3120 3986 3421 4049 antequam
3453 3980 3620 4034 Soter
3664 3980 3871 4035 obiret.

2224 4048 2448 4102 Pacatis
2489 4047 2656 4121 euim‘
2676 4047 3029 4121 temporibus
3056 4047 3478 4121 Antoninorum
3509 4065 3643 4105 cum
3668 4052 3868 4121 acqui-

2225 4123 2486 4172 rerentur
2526 4118 2755 4189 Christo
2808 4120 3064 4189 regiones
3106 4121 3375 4175 Romanis
3418 4119 3730 4189 ftederatie,
3756 4118 3867 4176 'ant

2225 4188 2506 4263 ﬁnitimae,
2552 4186 2820 4263 frequens
2858 4186 3083 4263 occasio
3113 4203 3235 4263 sese
3274 4190 3545 4246 offerebat
3576 4186 3865 4263 episcopos

2221 4272 2289 4314 ex
2325 4259 2469 4314 Urbe
2510 4259 2771 4332 mittendi
2807 4261 2875 4315 ad
2904 4266 3114 4332 gentes
3152 4262 3285 4316 illas
3321 4259 3693 4318 erudiendas.
3722 4259 3867 4332 Quos

2222 4337 2413 4402 autem
2465 4330 2780 4398 apostolico
2841 4330 3163 4387 ministerio
3230 4333 3533 4402 deputaret
3586 4330 3864 4388 Romanus

2226 4399 2477 4475 pontifex
2498 4413 2725 4470 aequum
2747 4404 3269 4475 eratexperimento
3291 4399 3597 4475 regiminis
3611 4405 3865 4475 aliquan-

2223 4472 2327 4526 diu
2363 4478 2602 4539 tentare,
2624 4476 2690 4543 et
2719 4473 3001 4542 tyrocinio
3040 4474 3286 4543 quodam
3329 4472 3592 4530 exercere
3633 4477 3689 4530 in
3716 4472 3861 4530 “mu-

472 4535 799 4615 durabilem
812 4535 2115 4615 praviuciieconstitutionemLetOpportunitas
2147 4543 2201 4603 D
2226 4555 2358 4597 nere
2393 4535 2684 4610 pastorali.
2710 4535 2768 4597 Id
2800 4555 2935 4597 vero
2953 4535 3210 4615 prae-stari
3240 4544 3496 4615 facilius,
3522 4559 3590 4600 ac
3609 4548 3861 4602 securius

475 4608 712 4680 daretur
744 4605 896 4680 ultro
937 4606 1201 4680 citroque
1230 4607 1580 4680 commeandi
1619 4605 1845 4664 Romam
1877 4623 1944 4665 ex
1978 4625 2115 4680 pro—

475 4678 689 4743 vincia,
719 4682 776 4731 et
790 4676 858 4731 ad
891 4676 1238 4747 provinciam
1265 4690 1332 4731 ex
1364 4676 1529 4738 Urbe,
1551 4682 1611 4731 et
1627 4681 1777 4747 quod
1814 4680 1944 4735 inde
1970 4676 2116 4737 con—

475 4747 822 4817 sequebatur
847 4745 1173 4802 conferendi
1212 4747 1282 4801 de
1303 4752 1455 4802 statu
1481 4745 1709 4804 illara‘m
1736 4751 2113 4807 Ecclesiarum

475 4832 607 4891 cum
631 4820 880 4891 Romauo
899 4816 1166 4891 pontiﬁce
1193 4836 1205 4869 :
1244 4817 1328 4891 ibi
1354 4819 1653 4887 episc0pos
1676 4821 1959 4877 Romanus
1985 4837 2115 4891 pon-

478 4887 620 4945 tifex
651 4886 1054 4952 constituebat,
1107 4893 1169 4942 ut
1212 4888 1365 4943 sedis
1396 4886 1573 4943 certas
1620 4902 1685 4944 ac
1728 4886 2115 4948 successionis

477 4960 681 5016 ordine
726 4960 782 5029 in
826 4958 1093 5025 coloniis,
1129 4959 1559 5027 metropolibus.
1590 4963 1866 5029 emporiis
1891 4977 2117 5019 concre-

475 5031 664 5087 ditum
690 5028 803 5083 sibi
835 5029 1407 5100 populumregerent,
1438 5044 1503 5084 ac
1532 5028 1816 5086 docerent.
1836 5032 2115 5100 Quocirca

478 5101 889 5172 Innocentiusl
917 5099 1161 5172 epistola
1185 5099 1367 5168 prima
1393 5101 1463 5155 ad
1494 5101 1818 5157 Decentium
1845 5099 1941 5172 per
1958 5104 2115 5161 Occi-

475 5169 1025 5241 dentalemimperii
1060 5176 1303 5224 tractum
1346 5172 1606 5241 regiones
1640 5169 1977 5230 enumerans
2015 5177 2116 5231 Ro-

482 5244 666 5297 manis
698 5239 979 5306 subdltas,
1018 5248 1201 5295 ratum
1245 5241 1300 5296 id
1340 5249 1393 5295 et
1416 5239 1790 5297 manifestum
1840 5248 2109 5302 asseruit.

475 5333 513 5384 (ε
550 5313 689 5384 Cum
736 5312 815 5384 sit
848 5309 1500 5384 manifestum,inquit,_
1525 5312 1837 5384 inomnem
1868 5317 2108 5384 Italiam,

472 5381 713 5457 Gallias,
757 5381 1076 5457 Hispanias,
1133 5381 1401 5457 Africam,
1450 5382 1727 5457 Siciliam,
1778 5381 2113 5457 insulasque

472 5452 890 5530 iuterjacentes,
909 5452 1125 5506 nullum
1145 5453 1443 5530 humilium
1466 5455 1790 5530 instituisse
1807 5452 2109 5530 Ecclesias,

477 5524 591 5576 nisi
622 5538 739 5581 eos.
772 5536 916 5591 quos
938 5523 1280 5595 venerabilis
1314 5527 1508 5579 Petrus
1532 5528 1843 5592 apostolus.
1870 5523 2113 5595 autejus

474 5606 832 5666 successores
884 5594 1313 5666 constituerunt
1360 5596 1698 5666 sacerdotes.
1756 5615 1782 5647 ››
1846 5594 2023 5666 Quod
2060 5602 2109 5657 si

470 5672 667 5739 ructus
701 5665 957 5739 regionis
991 5665 1317 5733 evangelica
1344 5664 1616 5739 doctrina
1645 5664 1966 5739 excolendae
1992 5685 2112 5739 par-

462 5734 596 5793 ttim
626 5733 897 5787 Romanis
935 5740 1172 5804 pareret,
1221 5735 1422 5804 partim
1447 5736 1674 5797 amicis,
1696 5746 1795 5793 aut
1824 5733 2115 5797 fmderatis

468 5807 860 5865 Romanorum
906 5802 1160 5870 regibus,
1200 5802 1302 5861 aut
1347 5805 1575 5875 populis
1616 5825 1636 5872 ;
1679 5809 2000 5876 pertinebat
2039 5815 2110 5870 ad

2228 4626 2337 4688 non
2389 4618 2651 4688 po_ter_at,_
2680 4626 2850 4681 quam
2888 4613 3219 4688 adhibendo
3262 4613 3606 4688 candidatos
3641 4631 3862 4688 evange-

2223 4682 2350 4756 licae
2391 4683 2689 4756 missionis
2725 4696 2823 4751 per
2848 4683 3075 4756 aliquot
3102 4699 3320 4741 menses
3350 4687 3417 4741 ad
3453 4690 3686 4744 vicaria
3709 4682 3861 4756 potve—

2222 4755 2391 4809 statis
2429 4752 2613 4827 oﬁicia
2650 4752 3000 4823 episcopalia
3052 4757 3110 4810 in
3150 4757 3297 4811 Urbe
3339 4761 3674 4815 exercenda.
3709 4752 3859 4827 Quo—

2222 4826 2378 4880 circa
2421 4824 2629 4879 mirum
2671 4838 2782 4879 non
2827 4831 2931 4894 est,
2969 4827 3020 4880 si
3054 4833 3286 4882 vacante
3320 4828 3551 4884 interim
3586 4824 3867 4893 sedeJali-

2224 4896 2452 4970 quando
2478 4895 2807 4970 contigerit.
2838 4895 3128 4970 utaliquis
3148 4899 3453 4968 episcopus
3473 4902 3551 4955 ita
3576 4907 3864 4970 promotus

2226 4978 2336 5041 non
2375 4965 2443 5020 ad
2492 4967 2929 5041 sedemcertam
2965 4965 3361 5041 implendam,
3401 4972 3499 5027 sed
3541 4965 3611 5026 ad
3649 4978 3861 5041 gentem

2222 5037 2476 5106 aliquam
2507 5036 2709 5091 vicarii
2760 5038 3060 5106 apostolici
3110 5053 3262 5094 more
3297 5041 3366 5096 ad
3415 5042 3579 5097 ﬁdem
3615 5036 3871 5097 ferman-

2222 5107 2593 5181 dam,_eoque
2639 5108 2868 5162 nomine
2900 5109 3191 5181 exercitus
3222 5110 3421 5181 aliquo
3475 5114 3769 5168 mensibus
3808 5114 3867 5165 in

2223 5178 2440 5231 vicario
2466 5190 2697 5231 munere
2717 5178 3073 5252 apostolatus
3110 5182 3258 5249 apud
3280 5178 3598 5238 Romanum
3632 5181 3869 5252 pontiﬁ-

2222 5261 2361 5320 cem,
2410 5256 2636 5315 repente
2665 5248 3060 5320 sublegeretur
3086 5248 3382 5307 successor
3423 5266 3456 5308 a
3485 5248 3671 5319 Clero,
3703 5254 3869 5308 iilius

2222 5319 2485 5391 virtutes,
2523 5319 2967 5391 etprudentiam
3007 5328 3245 5391 experto
3273 5323 3382 5378 sub
3407 5324 3727 5381 decessore.
3759 5326 3871 5377 Nec

2222 5390 2539 5463 video,_cur
2565 5390 2626 5443 V.
2649 5390 2708 5443 C.
2746 5391 2968 5460 Pagius,
2996 5390 3116 5447 tum
3144 5394 3212 5448 ad
3241 5407 3453 5449 annum
3483 5394 3575 5463 9i,
3602 5410 3757 5451 num.
3780 5391 3873 5452 Π.

2226 5469 2344 5515 tum
2387 5458 2552 5529 alibi,
2595 5466 2652 5514 et
2682 5458 2996 5528 priesertim
3027 5464 3096 5518 ad
3124 5478 3335 5520 annum
3365 5462 3491 5533 249,
3520 5458 3663 5522 adeo
3684 5466 3871 5521 conﬁ-

2221 5533 2420 5606 denter
2462 5532 2811 5606 pronuntiet,
2863 5534 3177 5606 vicariatus
3221 5532 3549 5604 hujusmOdi
3609 5550 3707 5606 per
3757 5538 3875 5591 tria

2224 5604 2414 5671 priora
2429 5603 2636 5657 saecula
2648 5616 2771 5657 esse
2796 5603 3373 5672 supposititios;wm
3391 5603 3873 5663 admittatexem-

2224 5675 2379 5742 plum
2422 5675 2809 5740 apostolorum
2869 5675 3149 5743 principis
3189 5683 3304 5732 tres
3338 5678 3453 5732 sibi
3503 5680 3754 5735 vicarius
3810 5682 3879 5736 in

2223 5744 2367 5799 Urbe
2392 5743 2764 5820 sublegentis;
2795 5754 2851 5800 et
2870 5747 3274 5820 consulatuum
3307 5749 3456 5804 ratio
3477 5759 3749 5807 accurate
3769 5765 3885 5820 per

2223 5827 2326 5869 nos
2368 5825 2613 5882 expensa
2665 5815 2722 5871 id
2783 5817 3082 5886 perspicue
3117 5819 3468 5875 demonstret
3523 5834 3641 5877 non
3693 5815 3887 5882 semel
