4070 6178
168 328 303 385 4261

989 331 1307 388 HISTORIA
1337 334 1425 387 DE
1458 331 1628 387 VITIS
1658 331 1823 385 ROM.
1857 330 2051 385 PONT.
2088 360 2153 368 —-
2179 331 2240 385 S.
2282 330 2773 385 ELEUTHERIUS.

3432 331 3455 387 ’1
3465 331 3572 389 262

160 450 581 524 admittendum
610 458 723 506 tam
752 452 963 509 saeculo
992 455 1241 510 secundo
1271 466 1440 524 quam
1473 453 1664 508 tertio.
1696 453 1807 507 Ve-
1836 454 1895 515 A
1919 449 2129 524 herniae
2172 450 2452 524 regulum,
2483 449 2597 524 qui
2616 449 2901 524 seditione
2932 452 3243 524 domestica
3283 456 3564 523 expulsus

167 535 294 576 rum
325 522 395 577 de
423 523 658 577 vicariis
688 525 852 579 satis.

234 610 339 665 His
365 610 548 684 igitur
569 612 881 684 generatim
907 613 1291 683 praecognitis.
1326 627 1451 684 quae
1476 613 1545 668 ad
1576 612 1809 682 episco—

162 687 331 754 patus
384 682 727 754 fundandos,
780 689 838 739 et
887 682 956 739 ad
1015 682 1359 754 provincias
1385 685 1807 740 ecclesiasticas

159 752 514 824 ordinandas
550 754 734 821 primo
775 766 840 809 ac
883 752 1134 811 secundo
1176 755 1387 811 smculo
1424 755 1802 824 pertinebant,

162 823 314 877 unde
343 823 487 897 satis
510 831 735 897 constat
762 838 794 879 a
824 826 1212 893 publicatione
1242 823 1534 897 Evangelii
1566 840 1662 896 per
1686 825 1806 880 ali-

158 899 311 966 quot
335 896 661 966 provincias
693 896 973 952 Romanas
1002 899 1253 954 nondum
1300 896 1528 966 pacatas
1557 904 1658 952 aut
1687 897 1806 953 Ro—

158 964 669 1037 manisgﬁnitimas,
695 979 810 1037 non
835 980 958 1023 esse
982 969 1259 1023 continuo
1284 964 1643 1024 subsecutum
1673 970 1806 1037 epi—

156 1034 480 1108 scopalium
520 1036 746 1092 sedium
787 1035 1226 1108 fundationem;
1260 1040 1677 1108 procedendum
1710 1034 1805 1094 ‘est

154 1106 227 1188 ad
261 1106 552 1188 origin-em.
570 1108 794 1188 sedium
812 1106 1241 1188 episcopalium
1260 1106 1642 1188 vetustiorum
1669 1110 1804 1188 Bri-

156 1177 414 1251 t_annic_is
445 1177 507 1231 in
540 1178 753 1234 insulis
793 1177 1182 1251 detegendum,
1216 1187 1316 1236 aut
1354 1188 1505 1236 certe
1548 1182 1615 1236 ad
1681 1182 1807 1249 ejus

154 1246 427 1322 Ecclesia:
479 1254 689 1322 statum
734 1246 973 1322 propiu's
1015 1246 1530 1322 recognoscendum
1567 1265 1629 1305 ex
1675 1246 1805 1305 ﬁdei

151 1317 501 1392 Christianae
542 1317 879 1392 primordiis
904 1322 969 1392 in
1008 1317 1318 1377 Occidente
1345 1324 1414 1377 ad
1461 1322 1802 1392 legationem

156 1389 323 1462 gucii
342 1390 504 1462 regis
528 1390 596 1445 ad
629 1404 826 1460 papam
852 1391 1245 1447 Eleutherium
1274 1412 1286 1448 :
1322 1406 1436 1462 quo
1465 1389 1806 1460 ex'tempore

151 1459 552 1531 Tertullianus
600 1459 808 1530 paucos
853 1468 980 1531 post
1021 1476 1203 1519 annos
1244 1459 1379 1519 dum
1424 1464 1703 1518 scriberet
1744 1463 1801 1517 in

155 1528 614 1603 librogadversus‘
634 1528 879 1600 Judaaos,
912 1546 1165 1589 asserere
1198 1535 1404 1603 potuit,
1436 1554 1462 1584 α
1492 1535 1802 1588 Britanno-

156 1615 288 1673 rum
325 1601 612 1658 inaccessa
642 1604 913 1658 Romanis
944 1602 1065 1659 loca
1095 1601 1219 1659 esse
1242 1604 1471 1660 Christo
1508 1605 1625 1673 jam
1657 1604 1802 1660 sub—

154 1672 305 1740 dita,
339 1674 817 1744 quemadmodum
845 1680 901 1729 et
930 1675 1337 1744 Hispaniarum
1368 1672 1565 1730 omnes
1595 1676 1803 1730 termi-

157 1755 298 1814 nos,
334 1749 393 1798 et
439 1743 759 1800 Galliarum
810 1746 1068 1801 diversas
1119 1746 1401 1801 nationes.
1455 1764 1480 1795 ››
1528 1746 1700 1814 Quin,
1747 1749 1803 1800 et

1918 519 2257 591 confugerat
2270 522 2355 595 ad
2373 519 2732 595 Agricolam,
2746 519 2928 595 fuisse
2954 523 3184 591 quidem
3216 519 3459 595 benigne
3489 541 3566 581 re-

1918 599 2164 660 ceptum,
2188 593 2283 647 sed
2308 592 2541 647 obtentu
2563 592 2840 646 amicitiae
2860 592 2930 646 ab
2952 606 3017 647 eo
3042 601 3320 649 retentum
3346 592 3403 650 i'n
3430 597 3563 652 belli

1921 662 2298 732 occasionem)
2331 665 2522 717 minus
2551 670 2875 731 opportuna
2905 664 3028 718 visa
3057 671 3195 719 sunt
3222 666 3567 733 pnesulibus

1920 734 2273 802 apostolicis,
2300 747 2469 805 quam
2491 741 2552 788 ut
2572 735 2745 788 certis
2765 734 3000 789 sedibus
3019 735 3338 805 designatis
3354 739 3567 805 episco-

1920 805 2074 874 pales
2102 805 2385 859 cathedrie
2418 804 2630 859 ibidem
2672 806 3052 874 erigerentur,
3086 804 3205 861 tum
3252 808 3308 861 in
3338 804 3562 863 ditione

1918 876 2190 948 Romanis
2218 876 2662 948 obtemperante,
2694 880 2813 948 tum
2850 877 2908 930 in
2938 877 3199 947 reliquis,
3237 893 3363 948 quae
3398 892 3566 947 pare—

1916 946 2055 1001 bant
2108 947 2361 1015 prapriis
2406 946 2662 1016 regibus.
2711 946 3037 1002 Constituta
3080 961 3212 1003 vero
3258 946 3565 1017 provincia

1920 1031 2019 1087 per
2057 1017 2397 1079 Adrianum,
2441 1017 2564 1086 qui.
2610 1016 2913 1085 Spartiano
2956 1024 3098 1073 teste
3147 1019 3205 1073 in
3249 1020 3373 1088 ejus
3416 1021 3564 1089 Vita,

1921 1109 1947 1140 «
1994 1091 2264 1143 conversis
2293 1090 2502 1154 egregio
2535 1103 2679 1140 more
2715 1089 2982 1142 militibus
3007 1090 3356 1143 Britanniam
3383 1094 3557 1159 petiit,

1918 1161 1978 1212 in
2003 1176 2113 1228 qua
2154 1161 2328 1213 multa
2358 1160 2612 1223 correccit,
2654 1174 2976 1227 murumque
2999 1176 3102 1228 per
3130 1159 3200 1214 80
3220 1162 3395 1214 millia
3419 1178 3563 1229 pas-

1917 1245 2078 1283 suum
2110 1233 2324 1299 primus
2364 1230 2542 1292 duxit,
2577 1232 2675 1297 qui
2710 1235 2973 1285 Romanos
3016 1231 3381 1299 barbarosque
3410 1233 3564 1285 divi—

1919 1301 2085 1363 deret,
2130 1306 2180 1353 et
2210 1302 2586 1353 Britannicum
2634 1303 2927 1353 exercitum
2959 1301 3019 1355 in
3059 1315 3124 1357 e0
3164 1302 3350 1357 limite
3378 1303 3566 1358 collo-
3604 1360 3609 1367 ,

1915 1373 2083 1434 cavit,
2112 1376 2174 1425 ut
2197 1372 2543 1426 numismata
2565 1373 2805 1440 antiqua
2826 1372 3238 1438 demonstrant,
3263 1379 3318 1427 et
3338 1374 3564 1428 classem

1912 1442 2293 1495 Britannicam
2335 1442 2631 1507 instruxit,
2664 1459 2690 1490 ι)
2720 1455 2889 1510 quam
2934 1443 3183 1511 produnt
3207 1450 3441 1498 vetustae
3481 1446 3565 1499 in-

1914 1514 2261 1584 scriptiones
2286 1531 2297 1573 ;
2322 1519 2458 1567 tetas
2483 1512 2864 1584 opportunior
2892 1513 3088 1568 illuxit
3108 1516 3174 1569 ad
3199 1514 3561 1584 cogitandam

1918 1583 2215 1654 dercertis
2280 1583 2513 1638 sedibus
2579 1583 2998 1651 episcoporum.
3070 1585 3307 1639 Adriani
3371 1600 3561 1654 pacem

1915 1653 2271 1709 stabiliorem
2306 1654 2559 1709 reddidit
2588 1655 2933 1719 Antoninus,
2972 1661 3268 1724 postquam
3296 1653 3565 1712 subortos

1915 1724 1974 1778 in
2000 1724 2295 1780 Britannia
2321 1732 2506 1779 motus
2524 1725 2878 1792 compescuit
2903 1739 2999 1793 per
3022 1726 3264 1780 Lollium
3291 1727 3558 1784 Urbicuin

152 1794 421 1886 namus
443 1794 1066 1886 εῖιῖιῖίξὶιᾙῖηιῐιὶάέἰῖιῐεῖ
1093 1794 1496 1872 amarante
1533 1794 1804 1871 arare;
1836 1824 1887 1883 Β
1912 1794 2904 1886 cessassem:eaeaeae
2933 1796 3557 1886 ceraticasus

153 1884 619 1957 tullianiscripta
639 1886 698 1941 in
723 1884 958 1957 Dialogo
978 1888 1251 1942 adversus
1270 1887 1625 1957 Tryphonem
1642 1888 1806 1942 indu-

154 1903 619 1953 tuiuaniscripta
639 1903 698 1941 in
723 1903 958 2010 maiolgo
978 1903 1251 1942 adversus
1278 1903 1803 1957 1'rypnoneminuu-

151 1956 317 2036 citur
349 1955 439 2036 ita
480 1956 722 2036 loquens
753 1976 766 2011 :
804 1978 831 2036 ᾳ
926 1971 956 2012 e
996 1971 1196 2036 unum_
1222 1959 1454 2036 quidem
1492 1964 1580 2013 est
1627 1971 1803 2028 genus

151 2025 514 2098 mortalium,
546 2025 666 2082 sive
709 2028 1104 2096 barbarorum,
1149 2025 1269 2084 sive
1305 2025 1656 2098 Graecorum}
1703 2042 1803 2083 seu

147 2096 329 2170 etiam
358 2096 607 2153 aliorum
633 2100 911 2169 omnium,
936 2113 1278 2170 quocunque
1302 2096 1665 2170 appellentur
1694 2113 1805 2154 no—

150 2166 332 2226 mine.
363 2181 432 2222 ne
458 2182 655 2225 eorum
679 2166 931 2240 quidem,
956 2166 1059 2240 qui
1094 2166 1491 2240 pro—domibus
1522 2171 1801 2239 plaustris

147 2243 420 2305 utuntur,
448 2252 516 2295 ac
535 2241 802 2295 tentoriis
823 2249 1052 2312 agentes
1080 2244 1253 2296 vitam
1282 2242 1671 2311 pastoriciam,
1700 2243 1799 2296 in—

147 2315 235 2362 ter
258 2322 411 2390 quos
440 2324 537 2378 per
565 2325 766 2390 nomen
783 2312 1714 2390 cruciﬁxigesusupplicationes,
1742 2317 1798 2367 et

142 2383 470 2453 gratiarum
500 2383 754 2453 actiones
783 2383 956 2453 Patri,
984 2392 1039 2439 et
1064 2384 1416 2440 Fabricatori
1450 2397 1642 2439 rerum
1668 2396 1799 2439 om—

149 2450 322 2504 nium
355 2464 467 2507 non
500 2452 665 2508 ﬁant.

213 2538 402 2606 Quam
438 2546 629 2607 parata
657 2539 834 2597 fuerit
862 2544 1091 2598 occasio
1119 2541 1439 2611 perferendi
1466 2544 1534 2597 ad
1562 2543 1800 2596 Britan-

145 2623 252 2684 nos
281 2611 575 2680 Evangelii
608 2616 780 2667 etiam
814 2615 977 2669 Petro
1006 2615 1285 2683 apostolo,
1329 2615 1570 2684 ejusque
1610 2613 1801 2684 disci-

145 2682 333 2751 pulis,
392 2684 629 2753 exposui
691 2698 867 2753 supra
933 2686 993 2738 in
1047 2681 1211 2740 'notis
1268 2681 1371 2740 ad
1408 2681 1563 2740 nu'm.
1634 2681 1684 2749 l,
1744 2692 1801 2739 et

143 2750 214 2808 ad
264 2767 429 2809 num.
479 2750 552 2826 ιλ
587 2768 731 2826 cum
759 2750 1013 2824 legiones
1054 2756 1288 2826 integrae
1324 2756 1539 2810 civium
1589 2756 1801 2809 Roma-

145 2837 381 2896 norum,
438 2837 470 2878 a
524 2825 585 2879 C.
642 2825 923 2896 Caligula,
982 2833 1039 2881 et
1093 2825 1336 2881 Claudio
1393 2840 1461 2881 ex
1519 2826 1681 2895 Syria
1741 2826 1797 2880 in

139 2895 516 2951 Occidentem
567 2895 786 2964 accitae,
837 2904 892 2952 et
944 2897 1003 2951 in
1052 2898 1382 2952 Britannica
1432 2897 1799 2966 expeditione

144 2966 423 3038 pluribus
446 2967 615 3021 annis
637 2974 942 3036 occupatae,
972 2967 1169 3038 ibique
1199 2973 1427 3023 moratae
1457 2968 1565 3023 sub
1596 2968 1796 3035 Vespa-

142 3037 425 3105 siano,ac
445 3037 772 3093 Domitiano
800 3038 869 3093 ad
903 3037 1213 3094 terminum
1244 3039 1437 3093 saeculi
1476 3039 1645 3107 primi
1672 3052 1797 3092 term

139 3109 514 3176 Christianae,
551 3109 755 3164 nubem
789 3110 1021 3165 testium
1066 3110 1426 3165 adduxerant
1451 3123 1517 3164 ex
1554 3110 1800 3164 Palaesti-

147 3193 241 3245 na,
261 3186 319 3234 et
340 3179 504 3247 Syria
520 3185 807 3250 gestorum
827 3181 1043 3235 Christi
1066 3188 1122 3235 et
1142 3181 1553 3249 apostolorum,
1583 3180 1795 3250 quibus
1827 3175 1874 3237 C

140 3252 360 3305 eaedem
396 3250 648 3321 legiones
687 3257 744 3305 et
783 3252 1048 3306 cohortes
1093 3250 1474 3307 interfuerant
1504 3269 1519 3319 ς
1547 3258 1603 3304 et
1630 3264 1794 3321 com-

137 3321 345 3390 plures
369 3334 438 3375 ex
474 3322 548 3376 iis
576 3322 645 3376 ad
685 3322 850 3377 ﬁdem
880 3336 1219 3378 conversos:
1250 3322 1463 3392 quibus
1496 3320 1793 3392 presbyte-

136 3389 238 3447 ros
265 3392 497 3462 aliquot
518 3392 603 3446 vel
637 3394 811 3447 etiam
840 3394 1140 3463 episcopos
1180 3389 1420 3448 comites
1455 3389 1593 3447 dare
1624 3389 1793 3446 facile

136 3470 411 3531 poterant
444 3464 663 3531 Petrus,
702 3470 758 3519 et
797 3466 958 3520 Petro
993 3465 1238 3533 proximi
1271 3476 1646 3533 successores.
1682 3464 1793 3517 Nec

134 3543 333 3588 tamen
360 3533 710 3602 episcopales
729 3536 891 3589 sedes
918 3532 1003 3592 ita
1023 3536 1287 3590 celeriter
1314 3533 1581 3589 fundatas
1611 3532 1794 3588 fuisse

140 3616 242 3675 per
270 3604 523 3675 insulam
553 3605 936 3675 crediderim;
971 3613 1033 3661 ut
1059 3607 1127 3661 ad
1163 3607 1410 3675 primum
1434 3606 1651 3659 Christi
1679 3618 1796 3659 sae-

134 3674 342 3729 culum
384 3672 582 3729 referri
631 3676 870 3743 possint.
908 3672 1223 3732 Lubentius
1250 3676 1475 3732 credam
1511 3677 1663 3730 intra
1693 3689 1793 3731 se-

133 3746 400 3800 cundum
428 3746 840 3814 redemptionis
869 3748 1141 3803 saeculum
1177 3749 1394 3816 primos
1421 3747 1791 3816 episcopatus

139 3816 361 3888 ibidem
392 3818 760 3888 constitutos,
796 3819 1024 3888 quando
1057 3820 1367 3887 provincia:
1397 3827 1582 3873 status
1618 3831 1791 3882 paca-

137 3888 293 3941 tiora
324 3884 540 3941 ferebat
570 3884 839 3956 tempOra.
878 3890 1032 3943 Licet
1058 3884 1213 3944 enim
1243 3888 1523 3945 Claudius
1552 3889 1792 3956 impera-

137 3963 251 4025 tor,
282 3964 450 4025 capto
478 3972 604 4027 rege
626 3960 952 4027 Caractaco,
975 3967 1031 4015 et
1059 3961 1288 4014 Romam
1315 3960 1509 4027 ducto,
1542 3960 1789 4014 redacta-

134 4042 267 4100 que
299 4032 358 4081 in
408 4035 737 4100 potestatem
783 4031 979 4100 populi
1030 4031 1267 4085 Romani
1314 4030 1628 4099 provincia,
1677 4043 1787 4085 non

134 4098 329 4170 modo
362 4100 614 4170 eamdem
667 4098 1114 4170 frequentaverit
1162 4098 1412 4167 civibus,
1469 4101 1563 4155 sed
1614 4102 1785 4155 etiam

128 4168 427 4240 coloniam
460 4168 1189 4227 Romanamveteranorum
1214 4185 1278 4227 eo
1307 4172 1633 4240 deduxerit,
1666 4174 1788 4226 sci-

126 4238 278 4294 licet
304 4238 755 4295 Camaloduuum
781 4254 931 4296 anno
953 4242 1165 4297 Christi
1191 4241 1282 4311 50,
1308 4244 1368 4297 C.
1392 4238 1645 4297 Antistio
1676 4243 1789 4298 Ve-

126 4318 280 4365 tere.
317 4311 390 4363 Μ.
422 4311 633 4367 Suillio
668 4311 810 4367 Rufo
847 4326 1016 4380 coss.,
1054 4314 1362 4367 subsidium
1397 4314 1660 4367 adversus
1691 4329 1787 4367 rc-

123 4381 321 4445 belles,
357 4386 409 4433 et
438 4382 741 4453 imbuendis
772 4386 930 4453 sociis
951 4383 1025 4437 ad
1055 4386 1239 4453 ofﬁcia
1263 4385 1440 4451 legum
1466 4382 1548 4453 (ut
1568 4384 1651 4438 ait
1672 4384 1785 4439 Ta—

116 4452 295 4507 citus
338 4452 542 4506 Annal.
589 4466 693 4524 xii,
725 4467 849 4524 cap.
880 4452 969 4521 32)
999 4472 1014 4523 ;
1043 4462 1291 4510 attamen
1334 4452 1610 4510 decennio
1656 4463 1782 4522 post

118 4524 289 4577 Picto
333 4536 404 4576 ac
444 4523 781 4592 Turpiliano
824 4539 969 4581 coss.
1010 4526 1228 4581 Christi
1273 4523 1361 4592 61,
1408 4526 1562 4579 circa
1608 4525 1778 4580 initia

115 4593 409 4667 Neronis,
440 4595 595 4667 [rene
622 4598 817 4665 regina
842 4597 1031 4652 ultura
1054 4610 1250 4667 graves
1278 4597 1546 4663 injurias,
1573 4609 1604 4649 a
1630 4596 1780 4667 mili-

114 4664 307 4737 tibus
326 4665 603 4737 Romanis
630 4664 746 4720 sibi
777 4668 1015 4737 suisque
1048 4664 1258 4736 illatas,
1293 4673 1349 4721 et
1376 4666 1678 4721 commotis
1705 4668 1774 4722 ad

115 4735 509 4807 rebellionem
552 4735 1019 4807 Trinobantibus,
1051 4738 1191 4793 adeo
1217 4738 1466 4793 viriliter
1505 4738 1782 4807 pugnavit

111 4812 337 4861 contra
380 4806 659 4861 Romanas
694 4808 866 4875 acies,
903 4815 964 4863 ut
992 4806 1137 4863 Caesa
1167 4808 1384 4865 fuerint
1413 4808 1563 4863 inter
1590 4806 1782 4862 Cama-

108 4878 212 4932 lod
224 4888 441 4948 unum,
468 4877 874 4946 Verulamium,
895 4886 952 4934 et
971 4880 1291 4935 Londiuum
1308 4880 1639 4948 octuaginta
1660 4879 1783 4933 mil-

108 4948 197 5019 lia
223 4947 458 5019 civium
486 4948 888 5017 Romanorum,
914 4963 979 5005 ac
1004 4952 1313 5019 sociorum,
1350 4950 1431 5005 uti
1468 4947 1780 5005 memorant

107 5018 173 5073 in
207 5016 550 5091 Annalibus
595 5020 847 5091 Tacitus,
880 5016 984 5076 Dio
1017 5020 1077 5075 in
1126 5016 1391 5090 historia,
1423 5021 1613 5091 Longa
1647 5020 1778 5075 inde

101 5090 308 5144 series
329 5088 824 5162 vicissitudinum,
838 5088 899 5147 et
912 5093 1072 5146 varia
1089 5088 1416 5162 praeliorum
1434 5088 1776 5147 discrimina

101 5161 302 5234 etiam
337 5157 460 5234 sub
483 5160 825 5234 Vespasiano
857 5157 1137 5234 principe,
1170 5164 1406 5234 legenda
1435 5164 1585 5232 apud
1618 5162 1777 5217 Taci-

102 5240 239 5286 tum
282 5231 349 5283 in
401 5229 527 5285 Vita
568 5229 1011 5302 Agricolae'cap.
1035 5229 1092 5302 7,
1126 5229 1252 5289 sub
1269 5229 1488 5289 Cereali
1519 5242 1574 5289 et
1604 5234 1773 5288 Fron-

102 5305 268 5374 tino,
310 5313 532 5374 necnon
564 5306 671 5357 sub
700 5304 987 5374 Agricola,
1025 5305 1188 5360 modo
1216 5318 1346 5359 cum
1379 5304 1669 5359 insulanis
1693 5306 1770 5359 ci-

103 5370 472 5445 terioribus,
505 5374 671 5445 modo
700 5370 829 5429 cum
862 5370 1260 5439 ulterioribus,
1293 5389 1439 5445 quos
1470 5383 1592 5430 tum
1622 5374 1771 5430 Cale-

99 5444 350 5514 donios
396 5442 692 5514 vocabant,
753 5446 923 5501 hodie
972 5446 1190 5514 Scotos,
1248 5442 1462 5502 ibidem
1516 5446 1768 5501 indicata

102 5528 240 5583 cap.
275 5510 379 5579 33,
409 5513 520 5570 sub
553 5515 892 5573 Domitiano.

175 5622 328 5695 lla-9
355 5620 542 5691 igitur
566 5627 821 5692 tempora
853 5626 1180 5695 perturbata
1212 5625 1462 5681 motibus
1487 5624 1784 5678 Britanno-

101 5689 469 5765 rum_ferme
494 5689 811 5765 continuis,
843 5689 963 5753 ium
988 5699 1241 5754 externis
1266 5703 1465 5752 contra
1493 5707 1781 5765 aggresso-

100 5775 197 5817 res
230 5762 559 5827 Romanos,
598 5770 717 5819 tum
749 5762 921 5824 etiam
957 5771 1254 5825 intestinis
1295 5770 1449 5823 intra
1493 5762 1779 5820 insulares

93 5830 617 5903 (quandoquidem
670 5846 867 5893 narrat
919 5839 1133 5896 ibidem
1182 5842 1417 5895 Tacitus
1462 5838 1634 5893 etiam
1690 5836 1781 5892 Hi-

1915 1872 1969 1920 et
2013 1867 2232 1921 nummi
2277 1880 2346 1921 ex
2392 1864 2550 1920 omni
2606 1865 2834 1920 metallo
2875 1880 2907 1920 a
2952 1866 3262 1938 Vaillantio
3290 1864 3557 1938 expositi

1918 1944 2317 1993 contestantur
2349 1954 2365 2004 ς
2399 1942 2455 1991 et
2503 1941 2802 2005 postquam
2848 1937 3166 2005 exemplum
3196 1940 3377 2005 patris
3406 1954 3561 1994 secu-

1915 2014 2029 2074 tus,
2052 2010 2224 2061 alium
2241 2023 2456 2061 murum
2477 2009 2802 2074 ccspititium
2819 2008 3079 2061 submotis
3102 2009 3353 2063 barbaris
3376 2011 3554 2064 duxit.

1917 2079 2058 2133 Tum
2091 2092 2221 2134 vero
2260 2078 2405 2133 satis
2444 2078 2784 2144 compositis
2829 2079 3209 2133 Romanorum
3240 2086 3297 2134 et
3330 2082 3557 2136 insula—

1916 2162 2121 2204 norum
2144 2149 2454 2216 limitibus,
2482 2148 2752 2217 pacisque
2772 2149 3064 2204 diuturnae
3086 2163 3185 2218 spe
3204 2151 3557 2220 conﬁrmata,

1912 2220 2101 2274 visum
2140 2229 2223 2275 est
2254 2220 2582 2288 apostolica:
2613 2219 2768 2273 sedis
2802 2219 3058 2288 pontiﬁci
3091 2228 3411 2289 opportune
3450 2223 3560 2277 ob-

1911 2291 2225 2346 secundare
2253 2290 2542 2346 occasioni
2573 2291 3005 2359 episcopatuum
3042 2291 3101 2345 in
3135 2291 3323 2347 insula
3352 2294 3564 2348 consti-

1910 2362 2275 2417 tuendorum.
2308 2362 2462 2433 Hanc
2490 2359 2705 2415 obtulit
2746 2362 2896 2433 inter
2926 2362 3236 2433 Britannia:
3270 2376 3427 2433 reges
3460 2364 3563 2419 ille

1912 2433 2122 2500 pietate
2155 2432 2497 2501 praecipuus.
2545 2445 2712 2500 quem
2754 2432 2980 2485 Lucium
3010 2432 3557 2503 Latinedappellant,

1910 2504 2240 2559 Britannica
2284 2517 2414 2558 vero
2465 2504 2663 2571 lingua
2711 2504 2827 2567 Les,
2881 2509 2944 2557 ut
2980 2504 3167 2571 capite
3203 2501 3238 2558 3
3280 2501 3563 2560 Britanni-

1911 2587 2108 2629 carum
2162 2575 2591 2642 Antiquitatum
2652 2574 2916 2628 Usserius
2970 2572 3181 2628 refert:
3228 2576 3327 2643 qui
3382 2578 3555 2631 etiam

1910 2645 2139 2700 dixerat
2171 2660 2294 2715 pag.
2322 2643 2411 2713 20,
2436 2648 2627 2711 Regem
2649 2644 3125 2697 Britwaltancrum
3155 2646 3415 2700 eumdem
3449 2660 3560 2702 no-

1914 2716 2123 2769 minari
2155 2717 2210 2769 in
2245 2714 2463 2778 Latino,
2496 2715 2796 2769 Saxonicis
2827 2714 3147 2769 Annalibus
3190 2716 3557 2773 Bibliotheca:

1911 2787 2049 2841 olim
2071 2786 2397 2841 Cambdeni.
2431 2799 2581 2841 nunc
2601 2785 2953 2839 Cottonianze
2973 2802 2985 2837 :
3007 2793 3061 2839 et
3090 2799 3211 2856 pag.
3238 2784 3325 2852 22,
3356 2788 3554 2843 addit:

1915 2879 1940 2908 α
1984 2859 2093 2911 Nec
2137 2858 2242 2912 hoc
2288 2858 2769 2926 praetereundum,
2806 2863 3060 2928 repertos
3103 2870 3226 2911 esse
3262 2859 3320 2911 in
3351 2857 3558 2928 Anglia

1910 2929 2055 2982 duos
2070 2929 2515 2997 antiquissimos
2533 2941 2794 2987 nummos
2807 2926 3158 2998 (argenteum
3178 2942 3374 2995 unum,
3390 2926 3557 2998 quem

1912 2998 2117 3052 habuit
2164 2996 2235 3051 M1
2278 2999 2560 3068 Josephus
2618 2996 2950 3068 llollandus,
3004 3011 3243 3051 aureum
3290 2996 3556 3068 alterum,

1911 3082 2077 3141 quem
2114 3069 2282 3141 inter
2334 3071 2395 3122 D.
2454 3070 2686 3126 Roberti
2717 3067 2962 3141 Cottoni
3004 3070 3237 3141 λξοιμγςλια
3285 3067 3559 3141 vidimus)

1907 3139 2225 3193 Christiani
2261 3141 2413 3209 regis
2444 3142 2548 3206 (uti
2582 3156 2651 3196 ex
2682 3139 2847 3209 signo
2878 3138 3070 3191 crucis
3101 3140 3362 3209 apposito
3392 3138 3559 3196 colli;

1909 3210 2086 3279 gitur)
2129 3207 2397 3280 imagine,
2431 3218 2486 3264 et
2516 3212 2747 3280 litteris
2773 3207 3392 3280 ob‘scurioribus,gqu2e
3436 3213 3561 3267 LVC

1905 3278 2175 3335 denotare
2221 3278 2581 3349 videbantur,
2642 3278 2971 3349 insignitos.
3020 3297 3043 3326 υ
3092 3278 3359 3333 Omnium
3409 3288 3562 3337 certe

1908 3350 2339 3419 historicorum,
2385 3353 2485 3420 qui
2520 3367 2609 3408 res
2648 3349 2918 3420 Anglicas
2962 3356 3403 3417 pertractarunt,
3449 3366 3561 3408 una

1904 3425 2188 3477 sententia
2214 3418 2381 3487 est,'a
2404 3418 2571 3491 Beda,
2599 3422 2789 3487 Gilda,
2819 3418 3071 3488 aliisque
3102 3420 3344 3474 vetustis
3370 3425 3560 3490 gentis

1904 3507 2022 3547 sua:
2077 3493 2416 3547 auctoribus
2469 3501 2719 3562 accepta,
2779 3496 3147 3562 memoratum
3208 3504 3392 3558 regem
3440 3495 3561 3549 Lu—

1904 3565 2058 3618 cium
2112 3564 2346 3632 petiisse
2382 3577 2415 3618 a
2458 3560 2711 3619 Romano
2764 3560 3033 3628 pontiﬁce
3084 3562 3436 3631 Eleutherio,
3494 3575 3557 3620 ut

1902 3635 2084 3689 sacris
2127 3635 2479 3689 Christianis
2524 3636 2805 3689 imbueret
2833 3645 2972 3685 suos
3004 3632 3309 3686 Britannos
3339 3651 3350 3686 :
3382 3635 3552 3702 cujus

1906 3708 1984 3759 rei
2031 3718 2205 3760 causa
2252 3705 2355 3759 alii
2395 3706 2754 3761 Timotheum
2804 3701 3192 3771 presbyterum
3234 3701 3550 3759 Romanum

1900 3777 2101 3830 Novati
2168 3775 2400 3830 fratrem
2465 3778 2540 3846 (et
2598 3780 2761 3842 juxta
2826 3773 3155 3846 aliquorum
3218 3774 3549 3846 opinionem

1903 3860 2234 3916 germanum
2281 3844 2511 3916 quoque
2562 3846 2852 3911 Praxedis,
2900 3851 2955 3897 et
3008 3844 3376 3916 l’udentiame
3420 3847 3550 3900 vir-

1900 3914 2123 3987 ginum)
2173 3914 2495 3988 ablegatum
2548 3916 2730 3972 fuisse
2781 3917 3027 3988 dicunt:
3062 3914 3551 3988 aliiuDamianum

1898 3984 2020 4058 (seu
2060 3984 2395 4057 Davianu'm)
2438 3997 2493 4042 et
2540 3989 2839 4058 Fugatium
2885 3987 3093 4040 missos
3131 3984 3434 4051 afﬁrmant,
3483 4001 3552 4042 ex

1898 4060 2144 4127 epistola
2176 4060 2337 4113 beato
2382 4057 2639 4126 patricio
2658 4057 2961 4122 attributa,
2997 4069 3312 4127 necnoniex
3348 4071 3549 4127 magna

1896 4126 2111 4185 Tabula
2142 4130 2529 4196 Gastoniensi,
2565 4130 2700 4199 prod
2713 4135 2883 4199 uctos
2901 4128 3073 4199 etiam
3100 4126 3170 4199 ab
3195 4126 3421 4183 Usserio
3442 4126 3498 4183 et
3518 4142 3550 4184 a

1900 4202 2286 4270 scriptoribus
2321 4198 2650 4255 memoratis
2682 4213 2777 4268 per
2801 4198 3273 4270 Schelestratium
3310 4200 3366 4252 in
3396 4199 3548 4255 libro

1899 4272 1971 4326 de
1998 4266 2352 4327 Auctoritate
2381 4266 2774 4340 patriarchali,
2803 4283 2925 4337 cap.
2956 4266 3009 4340 ri,
3039 4282 3092 4323 n.
3120 4268 3156 4340 8
3176 4276 3231 4323 et
3252 4282 3409 4340 seqq.
3438 4272 3549 4326 llos

1897 4350 2087 4398 autem
2138 4345 2216 4397 ita
2245 4338 2504 4397 studiose
2550 4347 2824 4410 receptos,
2857 4346 2910 4393 et
2951 4338 3272 4394 liberaliter
3318 4338 3546 4398 habitos

1898 4425 1930 4467 a
1979 4415 2247 4483 piissimo
2288 4427 2416 4483 rege
2466 4414 2790 4482 complures
2834 4417 3167 4483 memorant,
3212 4416 3275 4483 ut
3320 4412 3551 4480 episco-

1903 4480 2055 4550 pal‘es
2116 4484 2289 4538 etiam
2348 4480 2511 4538 sedes
2582 4480 2657 4537 iis
2712 4481 3026 4547 attributae,
3087 4494 3153 4533 ac
3200 4480 3418 4550 dotata:
3474 4483 3546 4537 ab

1808 4570 1862 4631 D
1898 4549 1998 4608 illo
2042 4556 2369 4631 credantur.
2421 4554 2784 4631 Scriptorum
2828 4552 3111 4620 ingentem
3150 4549 3413 4631 _classem_
3446 4566 3545 4631 re-

1891 4633 2084 4679 censet
2122 4626 2389 4679 Usserius
2433 4638 2557 4691 cap.
2591 4621 2622 4676 li
2663 4630 2719 4677 et
2755 4621 2808 4688 5,
2857 4633 3101 4689 quorum
3148 4626 3332 4675 tamen
3380 4622 3544 4677 dele-

1891 4704 2045 4750 ctum
2098 4695 2419 4749 habendum
2472 4694 2772 4758 insinuat;
2807 4705 2936 4745 cum
2980 4703 3176 4745 eorum
3223 4704 3334 4745 non
3370 4695 3534 4759 pauci

1891 4767 2171 4835 proclives
2192 4766 2393 4820 sintad
2419 4765 2620 4819 inanes
2641 4762 2796 4831 vulgi
2823 4774 3080 4835 rumores
3101 4774 3200 4829 pro
3220 4762 3536 4835 exploratis

1893 4833 2161 4891 historiis
2186 4836 2593 4890 obtrudendos.
2632 4835 2830 4903 Regem
2862 4834 3100 4905 Lucium
3127 4833 3530 4905 quodattinet,

1888 4908 2029 4962 adeo
2081 4916 2349 4961 constans
2400 4906 2671 4960 memoria
2716 4901 2809 4958 est
2853 4902 3108 4970 ejusdem
3156 4901 3535 4969 professionis

1886 4978 2229 5033 Christiana:
2295 4977 2449 5042 ﬁdei,
2507 4990 2573 5030 ac
2642 4974 2949 5045 legationis
3002 4972 3072 5045 ad
3134 4972 3530 5045 Eleutherium

1891 5049 2229 5121 ipsiusﬁdei
2254 5048 2626 5121 praedicandis
2647 5042 2833 5121 gratia
2854 5044 3082 5121 populis
3098 5042 3211 5121 sibi
3231 5043 3528 5121 subjectis,

1888 5114 1952 5174 tit
1996 5120 2153 5173 Beda:
2197 5114 2268 5173 et‘
2299 5119 2515 5174 Adonis
2560 5118 2618 5171 in
2659 5114 3086 5185 Martyrologiis
3132 5116 3201 5169 ad
3254 5127 3353 5170 Vlll
3402 5117 3522 5172 Kal.

1882 5191 2066 5260 Junii,
2101 5203 2317 5244 necnon
2350 5190 2408 5243 in
2437 5188 2743 5260 Chronicis
2769 5199 2826 5260 et
2853 5185 3176 5260 Annalibus
3209 5193 3521 5260 repetatur.

1882 5256 2183 5317 Galfridus
2208 5259 2696 5315 Monemuthensis
2723 5258 2859 5312 hist.
2899 5258 3032 5311 Brit.
3070 5256 3169 5309 lib.
3199 5270 3273 5321 ιν,
3298 5271 3421 5327 cap.
3454 5258 3523 5314 48

1882 5340 1939 5388 et
1962 5331 2047 5400 19,
2075 5346 2204 5387 cum
2238 5329 2504 5399 pluribus
2524 5331 2625 5398 qui
2650 5342 2778 5382 eum
2797 5335 3119 5396 sequuntur
3150 5327 3339 5391 refert,
3363 5330 3528 5400 Cpil—

1884 5405 2002 5461 lum
2035 5399 2199 5458 Marii
2234 5404 2383 5471 regis
2411 5400 2616 5455 lilium.
2644 5400 2906 5471 Arviragi
2939 5405 3194 5466 nepotem
3225 5400 3295 5453 ah
3329 5399 3525 5455 infan-

1882 5477 1966 5531 tia
1986 5477 2170 5530 Romae
2189 5469 2492 5539 nutritum,
2514 5469 3214 5542 moresqueRomanorum
3239 5471 3523 5542 edoctum,

1892 5562 1959 5601 ac
1993 5548 2273 5600 tributum
2317 5544 2466 5612 quod
2507 5544 2578 5595 ab
2608 5541 2693 5595 eis
2738 5541 3076 5612 exigebatur
3105 5539 3432 5609 solventem,
3467 5539 3528 5598 in

1899 5631 2033 5687 pace
2078 5611 2913 5687 regnum’suum‘obtinuisse
2946 5629 2958 5664 :
2996 5611 3179 5687 ﬁlium
3229 5615 3534 5687 vero__ejus

1899 5681 2285 5745 Lucium—nou
2337 5697 2504 5739 secus
2559 5684 2815 5737 habitum
2855 5695 2921 5735 ac
2969 5681 3215 5755 alterum
3257 5681 3527 5755 Coillum,

1897 5773 2092 5816 omnes
2138 5757 2418 5811 bonitatis
2465 5762 2711 5824 paternae
2752 5760 2916 5808 actus
2968 5752 3254 5824 imitatum
3300 5753 3480 5811 fuisse
3513 5752 3532 5809 ἐ

1894 5843 2075 5902 eoque
2100 5829 2226 5884 sine
2264 5822 2480 5897 sobole,
2513 5840 2639 5897 qua:
2676 5824 2792 5881 sibi
2829 5823 3176 5897 succederet,
3208 5822 3535 5904 decedente,
