4052 6178
264 297 407 357 4269

1034 292 1357 350 HISTORIA
1395 296 1485 351 DE
1523 297 1699 353 VITIS
1736 297 1901 353 ROM.
1946 296 2141 352 PONT.
2185 327 2253 336 —
2290 296 2344 351 S.
2386 297 2874 353 ELEUTHERIUS.

3531 288 3671 351 4270

260 432 378 490 ιιοιι
411 420 692 490 poterant.
723 417 871 484 Ergo
911 417 1205 490 conversis
1234 416 1402 490 regio
1432 431 1587 473 more
1617 417 1909 475 militibus
1938 421 1994 478 A
2018 420 2208 490 potuit
2235 433 2332 490 per
2354 421 2548 477 eadem
2589 425 2785 489 pacata
2826 424 3075 489 tempora
3108 419 3492 489 complurium
3524 418 3664 475 Bri—

258 489 364 573 (ιω
394 490 546 545 enim
581 489 715 573 legit
747 489 1035 573 Spartiani
1070 488 1274 556 locum,
1316 489 1671 573 Britanniam
1706 490 1902 573 petiit:

262 561 321 616 in
353 574 464 631 qua
499 561 676 615 multa
707 561 976 625 correxit,
1019 572 1359 631 murumque
1392 573 1488 628 per
1524 574 1670 615 Lxxx
1722 561 1907 615 millia

262 629 559 703 passuum,
588 639 694 685 etc.
751 633 894 686 Huic
931 629 1284 703 expeditioni
1326 631 1725 700 adjungendus
1754 632 1910 686 venit

260 701 409 757 alter
432 716 701 757 nummus
734 703 969 770 majoris
1000 702 1174 770 modi,
1210 701 1267 755 in
1295 716 1404 770 quo
1442 715 1747 757 sxancrrus
1775 716 1905 757 Bai-

256 785 529 828 TANNICUS
571 787 665 841 per
712 774 1130 842 imperatorem,
1161 779 1215 827 et
1265 772 1480 827 milites
1527 774 1899 843 designatur:

258 844 520 913 alterque
556 844 889 913 imperatori
915 845 1143 899 dicatus
1166 856 1520 898 RESTITUTORI
1547 857 1898 900 BRITANNIAE.

258 915 433 969 Hasta
489 920 543 970 et
570 916 805 985 clypeus
853 915 1161 985 provincia
1200 927 1358 969 arma
1410 914 1822 971 demonstrant.
1873 934 1901 966 »

257 986 390 1040 Hac
424 986 679 1041 Patinus.

331 1058 638 1111 Accessum
688 1056 973 1126 principis
1001 1056 1241 1111 Adriani
1292 1059 1411 1110 tum
1452 1057 1520 1112 ad
1554 1071 1908 1127 componen—

258 1125 399 1182 dum
434 1127 745 1182 Britannia
776 1133 1009 1195 statum,
1042 1131 1159 1183 tum
1190 1127 1259 1181 ad
1290 1127 1597 1198 militarem
1631 1125 1907 1198 discipli-

260 1210 390 1252 nam
440 1199 799 1270 retinendam
869 1199 1214 1253 memorabat
1277 1197 1490 1270 Florus
1540 1204 1702 1270 poeta
1753 1199 1903 1269 apud

255 1269 629 1338 Spartianum
657 1269 867 1339 lepidis
895 1269 1019 1325 illis
1045 1268 1352 1324 versiculis
1379 1288 1392 1323 :

480 1375 591 1435 Ego
617 1374 738 1421 nolo
770 1374 941 1423 Caesar
970 1387 1105 1434 esse,

481 1437 762 1485 Ambulare
790 1450 882 1497 per
920 1436 1210 1494 Britannos,

481 1498 750 1561 Scythicas
784 1498 889 1559 pati
912 1498 1140 1560 pruinas.

251 1599 397 1655 Inde
427 1603 613 1654 autem
653 1600 950 1652 evocatum
984 1596 1201 1651 iulium
1245 1597 1532 1665 Severum,
1580 1597 1649 1653 ad
1682 1598 1905 1654 Judaos

256 1669 505 1726 rebelles
536 1670 593 1723 in
634 1668 935 1723 Palastina
978 1668 1372 1738 subjugandos
1411 1668 1661 1737 primum
1700 1669 1903 1725 ducem

256 1741 446 1804 misit,
478 1747 541 1795 ut
569 1744 771 1794 auctor
794 1746 880 1794 est
904 1740 1031 1793 Dio.

336 1813 543 1867 Prater
592 1816 889 1865 terrestres
938 1810 995 1864 in
1061 1809 1357 1865 Britannia
1405 1811 1620 1880 copias,
1682 1812 1906 1866 classem
1935 1807 1987 1868 B

254 1896 494 1955 quoque
521 1884 896 1955 Britannicam
928 1881 1268 1955 instructam
1320 1882 1379 1935 in
1416 1883 1711 1951 provincia
1741 1897 1904 1937 com—

254 1952 507 2024 probant
549 1953 802 2022 antiqua
850 1952 1290 2021 inscriptiones:
1343 1966 1521 2023 eaque
1564 1955 1902 2021 prasertim,

251 2025 414 2096 apud
439 2025 724 2079 Camertes
748 2024 1063 2096 constituta
1094 2024 1167 2077 M.
1195 2024 1399 2096 Manio
1438 2025 1562 2079 Caii
1597 2024 1714 2079 tilio
1747 2025 1904 2080 tribu

249 2095 544 2159 COrnelia,
596 2108 767 2164 quam
797 2095 1115 2164 Reinesius
1180 2095 1400 2155 retulit,
1469 2100 1525 2150 et
1589 2096 1905 2151 illustravit

254 2181 399 2239 pag.
458 2164 580 2233 462,
620 2163 695 2239 ιι.
749 2163 1026 2239 432ῌῌὶο
1046 2164 1447 2239 _exhibendam
1495 2179 1617 2222 esse
1661 2180 1899 2235 censeo;

251 2236 391 2294 eum
426 2237 663 2292 Adriani
714 2236 1006 2305 expeditio
1045 2237 1392 2305 Britannica,
1440 2244 1495 2292 et
1537 2239 1744 2294 classis
1777 2239 1904 2292 Bri—

251 2310 527 2376 tannica,
578 2315 632 2363 et
666 2309 973 2376 provincia
1018 2307 1206 2375 ipsius
1236 2310 1577 2365 constitutio
1620 2324 1715 2378 per
1762 2310 1905 2364 hanc

250 2380 503 2437 uberius
533 2378 874 2448 explicetur,
905 2392 1074 2503 quam
1111 2391 1227 2460 per.
1250 2378 1594 2449 historicos;
1642 2386 1698 2435 et
1728 2381 1905 2435 inno-

253 2457 442 2503 tescat
511 2451 718 2503 cohors
795 2463 835 2503 ιι
885 2450 1071 2503 Favna
1140 2450 1459 2503 Brittonum
1510 2452 1821 2503 euuitatus.
1872 2464 1905 2503 a

253 2457 442 2507 tescat
511 2451 718 2520 cohors
795 2463 835 2503 ιι
885 2450 1071 2503 Flavia
1140 2450 1459 2505 Brittonum
1510 2452 1821 2520 equitatus,
1872 2464 1905 2506 a

254 2522 610 2592 Vespasiano
658 2518 923 2575 fortassis
952 2520 1241 2586 instituta,
1290 2523 1442 2575 unde
1472 2518 1675 2577 Fla‘vna
1703 2535 1904 2577 nomen

253 2591 522 2663 accepit:
571 2605 785 2647 necnon
844 2591 1171 2664 procuratio
1209 2592 1545 2664 provinciae,
1576 2601 1631 2648 et
1661 2594 1903 2664 Augusti

257 2667 326 2720 in
354 2659 669 2790 proni-ign,
703 2668 759 2718 et
798 2659 1135 2733 prafectura
1170 2659 1375 2718 classis
1416 2659 1554 2719 huic
1591 2666 1665 2719 Μ.
1700 2659 1904 2721 Manio

257 2748 466 2790 concre
512 2751 528 2790 ι
597 2775 610 2788 .

252 2736 610 2792 concredita.

319 2857 375 2898 Μ.
412 2854 619 2897 ΜΔΕΝῙΟ
645 2853 691 2894 ο.
718 2854 771 2895 F.
796 2853 914 2895 COR.
939 2853 1210 2895 AGRIPPAE
1240 2854 1306 2895 ET
1328 2854 1511 2896 VSlDIO
1528 2854 1827 2898 CAMPESTRI

317 2926 528 2968 HOSPITI
556 2925 670 2967 ωνι
691 2924 955 2967 HADRIANI
976 2926 1171 2966 PATRIS
1196 2925 1496 2968 SENATORIS
1512 2926 1702 2967 PRAEF.
1729 2926 1827 2968 (ἷοΒ

318 2998 380 3039 ΙΙ.
416 2998 500 3038 ῐιΊ...
543 2996 795 3038 BRITTON.
829 2996 1079 3043 εονιτΑτ.
1113 2996 1309 3037 ELECTO
1336 2999 1370 3037 Α
1402 2997 1527 3038 ιιινο
1551 2997 1828 3039 HADRIANO

318 3069 383 3110 ΕΤ
406 3068 564 3109 ιιιςεο
583 3068 641 3108 ιΝ
669 3067 1075 3108 EXPEDITIONEM
1098 3066 1497 3109 BRITTANNICAM
1529 3068 1675 3109 TRIB.
1703 3067 1825 3110 COH.

318 3140 358 3181 Ι.
406 3138 695 3180 ιιιεΡΑΝοιι.
730 3138 977 3185 ΕονιΤΑτ.
1025 3138 1183 3179 PRAE.
1236 3138 1394 3179 ALAE.
1433 3139 1471 3179 Ι.
1500 3139 1724 3180 GALLOB.
1760 3140 1825 3180 ET

319 3210 652 3252 PANNONIOR.
673 3208 1103 3250 CATAPHRACTAE.
1138 3208 1285 3250 PROC.
1321 3209 1445 3250 AVG.
1466 3210 1657 3250 PRAEF.
1678 3209 1831 3251 CLAS-

321 3281 405 3323 SlS
422 3280 785 3322 BRITANNICAE
808 3279 960 3320 PROC.
984 3279 1311 3321 PROVINCIAE
1329 3279 1663 3321 BRITANNIAE
1690 3280 1827 3327 Ερνο

319 3351 544 3394 PVBLICO
574 3351 813 3392 PATRONO
863 3349 1109 3392 IVNICIPI
1149 3350 1332 3391 VICANI
1364 3349 1828 3392 CENSORIACENSES

320 3422 609 3464 CONSECVTI
642 3421 711 3463 ΑΒ
759 3421 1124 3463 INDVLGENTIA
1170 3421 1354 3463 ΟΡΤΙΜΙ
1401 3421 1660 3468 MAXIMIQ.
1707 3422 1821 3463 IMP.

320 3494 588 3537 ANTONINI
638 3493 761 3534 AVG.
815 3493 890 3533 PII
944 3492 1248 3534 BENEFICIO.
1303 3492 1827 3534 INTERPBETATIONIS

322 3565 453 3607 EJUS
478 3563 794 3605 PBIVILEGIA
820 3562 1015 3610 OVIBVS
1046 3563 1099 3604 IN
1135 3564 1260 3604 ΗΒΕ
1286 3562 1477 3604 ρινινιι
1501 3562 1658 3604 Ανςτι
1690 3562 1827 3604 CON-

322 3635 659 3683 FIRMATIQVE
699 3635 832 3676 SVNT
856 3635 903 3675 D.
939 3635 992 3675 D.
1025 3634 1078 3674 D.

322 3730 539 3785 Classis
590 3727 936 3783 Britannica
985 3726 1339 3798 prafectum
1374 3726 1606 3783 exhibet
1674 3735 1904 3798 quoque

250 3802 564 3870 inscriptio
589 3800 740 3868 apud
774 3796 1083 3870 Gruterum
1107 3796 1213 3853 fol.
1245 3796 1369 3866 493,
1399 3811 1460 3852 ιι.
1496 3798 1550 3865 6,
1582 3796 1902 3854 ubi'numJ

246 3869 469 3943 legitur
491 3871 752 3943 Licinius
768 3870 1003 3943 italicus
1026 3869 1247 3940 legatus
1266 3871 1655 3940 Augustorum
1676 3869 1906 3943 (MtAu-

248 3940 386 3999 relii
409 3948 465 3997 et
492 3944 552 3996 L.
587 3940 752 4011 Veri),
790 3940 1052 4009 idemque
1086 3954 1186 4009 pro
1219 3948 1386 4010 prat.
1434 3941 1739 4011 provincia
1770 3942 1903 3995 Bri-

249 4014 485 4079 tannia,
528 4013 628 4081 qui
664 4010 723 4066 in
753 4011 1118 4080 expeditione
1141 4013 1379 4067 Judaica
1419 4010 1768 4067 militaverat
1794 4010 1904 4067 sub

248 4086 390 4141 divo
418 4085 692 4139 Adriano.

325 4155 381 4211 5.
410 4157 493 4211 Ad
521 4154 874 4210 Antoninum
898 4154 1061 4208 Pium
1083 4154 1331 4222 pertinet
1350 4166 1620 4210 nummus
1640 4153 1900 4223 quintus,

247 4231 314 4283 et
341 4226 409 4281 ad
460 4228 743 4280 victoriam
783 4227 1179 4292 Britannicam,
1214 4225 1467 4294 ejusdem
1505 4225 1787 4293 auspiciis
1823 4237 1905 4279 re-

255 4303 536 4368 portatam
566 4310 663 4368 per
681 4296 929 4351 Lollium
956 4296 1220 4350 urbicum
1250 4298 1497 4367 legatum
1532 4315 1544 4350 :
1574 4298 1644 4351 de
1664 4309 1774 4368 qua
1794 4297 1904 4349 Ju-

252 4367 377 4426 lius
401 4367 766 4437 Capitolinus
796 4371 853 4422 in
876 4369 1003 4436 ejus
1034 4369 1192 4421 Vita:
1230 4387 1255 4419 α
1291 4370 1391 4421 Per
1412 4367 1626 4438 legatos
1653 4367 1901 4436 plurima

251 4440 408 4496 bella
438 4441 635 4509 gessit.
669 4440 806 4493 Nam
838 4443 895 4493 et
920 4438 1222 4493 Britannos
1242 4452 1338 4507 per
1359 4438 1606 4492 Lollium
1635 4438 1898 4493 urbicum

2018 492 2583 617 ganniadigpidorum
2613 491 3052 561 longitudinem,
3078 490 3521 545 aclatitudinem
3547 504 3661 547 no-

2061 577 2110 616 IS
2147 576 2212 617 ex
2263 578 2276 617 ι
2322 576 2435 617 ere.

2061 577 2110 616 IS
2147 576 2435 618 CXDIDBI‘B.

2090 634 2304 688 Bellum
2329 633 2614 689 exarsisse
2641 632 2749 688 sub
2777 632 3101 698 Commodo,
3133 635 3188 686 et
3218 631 3448 700 quidem
3473 645 3661 701 grave,

2018 706 2368 774 percipimus
2389 719 2454 760 ex
2478 705 2718 759 historia
2741 704 2942 758 Dionis
2967 702 3113 758 libro
3132 715 3308 756 Lxxu:
3342 703 3662 774 «Fuerunt,

2018 772 2232 843 inquit,
2266 776 2375 831 sub
2398 776 2705 831 Commodo
2745 774 2892 829 bella
2926 775 3182 842 quadam
3216 787 3345 827 cum
3376 772 3661 842 barbaris,

2018 846 2116 915 qui
2152 847 2299 902 ultra
2334 847 2565 902 Daniam
2595 851 2750 914 sunt,
2784 851 2889 901 etc.
2919 845 3021 900 Sed
3049 844 3259 899 bellum
3281 845 3663 897 Britannicum

2016 918 2273 972 omnium
2300 917 2465 988 longe
2496 918 2801 971 maximum
2838 915 3220 988 fuit.unippe
3242 928 3369 969 cum
3400 915 3660 988 Britanni

2016 995 2206 1042 essent
2233 985 2459 1043 murum
2493 988 2860 1057 transgressi,
2890 986 2992 1056 qui
3027 987 3175 1040 inter
3198 988 3354 1054 ipsos
3382 991 3437 1040 et
3470 985 3667 1057 Roma-

2017 1072 2219 1114 norum
2265 1065 2449 1114 castra
2507 1055 2919 1125 intercedebat,
2970 1063 3401 1125 vastassentque
3453 1055 3655 1123 multa,

2015 1129 2267 1185 Romano
2307 1131 2472 1196 duce,
2513 1136 2569 1186 et
2613 1129 2919 1194 militibus,
2954 1142 3098 1197 quos
3124 1141 3314 1182 secum
3358 1126 3659 1197 habuerat,

2016 1201 2214 1255 casis:
2245 1201 2589 1257 Commodus
2616 1201 2820 1255 timore
2848 1196 3207 1269 perterritus,
3240 1196 3471 1266 Ulpium
3506 1200 3658 1251 Mar-

2016 1271 2225 1326 cellum
2278 1278 2476 1327 contra
2518 1285 2615 1327 eos
2664 1272 2843 1326 misit.
2894 1272 2947 1325 Is
2995 1276 3117 1324 erat
3147 1270 3314 1324 homo
3345 1269 3662 1336 modestus,

2016 1340 2267 1413 etfrugi,
2288 1343 2474 1412 fortis,
2498 1350 2553 1397 et
2575 1342 2995 1413 magnanimus,
3024 1345 3135 1413 etc.
3156 1341 3340 1412 Igitur
3358 1338 3662 1413 Marcellus

2017 1412 2120 1467 tali
2172 1413 2406 1483 ingenio
2455 1410 2750 1483 praeditus,
2802 1412 3068 1467 maximis
3100 1410 3271 1483 atque
3298 1410 3661 1483 gravissimis

2015 1479 2265 1538 damnis'
2300 1485 2358 1539 in
2392 1479 2687 1540 Britannia
2735 1483 3010 1539 barbaras
3052 1479 3438 1551 atiec'it;‘quo
3489 1479 3657 1545 facto,

2018 1567 2217 1623 parum
2263 1555 2451 1610 abfuit
2497 1556 2638 1625 quin
2700 1556 2934 1610 virtutis
2988 1554 3174 1623 ipsius
3215 1566 3349 1624 ergo
3396 1554 3661 1625 Commo-

2015 1626 2126 1680 dus
2152 1638 2279 1680 eum
2327 1624 2587 1694 necaret;
2641 1632 2826 1682 tamen
2877 1626 3068 1695 ipsum
3108 1626 3358 1680 dimisit.
3402 1624 3663 1695 Consue—

2016 1701 2174 1750 verat
2214 1698 2366 1751 enim
2436 1697 2796 1764 Commodus,
2867 1702 2932 1751 ut
3004 1701 3205 1751 auctor
3257 1702 3343 1750 est
3398 1694 3665 1763 Lampri-

2015 1767 2171 1835 dius,
2202 1770 2427 1824 mittere
2469 1769 2730 1825 homines
2775 1768 2843 1823 ad
2890 1766 3217 1837 provincias
3249 1767 3543 1837 regendas,
3576 1764 3662 1820 vel

2015 1839 2325 1894 criminum
2357 1840 2564 1904 socios,
2598 1840 2737 1895 vela
2770 1838 3105 1894 criminosis
3144 1838 3587 1893 commendatos.
3632 1851 3660 1886 ιι

2086 1910 2267 1977 Hujus
2300 1911 2551 1966 Marcelli
2580 1911 2758 1981 gestis
2792 1909 2993 1964 titulos
3022 1908 3451 1981 Britannici,et
3477 1908 3668 1977 impe—

2014 1982 2228 2036 ratoris
2278 1983 2342 2036 VI
2379 1980 2683 2038 Commodo
2741 1981 3052 2036 accrevisse
3101 1980 3466 2049 Lampridius
3498 1992 3666 2034 reco-

2015 2054 2240 2175 gnoscit
2266 2070 2278 2105 :
2311 2068 2454 2123 quos
2478 2061 2662 2109 tamen
2699 2054 2776 2107 ita
2801 2064 2915 2134 non
2931 2065 3069 2106 suos
3100 2050 3415 2133 historicus
3434 2055 3656 2133 reputa:

2054 2130 2129 2175 at.
2164 2129 2227 2175 ut
2263 2133 2481 2175 asserat
2529 2126 2600 2175 ab
2627 2121 3034 2175 adulatoribus
3063 2121 3396 2175 attributos.
3431 2128 3656 2175 etiamSI

2054 2130 2129 2179 at.
2164 2129 2227 2178 ut
2263 2121 2481 2179 asserat
2529 2126 2600 2180 ab
2627 2121 3034 2180 adulatoribus
3063 2121 3396 2188 attributos,
3431 2121 3660 2176 etiamsi

2017 2194 2076 2248 in
2106 2196 2379 2264 nummis,
2406 2203 2461 2250 et
2495 2194 2971 2265 inscriptionibus
3000 2193 3520 2265 passimlegantur.
3551 2192 3668 2248 Bri-

2014 2267 2209 2320 tannis
2240 2262 2390 2320 enim
2423 2268 2561 2322 adeo
2592 2262 2917 2334 despectum
2952 2265 3130 2319 fuisse
3150 2262 3421 2331 affirmat,
3456 2268 3520 2318 ut
3550 2266 3666 2317 im-

2017 2344 2333 2404 peratorem
2380 2346 2578 2394 contra
2634 2352 2761 2393 eum
2816 2336 3026 2405 eligere
3066 2335 3371 2390 voluerint.
3428 2334 3662 2389 Rumori

2016 2407 2370 2463 occasionem
2398 2409 2558 2464 dedit
2599 2410 2800 2479 ingens
2829 2407 2934 2479 ille
2955 2420 3228 2479 numerus
3261 2405 3511 2479 militum
3548 2406 3664 2479 lto-g

2018 2492 2313 2562 manorum
2335 2479 2514 2550 (mille
2536 2475 2882 2562 quingentos
2911 2476 3093 2562 fuisse
3118 2475 3370 2562 afﬁrmat
3389 2475 3532 2562 Dio),
3561 2477 3667 2562 qui

2017 2549 2353 2605 seditionem
2404 2549 2934 2606 cum’excitassent
2965 2555 3161 2604 contra
3209 2549 3533 2617 Perennem,
3563 2560 3665 2602 seu

2017 2620 2377 2689 Perennium,
2410 2620 2735 2691 prafectum
2763 2635 2874 2676 non
2906 2627 3017 2675 tam
3045 2619 3330 2691 pratorio,
3361 2631 3526 2687 quam
3555 2617 3664 2673 im-

2016 2691 2176 2759 perio
2208 2689 2498 2762 univerSo,
2540 2699 2602 2748 ut
2631 2692 2973 2747 Commodus
2999 2689 3396 2759 voluptatibus
3438 2693 3664 2762 tantum

2013 2758 2257 2823 vacaret,
2288 2758 2495 2818 delecti
2542 2778 2609 2819 ex
2670 2764 2870 2833 majori
2919 2758 3175 2826 numero,
3228 2765 3286 2814 et
3325 2758 3563 2833 profecti
3595 2772 3666 2814 ex

2011 2833 2312 2904 Britannia
2336 2836 2395 2889 in
2420 2834 2639 2890 italiam
2664 2824 2961 2904 venerunt,
2985 2824 3211 2888 nemine
3233 2824 3589 2904 prohibente,
3610 2836 3667 2886 et

2010 2902 2082 2958 ab
2108 2905 2302 2960 eodem
2340 2907 2598 2975 principe
2619 2902 2967 2975 supplicium
3013 2902 3283 2975 Perennis
3317 2902 3660 2970 impetrave-

2012 2982 2168 3047 runt.
2193 2977 2475 3047 indignati
2506 2974 2643 3032 sunt
2665 2974 2829 3047 enim
2851 2976 3082 3047 milites,
3103 2974 3252 3047 quod
3275 2976 3490 3047 amotis
3508 2984 3667 3047 sena;

2009 3046 2259 3117 toribus,
2279 3041 2385 3101 iste
2402 3049 2709 3115 praeficeret
2727 3046 2874 3102 bello
2900 3041 3228 3117 Britannico
3242 3042 3527 3117 equestris
3549 3041 3663 3097 loci

1932 3134 1981 3196 ρ
2010 3116 2192 3196 viros_,_
2245 3113 2470 3196 prodita
2514 3133 2572 3173 re
2605 3131 2702 3196 per
2752 3114 3325 3196 legatosexercitus,
3362 3113 3547 3196 hostis
3577 3120 3665 3193 est

2008 3183 2367 3255 appellatus:
2400 3183 2659 3243 lacerand
2671 3183 2850 3257 usque
2874 3184 3163 3241 militibus
3184 3185 3374 3246 datus,
3402 3184 3487 3239 uti
3507 3183 3663 3237 scri-

2008 3257 2101 3327 bit
2137 3259 2521 3327 Lampridius.

2077 3326 2131 3383 6.
2164 3324 2298 3395 Qua
2328 3330 2437 3384 sub
2457 3331 2657 3384 Severo
2686 3328 2946 3398 principe
2976 3330 3130 3397 gesta
3164 3328 3301 3398 sunt
3332 3324 3390 3398 in
3423 3325 3660 3398 Britan—

2008 3399 2105 3453 nia
2140 3407 2459 3468 postremus
2484 3395 2702 3454 indicat
2733 3395 3022 3463 nummus,
3049 3397 3271 3466 duplici
3303 3395 3545 3468 victoria
3571 3397 3663 3450 si—

2009 3466 2237 3542 gnatus,
2274 3471 2512 3526 fortasse
2530 3472 2696 3539 juxta
2721 3467 3346 3542 nationestotidem‘ex
3374 3466 3663 3542 insulanis

2008 3538 2040 3595 εἰ
2076 3542 2277 3597 Severo
2297 3538 2614 3611 superatas,
2645 3548 2750 3597 eta
2782 3542 2956 3596 Dione
2989 3541 3065 3594 ita
3087 3540 3405 3611 descriptas
3426 3557 3451 3611 :7
3472 3558 3497 3588 α
3529 3538 3663 3611 Bri—-

2009 3617 2316 3667 tannorum
2347 3608 2463 3668 duo
2511 3608 2647 3667 sunt
2680 3613 2993 3681 prasertim
3040 3624 3243 3680 genera
3275 3609 3561 3681 (loquitur
3588 3608 3660 3681 de

2012 3684 2089 3737 iis
2113 3685 2214 3755 qui
2242 3686 2311 3739 ad
2361 3691 2643 3739 extremos
2682 3680 3310 3755 Romana‘piovincia
3356 3680 3516 3755 fines,
3574 3680 3660 3735 vel

2014 3752 2184 3809 etiam
2219 3756 2370 3809 ultra
2387 3761 2549 3809 atate
2570 3769 2672 3810 sua
2689 3753 2987 3825 degebant)
3005 3752 3320 3825 Caledonii,
3346 3757 3402 3805 et
3429 3753 3655 3825 Maata.

2014 3828 2151 3880 Nam
2185 3832 2518 3886 caterorum
2548 3820 2787 3881 nomina
2803 3826 2871 3880 ad
2908 3820 3011 3879 hOS
3039 3822 3153 3877 fere
3180 3820 3530 3877 referuntur.
3576 3824 3671 3876 In-

2016 3896 2215 3951 colunt
2252 3900 2460 3953 Maata
2504 3899 2668 3967 juxta
2705 3909 2837 3967 eum
2875 3908 3101 3950 murum
3136 3896 3233 3967 qui
3294 3892 3544 3948 insulam
3598 3893 3658 3967 in

2013 3968 2159 4023 duas
2200 3976 2387 4039 partes
2414 3964 2647 4023 dividit.
2678 3966 2974 4022 Caledonii
3020 3970 3145 4035 post
3174 3964 3306 4039 illos
3335 3969 3554 4039 sunt.__»
3590 3966 3659 4019 Et

2015 4035 2345 4111 paulo'post
2401 4041 2584 4095 totius
2623 4039 2829 4094 insula
2876 4039 3185 4092 Britannia
3236 4035 3660 4111 longitudinem

2012 4106 2292 4168 deﬁniens
2339 4111 2601 4166 millibus
2656 4123 2925 4178 passuum
2997 4120 3231 4174 DCCCXCI,
3290 4106 3659 4178 latitudinem

2012 4196 2296 4238 cnxxxrx:
2336 4182 2434 4237 ubi
2464 4182 2731 4248 maxima,
2764 4179 2862 4235 ubi
2900 4180 3136 4234 minima
3161 4188 3249 4234 est
3278 4191 3501 4244 xxxv",
3540 4177 3659 4233 hac

2012 4255 2238 4310 subdit:
2278 4275 2301 4305 α
2336 4255 2519 4322 Hujus
2547 4252 2751 4308 insula
2783 4264 2914 4321 pars
2942 4250 3109 4320 paulo
3132 4252 3526 4322 minusquam
3559 4251 3662 4306 di-

2013 4327 2190 4383 midia
2224 4320 2535 4381 nostra'est
2567 4344 2579 4379 :
2615 4320 2797 4394 quam
2817 4323 3054 4378 Severus
3079 4335 3207 4376 cum
3235 4320 3406 4394 vellet
3434 4334 3659 4394 omnem

2014 4399 2072 4453 in
2104 4403 2433 4467 potestatem
2463 4392 2733 4466 redigere,
2768 4394 3062 4465 ingressus
3085 4400 3173 4448 est
3199 4395 3256 4467 iu
3294 4392 3660 4448 Caledoniam

2011 4464 2232 4541 (Scotia
2256 4476 2468 4541 partem
2493 4464 2943 4541 meridionalem)
2965 4464 3351 4541 eamquedum
3374 4468 3661 4541 pertrans-

252 4506 1012 4610 ιςςέιιιξηγίέεεξτειιειιιθξείέ
1027 4509 1625 4610 essm:
1641 4509 1903 4610 ιέειξιηιιίε
1935 4506 1987 4566 D
2011 4506 3655 4610 3115?,"mii‘i‘iina‘ii'ri‘é'i'éébiﬁi.“3535

248 4580 465 4638 ducto:
514 4601 541 4631 υ
576 4583 664 4636 uti
695 4581 1014 4636 Vallantius
1038 4581 1274 4635 adnotat
1303 4580 1357 4633 in
1392 4581 1612 4634 nummi
1639 4581 1902 4649 explica-

253 4653 432 4709 tione.
484 4653 617 4708 Post
658 4665 778 4707 eam
825 4652 1147 4717 victoriam,
1208 4653 1376 4719 cujus
1419 4650 1591 4705 etiam
1640 4652 1902 4707 meminit

249 4725 572 4780 Pausanias
604 4722 708 4778 lib.
759 4737 882 4791 vm,
919 4736 1044 4793 pag.
1076 4720 1201 4791 526,
1233 4722 1522 4776 indicatus
1546 4734 1577 4776 a
1612 4724 1668 4776 V.
1703 4726 1760 4778 C.
1805 4738 1902 4778 se—

247 4801 454 4852 natore
484 4796 779 4850 Bonarroti
822 4796 891 4849 ad
922 4806 1185 4847 nummos
1227 4807 1295 4849 ex
1325 4805 1434 4846 are
1466 4794 1712 4850 maximo
1738 4796 1897 4850 card.

245 4866 520 4934 Carpinei
572 4880 698 4936 pag.
750 4863 838 4934 49,
888 4866 967 4919 ita
1014 4872 1210 4936 pacato
1254 4866 1562 4936 provincna
1608 4871 1760 4921 statu
1810 4868 1900 4921 usi

246 4944 395 4993 sunt
425 4934 700 4993 Antonini
735 4937 889 5006 Pius,
917 4941 972 4991 et
999 4934 1415 5004 Philosophus:
1452 4939 1516 4988 ut
1538 4934 1900 4991 itinerarium

248 5008 427 5064 nobis
445 5007 803 5078 reliquerint,
824 5020 937 5077 quo
956 5006 1251 5078 Britannia
1270 5006 1524 5077 undique
1547 5013 1898 5078 peragratur,

245 5093 291 5134 a
318 5074 648 5150 L_imine,'id
677 5085 763 5133 est
794 5074 971 5132 Vallo
1022 5074 1503 5150 [seuiLuguvalZio
1548 5074 1725 5133 hodie
1758 5081 1901 5133 Car-

246 5148 370 5224 l_ile]
399 5151 467 5224 ad
516 5145 767 5224 portum-
784 5150 1001 5224 Ritupis
1024 5145 1234 5224 '[hodie
1265 5145 1483 5224 S_tonar]
1519 5162 1693 5224 prope
1713 5154 1900 5224 porci-

249 5215 532 5293 lgerhium'
558 5223 691 5293 [seu
730 5215 1130 5293 Canterbury]:
1179 5219 1336 5275 etab
1384 5215 1577 5277 eodem
1628 5215 1791 5293 Vallo
1829 5221 1898 5277 ad

244 5288 604 5347 Clauseumin
645 5288 1089 5364 [Southamptonj'
1122 5297 1356 5364 portum
1390 5292 1593 5348 insula
1621 5292 1898 5349 meridio-

248 5364 442 5418 nalem
469 5382 481 5417 :
508 5372 564 5419 et
584 5363 659 5419 ad
684 5363 957 5433 astuaria
977 5363 1375 5433 occidentalia,
1404 5365 1501 5418 ubi
1520 5364 1667 5419 lSCA
1694 5364 1903 5433 LECio:

249 5435 353 5507 gis
383 5436 426 5488 ιι
474 5429 974 5507 Augustalhodie
1017 5430 1292 5507 Cacrleon]
1320 5453 1337 5487 :
1379 5441 1436 5488 et
1472 5436 1540 5489 ad
1589 5429 1901 5507 Segontium

251 5501 601 5633 ioaersegun't
633 5501 803 5561 hodie
828 5502 1196 5577 Caernarvon]
1226 5501 1424 5558 contra
1468 5507 1685 5559 Monam
1731 5506 1900 5559 insu-

278 5590 371 5632 am
398 5573 415 5633 l
443 5577 612 5632 hodie
641 5572 795 5633 Mani
826 5578 999 5629 maris
1023 5574 1319 5628 Hibernici
1346 5592 1359 5628 :
1388 5576 1639 5633 aliisque
1672 5575 1899 5630 itineri-

278 5574 371 5632 am
398 5573 419 5649 [
443 5572 612 5651 hodie
636 5572 795 5651 Man]
826 5578 999 5629 maris
1022 5572 1319 5651 Bibernici
1346 5592 1359 5628 :
1388 5576 1639 5651 aliisque
1672 5575 1899 5651 it_ineri-

249 5646 907 5720 busdiligentissinieex
918 5647 1121 5713 positis
1136 5646 1190 5697 in
1206 5658 1373 5720 opere
1387 5648 1690 5714 posthumo
1701 5646 1899 5720 Thom.

248 5719 416 5776 Gale.
446 5716 786 5775 Pfolomaus
818 5729 1064 5786 quoque,
1094 5716 1543 5786 geographorum
1568 5729 1681 5771 non
1709 5717 1904 5773 minus

255 5804 432 5862 quam
462 5796 927 5849 astronomorum
956 5785 1375 5843 celeberrimus
1416 5788 1525 5844 sub
1568 5788 1903 5855 Antoninis,

2010 4603 2345 4679 etc/Neque
2397 4617 2581 4663 tamen
2629 4603 2855 4679 destitit
2907 4603 3530 4679 Severus,__quousque
3582 4603 3651 4658 ad

2008 4675 2315 4741 extremam
2352 4689 2563 4748 partem
2597 4678 2801 4732 insula
2832 4677 3005 4741 venit,
3041 4675 3139 4729 ubi
3169 4675 3459 4748 diversum
3484 4686 3654 4742 quam

2008 4755 2159 4837 apud
2200 4765 2305 4806 nos
2335 4745 2415 4805 sit
2451 4763 2683 4831 cursum
2743 4748 2904 4816 solis,
2951 4748 3200 4837 itemque
3256 4745 3657 4837 noctiummac

2008 4816 2234 4880 dierum
2274 4829 2385 4876 tam
2408 4823 2735 4876 astivorum
2768 4832 2936 4888 quam
2972 4817 3340 4888 hibernorum
3375 4816 3658 4886 magnitu-

2009 4896 2202 4951 dinem
2233 4892 2684 4963 diligentissime
2707 4887 2992 4963 cognovit.
3023 4887 3269 4963 Tandem
3301 4901 3404 4956 per
3429 4899 3653 4942 omnem

2012 4965 2127 5021 fere
2149 4958 2643 5020 terram‘hostilem
2674 4958 2866 5016 vectus
2893 4958 3042 5030 (nam
3076 4959 3389 5028 plurimum
3425 4963 3657 5030 propter

2013 5035 2463 5092 imbecillitatem
2488 5043 2683 5102 operta
2731 5029 2928 5102 lectica
2968 5029 3294 5100 utebantur)
3323 5029 3557 5102 revertit
3585 5030 3654 5085 ad

2011 5108 2219 5175 socios,
2238 5100 2541 5160 Britannis
2558 5105 2626 5159 ad
2646 5102 2832 5159 foedus
2848 5100 3171 5157 faciendum
3194 5101 3409 5175 coactis
3427 5112 3490 5155 ea
3511 5113 3658 5155 con-

2010 5172 2251 5245 ditione,
2305 5183 2369 5232 ut
2408 5188 2519 5230 non
2552 5188 2722 5244 parva
2750 5174 3027 5245 regionis
3046 5178 3202 5242 parte
3229 5172 3513 5234 cederent,
3542 5177 3649 5227 etc.

2010 5251 2143 5303 Post
2196 5243 2313 5303 hac
2345 5247 2492 5302 facto
2536 5243 2622 5301 est
2672 5243 2877 5300 iterum
2927 5243 3180 5299 defectio
3222 5245 3654 5298 Britannorum.

2008 5320 2383 5389 Quamobrem
2410 5319 2647 5373 Severus
2675 5317 3001 5372 convocatis
3035 5315 3335 5371 militibus
3367 5315 3560 5389 jussit,
3591 5318 3659 5368 ut

2012 5385 2296 5463 regionem
2338 5404 2532 5463 eorum
2581 5389 2954 5463 ignvaderent_,_
2991 5396 3162 5457 atque
3212 5398 3411 5463 omnes
3436 5385 3654 5463 quibus

2010 5457 2403 5518 occurrissent
2436 5458 2820 5515 interficerent
2850 5476 2863 5512 :
2902 5459 3076 5529 idque
3099 5458 3369 5527 pracepit
3400 5457 3491 5511 his
3521 5469 3654 5512 ver-

2010 5534 2193 5589 sibus.

2124 5678 2292 5726 Nemo
2314 5688 2495 5723 manus
2529 5674 2689 5734 fugiat
2714 5674 2926 5731 vestras,
2948 5673 3244 5735 eademque
3276 5675 3543 5721 cruentam

2126 5740 2243 5789 Non
2274 5739 2441 5793 fatus,
2478 5738 2687 5797 gravida
2724 5749 2875 5797 quem
2908 5738 3069 5784 mater
3096 5737 3241 5795 gesta
3261 5735 3315 5784 in
3350 5735 3464 5784 alvo

2122 5802 2443 5851 Horrendam
2478 5799 2689 5859 effugiat
2712 5798 2924 5847 eadem.
