4070 6178
529 239 681 298 4274-

526 367 648 435 Quo
690 363 839 421 facto
866 365 1016 435 quod
1055 365 1351 423 Caledonii
1399 381 1528 422 cum
1562 367 1781 422 Mmatis
1828 364 2171 427 defecerant,

526 436 893 506 comparabat
917 450 977 491 se
1022 445 1084 492 ut
1110 439 1348 506 ipsemet
1384 438 1594 493 bellum
1631 438 1755 492 illic
1794 444 2032 505 gereret.
2069 437 2171 489 Sed

529 508 664 562 dum
695 508 753 561 in
784 507 861 560 iis
905 506 1076 562 rebus
1100 515 1272 575 esset,
1306 508 1501 564 morbo
1529 509 1850 563 exstinctus
1874 514 1959 561 est
1988 507 2173 576 pridie

450 634 451 637 η
527 580 717 632 Nonas
748 577 1127 633 Februarii.»
1183 580 1491 647 Hucusque
1539 580 1742 633 Dionis
1785 586 2046 647 excerpta
2077 590 2174 646 per

529 648 923 718 Xiphilinum,
958 650 1057 718 qui
1085 650 1248 705 addit
1276 649 1601 704 initiolibri
1632 663 1825 703 Lxxvn
1861 656 1985 711 post
2011 662 2170 702 mor—

530 725 641 773 tem
672 719 883 789 severi,
916 718 1266 774 Antoninum
1309 721 1639 775 Bassianum
1672 721 1798 789 ejus
1830 719 2011 774 ﬁlium
2046 719 2171 772 ini-

531 790 676 844 tium
710 788 915 844 fecisse
964 790 1282 858 imperandi
1331 804 1360 845 a
1408 788 1868 858 dirempto’cum
1906 789 2172 844 hostibus

530 859 703 927 bello,
754 873 820 915 ac
868 862 1100 929 regione
1140 862 1334 915 statim
1389 863 1655 926 cessisse,
1697 867 1752 916 et
1798 862 2016 916 munita
2050 860 2172 914 loca

529 931 872 995 deseruisse,
901 937 1018 1001 tum
1047 933 1102 985 in
1130 931 1331 986 Urbem
1355 946 1477 987 esse
1504 946 1811 987 reversum.
1832 932 2171 1001 Spartianus

532 1001 769 1056 Eboraci
822 1001 878 1055 in
926 1000 1221 1056 Britannia
1268 1004 1532 1057 Severum
1580 1004 1822 1071 periisse
1872 1000 2167 1067 memorat,

533 1092 560 1143 ᾳ
593 1071 848 1126 subactis
878 1072 1165 1141 gentibus,
1196 1087 1321 1143 quae
1358 1074 1669 1127 Britannia:
1703 1073 2046 1127 videbantur
2074 1073 2173 1125 in-

531 1141 687 1213 festae
716 1161 728 1195 :
754 1160 791 1213 ﬁ»
839 1150 1149 1213 narratque
1176 1141 1465 1213 a'lmperii
1507 1145 1632 1211 ejus
1663 1145 1972 1198 maximum
1999 1144 2174 1197 decus

532 1211 716 1273 fuisse
745 1211 1123 1277 Britanniam,
1163 1211 1335 1269 muro
1366 1228 1463 1283 per
1497 1222 1874 1269 transversam
1922 1214 2172 1269 insulam

530 1284 724 1349 ducto,
752 1284 1043 1352 utrimque
1059 1286 1124 1340 ad
1148 1284 1312 1339 ﬁnem
1336 1285 1542 1341 Oceani
1573 1286 1907 1340 munivisse.
1941 1304 1963 1332 ι)
1988 1284 2173 1352 Quare

529 1368 660 1409 cum
694 1354 911 1408 limites
935 1354 1051 1409 duo
1075 1362 1283 1421 essent,
1316 1356 1657 1424 priorjuxta
1702 1355 2008 1409 meridiani
2046 1354 2175 1422 pla-

531 1439 667 1479 num
700 1424 771 1478 ab
795 1425 1048 1479 Adriano
1073 1427 1301 1491 ductus,
1339 1433 1394 1480 et
1425 1437 1728 1481 renovatus
1765 1426 1836 1479 ab
1881 1425 2172 1479 Antonino

530 1508 601 1567 ex
656 1500 823 1567 portu
857 1494 1621 1567 filausentofSouthampton)
1667 1497 1736 1551 ad
1787 1497 2174 1562 Luguvallium

532 1565 779 1635 (Carlile)
820 1564 1078 1635 alterque
1120 1566 1191 1620 ab
1221 1581 1426 1622 occasu
1466 1564 1526 1621 in
1559 1564 1747 1624 ortum
1781 1581 1812 1621 a
1847 1567 2174 1633 Luguvallio

532 1636 600 1689 ad
650 1635 1034 1691 Cabrosentum
1059 1638 1126 1691 ad
1159 1639 1307 1692 ostia
1346 1639 1513 1693 ﬂuvii
1551 1640 1707 1703 Tino,
1733 1645 1789 1692 et
1816 1638 2169 1691 Britanniam

532 1707 838 1760 Romanam
879 1708 958 1762 ita
1000 1707 1341 1777 dividerent,
1378 1716 1438 1764 ut
1471 1709 1569 1763 ille
1594 1724 1625 1764 a
1658 1710 1868 1763 Maeotis
1909 1708 2172 1762 incolen-

533 1777 692 1832 tibus
711 1777 875 1845 juxta
902 1792 997 1833 eos
1016 1778 1154 1833 ﬁnes
1178 1780 1246 1833 ad
1266 1780 1674 1835 occidentalem
1704 1779 1908 1835 insulae
1933 1787 2170 1847 partem,

534 1848 631 1903 hic
666 1861 697 1901 a
751 1848 1056 1902 Caledoniis
1105 1850 1254 1905 ultra
1304 1851 1543 1904 limitem
1595 1852 1857 1915 alterum,
1913 1856 1968 1904 et
2019 1849 2171 1903 ultra

532 1922 761 1975 Maeatas
791 1920 963 1988 sitis;
1000 1920 1240 1988 protulit
1263 1922 1502 1976 Severus
1543 1922 1693 1977 ultra
1724 1923 1826 1977 hos
1858 1921 1997 1975 ﬁnes
2035 1919 2169 1973 valli

533 1998 588 2046 et
617 1991 764 2044 muri
816 2005 970 2046 arma
1004 1990 1271 2045 victricia
1302 2011 1314 2045 :
1350 1999 1404 2047 et
1452 1993 1677 2047 sublata
1720 1994 2008 2049 divisione
2035 1990 2170 2044 valli

530 2061 810 2129 cespititii
841 2062 1013 2132 primi
1041 2062 1458 2132 juxta‘planum
1494 2063 1872 2119 meridianum
1896 2064 2055 2117 ducti
2076 2076 2174 2132 cu-

527 2128 856 2204 jus'contra'
879 2128 1153 2187 barbaros
1173 2128 1315 2188 usus
1334 2134 1530 2189 nullus
1554 2136 1923 2204 imposterum
1950 2139 2070 2187 erat
2090 2130 2174 2186 fu-

536 2212 706 2260 turus
732 2204 987 2258 subactis
1007 2205 1242 2269 Maeatis,
1278 2219 1503 2260 murum
1536 2208 1846 2261 secundum
1877 2211 2175 2258 transver—

532 2291 657 2331 sum
690 2274 941 2334 solidius
980 2276 1260 2329 excitavit
1282 2276 1350 2330 ad
1388 2283 1688 2346 utramque
1724 2276 1933 2331 Oceani
1968 2282 2170 2346 metam

536 2347 670 2417 (qua
716 2346 930 2417 Scotia
954 2354 1254 2414 separatur
1284 2347 1356 2400 ab
1377 2347 1581 2417 Anglia
1598 2345 1894 2416 hodierna)
1915 2345 2177 2417 inclusit-

537 2415 649 2488 que
673 2415 986 2488 Britanniae
1018 2417 1325 2488 provinciae
1361 2415 1572 2485 partem
1604 2420 1905 2488 occiduam
1932 2416 2169 2481 Maeatis,

535 2486 593 2545 et
636 2487 1175 2545 Britualanensibus
1212 2494 1482 2557 tanquam
1534 2491 1739 2543 amicis
1768 2503 1833 2544 ac
1882 2486 2175 2543 fmderatis

534 2561 786 2631 populis,
813 2571 879 2612 ac
902 2557 1133 2631 regibus
1154 2571 1474 2631 concessam
1502 2559 1573 2613 ab
1596 2559 1927 2631 Antoninis,
1947 2563 2004 2612 et
2020 2560 2176 2611 Com-

536 2629 723 2687 modo.
746 2629 961 2683 Posteri
990 2629 1341 2699 Britanniam
1368 2631 1672 2683 secundam
1698 2630 2053 2699 appellavere
2073 2641 2176 2681 oc—

534 2702 764 2756 ciduam
803 2700 995 2765 istam,
1024 2704 1078 2752 et
1104 2698 1255 2753 ultra
1285 2699 1494 2753 vallum
1525 2698 2036 2768 Adriani’positam
2076 2699 2175 2751 in—

533 2771 675 2827 sula:
703 2774 940 2839 partem,
972 2769 1200 2839 quando
1225 2781 1321 2836 per
1341 2782 1539 2823 novam
1566 2772 1987 2837 provinciarum
2015 2769 2171 2823 desi-

538 2838 1005 2912 gnationem‘sub
1032 2839 1408 2912 Constantino
1443 2847 1691 2908 quatuor
1736 2841 1793 2895 in
1825 2847 2012 2909 partes
2039 2839 2172 2912 Bri-

536 2909 735 2967 tannia
772 2909 961 2965 divisa
985 2916 1091 2963 est.
1125 2909 1302 2963 Unica
1325 2915 1508 2963 tamen
1550 2912 1842 2965 Britannia
1877 2911 2170 2979 provincia

533 2990 649 3038 tam
679 2981 787 3037 sub
815 2980 1036 3046 Severo,
1068 2993 1234 3049 quam
1259 2980 1366 3034 sub
1389 2980 1694 3047 Caracalla,
1722 2986 1786 3036 ut
1814 2988 1997 3037 antea.
2031 2993 2172 3034 cen-

534 3053 767 3110 sebatur
782 3051 1066 3121 quidquid
1083 3050 1242 3121 ultra
1261 3050 1500 3105 limitem
1524 3052 1796 3106 Antonini
1813 3052 2170 3121 cespititium

535 3119 932 3193 acquireretur
959 3122 1027 3176 ad
1066 3119 1469 3193 Occidentem:
1511 3123 1632 3176 sive
1656 3124 1871 3177 Mmaiis
1896 3119 2174 3189 subactis,

537 3192 659 3249 sive
677 3192 934 3249 foederati
964 3192 1114 3261 regis
1144 3193 1328 3257 Lucii,
1359 3192 1815 3248 Britualanorum
1848 3193 2059 3247 ﬁnibus
2082 3194 2178 3246 im-

539 3264 815 3335 perantis,
859 3262 1120 3335 devoluta
1167 3262 1235 3316 ad
1280 3263 1561 3335 Romanos
1603 3266 1833 3334 regione
1852 3306 1873 3335 ,7
1917 3263 2180 3335 improlis

542 3332 641 3391 ille
670 3347 799 3390 cum
843 3332 1202 3400 decessisset,
1245 3340 1308 3387 ut
1337 3333 1558 3402 aliquot
1595 3332 2019 3388 ex'Annalibus
2048 3334 2182 3387 Bri-

540 3412 847 3461 tannorum
905 3403 1170 3457 historici
1220 3411 1533 3458 memorant
1577 3418 1751 3472 supra
1807 3406 2069 3459 indicati.
2114 3404 2186 3457 At

538 3475 878 3531 Caledonios
909 3473 1218 3528 Britanniae
1260 3487 1556 3528 accensere
1581 3488 1611 3529 e
1641 3489 1700 3529 re
1739 3488 1841 3529 sua
1875 3488 1984 3529 non
2017 3475 2186 3529 duxit

540 3544 847 3609 Caracalla,
877 3551 1070 3612 utpote
1098 3545 1338 3599 lirmiori
1375 3546 1554 3613 patris
1584 3546 1675 3599 sui
1709 3559 1870 3600 muro
1892 3547 2035 3600 satis
2057 3544 2186 3599 sub-

541 3621 743 3677 motos,
792 3627 893 3669 nec
932 3629 963 3668 a
1014 3616 1414 3683 superioribus
1465 3617 1829 3683 principibus
1879 3617 2185 3671 admodum

543 3687 850 3757 quaesitos;
885 3700 1011 3740 cum
1042 3699 1157 3757 nec,
1177 3686 1384 3741 itinera
1410 3699 1475 3740 eo
1508 3688 1778 3754 perducta
1804 3689 2183 3755 reperiantur,

542 3756 669 3827 quae
696 3756 973 3825 reliquam
1000 3756 1213 3827 insulse
1260 3765 1475 3825 partem
1506 3757 1818 3827 diligenter
1853 3759 2186 3811 metiantur.

615 3829 742 3881 Haec
770 3827 951 3895 igitur
979 3826 1050 3880 de
1078 3834 1231 3880 statu
1267 3827 1573 3895 provinciae
1617 3830 1925 3883 Britanniae
1954 3842 1984 3881 a
2016 3829 2190 3880 Clau—

542 3898 642 3953 dio
672 3900 887 3968 Ctesare
917 3896 1277 3968 adseverum
1323 3901 1755 3968 perstringenda
1780 3913 1903 3953 esse
1927 3898 2092 3961 duxi,
2129 3902 2189 3950 ut

544 3982 611 4022 ex
633 3966 795 4021 civili
826 3966 1240 4020 constitutione
1276 3968 1526 4034 ejusdem
1566 3966 1768 4024 insulae
1796 3968 2185 4024 conﬁrmarem

544 4039 885 4093 documenta
923 4036 1239 4091 Christiani
1285 4041 1498 4101 cultus,
1546 4052 1611 4094 eo
1651 4040 1903 4095 feliciter
1935 4038 2107 4105 illati,
2135 4042 2192 4090 et

547 4109 840 4179 propagati
865 4106 1022 4179 intra
1039 4107 1301 4161 Romanae
1325 4110 1632 4176 provincia:
1656 4111 1793 4165 ﬁnes
1818 4124 1914 4179 per
1941 4112 2188 4177 primum

548 4176 823 4250 sarculum
854 4176 927 4230 ab
958 4178 1520 4250 adventugprincipis
1559 4176 1953 4250 apostolo—rum
1983 4182 2041 4234 in
2084 4193 2191 4233 ur—

549 4248 674 4303 bem
721 4249 977 4320 Romam,
1013 4247 1359 4320 anpliﬁcati
1412 4263 1543 4306 vero
1597 4247 1776 4306 multo
1825 4250 2192 4320 praestantius

550 4317 770 4389 pacatis
789 4318 1142 4389 temporibus
1161 4320 1467 4389 utriusque
1493 4323 1766 4376 Antonini
1793 4317 1897 4389 (Pii
1918 4329 1974 4377 et
2001 4321 2191 4375 Philo-

548 4388 757 4459 sophi).
796 4388 932 4460 dum
984 4390 1193 4460 Lucius
1224 4404 1320 4444 rex
1362 4388 1846 4457 Britualanorum,
1891 4400 2052 4447 ortus
2098 4404 2191 4460 pa-

547 4458 868 4520 rente’rege
890 4458 1096 4513 Corllio
1128 4460 1397 4515 Romanis
1420 4464 1793 4525 amicissimo,
1827 4477 1891 4518 ac
1920 4464 1976 4517 in
1997 4458 2193 4518 eorum

550 4530 662 4586 ﬁde
708 4543 820 4603 pra:
862 4531 1089 4603 caneris
1130 4532 1621 4603 constantissimo,
1676 4534 1984 4589 Eleutherii
2039 4547 2194 4603 papae

551 4608 735 4664 aetate,
767 4601 836 4655 de
867 4614 978 4673 qua
1003 4601 1248 4670 agimus,
1277 4601 1348 4656 ab
1377 4604 1569 4658 eodem
1617 4605 1883 4673 pontiﬁce
1916 4601 2195 4673 impetra—

551 4673 655 4737 vit,
690 4677 752 4726 ut
779 4683 876 4746 per
904 4672 1138 4746 idoneos
1168 4673 1321 4746 viros
1350 4675 1520 4746 Roma
1552 4672 1923 4731 transmissos
1951 4672 2081 4746 (non
2105 4689 2195 4730 se-

550 4757 656 4814 cus
692 4756 759 4796 ac
800 4741 940 4797 olim
990 4743 1329 4798 Antiocheni
1362 4744 1433 4798 ab
1461 4747 1759 4814 apostolis,
1792 4755 1847 4801 et
1887 4741 1965 4801 ab
1990 4748 2194 4801 Hiero—

552 4813 893 4883 solymitana
921 4814 1194 4889 Ecclesia,
1224 4822 1360 4889 tunc
1389 4813 1717 4889 ceterarum
1763 4818 2052 4889 magistra,
2081 4818 2193 4889 do-

552 4891 739 4958 ctores
767 4883 1120 4958 acceperant)
1152 4885 1405 4958 Britanni
1458 4888 1710 4958 regionis
1740 4883 1880 4943 sua?
1906 4888 2193 4958 mysteriis

554 4955 685 5011 ﬁdei
716 4961 923 5009 nostra:
952 4954 1180 5022 plenius
1211 4954 1622 5013 inibuerentUr.
1658 4957 1891 5015 Ostendi
1934 4954 2193 5013 facilita-

553 5034 665 5081 tem
697 5025 999 5097 maximam
1025 5039 1058 5080 a
1099 5025 1339 5081 Claudio
1367 5028 1435 5081 ad
1466 5030 1727 5083 Severum
1773 5044 1993 5097 semper
2023 5042 2193 5097 para-

554 5104 668 5152 tam
697 5096 852 5149 ultro
890 5096 1155 5166 citroque
1186 5097 1450 5152 mittendi
1478 5099 1548 5153 ab
1576 5099 1719 5154 Urbe
1752 5100 1809 5154 in
1837 5096 2190 5154 Britanniam

554 5171 838 5239 quotquot
895 5167 1534 5239 Bvangeliiprmcones
1586 5171 1871 5226 Romanus
1939 5168 2194 5239 pontifex

555 5236 873 5311 statuisset,
924 5236 980 5290 in
1014 5236 1372 5311 quotidianis
1404 5238 1853 5307 profectionibus
1886 5236 2195 5311 magistra—

554 5314 717 5361 tuum
748 5308 817 5362 ad
845 5320 980 5381 eam
1001 5309 1347 5375 provinciam
1390 5312 1707 5380 regendam,
1740 5318 1795 5366 et
1819 5308 2103 5381 legionum
2134 5312 2192 5365 in

553 5378 1095 5451 transvectionibus,
1126 5383 1334 5447 passim
1354 5378 1677 5436 memoratis
1704 5382 1809 5437 sub
1835 5378 2193 5451 principibus

557 5453 868 5521 utrumque
893 5450 999 5505 hoc
1022 5450 1293 5505 saeculum
1316 5465 1421 5505 suo
1450 5453 1688 5521 imperio
1709 5450 1974 5507 emensis.
1996 5450 2196 5508 Obser-

556 5518 704 5583 vavi,
759 5518 1008 5594 legionis
1066 5522 1316 5594 integras
1365 5518 1582 5594 Christi
1648 5524 1876 5578 Domini
1956 5524 2195 5594 ejusque

555 5587 943 5661 apostolorum
971 5591 1148 5659 gestis
1174 5587 1231 5645 in
1251 5592 1413 5661 Syria
1446 5600 1765 5661 praesentes,
1789 5596 1921 5649 inde
1941 5587 2196 5649 transla—

556 5657 1117 5733 ta_s_in_Britanniam
1157 5661 1267 5715 sub
1290 5657 1460 5728 'Caio,
1504 5672 1559 5718 et
1587 5665 1846 5733 Claudio,
1884 5679 1994 5721 non
2029 5665 2193 5721 modo

549 5725 865 5782 adduxisse
888 5728 1169 5798 ingentem
1189 5725 1488 5787 numerum
1510 5735 1741 5789 testium
1761 5725 1951 5791 rerum
1969 5747 2192 5804 earum,

1761 239 2127 297 ANASTASII
2163 236 2704 295 BIBLIOTHECARII

3693 249 3790 307 42η

2284 378 2407 434 quae
2440 378 2498 418 in
2530 375 2696 419 nonis
2732 375 3023 432 completa
3063 375 3259 429 essent,
3291 375 3379 421 sed
3416 375 3561 421 etiam
3590 375 3791 439 quasdam

2284 436 2535 503 ipsarum
2561 436 2616 489 in
2641 436 3042 489 Veteranorum
3067 435 3299 490 coloniis
3313 436 3499 492 stabile
3516 440 3792 498 domicilium

2281 506 2502 574 aperire
2534 506 2787 574 potuisse
2812 505 3385 573 commanipularibus
3401 510 3615 565 Cornelii
3641 513 3795 569 Centu-

2282 576 2487 643 rionis,
2530 582 2631 630 aut
2686 575 2844 630 Pauli
2891 575 3153 648 apostoli,
3181 577 3246 630 ad
3280 577 3426 648 fidem
3472 579 3521 633 in
3556 582 3703 648 Syria,
3734 592 3796 639 aut

2280 648 2466 701 Romze
2507 648 2820 717 conversis,
2865 646 3117 717 adeoque
3160 654 3215 700 et
3245 647 3519 717 religionis
3540 646 3798 707 Christiane

2279 718 2497 772 cultum
2522 715 2733 784 fovere,
2756 730 2820 771 ac
2840 715 3103 781 dilatare,
3127 723 3244 771 tum
3270 715 3407 773 inter
3422 726 3622 775 caeteros
3634 724 3800 779 colonos

2279 796 2399 843 tum
2435 789 2586 843 inter
2618 787 3243 858 proximosinsulares.
3272 790 3449 858 Neque
3491 791 3797 847 ministrorum

2280 872 2570 913 sacrorum
2603 864 2822 926 c0piam
2876 856 2997 912 illis
3025 856 3291 922 defuisse,
3322 856 3435 928 quae
3473 874 3501 914 a
3530 863 3799 929 providentia

2282 931 2544 984 Romana:
2564 930 2720 983 sedis
2763 928 3092 983 antistitum
3126 929 3263 984 illuc
3287 928 3609 1001 ablegaretur
3631 947 3709 1001 pro
3731 948 3799 988 va-

2282 1001 2370 1055 ria
2416 1007 2733 1071 temporum
2766 1000 3214 1068 opportunitate,
3246 1000 3435 1069 collegi
3477 1014 3536 1055 ex
3573 1000 3699 1071 praxi
3731 1018 3801 1057 non

2280 1070 2593 1125 dissimilis
2614 1071 2954 1139 diligentiae,
2991 1072 3047 1123 in
3077 1071 3347 1138 proximis
3369 1073 3642 1139 provinciis
3656 1073 3804 1128 Gallia~

2284 1149 2500 1213 rumiet
2526 1142 2953 1208 Hispaniarum,
2984 1142 3340 1209 disponentis
3360 1143 3606 1213 gradatim
3626 1158 3805 1198 conven-

2283 1221 2379 1267 tus
2410 1212 2663 1266 ﬁdelium
2718 1225 2815 1280 per
2853 1215 3154 1281 episcopos
3200 1214 3462 1282 gentium.
3508 1227 3593 1267 seu
3634 1215 3806 1267 vicarios

2282 1283 2650 1349 apostolicos.
2682 1290 2737 1337 et
2777 1297 2873 1351 per
2918 1282 3274 1352 presbyteros
3302 1297 3363 1337 ac
3398 1284 3627 1338 doctores
3655 1285 3708 1338 ad
3737 1299 3807 1337 an-

2285 1354 2666 1408 nuntiandum
2695 1355 2801 1407 Eva
2814 1353 3065 1422 ngelium
3088 1353 3228 1407 illuc
3252 1354 3476 1419 missos;
3497 1355 3649 1408 donec
3670 1368 3810 1422 oppor-

2283 1426 2505 1478 tunitas
2530 1437 2651 1479 sese
2680 1423 2906 1478 offerret
2930 1424 3321 1479 constituendi
3348 1430 3516 1479 certos
3537 1425 3809 1493 episcOpatus

2288 1497 2346 1549 in
2392 1495 2698 1563 praecipuis
2732 1495 3042 1562 provinciae
3081 1495 3314 1563 oppidis
3341 1500 3434 1549 aut
3473 1495 3806 1563 metropolibus,

2283 1572 2383 1620 aut
2428 1565 2674 1620 coloniis
2728 1566 2999 1620 Romanis
3041 1565 3098 1619 in
3129 1578 3250 1620 eam
3297 1565 3558 1620 deductis.
3604 1567 3685 1617 Par
3705 1565 3807 1618 enim

2281 1635 2595 1705 disciplina
2619 1635 2849 1690 videtur
2872 1649 2903 1689 a
2921 1638 3110 1690 Marco
3136 1637 3468 1704 evangelista
3488 1635 3613 1689 Petri
3632 1635 3810 1702 discipu-

2203 1724 2256 1783 B
2284 1707 2338 1783 lo
2391 1709 2448 1761 in
2502 1707 2950 1783 patriarchatum
2994 1706 3438 1761 Alexandrinum
3479 1707 3694 1783 invecta;
3726 1718 3809 1759 cum

2281 1780 2407 1846 ejus
2434 1790 2790 1832 successores
2816 1776 3143 1845 ablegarent
3195 1790 3303 1831 non
3334 1777 3492 1831 semel
3527 1778 3749 1837 doctores,
3770 1787 3809 1846 ac

2284 1845 2639 1918 presbyteros
2655 1847 2721 1901 ad
2749 1849 3128 1902 remotissima
3154 1854 3425 1901 terrarum
3443 1848 3621 1916 spatia,
3641 1845 3812 1916 roganti-

2282 1920 2390 1975 bus
2412 1919 2707 1973 nationum
2735 1918 2956 1987 legatis,
2979 1925 3043 1973 ut
3061 1919 3353 1973 Christum
3375 1918 3736 1987 annuntiareni,
3754 1928 3808 1967 an

2282 1997 2507 2065 tequam
2539 1994 2705 2065 certae
2730 1986 2890 2065 sedes
2919 1988 3273 2065 episcopales
3300 1986 3701 2065 ibidemfundari
3726 1999 3813 2065 pos-

2282 2057 2425 2116 sent.
2470 2063 2549 2115 lta
2580 2062 2900 2114 Demetrius
2944 2057 3367 2115 Alexandrinus
3406 2059 3635 2123 antistes,
3676 2057 3815 2125 legatis

2282 2130 2664 2203 Orientalium
2690 2131 3049 2203 rogantibus,
3076 2134 3397 2203 Pantaenum
3417 2128 3817 2203 concessitlutref

2286 2202 2393 2257 fert
2421 2202 2473 2257 S.
2503 2201 2875 2271 Hieronymus
2899 2201 2969 2257 de
2989 2202 3209 2269 Script.
3241 2200 3632 2265 ecclesiasticis)
3648 2199 3742 2271 ejus
3763 2199 3815 2249 rei

2284 2288 2417 2344 ergo
2438 2273 2506 2327 ad
2534 2274 2700 2344 Indos
2711 2268 2908 2341 usque
2934 2268 3275 2344 profectum.
3302 2272 3449 2344 Quin
3470 2279 3520 2326 et
3547 2268 3817 2344 Antiocheni;

2286 2337 2552 2399 Ecclesiae
2622 2337 2882 2398 fundat'io
2935 2337 3025 2398 ita
3088 2337 3371 2413 gradatim
3424 2346 3734 2413 processerat
3771 2337 3814 2389 ad

2285 2414 2606 2482 exemplum
2639 2421 2991 2479 exterarum,
3043 2408 3117 2469 ut'
3154 2414 3399 2483 primum
3424 2408 3627 2468 'fratres
3657 2408 3820 2464 ludao—

2289 2500 2409 2560 r_um
2444 2484 3123 2560 persecutionedispersi
3137 2499 3205 2560 eo
3232 2484 3588 2560 deferrentur,
3609 2490 3655 2560 et
3670 2490 3822 2560 annun-

2287 2551 2499 2631 tiarent
2521 2555 2813 2631 Christum
2833 2551 3024 2610 Jesum
3050 2574 3065 2623 ;
3093 2555 3304 2611 deinde
3332 2554 3589 2631 Barnabas
3605 2551 3664 2631 ab
3683 2551 3821 2631 Riero:

2285 2626 2521 2695 solymis
2533 2639 2597 2681 eo
2613 2627 2953 2693 mitteretur,
2970 2632 3355 2681 etassumeret
3369 2625 3581 2680 Paulum
3594 2622 3821 2695 ministerii

2285 2691 2537 2766 socium;
2591 2696 2841 2766 denique
2883 2691 3149 2766 princeps
3189 2697 3558 2766 apostolorum
3584 2691 3821 2747 cathedram

2282 2769 2648 2836 episcopatus
2693 2768 2750 2821 in
2785 2780 2848 2821 ea
2896 2768 3194 2835 metropoli
3237 2767 3483 2823 Orientis
3518 2767 3823 2836 erigeret,_se-_

2283 2831 2519 2908 ptennio
2566 2839 2786 2904 integro
2832 2851 2930 2905 per
2960 2852 3019 2892 se
3069 2831 3515 2900 administraret,
3561 2831 3629 2908 ac
3651 2831 3823 2908 traderet

2280 2899 2503 2964 tandem
2522 2899 2784 2963 Euhodio
2803 2899 3042 2978 ejusque
3058 2908 3481 2964 successoribus
3502 2899 3822 2976 possidendam.

2350 3007 2487 3060 Cum
2541 3019 2672 3059 vero
2729 3010 2921 3073 pacata
2973 3006 3284 3074 provinciae
3330 3010 3581 3074 tempora,
3621 2996 3825 3074 utpluri-

2204 3079 2252 3138 C
2286 3090 2439 3132 mum
2466 3068 2896 3130 attenderentur
2925 3068 2992 3147 ad
3041 3077 3270 3147 sedium
3315 3068 3826 3147 episcopaliumdesi-

2288 3148 2633 3219 gnationem,
2659 3153 2719 3200 ut
2747 3145 3075 3219 certiﬁnes,
3102 3159 3206 3202 nec
3234 3139 3399 3201 facile
3426 3139 3728 3219 permutandi
3749 3148 3828 3214 pot

2290 3215 2416 3273 sent
2441 3218 2755 3286 unicuique
2780 3218 3046 3285 attribui,
3073 3222 3128 3271 et
3153 3231 3190 3272 a
3212 3215 3617 3286 successoribus
3636 3215 3825 3286 retineri:

2297 3290 2430 3343 hinc
2456 3294 2577 3342 erat
2598 3283 2952 3356 consequens
2976 3283 3042 3342 ut
3064 3289 3275 3342 ea‘dem
3308 3288 3573 3357 praecipue
3594 3283 3834 3357 ﬁgereuluti

2298 3360 2397 3414 ubi
2427 3352 2804 3413 Romanorum
2823 3358 3084 3424 coloniae,
3112 3366 3218 3413 aut
3242 3352 3520 3428 praesidia,
3538 3364 3590 3409 et
3612 3352 3837 3428 exercitus,

2296 3438 2396 3484 aut
2424 3442 2616 3501 regum
2650 3429 2935 3482 sociorum
2968 3421 3152 3495 sedes,
3183 3421 3529 3498 et’emporia,
3551 3431 3599 3481 et
3625 3421 3833 3501 regiona?!

2300 3490 2639 3567 metropoles
2679 3506 2867 3553 essent
2910 3490 3269 3565 constitutae,
3304 3490 3523 3569 diuque
3552 3490 3838 3569 perstitissent

2298 3572 2472 3625 certis
2486 3563 2796 3640 foederibus
2812 3582 2877 3622 ac
2901 3583 3033 3638 pace
3052 3572 3401 3640 compositae.
3424 3563 3620 3624 idcirco
3636 3569 3679 3618 et
3693 3563 3837 3640 Britan-

2300 3643 2419 3706 nia,
2452 3641 2603 3694 unde
2634 3631 2915 3706 profectos
2946 3631 3214 3696 novimus
3239 3649 3356 3696 tres
3384 3641 3652 3709 episcopos
3674 3631 3724 3685 ad
3745 3638 3838 3709 oon:

2299 3711 2509 3784 cilium
2527 3710 2855 3784 Arelatense
2885 3724 3035 3765 anno
3074 3709 3182 3766 314
3223 3706 3637 3781 antiquissimos
3657 3706 3834 3784 omnium

2302 3781 2463 3836 illius
2498 3781 2702 3835 insulae
2732 3795 2976 3850 quorum
3000 3785 3278 3838 memoria
3307 3767 3458 3837 certa
3485 3767 3831 3851 supersittliboj

2303 3865 2611 3909 racensem.
2646 3837 3081 3917 Lon'dinensem,
3113 3861 3169 3907 et
3195 3854 3437 3909 coloniae
3469 3837 3636 3911 Lin'di,
3662 3837 3840 3917 unius}?!

2300 3906 2551 3991 ejusdem
2574 3906 2885 3994 provinciae
2911 3906 3320 3978 ecclesiasticae
3336 3906 3476 3978 illos
3500 3906 3839 3994 concamerata}

2299 3988 2470 4048 etiam
2500 3988 2607 4047 sub
2622 3994 2998 4048 Constantino
3018 3996 3193 4064 (utex
3226 3997 3479 4064 ipsorum
3504 3988 3841 4064 subscripuf’ﬂ';

2302 4067 2409 4139 bus
2434 4065 2879 4139 con_sta_t),_quod
2913 4054 3075 4120 sedes
3106 4054 3396 4139 praedicta:
3418 4066 3527 4132 jam
3555 4054 3842 4139 εξεθηῑρξιξςξί

2305 4138 2362 4190 in
2385 4122 2947 4205 provincia'Romana
2979 4122 3193 4204 paea-tis
3219 4136 3343 4195 illis
3367 4122 3688 4206 temporibus
3701 4122 3845 4206 etilli“

2304 4196 2461 4273 tutae,
2488 4220 2614 4275 qua:
2630 4208 2696 4261 ad
2718 4213 2936 4261 aetatem
2966 4196 3285 4278 Eleutherii
3315 4196 3844 4278 papte,'A_ntouinofgl}13

2300 4286 2357 4334 et
2386 4267 2548 4332 Lucii
2582 4280 2731 4348 regis
2775 4277 3150 4346 pertinebant.
3199 4267 3845 4348 Prsa'tertu'r‘liboraoellsjﬁi

2302 4330 2371 4404 ei.
2384 4330 2463 4402 .1."
2480 4330 2857 4417 Spartianus
2883 4330 2985 4418 per
2998 4330 3445 4421 ‘aiaeuemm
3473 4330 3847 4421 civitalqﬂljfff:

2303 4394 2619 4474 ἕδῖνωῖιῖἧὲ
2637 4394 2994 4489 ἴῶἓῖὗοῆἶιέ
3020 4394 3660 4489 eaaie'aaaai'aa‘aocu
3682 4394 3847 4489 (attigi)?

2309 4506 2431 4564 pag.
2452 4489 2520 4545 20
2545 4490 2823 4564 observat)
2856 4477 2999 4544 hanc
3016 4490 3195 4545 totius
3228 4489 3434 4544 insulae
3460 4485 3623 4564 fuisse
3642 4477 3845 4564 lustrali};

2307 4550 2409 4617 lim
2434 4580 2448 4629 ;
2476 4563 2633 4629 cujus
2660 4563 2737 4613 rei
2766 4550 3148 4627 argumentum
3177 4564 3342 4613 etiam
3373 4550 3835 4630 capio,inqtl.i,l~

2306 4617 2555 4702 tempore.
2587 4617 2931 4685 Constantini
2970 4632 3156 4702 Magni
3174 4617 3849 4702 pideamitﬁ'rgctumﬂfflf’lg‘

2307 4676 3154 4772 3.1539210;“augustas;
3170 4676 3590 4772 summa
3642 4676 3850 4772 Ρξξιξιῇζι·

2302 4823 2892 4917 exegissem};
2911 4823 3330 4917 _'.'._is;._iaa1a
3355 4823 3368 4825 '
3389 4823 3686 4917 obtinuisse
3712 4823 3839 4917 3:035

2304 4915 2666 4970 itinerarium
2715 4900 2990 4968 Antonini
3052 4913 3442 4985 Britannicum
3491 4906 3684 4985 itinerg

2302 4967 2668 5041 ﬁrmam
2706 4967 2912 5040 Lucio
2950 4984 3359 5057 Visvicraix
3388 4980 3543 5057 MLP.
3578 4967 3854 5057 ijﬁiﬂ'

2305 5037 2381 5111 i—m
2391 5037 2668 5182 pégigrié
2690 5037 2825 5111 {diri
2835 5037 2961 5111 mus
2976 5037 3010 5109 a
3026 5037 3222 5111 Golz’io
3244 5051 3557 5108 recensitus
3577 5047 3629 5099 in
3645 5037 3858 5094 Thesaur0

2305 5142 2429 5182 nae.
2572 5163 2587 5177 .

2302 5142 2429 5198 pag.
2461 5142 2587 5182 τόν.
3564 5206 3573 5207 7
3701 5196 3710 5207 ,

2369 5196 2921 5270 ἁοι.·ΕΒοειΑ(;νΜ
2947 5215 3099 5269 LEG.
3131 5213 3204 5267 NI
3226 5208 3527 5267 VICTRIX.
3557 5196 3859 5270 inscriptis):-

2302 5265 2679 5376 {alltc—i993!"
2691 5265 3374 5376 ἐέᾖίῖἧὲιξίέξιξιξξίὲτ
3388 5290 3559 5376 9231'}.
3576 5265 3861 5376 Ἓξξῖξξῗὲἒῖἲ

2300 5336 2580 5412 Cambden
2590 5336 2679 5424 iis“;
2699 5336 2752 5410 et
2766 5336 3091 5411 aucti—orem
3108 5336 3187 5409 in
3207 5336 3377 5408 tertio
3406 5336 3563 5402 versu
3587 5339 3748 5398 edidit
3762 5336 3861 5413 uale

2309 5442 2413 5450 --.ι-
2493 5426 2555 5450 ωι.
2617 5427 2861 5450 “unus”
2927 5429 2974 5450 ιι
3071 5420 3523 5450 urnnanvmit'u
3582 5391 3861 5450 mMENEl

2309 5403 2580 5497 55;."21'
2593 5403 2809 5483 “eam
2821 5403 3523 5482 fi"ii:"'vs'aiicmni
3580 5403 3793 5469 DlOGEN

2306 5505 2445 5580 ιῑῑιι
2507 5525 2717 5578 VlRum
2769 5523 3050 5579 COLonize
3115 5518 3554 5577 EBOR.\Censis.
3620 5504 3867 5580 Ρειξνίῐιιιξξ

2307 5574 2533 5666 imperii
2554 5574 2728 5650 iraa:
2777 5574 2928 5664 55g?
2942 5574 3073 5648 92713.
3115 5574 3339 5647 ῐὸιὸηια
3352 5590 3682 5666 ηΕροι-ςιοιιιιξ,Δ
3691 5574 3866 5666 fagina

2311 5641 2542 5729 ﬁam;
2755 5641 2900 5734 q'iili"
2942 5641 3553 5734 ἱιὲἇιὲῶεέέὶέζξοοιρηίᾳ
3620 5641 3867 5734 Ιέρξιιέξηλῗ

2304 5716 2377 5792 de
2386 5716 2542 5806 Qui
2559 5716 2782 5791 Tacitus
2795 5716 2931 5790 libro
2942 5716 3117 5792 iiii};
3130 5716 3414 5803 Sequitur
3439 5716 3700 5783 Ptolomaei
3726 5716 3870 5766 fano‘

2201 365 2260 424 A
2282 378 2407 434 quae
2440 364 2498 418 in
2530 364 2696 419 nobis
2732 361 3023 432 completae
3063 368 3259 429 essent,
3291 365 3379 421 sed
3416 366 3561 421 etiam

2224 4452 2278 4513 D

3900 322 3915 349 ιι
