4052 6178
268 294 408 355 4273

1043 298 1358 355 HISTORIA
1399 300 1489 355 DE
1527 300 1703 355 VITIS
1747 297 1913 354 ROM.
1951 296 2150 354 PONT.
2191 327 2266 338 —
2300 298 2356 352 S.
2404 298 2889 354 ELEUTHERIUS.

3536 295 3675 354 4274

267 435 392 476 nem
413 421 644 477 urbium
674 421 991 489 insignium
1022 423 1467 493 castigatissime
1497 436 1678 492 nuper
1694 422 1911 478 editum
1936 420 1993 478 A
2028 421 2291 493 Adriani.
2342 423 2482 476 Nam
2537 422 2844 492 inscriptio
2875 426 3096 491 reperta
3150 421 3209 475 in
3251 419 3374 493 foro
3400 422 3673 493 Romano,

264 506 297 545 a
340 494 402 547 V.
429 493 485 546 C.
521 493 679 547 Joan.
708 493 938 548 Hudson
961 501 1111 548 torno
1136 495 1207 548 ιιι
1234 494 1585 559 Scriptorum
1623 495 1911 549 minorum

260 563 474 645 veteris
504 563 880 633 geographia,
914 564 1010 619 ubi
1031 564 1342 620 Eboracum
1374 564 1675 635 prafertur
1712 563 1915 619 Londi-

268 647 387 689 nio.

334 706 413 759 De
445 703 687 759 Londini
716 704 1066 775 originibus,
1094 709 1150 760 et
1180 706 1530 762 incremento
1559 712 1685 775 post
1711 706 1911 761 Roma-

260 787 471 831 norum
513 774 832 833 ingressum
865 776 1054 831 serius
1082 777 1383 832 statuendo
1411 778 1531 832 hac
1565 778 1729 833 habet
1774 774 1911 830 Gale

264 859 393 915 pag.
421 842 491 900 64
519 864 531 899 :
564 842 685 899 1am
724 849 958 900 incertus
999 847 1169 916 plane
1217 848 1410 910 haereo,
1460 852 1540 902 ita
1582 864 1665 901 me
1706 849 1908 902 veritas

260 921 424 982 amet,
466 919 555 970 cui
596 919 699 970 via
743 920 1015 981 insistam,
1044 923 1106 971 ut
1132 919 1440 972 Londinum
1491 921 1787 973 inueniam.
1844 918 1910 971 Et

264 993 567 1056 postquam
584 988 862 1042 indicavit
880 988 1221 1043 Londinium
1244 989 1301 1043 in
1318 990 1539 1045 Cantiis
1558 1004 1589 1044 a
1611 990 1907 1046 Ptolemao

259 1058 533 1131 collocari
566 1075 581 1112 :
617 1060 781 1131 «‘Nec
809 1065 1130 1131 promptum
1152 1061 1507 1124 estcredere,
1546 1062 1760 1131 inquit,
1789 1062 1908 1131 Pto-

260 1129 523 1201 lemaum
544 1128 856 1201 oscitanter
878 1130 988 1201 ista
1009 1129 1337 1199 scripsisse,
1366 1133 1465 1201 qui
1499 1128 1782 1187 Marinum
1811 1130 1911 1201 Ty_-

259 1199 419 1254 rium
450 1199 518 1253 de
550 1199 667 1253 situ
708 1200 996 1270 Neomagi,
1030 1206 1084 1254 et
1109 1199 1513 1257 Londinii'tam
1544 1207 1810 1258 accurate
1838 1199 1908 1254 ad

257 1282 493 1342 examen
513 1270 811 1342 vocaverit.
843 1270 1218 1342 Expedienda
1247 1273 1420 1342 hujus
1440 1272 1800 1328 difﬁcultatis
1828 1283 1912 1324 ra-

263 1341 480 1413 tionem
503 1340 876 1413 aliamplane
898 1340 1123 1413 nullam
1152 1340 1337 1409 video,
1382 1357 1551 1413 quam
1585 1348 1648 1397 ut
1684 1342 1909 1413 credam

255 1411 551 1465 cunabula
577 1409 740 1465 urbis
762 1412 1031 1466 Londinii
1050 1412 1164 1481 (cui
1186 1409 1598 1468 nuncsi'milem
1618 1412 1777 1467 orbis
1798 1424 1909 1466 non

260 1480 453 1551 habet)
484 1481 663 1550 quari
699 1489 958 1553 oportere
994 1480 1331 1538 in’statione
1373 1484 1570 1553 aliqua
1625 1484 1913 1553 Romano-7

256 1565 411 1613 rum,
461 1565 629 1621 quam
674 1552 743 1606 ad
792 1552 1217 1607 meridionalem
1259 1552 1551 1609 ThameSis
1592 1555 1796 1622 ripam,
1841 1552 1910 1606 ad

257 1622 650 1694 subditorum,
695 1622 932 1677 tutelam
976 1632 1195 1678 mature
1233 1624 1608 1687 collocabant,
1655 1623 1916 1694 expulsis

256 1693 588 1765 indeprius
614 1693 927 1765 Britannis,
951 1695 1075 1749 Hac
1096 1696 1268 1750 statio
1298 1697 1613 1765 indaganda
1633 1702 1718 1751 est
1735 1693 1916 1750 nobis

256 1763 335 1847 ad
363 1763 535 1847 viam
562 1764 910 1847 militarem]
940 1765 1095 1847 lianc
1126 1765 1295 1847 paulo
1319 1763 1459 1847 ante
1490 1765 1916 1847 ostendinu‘ltra
1947 1788 1998 1847 Β

256 1834 833 1906 Westmonasterium
895 1834 983 1906 (ad
1031 1838 1328 1903 trajectum
1368 1837 1666 1891 Thamesis
1693 1837 1913 1891 dictum

262 1904 367 1977 the
390 1906 777 1977 HorsevFerry)
810 1904 910 1974 per
936 1907 1159 1977 Regnos
1182 1906 1444 1962 Cantium
1492 1908 1841 1962 subintrare.
1885 1923 1911 1953 »

254 1973 452 2048 Refert
508 1975 677 2044 plura
728 1973 1101 2046 antiquitatis
1130 1979 1370 2048 vestigia
1406 1976 1615 2048 ibidem
1669 1982 1908 2048 reperta,

258 2045 442 2100 multa
486 2045 1468 2116 Romanorumnumismata,'opera
1501 2045 1809 2112 tessellata,
1840 2047 1913 2100 la-

251 2122 429 2189 teres,
449 2117 865 2189 ruderaiAddit
885 2122 1073 2172 castru
1085 2132 1134 2171 tn
1151 2118 1503 2189 Cyningston,
1527 2120 1694 2189 vulgo
1705 2120 1911 2172 Kinton

256 2185 476 2267 ibidem
499 2186 716 2267 haberi,
736 2187 836 2267 ubi
856 2188 1365 2267 carcerespublici,
1390 2185 1906 2267 adiﬁcia'publica.

255 2257 533 2326 piscaria,
571 2258 875 2324 vivarium,
905 2264 960 2311 et
1002 2272 1321 2315 concursus
1352 2261 1528 2315 trium
1574 2257 1908 2315 semitarum

254 2327 606 2402 militarium
637 2342 667 2381 a
717 2328 1080 2402 Durobrivis,
1112 2331 1417 2402 Neomago,
1467 2338 1522 2385 et
1559 2330 1912 2387 Sulloniacis

254 2398 500 2453 stationi
533 2405 913 2467 opportunam
940 2401 1149 2465 sedem,
1175 2408 1231 2455 et
1256 2398 1527 2457 Romanis
1556 2402 1768 2456 cultam
1798 2413 1911 2470 pra

253 2469 482 2523 cateris
509 2470 785 2524 indicant.
828 2471 888 2523 In
921 2483 984 2524 ea
1029 2471 1210 2540 igitur
1233 2481 1319 2526 est
1353 2474 1658 2529 sententia.
1691 2480 1755 2526 ut
1779 2469 1912 2526 cre—

249 2539 375 2608 dat,
408 2539 616 2594 Aulum
656 2540 939 2595 Plautium
967 2539 1260 2608 pratorem
1306 2542 1398 2597 hic
1428 2542 1759 2598 subsedisse
1781 2554 1911 2596 cum

252 2612 515 2682 exercitu
542 2610 796 2682 Romano
822 2611 890 2665 ad
941 2611 1178 2682 ﬂuvium
1206 2612 1551 2682 Thamesim,
1578 2615 1758 2669 donec
1804 2612 1915 2667 ad—

251 2680 475 2735 volaret
496 2680 774 2736 Claudius
801 2682 1109 2751 imperator
1133 2681 1203 2736 ab
1228 2682 1351 2751 ipso
1386 2680 1608 2739 accitus
1638 2702 1650 2737 :
1684 2703 1711 2735 α
1744 2682 1913 2737 Clau-

254 2752 400 2822 dius
426 2753 769 2806 transmittit
799 2752 855 2806 in
879 2753 1255 2818 Britanniam,
1289 2755 1371 2808 ait
1397 2756 1523 2822 Dio,
1552 2754 1689 2809 etad
1717 2754 1915 2822 c0pias

254 2834 323 2876 se
342 2821 757 2897 adAThamesim
777 2830 1171 2897 exspectantes
1190 2821 1915 2897 perrexit,itransgreSSus-

257 2906 374 2961 que
397 2892 621 2948 ﬂumem
662 2908 788 2948 cum
824 2895 1116 2948 Britannis
1141 2892 1434 2961 comlixit,
1462 2892 1911 2953 Camalodunum

252 2963 473 3032 regiam
512 2963 835 3019 Cinobelini
862 2965 1032 3034 cepit,
1063 2983 1089 3014 ››
1113 2969 1222 3019 etc.

336 3028 363 3083 ἃ
409 3035 538 3088 Post
574 3035 729 3089 illam
761 3035 831 3089 de
872 3028 1325 3091 Trinobantibus
1355 3037 1654 3093 victoriam
1687 3028 1913 3101 (subdit

257 3102 422 3171 Gale)
468 3105 703 3159 Romani
737 3105 992 3169 castella,
1024 3112 1081 3160 et
1121 3107 1389 3174 prasidia
1424 3108 1576 3163 ultra
1607 3109 1911 3163 Thamesin

257 3175 686 3240 promovebant,
714 3176 1107 3245 paulatimque
1136 3178 1437 3232 Britannos
1457 3192 1655 3234 versus
1676 3181 1909 3235 Boream

250 3246 685 3318 protrudebant.
708 3248 791 3318 Ex
818 3247 923 3302 hoc
951 3247 1246 3312 interiora,
1300 3254 1633 3318 tanquamin
1673 3256 1796 3304 tuto
1815 3261 1910 3301 ne-

298 3314 421 3383 ligi.
439 3316 675 3371 Colonia
692 3317 1141 3373 Camalodunum
1161 3314 1486 3385 deducitur,
1517 3319 1904 3375 Verulamium

285 3386 562 3454 lunicipii
592 3388 820 3441 nomine
853 3389 1189 3458 insignitur,
1225 3403 1353 3443 mox
1386 3390 1734 3445 Londinium
1759 3396 1910 3443 tem-

252 3468 393 3524 pore
416 3458 660 3511 Neronis
676 3472 706 3511 e
734 3458 983 3513 tenebris
1003 3460 1264 3530 emergit.
1298 3460 1465 3528 Copia
1484 3464 1900 3526 negotiatorum,

250 3530 309 3579 et
336 3532 723 3600 commeatuum
745 3531 978 3582 maxime
994 3531 1195 3600 celebre
1222 3530 1327 3600 (ait
1354 3532 1587 3586 Tacitus
1630 3530 1731 3585 lib.
1770 3531 1903 3599 xiv),

252 3599 511 3670 nondum
531 3598 782 3670 colonia,
812 3600 906 3654 sed
935 3598 1267 3667 praefectura
1298 3618 1310 3653 :
1340 3603 1789 3670 pratoriumque
1815 3600 1907 3654 ha-

255 3666 458 3740 buisse
487 3669 716 3740 videtur
744 3666 809 3724 eo
836 3671 893 3723 in
926 3666 1073 3739 vico,
1103 3670 1201 3724 ubi
1234 3666 1381 3740 lapis
1423 3670 1520 3726 ille
1539 3666 1901 3737 notissimus,

250 3737 378 3811 _s_i_ve
397 3737 762 3811 milliarium,
797 3743 915 3794 sive
945 3737 1210 3811 columna
1240 3737 1597 3796 Mercurialis
1630 3743 1687 3797 in
1719 3742 1906 3811 capite

248 3806 433 3874 Flori,
466 3822 563 3877 per
595 3810 771 3864 multa
794 3811 958 3865 urbis
979 3810 1145 3879 facta,
1170 3817 1225 3865 et
1246 3811 1602 3868 calamitates
1617 3806 1906 3868 eluctatus

250 3885 362 3941 est,
397 3885 451 3934 et
506 3880 823 3935 immobilis
865 3894 1086 3950 semper
1140 3882 1392 3951 perstitit
1446 3890 1716 3955 tanquam
1764 3884 1908 3938 deus

248 3949 638 4001 Terminus.»

302 3964 585 4005 ermlnus.
612 3969 638 4000 J)

326 4022 575 4090 Apparet
601 4022 862 4091 igiturex
879 4022 1137 4077 recitatis
1158 4023 1657 4079 observationibus
1669 4024 1824 4091 Gale,
1840 4037 1907 4078 ac

251 4096 509 4164 veterum
542 4093 911 4164 testimoniis,
949 4094 1292 4164 Londinum,
1340 4096 1559 4150 Nerone
1592 4097 1907 4164 imperante

250 4163 407 4241 nond
421 4176 511 4216 um
534 4163 839 4241 coloniam,
865 4164 968 4241 sed
990 4162 1409 4241 praefecturam,
1435 4162 1731 4241 augmenti
1751 4179 1907 4241 occa-

254 4234 477 4286 sionem
509 4235 728 4301 cepisse
762 4247 829 4288 ex
859 4234 1064 4289 vicina
1089 4235 1329 4290 colonia
1371 4234 1732 4290 Camatoduni
1760 4236 1909 4291 sub-

254 4304 541 4377 versione,
567 4307 643 4358 ita
666 4307 927 4373 proxima
946 4319 1064 4359 sua
1084 4306 1419 4377 deductioni
1440 4307 1630 4377 (quam
1647 4308 1909 4362 diximus

251 4387 289 4446 εξ
316 4371 553 4428 Claudio
581 4371 861 4444 peractam
891 4388 1042 4430 anno
1061 4376 1277 4431 Christi
1309 4374 1416 4444 50),
1448 4371 1516 4431 ἰῐι
1544 4378 1775 4433 nonnisi
1812 4391 1909 4446 per

251 4442 599 4519 decennium
630 4446 976 4519 substiterit.
1021 4447 1160 4501 Tum
1194 4460 1325 4502 vero
1356 4442 1654 4502 Icenorum
1687 4442 1904 4519 regina,

1942 3143 1991 3204 C

2025 494 2174 561 apud
2216 492 2523 548 Gruterum
2575 489 2740 548 edita'
2764 493 2861 547 tol.
2886 489 3139 557 coacuit,
3164 505 3219 545 n.
3265 489 3318 557 2,
3348 492 3577 546 exhibet
3602 492 3676 544 M.

2029 564 2295 618 Pontium
2338 578 2409 617 m.
2467 562 2507 618 f.
2554 579 2688 633 pup.
2734 564 3063 618 Laetianum
3110 562 3369 633 Larcium
3402 562 3675 616 Sabinum

2023 633 2319 689 consulem
2346 634 2479 688 trib.
2521 632 2665 703 pleb.
2699 635 3069 689 candidatum
3105 632 3385 701 imp.divi
3414 633 3674 698 Adriani,

2033 705 2131 773 qui
2166 704 2479 775 legationes
2514 706 2707 775 plures
2731 705 3008 770 obtinuit,
3052 709 3108 759 et
3135 708 3413 775 praturas
3434 703 3679 775 inipro—

2025 776 2258 842 vinciis,
2292 781 2346 830 et
2377 774 2791 832 subAntonino
2821 777 2939 841 Pio,
2975 778 3046 830 Μ.
3076 774 3331 836 Aurelio,
3356 779 3412 827 et
3432 774 3487 827 L.
3513 774 3673 833 Vero,

2019 859 2208 900 comes
2266 847 2322 900 in
2373 846 2844 915 expeditionibus
2892 846 3078 901 fuerat
3124 844 3273 901 bello
3316 843 3675 915 Germanico,

2018 915 2376 987 Armeniaco,
2424 914 2706 984 Parthico,
2743 918 2914 980 hunc,
2976 918 3230 987 inquam,
3286 914 3519 970 exhibet
3548 926 3676 968 cum

2021 986 2245 1056 legione
2275 1003 2327 1041 vt
2349 989 2587 1043 victrice
2610 1002 2677 1043 ex
2699 988 3002 1044 Germania
3028 988 3086 1041 in
3113 987 3468 1040 Britanniam
3498 990 3679 1056 trans-

2018 1065 2240 1113 euntem
2295 1058 2590 1113 tribunum
2665 1060 2937 1113 militum.
2984 1059 3159 1112 TRIB.
3213 1058 3353 1111 MIL.
3390 1056 3542 1110 LEG.
3590 1055 3676 1108 VI.

2019 1128 2191 1183 VlCT.
2234 1129 2395 1183 cvm.
2429 1129 2587 1198 QVA.
2621 1131 2719 1184 EX
2745 1130 2961 1185 GEBM.
2994 1131 3065 1183 IN
3119 1128 3390 1198 BRITAN.
3417 1125 3674 1198 TRANS-

2019 1200 2130 1253 IIT.
2183 1196 2469 1255 Deductio
2497 1202 2674 1271 igitur
2721 1200 2975 1271 legiones
3003 1214 3054 1253 v1
3096 1206 3150 1253 et
3176 1197 3414 1253 colonia
3446 1196 3675 1271 AEbora-f

2021 1271 2211 1324 censis
2234 1284 2363 1324 cum
2392 1272 2470 1325 sit
2499 1266 2742 1340 aqualis
2763 1266 3594 1340 Kntoninorumtemporibus,
3623 1269 3680 1340 et

2022 1353 2150 1413 cum
2178 1341 2402 1413 colonia
2426 1336 2734 1397 Eboracum
2759 1336 3680 1413 dignitateipraferreturcateris

2024 1410 2272 1465 coloniis
2345 1412 2599 1480 ejusdem
2667 1407 2973 1480 provincia
3041 1407 3680 1480 Britannia,gdeclarat

2024 1478 2497 1537 constitutionem
2532 1478 2839 1552 provincia
2881 1482 3105 1537 civilem
3129 1488 3185 1535 et
3207 1478 3676 1552 ecclesiasticam,

2024 1564 2241 1607 necnon
2259 1550 2543 1623 originem
2557 1555 2730 1609 trium
2749 1555 2968 1609 sedium
2987 1550 3687 1623 episcopaliumvetustioj-

2026 1636 2149 1676 rum
2190 1624 2244 1677 in
2287 1620 2742 1679 ea‘fundatarum
2780 1625 2991 1692 pariari
3015 1620 3142 1678 cum
3174 1629 3339 1677 atate
3361 1620 3675 1676 Eleutherii

2030 1706 2204 1762 papa,
2262 1694 2707 1760 Antoninorum,
2755 1691 2811 1750 et
2849 1695 3011 1749 Lucii
3081 1695 3255 1764 regis,
3305 1698 3362 1747 et
3432 1691 3674 1764 mirifice

2026 1763 2354 1833 comprobat
2384 1778 2447 1819 ea
2480 1780 2603 1833 qua
2627 1766 2696 1821 de
2721 1764 3051 1836 originibus
3079 1762 3481 1819 ecclesiastica
3503 1762 3677 1831 hujus

2029 1836 2336 1901 provincia
2366 1836 2639 1891 hactenus
2667 1836 2819 1891 dicta
2841 1842 2994 1891 sunt.

2092 1906 2382 1979 superest,
2417 1913 2479 1979 ut
2525 1908 2594 1961 de
2631 1907 2798 1961 Lindi
2853 1907 3073 1979 Colonia
3102 1901 3368 1979 [Lincoln]
3398 1916 3524 1979 qua
3554 1908 3677 1979 ter—

2024 1977 2103 2031 tia
2146 1973 2393 2031 Ecclesia
2424 1978 2677 2045 ejusdem
2713 1977 3021 2046 provincia
3059 1973 3293 2047 apparet
3319 1973 3376 2030 iit
3409 1973 3674 2047 διιῦείξξδῇτ

2023 2047 2323 2117 ptionibus
2357 2043 2772 2118 episcoporum,
2822 2049 3054 2118 aliaque
3097 2043 3673 2118 'proferamus._Mihi

2018 2115 2153 2173 vero
2181 2117 2329 2173 nihil
2377 2115 2767 2187 prastémdum
2815 2115 3309 2188 superest,’quam
3363 2115 3677 2188 util‘homa

2018 2188 2394 2314 Galeg%octas
2443 2203 2604 2260 aque
2649 2202 2714 2245 ac
2742 2186 2938 2245 breves
2981 2186 3574 2245 notas'transcribam
3606 2199 3676 2240 ex

2022 2274 2147 2314 pag.
2274 2275 2286 2311 :

2058 2274 2147 2314 δε.
2171 2274 2242 2314 30
2274 2275 2286 2311 Ξ

2022 2274 2347 2405 “agilitas
2385 2326 2509 2405 [L_z‘n
2540 2328 2720 2405 Colne]
2775 2336 3106 2405 Anonymus
3152 2325 3453 2405 Ravennas
3504 2326 3677 2405 habet

2019 2414 2283 2469 expresse
2316 2399 2552 2455 Lindum
2594 2399 2815 2457 Colonia
2866 2399 2971 2457 hoc
3003 2415 3117 2457 uno
3148 2400 3422 2456 vocabulo
3452 2399 3676 2468 adjecto

2023 2479 2298 2542 quantum
2327 2472 2477 2527 lucis
2499 2472 2706 2528 alludit
2727 2473 2825 2528 ille
2846 2474 3104 2528 historia
3124 2473 3378 2541 antiqua
3403 2470 3415 2523 l
3447 2474 3676 2542 Magnas

2023 2540 2275 2611 profecto
2305 2545 2524 2613 gratias
2554 2544 2607 2598 ei
2638 2543 2931 2611 debemus,
2965 2545 3114 2613 quod
3149 2540 3373 2597 tandem
3407 2540 3677 2613 subscri-

2026 2610 2274 2682 ptionem
2296 2610 2533 2669 concilii
2565 2610 2927 2670 Arelatensis
2953 2610 3366 2683 intelligamus.
3389 2610 3675 2683 Adelphus

2023 2686 2362 2753 episcopatus
2387 2685 2454 2739 de
2472 2687 2690 2738 civitate
2713 2685 2935 2740 Colonia
2968 2681 3174 2750 Londi,"
3192 2682 3341 2738 haud
3358 2681 3547 2753 dubie
3575 2694 3676 2750 pro

2024 2752 2246 2810 Colonia
2293 2756 2480 2808 Lindi.
2533 2756 2647 2811 Hoc
2706 2756 2892 2824 ipsum
2937 2755 3082 2810 Beda
3140 2767 3277 2823 pene
3317 2752 3483 2824 vidit,
3544 2764 3675 2806 cum

2028 2824 2174 2880 hanc
2229 2824 2420 2879 urbem
2486 2823 2884 2880 Lindi-collina
2950 2824 3285 2880 nominavit.
3342 2823 3678 2878 Ptolemaus

2030 2909 2257 2965 quoque
2278 2896 2519 2951 Lindum
2543 2897 2715 2952 dixit.
2744 2898 2992 2951 Romana
3017 2897 3361 2950 numismata
3382 2894 3440 2965 in
3458 2893 3677 2965 campis

2024 2964 2092 3019 ad
2123 2964 2351 3020 Boream
2383 2967 2557 3034 hujus
2578 2967 2828 3021 civitatis
2860 2967 3106 3020 inveniri
3132 2964 3591 3020 notatLelandus
3614 2964 3673 3018 in

2027 3036 2345 3091 ltinerario.
2379 3055 2406 3085 ››

2094 3107 2461 3161 Commendat
2505 3107 2676 3161 etiam
2717 3105 3135 3162 ordinationem
3190 3104 3518 3174 provincia,
3558 3106 3673 3158 tam

2022 3177 2237 3243 civilis,
2272 3190 2441 3246 quam
2473 3177 3047 3245 ecclesiasticajusta
3079 3176 3315 3244 partitio
3344 3174 3673 3246 Britannia

2022 3248 2083 3302 in
2110 3243 2304 3316 aquas
2352 3246 2524 3302 ferme
2571 3249 2859 3315 portiones
2892 3243 2988 3314 per
3020 3243 3302 3316 triplicem
3330 3245 3485 3316 hanc
3509 3243 3676 3316 colo-7

2023 3314 2199 3382 niam,
2231 3324 2284 3372 et
2309 3314 2724 3386 episcopatum,
2780 3318 3045 3378 Eboraci,
3095 3315 3364 3379 Londini,
3406 3322 3472 3386 et
3506 3314 3671 3368 Lindi

2019 3388 2277 3443 colonia.
2333 3385 2613 3443 Dividunt
2664 3389 2816 3443 enim
2869 3387 3218 3457 provinciam
3270 3385 3478 3453 spatiis
3523 3387 3674 3457 satis

2022 3460 2277 3527 proxime
2298 3459 2621 3527 aqualibus
2646 3478 2658 3513 :
2696 3455 3011 3527 prasertim
3041 3458 3091 3511 si
3123 3455 3368 3511 Eboraco
3398 3455 3674 3510 attribue-

2020 3536 2179 3583 retur
2206 3542 2340 3599 pars
2368 3530 2467 3584 illa
2500 3529 2647 3585 ultra
2678 3530 2889 3584 vallum
2921 3528 3248 3582 Caledoniis
3276 3530 3543 3599 restituta
3576 3539 3674 3595 per

2017 3597 2386 3661 Caracallam,
2410 3614 2579 3669 quam
2612 3602 2804 3655 serius
2836 3600 3146 3653 Valentiam
3172 3597 3530 3669 provinciam
3562 3609 3672 3669 ap—_—

2018 3670 2250 3739 pellavit
2298 3666 2503 3725 notitia
2552 3671 2780 3739 imperii
2833 3670 2941 3726 sub
2968 3668 3383 3723 Valentiniano.
3409 3669 3571 3739 Certe
3599 3666 3670 3721 ad

2015 3737 2391 3796 Eboracensis
2445 3737 2705 3796 Ecclesia
2763 3742 3082 3795 antistitem
3126 3752 3265 3793 cura
3318 3737 3673 3807 pertinuisse

2018 3812 2297 3866 censenda
2344 3817 2431 3865 est
2490 3812 2855 3879 promovendi
2904 3809 3287 3880 evangelicam
3346 3808 3669 3880 doctrinam

2017 3889 2178 3936 atate
2205 3877 2523 3951 Commodi,
2555 3896 2620 3937 ac
2661 3882 2850 3937 Severi
2895 3877 3310 3951 ultra'vallnm,
3343 3877 3673 3951 eaqueloca

2016 3953 2086 4007 ad
2111 3952 2402 4007 Christum
2453 3949 2820 4021 perducendi,
2861 3965 2986 4023 qua
3032 3949 3671 4023 Tertullianusiihidem

2020 4024 2258 4091 indicat,
2291 4037 2418 4079 cum
2473 4024 2573 4084 ait,
2633 4021 3026 4077 Britannorum
3081 4023 3356 4075 inaccessa
3416 4021 3673 4091 Romanis

2019 4096 2135 4147 loca
2154 4090 2265 4147 esse
2295 4093 2505 4148 Christo
2514 4095 2639 4161 jam
2663 4095 2903 4149 subdita.
2934 4095 3059 4147 Hac
3086 4092 3314 4161 plenius
3345 4090 3676 4161 intelligun-

2021 4172 2135 4228 tur,
2169 4164 2219 4218 si
2261 4165 2540 4220 nonnulla
2572 4167 2961 4233 producantur
2992 4167 3049 4217 in
3086 4163 3358 4226 medium,
3387 4175 3514 4231 qua
3545 4174 3675 4215 ser-

2018 4242 2147 4306 vata
2195 4235 2456 4290 videmus
2509 4242 2672 4291 atate
2723 4236 3137 4306 apostolorum,
3190 4240 3247 4289 et
3285 4234 3570 4303 proximis
3610 4233 3670 4286 in

2020 4304 2359 4376 fundatione
2386 4305 2607 4362 sedium
2638 4304 3074 4376 episcOpalium.

2088 4379 2150 4431 ln
2175 4375 2233 4431 fu
2245 4378 2490 4433 ndandis
2514 4374 2942 4447 episcopatibus
2961 4376 3284 4445 complures
3307 4374 3677 4443 erantdispoo

2020 4448 2265 4502 sitiones
2315 4450 2722 4516 pramittenda
2774 4456 2946 4519 atque
2989 4447 3519 4519 attendend_a,_qua
3549 4453 3670 4499 tum

255 4514 572 4569 Britannia
613 4515 864 4591 motibus
889 4517 1193 4591 classwum
1224 4530 1453 4591 canens,
1482 4514 1907 4591 tandiurltoma-
1934 4525 1989 4586 D
2022 4518 2287 4591 Ecclesia
2317 4514 2486 4574 illius
2506 4514 2983 4591 singularis,’tum
3016 4516 3362 4591 universalis
3384 4515 3533 4569 bono
3551 4526 3673 4582 pro-

257 4598 367 4656 nos
423 4587 698 4651 exercuit,
745 4588 925 4641 donec
954 4589 1284 4656 Vespasiani
1317 4594 1501 4656 atate,
1552 4603 1617 4644 ac
1656 4589 1906 4644 ﬁliorum

249 4655 381 4728 ejus
405 4657 542 4725 Titi,
574 4658 967 4728 etDomitiani
1005 4655 1332 4728 principatu
1385 4655 1694 4727 provincia
1725 4666 1908 4715 status

255 4727 567 4806 pristinam
593 4726 858 4806 _formam
896 4726 1496 4806 receperitiAdriani.
1529 4736 1585 4785 et
1624 4731 1906 4806 Antonini

249 4798 513 4851 victoria
555 4798 776 4866 plenam
808 4800 866 4853 in
900 4801 1228 4855 Britannico
1254 4800 1377 4854 solo
1403 4813 1593 4869 pacem
1637 4803 1907 4856 Romanis

249 4871 710 4946 pepererunt.-_[d
746 4872 1019 4939 temporis
1043 4877 1430 4946 opportunum
1465 4870 1580 4946 fuit
1615 4872 1904 4946 instaura-

248 4937 400 4991 tioni
436 4937 1289 5005 prasidioruchonstitutioni
1313 4941 1518 4997 classis
1539 4943 1900 5009 Britannica,

245 5015 309 5062 et
341 5009 599 5076 plurium
630 5011 989 5067 coloniarum
1016 5012 1374 5078 deductioni,
1402 5021 1503 5068 aut
1531 5013 1899 5068 incremento.

244 5078 506 5154 Eboraco
541 5082 986 5154 primasdetulit
1008 5083 1290 5138 Alcuinus
1316 5098 1481 5153 quem
1511 5086 1759 5154 primum
1790 5084 1907 5138 edi-

242 5150 340 5205 dit
370 5150 555 5206 Grabe
589 5165 710 5224 pag.
741 5150 831 5218 20,
867 5154 946 5208 ita
974 5167 1184 5209 canens
1212 5172 1223 5207 :

442 5273 587 5336 Hanc
622 5274 857 5324 Romana
885 5290 1067 5325 manus
1101 5277 1280 5336 muris,
1313 5280 1364 5325 et
1383 5278 1608 5326 turribus
1629 5278 1782 5326 altam

441 5335 693 5400 Eundavit
735 5340 1001 5400 primo.....

442 5398 510 5463 ρι
535 5398 677 5446 ﬁeret
710 5398 929 5463 ducibus
953 5414 1133 5449 secura
1161 5400 1388 5463 potentia
1417 5403 1563 5462 regni

442 5459 505 5507 Et
532 5462 690 5508 decus
714 5462 936 5524 imperii,
960 5459 1225 5526 terrorque
1253 5459 1523 5511 hostilibus
1553 5464 1727 5512 armis.

239 5574 306 5647 S_i
341 5579 532 5647 autem
572 5586 637 5628 ea
679 5575 929 5643 primum
974 5576 1204 5647 condita
1248 5590 1299 5647 a
1336 5576 1625 5647 Romanis,
1671 5581 1906 5647 utﬁeret

240 5644 483 5715 ducibus
524 5658 716 5697 secura
743 5648 1005 5713 potentia,
1036 5651 1091 5699 et
1117 5645 1344 5701 colonia
1391 5645 1538 5701 facta
1567 5652 1673 5715 est,
1732 5644 1902 5703 sexta

241 5714 502 5788 legionis
539 5716 835 5788 victricis
860 5715 1149 5788 militibus
1178 5717 1438 5772 emeritis
1468 5730 1534 5772 eo
1595 5714 1898 5788 traductis,

254 5782 512 5854 profecto
536 5785 594 5841 id
625 5786 936 5856 contigisse
954 5786 1191 5842 minime
1220 5788 1407 5858 potuit
1433 5793 1565 5845 ante
1595 5782 1902 5861 imperium

2021 4590 2483 4671 spicerent,_dum
2516 4587 2653 4671 nova
2676 4591 2852 4671 sedes,
2863 4587 3209 4671 episcopalis
3225 4587 3670 4671 e‘rigerettrrgne

2019 4655 2132 4715 dici
2165 4661 2235 4715 de
2288 4659 2387 4713 illa
2442 4668 2675 4727 posset:
2734 4655 3117 4728 Multiplicasti
3143 4663 3369 4728 gentem,
3406 4655 3512 4728 sed
3561 4669 3671 4707 non

2018 4732 2381 4798 magniﬁcasti
2420 4724 2688 4783 lat-titiam.
2724 4724 2914 4783 Prima
2944 4736 3083 4789 erat,
3115 4732 3178 4781 ut
3208 4725 3347 4780 certi
3397 4724 3537 4780 ﬁnes
3575 4731 3670 4798 at-

2021 4795 2436 4863 tribuerentur,
2482 4802 2633 4854 intra
2688 4813 2831 4870 quos
2883 4811 3105 4871 gregem
3138 4809 3308 4871 suum
3358 4809 3539 4871 novus
3572 4795 3669 4850 ille

2020 4877 2212 4939 pastor
2235 4870 2620 4926 concluderet.
2649 4867 2858 4935 Altera,
2886 4867 2949 4923 ut
2979 4867 3172 4922 fideles
3218 4867 3480 4939 singulos
3516 4868 3669 4921 intra

2016 4938 2209 4995 eadem
2241 4950 2399 5010 septa
2431 4940 2543 4995 sibi
2574 4942 2912 4996 commissos
2931 4940 3196 4995 ordinata
3224 4938 3530 5007 partitione
3550 4942 3665 4991 tam

2020 5012 2078 5065 in
2109 5011 2356 5080 civitate,
2385 5025 2553 5081 quam
2586 5014 2643 5067 in
2685 5026 2821 5082 agro
2865 5013 2943 5065 ita
2976 5018 3165 5080 posset
3194 5010 3501 5082 episcopus
3525 5021 3667 5063 cen-

2016 5095 2158 5151 sere,
2192 5096 2378 5148 nosse,
2404 5080 2640 5151 curare,
2696 5080 2761 5136 ac
2814 5095 3005 5152 regere
3042 5080 3386 5151 singillatim
3434 5092 3532 5152 per
3582 5092 3662 5146 se,

2014 5159 2115 5207 aut
2146 5149 2244 5222 per
2275 5149 2652 5222 presbyteros,
2686 5160 2750 5208 ut
2774 5149 2989 5208 nemini
3020 5149 3284 5206 deessent
3322 5151 3389 5205 ad
3423 5149 3664 5205 salutem

2014 5229 2339 5292 comparata
2413 5224 2679 5292 prasidia
2727 5225 3005 5279 doctrina
3049 5229 3105 5278 et
3156 5227 3663 5276 sacramentorum.

2012 5295 2221 5359 Tertia,
2256 5301 2321 5349 ut
2348 5294 2614 5349 Ecclesia
2642 5295 2802 5350 illius
2843 5296 3088 5364 partium
3125 5294 3319 5349 unitas
3355 5292 3667 5362 diligenter

2014 5366 2425 5429 custodiretur,
2453 5371 2506 5419 et
2533 5366 2779 5421 unitatis
2806 5367 3145 5421 arctissima
3180 5376 3358 5418 nexus
3389 5376 3519 5417 cum
3554 5365 3666 5416 Ec-

2012 5436 2187 5491 clesia
2218 5437 2474 5491 omnium
2508 5437 2771 5505 principe
2807 5449 2873 5491 ac
2902 5444 3079 5492 matre
3107 5449 3203 5505 per
3232 5432 3479 5505 apostoli
3512 5433 3663 5487 Petri

2013 5508 2200 5562 sedem
2230 5520 2260 5561 a
2295 5504 2533 5561 Domino
2562 5510 2899 5562 constituta.
2950 5509 3085 5562 Tres
3110 5504 3249 5561 ista
3280 5504 3660 5568 conditiones,

2013 5592 2077 5632 ac
2118 5578 2553 5645 dispositiones,
2614 5580 2938 5633 necessario
2984 5577 3343 5646 requirenda
3372 5577 3441 5630 ad
3489 5589 3662 5631 novos

2011 5648 2375 5718 episcopatus
2402 5650 2510 5703 rite
2538 5647 2880 5717 fundandos,
2910 5649 3208 5718 perspicue
3232 5647 3664 5715 deprehendun-

2013 5717 2108 5790 tur
2134 5732 2203 5773 ex
2232 5719 2474 5790 antiqua
2500 5719 2815 5790 disciplina
2838 5717 3124 5788 emanare,
3155 5724 3210 5773 et
3232 5718 3403 5773 hodie
3423 5717 3657 5790 retineri

2014 5789 2074 5844 in
2130 5789 2515 5847 consecrando
2556 5792 2723 5861 juxta
2773 5791 2999 5862 regulas
3045 5797 3374 5847 sanctorum
3424 5789 3655 5843 Patrum
