4052 6178
302 337 440 395 4277

1066 338 1383 396 HISTORIA
1420 340 1510 395 DE
1545 337 1659 393 VIT
1661 337 1722 393 IS
1758 335 1927 391 ROM.
1966 333 2165 391 PONT.
2206 365 2279 375 —
2316 335 2371 391 S.
2412 337 2903 394 ELEUTHERIUS.

3560 341 3698 402 4278

300 463 623 520 habeantur
664 465 816 517 intar
871 436 1173 517 diacesum.
1231 462 1391 531 Quod
1442 473 1617 531 supra
1663 458 1828 531 attigi
1879 457 1938 511 in
1972 455 2452 531 AAnastasiumg
2487 471 2615 513 cum
2637 459 2831 514 videat
2858 459 2916 514 in
2934 459 3242 515 Britanniae
3268 465 3571 531 provincia:
3597 479 3698 520 ec-

301 537 457 591 notis
512 535 582 589 ad
635 534 877 600 Cletum,
921 540 976 589 et
1028 535 1095 589 ad
1142 528 1466 603 Evaristum
1520 528 1660 603 'pag.
1729 528 1854 603 77,_
1887 532 1943 582 et

303 606 454 662 infra
486 605 739 676 legemus
772 606 829 660 in
863 606 1165 675 Dionysio,
1203 618 1356 660 num.
1389 602 1461 659 26
1489 623 1501 659 :
1533 601 1941 676 «Hicpresby-

302 680 431 731 teris
460 672 728 730 EcElesias
759 678 962 742 divisit,
992 672 1042 729 et
1072 678 1388 740 cwmeteria,
1429 681 1478 729 et
1500 674 1791 744 parochias
1816 672 1940 744 ttige-

302 763 442 802 ceses
473 749 736 802 instituit.
770 766 795 795 υ
839 748 906 802 Ει
944 739 1177 803 clarius
1210 746 1270 801 in
1326 739 1592 801 Marcello
1644 757 1801 800 num.
1834 739 1937 797 3i:

307 839 333 870 (ι
379 821 597 886 Viginti
644 821 884 888 quinque
939 820 1124 873 titulos
1174 820 1233 871 in
1280 818 1412 871 urbe
1440 819 1605 872 Roma
1662 815 1945 888 constituit

304 894 467 959 quasi
527 890 774 944 diwceses
802 887 1043 960 propter
1087 890 1433 959 baptismum,
1482 893 1531 942 et
1573 887 1945 957 penitentiam

302 961 619 1023 multorum,
649 963 746 1030 qui
775 961 1246 1022 convertebantur,
1280 975 1347 1014 em
1359 962 1624 1029 paganis,
1647 963 1699 1030 et
1720 960 1947 1030 propter

304 1032 617 1101 sepulturas
632 1027 957 1097 martyrum.
994 1048 1020 1080 »
1040 1030 1241 1100 Qualis
1264 1027 1491 1085 demum
1512 1036 1632 1086 erat
1660 1029 1777 1084 haec
1795 1027 1948 1082 dite-

306 1116 522 1171 cesum,
559 1116 661 1158 seu
686 1104 1083 1169 parmciarum,
1122 1115 1320 1171 nempe
1349 1103 1783 1171 episcopatuum
1813 1110 1951 1171 spe-

306 1174 443 1239 cies,
473 1169 539 1228 ac
571 1174 961 1229 rudimentum
996 1173 1055 1227 in
1079 1169 1273 1228 titulis
1297 1169 1614 1227 Bouiania?
1640 1170 1796 1225 Talis
1827 1169 1949 1224 sci-

309 1245 464 1310 licet,
515 1258 580 1299 ac
620 1250 801 1304 tanta,
835 1250 899 1300 ut
945 1244 1084 1299 ordo
1126 1249 1297 1313 atque
1343 1242 1772 1298 administratio
1820 1252 1947 1294 am—

308 1315 559 1384 plissimi
600 1316 883 1385 cujusque
930 1314 1319 1383 episcopatus,
1364 1327 1475 1369 non
1536 1318 1729 1368 minus
1776 1323 1946 1381 quam

307 1387 589 1441 connexio
633 1400 760 1440 cum
796 1399 1019 1440 summo
1049 1386 1343 1441 sacerdote
1393 1385 1613 1453 percipi
1663 1386 1854 1452 posset
1881 1394 1948 1435 ex

310 1458 663 1525 inspectione
689 1456 1144 1526 uniuscujusque
1168 1456 1326 1512 tituli
1344 1457 1602 1510 Romani.
1618 1453 1812 1509 Divisa
1828 1456 1950 1526 erat

309 1526 457 1581 Urbs
490 1527 560 1581 ab
585 1527 846 1598 Augusto
874 1528 932 1582 in
967 1525 1228 1598 regiones
1278 1525 1747 1598 quatuordecim,
1773 1525 1948 1598 certis

309 1598 622 1658 limitibus,
672 1593 979 1669 acuspatiis
1017 1593 1363 1669 designatas.
1398 1598 1673 1669 Regiones
1703 1593 1948 1669 singula:

312 1667 759 1735 suosvicos,vici
786 1667 1577 1740 suasinsulasagnoscebant.
1603 1668 1819 1740 Civilis
1832 1667 1950 1721 haec

311 1741 533 1797 divisio
556 1741 850 1811 regionum
884 1740 1055 1796 Urbis
1081 1742 1319 1810 ejusque
1352 1741 1600 1809 partium
1623 1739 1947 1811 expeditam

2052 528 2374 584 clesiastica
2424 527 2761 585 fundatione
2812 527 3284 587 commentarium
3332 535 3425 590 hic
3454 550 3576 591 esse
3614 537 3695 591 ita

2051 606 2401 669 contextum,
2455 609 2515 656 ut
2552 615 2663 656 non
2695 601 2882 656 solius
2915 603 3226 657 Britannia:
3282 605 3690 662 Ecclesiarum.

2052 671 2146 745 sed
2162 672 2333 725 etiam
2354 672 2456 726 toti
2470 670 2875 745 usOccidentis
2892 674 3346 742 episcopatuum,
3368 689 3433 730 ac
3456 672 3697 745 provin—l

2051 741 2291 815 ciarum,
2331 744 2616 812 specimen
2695 741 3103 815 recognoscat,
3147 758 3180 799 a
3229 741 3492 802 Romanae
3540 749 3694 804 sedis

2057 813 2354 900 hierarsha
2371 827 2596 896 summo
2620 813 2882 900 curatum
2902 816 3379 900 juxtaexemplar
3411 819 3694 900 principis

2052 883 2464 953 apostolorum,
2506 885 2600 940 cui
2658 886 3029 953 succedebat;
3066 886 3181 941 imo
3227 883 3283 941 et
3323 883 3505 944 totius
3535 883 3695 945 orbis

2054 954 2436 1029 Ecclesiaruru
2468 956 2775 1026 imaginem
2820 956 3131 1029 breviatam
3165 958 3377 1013 intueri
3409 973 3470 1015 se
3497 965 3694 1029 putet;

2060 1026 2543 1099 quandoquidem,
2563 1032 2617 1099 et
2638 1028 2861 1081 Marcus
2887 1028 3017 1082 hinc
3036 1026 3334 1099 ablegatus
3354 1030 3423 1085 ad
3448 1026 3699 1086 Alexané

2055 1096 2287 1151 drinum
2311 1097 2760 1166 patriarchatum
2777 1110 2888 1153 non
2904 1096 3272 1154 dissimiliter
3288 1101 3695 1157 ordinandum.

2057 1172 2113 1222 et
2138 1168 2388 1223 Evodius
2416 1168 2485 1223 ad
2503 1168 2920 1224 Antiochenum
2948 1169 3028 1224 ita
3051 1170 3575 1226 administrandum
3600 1171 3697 1226 di-

2061 1244 2267 1307 rectus,
2292 1239 2451 1294 orbis
2472 1239 2721 1295 universi
2746 1239 3061 1295 Christiani
3088 1242 3412 1309 provincias
3432 1256 3562 1297 cum
3592 1244 3699 1297 Pe—

2059 1309 2133 1382 tri
2178 1310 2469 1382 cathedra.
2502 1316 2557 1365 et
2591 1324 2721 1366 cum
2770 1313 3039 1382 Romanae
3089 1311 3354 1367 Ecclesiae
3383 1312 3695 1382 disciplina

2059 1380 2238 1505 simitu
2257 1381 2407 1452 jure,
2443 1395 2543 1437 nec
2565 1381 2783 1451 dispari
2803 1381 3102 1452 regiminis
3128 1383 3388 1439 methodo
3409 1380 3700 1440 connecte-

2098 1464 2167 1504 an
2204 1490 2218 1504 .

2098 1457 2218 1504 ant.

2129 1522 2264 1590 Quae
2289 1524 2360 1578 de
2389 1523 2611 1593 duplici
2648 1523 2850 1591 limite,
2880 1538 2948 1580 ac
2970 1523 3120 1580 vallo
3164 1524 3427 1591 Adriani,
3464 1529 3520 1580 et
3570 1523 3694 1579 An-

2058 1594 2244 1648 tonini
2299 1597 2675 1667 supradicta
2731 1601 2888 1667 sunt,
2940 1596 3020 1667 ita
3067 1596 3356 1667 intelligat
3406 1595 3576 1652 velim
3610 1595 3698 1650 le—

2058 1671 2200 1733 ctor,
2236 1670 2301 1720 ut
2351 1667 2409 1721 in
2460 1665 2643 1722 limite
2686 1666 3027 1721 occidentali
3070 1667 3232 1735 juxta
3268 1665 3518 1735 'planum
3576 1679 3699 1721 me-

2060 1737 2345 1792 ridianum
2400 1750 2432 1792 a
2487 1737 2793 1792 Clausento
2848 1736 2916 1791 ad
2964 1736 3361 1807 Luguvallium
3427 1738 3700 1807 perducto

312 1811 581 1868 reddebat
620 1806 673 1867 ét
702 1812 1057 1880 perspicuam
1109 1806 1605 1881 (quemadmodum
1639 1806 1714 1866 ex
1760 1809 1949 1879 lapide
1978 1823 2029 1882 Β
2061 1822 2176 1882 non
2204 1810 2475 1877 opinetur
2502 1809 2714 1882 vallum
2766 1806 3101 1882 perpetuum
3127 1806 3204 1882 ab
3256 1806 3703 1882 imperatoribus

310 1883 641 1953 Capitolino
684 1883 1050 1953 dignoscitur
1090 1882 1240 1951 apud
1289 1883 1597 1937 Gruterum
1630 1883 1786 1953 edito
1820 1893 1944 1951 pag.

313 1952 425 2019 cet,
474 1968 689 2009 necnon
729 1952 796 2008 ex
848 1952 997 2010 Rufo
1026 1965 1078 2008 et
1131 1953 1373 2021 Victore)
1420 1952 1809 2018 curatoribus,
1842 1953 1953 2007 de-

318 2024 775 2093 nuntiatoribus,
807 2025 1256 2094 vicomagistris,
1284 2024 1537 2094 aliisque
1562 2024 1851 2078 ministris
1879 2023 1949 2078 ad

315 2097 573 2167 regionis
603 2109 795 2150 curam
850 2097 1143 2167 institutis
1189 2096 1281 2151 sui
1334 2095 1545 2150 limitis
1575 2095 1863 2167 notitiam,
1894 2098 1950 2148 et

317 2166 799 2237 procurationem.
848 2168 959 2222 Nec
1000 2166 1193 2221 minus
1248 2171 1594 2237 perspectam
1649 2166 1954 2237 titulorum

314 2236 780 2307 iurisdictionem
822 2238 881 2292 in
940 2243 1124 2293 certos
1171 2236 1311 2292 ﬁnes
1349 2236 1600 2307 singulis
1643 2236 1956 2291 attributos

318 2310 512 2364 eadem
557 2309 771 2364 divisio
799 2309 1069 2363 Romanis
1099 2308 1446 2378 presbyteris
1492 2307 1782 2363 afferebat.
1815 2308 1957 2361 Dia-

319 2380 485 2435 conis
513 2380 665 2434 enim
712 2380 1049 2450 regionarii,
1084 2384 1147 2435 ut
1188 2386 1311 2434 erat
1360 2385 1555 2450 parata
1590 2380 1850 2441 maxime,
1892 2391 1957 2432 ac

322 2450 510 2507 nitida
567 2464 636 2504 ex
676 2449 972 2522 regionum
1015 2449 1237 2522 ambitu
1284 2463 1351 2505 ac
1398 2449 1603 2522 limite.
1636 2463 1782 2522 scum
1828 2450 1957 2505 duae

323 2523 586 2592 regiones
635 2520 889 2589 singulis
934 2520 1229 2576 attributae
1278 2520 1707 2591 quatuordecim
1754 2522 1959 2590 Augu-

322 2591 490 2648 staeas
522 2593 581 2646 in
606 2599 818 2661 septem
849 2592 1174 2660 pontiﬁcias
1199 2592 1632 2648 contraherent:
1674 2592 1752 2645 ita
1783 2591 1956 2646 etiam

326 2663 675 2734 presbyteris
700 2663 912 2734 viginti
940 2666 1202 2733 quinque
1249 2662 1514 2734 vicorum!
1556 2662 1676 2734 noti
1711 2662 1871 2734 ﬁnes,
1903 2666 1960 2716 et

326 2732 673 2804 insularum,
710 2732 1008 2802 pcntiﬁcia
1040 2732 1650 2803 partitioneattributi,
1678 2733 1960 2804 relinque-

323 2805 464 2860 bant
494 2804 643 2859 nihil
692 2804 1049 2876 ambiguum,
1088 2811 1191 2860 aut
1238 2817 1376 2859 cura
1423 2804 1564 2876 certi
1608 2803 1960 2876 presbyteri-

324 2877 686 2932 destitutum.
715 2874 954 2931 Ordinis
973 2888 1202 2946 quoque
1232 2876 1379 2930 ratio
1398 2888 1523 2944 qute
1546 2875 1605 2929 in
1629 2875 1797 2946 Urbis
1821 2874 1961 2943 poli-

328 2948 410 3003 tia
435 2947 873 3018 vicomagistros
896 2945 1172 3016 curatori,
1205 2951 1525 3001 curatorem
1551 2945 1813 3018 praefecto
1849 2946 1962 3000 Ur—

328 3018 421 3073 bis
437 3016 714 3083 nectebat,
744 3018 802 3073 in
824 3018 1209 3073 ecclesiastica
1230 3017 1537 3086 partitione
1558 3016 1959 3079 adhibebatur,

328 3095 394 3144 ut
412 3090 623 3144 notarii
642 3088 1014 3144 subdiaconis
1031 3088 1396 3157 regionariis,
1414 3088 1757 3144 subdiaconi
1776 3088 1963 3143 diaco-

2061 1874 2389 1953 excitatuln,
2422 1880 2517 1953 sed
2547 1893 2578 1953 a
2624 1874 2911 1953 Clausent'o
2961 1874 3396 1953 [Soutltampton]
3420 1880 3489 1934 ad
3513 1882 3704 1953 [suam

2065 1952 2301 2025 ﬂuvium
2337 1948 2492 2025 [Usk]
2520 1971 2537 2025 ς
2569 1952 2701 2006 inde
2732 1964 2864 2025 vero
2885 1948 3092 2025 cursus
3124 1950 3286 2005 ﬂuvii
3313 1948 3394 2006 ab'
3416 1951 3586 2025 ostiis
3631 1949 3700 2005 ad

2064 2036 2199 2079 suos
2248 2021 2433 2093 fontes
2478 2021 2667 2077 'vicem
2726 2021 2860 2076 valli
2917 2022 3181 2093 suppleat
3206 2036 3401 2093 usque
3428 2024 3704 2093 Rotunum

2066 2090 2314 2166 [Routon]
2347 2114 2363 2148 .-
2405 2094 2540 2166 hinc
2596 2108 2800 2166 rursus
2824 2092 3101 2166 excitatos
3130 2092 3281 2166 vallo
3304 2090 3395 2148 'ad
3440 2092 3706 2149 :estuaria

2067 2162 2240 2238 prope
2260 2162 2457 2238 Ijevam
2473 2162 2729 2238 [Chester]
2759 2163 3039 2238 reliquam
3064 2163 3275 2219 limitis
3303 2172 3516 2238 partem
3543 2176 3709 2238 com-

2067 2234 2217 2306 pleat
2253 2234 2513 2291 Oceanus
2542 2234 2766 2291 alluens
2820 2234 3125 2306 littoralem
3176 2241 3422 2291 tractum
3473 2235 3708 2289 Britan—

2068 2305 2178 2362 niaa
2195 2306 2598 2362 occidentalem
2621 2312 2819 2362 contra
2852 2305 3158 2359 Monzedam
3180 2306 3427 2361 insulam
3456 2320 3522 2360 ex
3544 2306 3705 2359 Dem

2067 2378 2355 2434 azstuariis
2392 2378 2460 2432 ad
2492 2379 2878 2449 Luguvalliurn
2926 2371 3190 2449 [Cariae].
3247 2375 3361 2449 lbi_
3383 2389 3526 2449 vero
3554 2374 3708 2449 alter

2068 2450 2236 2521 limes
2266 2449 2490 2517 incipit,
2521 2462 2722 2502 murus
2744 2446 2961 2521 scilicet
2976 2446 3290 2521 exsurrens
3313 2447 3384 2502 ab
3409 2447 3707 2521 occidente

2069 2516 2139 2575 in'
2168 2516 2443 2575 orientem
2476 2532 2544 2590 ex
2577 2518 2913 2590 Luguvallio
2934 2518 3003 2590 ad
3030 2518 3471 2590 Gabrosentum,
3506 2516 3706 2590 utriu-

2069 2604 2179 2661 que
2199 2590 2484 2661 attingens
2513 2586 2822 2653 Oceanum,
2854 2594 2910 2643 et
2938 2588 3187 2661 Scotiam
3231 2589 3565 2661 hodiernam
3595 2586 3708 2641 ab—

2067 2657 2273 2732 Anglia
2305 2657 2593 2729 separaris.
2627 2662 2730 2732 Per
2759 2659 3221 2732 limitemuillum
3251 2661 3498 2732 priorem
3532 2657 3707 2732 ferme

2064 2728 2230 2801 juxta
2281 2728 2518 2786 ductum
2562 2731 2862 2785 meridiani
2913 2730 3100 2785 divisa
3135 2730 3384 2785 subinde
3413 2729 3528 2785 fuit
3577 2728 3708 2801 Bri-

2070 2800 2269 2857 tannia
2333 2804 2517 2871 prima
2558 2815 2590 2856 a
2638 2802 2909 2868 secunda,
2962 2812 3265 2871 necnon_a
3322 2800 3518 2856 Flavia
3572 2800 3708 2871 Cas-—

2069 2868 2348 2999 sarienisit'
2393 2872 2504 2928 sub
2561 2872 2983 2939 Valentiniano,
3049 2875 3113 2926 ut
3184 2869 3321 2927 Gale
3396 2873 3455 2927 in
3511 2868 3709 2926 tabula

2070 2958 2134 2999 os
2162 2958 2229 2999 en
2278 2960 2295 2999 1
2330 2983 2342 2996 .

2070 2945 2342 3000 ostendit.

2731 3046 3054 3103 CIACONII.

330 3161 444 3235 nis,
468 3160 700 3235 diaconi
730 3151 1194 3235 presbyterisJet
1226 3151 1449 3235 ἱιιειιιὲςΣ
1483 3159 1617 3235 vici,
1650 3169 1964 3235 eorumque
1993 3173 2041 3235 α
2125 3155 2317 3235 _Linea
2345 3151 2396 3208 3.
2420 3154 2870 3235 :‘Hicuaccepit
2903 3154 3192 3235 epistolam
3217 3170 3252 3206 a
3281 3154 3447 3234 Lucio
3476 3154 3709 3235 Britan-

333 3231 553 3298 incolaa,
576 3244 642 3285 ac
674 3227 867 3285 ﬁdeles
892 3227 1112 3301 singuli
1148 3230 1268 3301 sive
1313 3230 1371 3283 in
1393 3229 1622 3283 Christo
1650 3227 1962 3301 perbapti-

331 3315 517 3357 smum
541 3307 930 3368 nascerentur,
959 3299 1079 3356 sive
1101 3300 1452 3363 decederent,
1469 3300 1591 3354 sive
1614 3299 1965 3368 poenitentiae

332 3385 431 3441 per
456 3378 870 3427 sacramentum
893 3372 1092 3443 gratia:
1118 3370 1304 3427 forent
1326 3370 1691 3443 restituendi,
1711 3370 1964 3443 judicem

334 3439 552 3513 quique
570 3457 761 3513 suum,
782 3456 847 3498 ac
863 3439 1151 3498 censorem
1175 3443 1231 3496 in
1258 3441 1416 3496 tituli
1436 3440 1718 3513 cardinali
1745 3439 1969 3513 presby-

334 3510 470 3568 tero
501 3510 892 3584 agnoscerent,
925 3519 1098 3583 atque
1124 3514 1203 3568 ita
1232 3526 1365 3584 cum,
1387 3512 1687 3584 episc0p0,_
1730 3510 1970 3584 presby—

335 3585 493 3649 terii,
543 3582 602 3638 et
645 3585 911 3640 Ecclesiae
938 3582 1218 3639 universae
1247 3583 1452 3652 capite,
1475 3582 1693 3636 Christi
1724 3583 1876 3636 vices
1908 3583 1967 3634 in

341 3656 748 3737 ter‘risagente,
768 3661 1258 3737 connecterentur.
1283 3651 1428 3736 Quis
1446 3666 1569 3737 non
1594 3653 1800 3735 videat,
1828 3658 1890 3737 ut
1909 3652 1971 3706 in

338 3724 724 3797 ordinatione,
753 3732 925 3797 atque
946 3726 1169 3781 unitate
1195 3725 1425 3797 imperii
1446 3724 1683 3797 Romani
1711 3729 1970 3797 paratum

340 3796 523 3852 fuisse
550 3792 880 3852 vehiculum
906 3796 1210 3866 Evangelio
1242 3792 1476 3850 facilius
1506 3792 1838 3864 perferendo
1855 3795 1969 3863 jam

339 3867 629 3923 diximus:
666 3869 745 3923 ita
770 3870 826 3923 in
855 3875 1004 3923 recte
1031 3868 1344 3922 constituta
1374 3866 1545 3920 Urbis
1570 3866 1897 3935 partitione,
1920 3868 1976 3920 et

342 3939 638 4009 regionum
676 3953 825 3994 nexu
853 3953 982 3994 cum
1005 3938 1130 3993 suis
1158 3936 1716 4009 otﬁciisdisposnam
1747 3949 1973 4009 reconc-

343 4007 514 4064 miam
549 4011 853 4081 regiminis
873 4010 1200 4073 titulorum,
1219 4016 1391 4078 atque
1415 4009 1477 4081 in
1500 4007 1693 4081 titulis
1712 4008 1970 4081 urbanis,

340 4078 655 4150 eorumque
678 4081 1042 4150 presbyteris,
1066 4081 1133 4134 ad
1167 4082 1309 4134 hanc
1329 4079 1556 4135 ordinis
1585 4078 1762 4149 legem
1791 4078 1976 4150 ponti-

342 4151 471 4207 ﬁcia
497 4149 1144 4215 auctoritate’formatis,
1167 4156 1224 4205 et
1249 4150 1411 4205 civili
1440 4149 1858 4205 consuetudine
1881 4149 1977 4203 ad-

333 4224 526 4292 jectis,
550 4223 873 4278 methodum
902 4222 1221 4277 absolutam
1243 4222 1465 4277 addisci
1489 4220 1759 4292 debuisse
1786 4232 1975 4292 regen-

338 4290 540 4349 darum
577 4295 918 4363 dimceseon,
949 4299 1004 4348 et
1031 4293 1407 4362 parteciarum
1427 4292 1455 4345 ?
1485 4293 1620 4346 Erat
1646 4291 1828 4361 igitur
1843 4290 1974 4363 ejus

337 4364 665 4434 disciplinae
684 4378 805 4419 com
818 4358 1085 4433 pendium
1102 4378 1210 4419 non
1229 4368 1594 4433 postremum,
1612 4358 1978 4434 quaeinfunm

336 4431 547 4491 dandis
578 4431 976 4505 episcoporum
1000 4431 1310 4504 cathedris,
1340 4433 1707 4505 assignandis
1737 4431 1971 4505 ﬁnibus,

337 4520 600 4576 nexuque
613 4502 889 4562 servando
905 4519 1034 4560 cum
1062 4508 1193 4562 sede
1211 4502 1523 4573 apOStolica
1540 4504 1699 4576 requi
1712 4502 1970 4576 rebatur;

2074 3229 2179 3280 nia:
2206 3240 2349 3292 rege,
2378 3228 2439 3276 ut
2467 3223 2815 3277 Christianus
2861 3226 3167 3292 efﬁceretur
3200 3240 3303 3292 per
3322 3225 3443 3291 ejus
3468 3222 3713 3276 manda-

2076 3302 2210 3349 tum.
2245 3297 2477 3350 Ineunte
2503 3293 2819 3349 Eleutherii
2877 3294 3231 3363 pontiﬁcatu,
3288 3294 3504 3363 Lucius
3530 3292 3711 3362 Coylli

2078 3367 2255 3436 ﬁlius,
2287 3366 2690 3436 Britannorum
2732 3378 2829 3420 rex
2856 3361 3007 3419 anno
3031 3365 3247 3419 Christi
3287 3361 3406 3433 182,
3457 3368 3513 3419 et
3543 3361 3708 3436 prin;-

2077 3433 2302 3506 cipatus
2324 3437 2414 3491 sui
2444 3433 2530 3505 l3,
2558 3436 2799 3505 cupiens
2828 3436 3167 3491 exstinctam
3194 3436 3528 3507 religionem
3559 3433 3719 3507 Chri-

2078 3505 2322 3564 stianam
2373 3520 2662 3574 renovare,
2722 3520 2890 3576 quam
2945 3507 3191 3576 primum
3230 3505 3433 3576 Joseph
3482 3505 3718 3560 Arima—

2080 3579 2344 3646 thiensis,
2378 3579 2478 3648 qui
2525 3578 2740 3632 Christi
2773 3592 2984 3647 corpus
3031 3578 3280 3647 sepeliit,
3352 3577 3479 3632 navi
3519 3582 3715 3631 vectus

2079 3663 2209 3705 cum
2256 3649 2434 3704 multo
2465 3649 2763 3718 comitatu,
2800 3648 2860 3703 in
2916 3662 3036 3704 eam
3076 3649 3346 3718 insulam,
3396 3649 3519 3703 sive
3548 3660 3715 3718 casu,

2082 3721 2202 3776 sive
2248 3720 2444 3775 divino
2492 3717 2761 3783 consilio,
2821 3721 2899 3774 ita
2947 3718 3169 3775 volente
3229 3717 3363 3785 Deo,
3396 3717 3715 3788 appellens,

2084 3790 2433 3861 praedicavit,
2468 3790 2565 3845 ubi
2588 3796 2701 3845 tam
2722 3790 2864 3860 ipse,
2891 3804 3062 3917 suam
3088 3793 3214 3859 eius
3242 3790 3387 3845 socii
3412 3787 3624 3844 multos
3647 3787 3715 3841 ad

2085 3864 2350 3917 pietatem
2399 3874 2467 3916 ex
2511 3861 2842 3917 eentilismo
2935 3868 3114 3917 uctos.
3166 3861 3348 3915 sacris
3399 3860 3571 3917 aquis
3619 3858 3715 3912 in—

2085 3858 2350 3932 pietatem
2399 3874 2467 3916 ex
2511 3858 2858 3932 gentilismo'
2891 3858 3129 3923 ductos,
3166 3861 3348 3932 sacris
3399 3860 3585 3932 aquis
3612 3858 3717 3932 in—

2084 3929 2376 3990 tinxerant
2409 3929 2830 4000 Ecclesiamque
2859 3933 3276 3987 constituerant
3306 3930 3456 4002 (nam
3496 3929 3719 4002 Gildas,

2084 4004 2513 4059 vetustissimus
2539 4003 2703 4057 illius
2752 4009 2935 4073 gentis
2977 4005 3226 4072 scriptor
3257 4000 3577 4062 Britannos,
3603 4000 3716 4073 jam

2084 4077 2220 4131 inde
2235 4074 2306 4129 ab
2326 4075 2496 4128 initio
2513 4074 2625 4128 orti
2652 4071 2967 4141 Evangelii,
2984 4071 3371 4128 Christianam
3399 4071 3722 4140 suscepisse

2084 4146 2420 4217 religionem
2465 4142 2727 4214 testatur)
2756 4142 2829 4217 ad
2853 4145 3042 4199 sedem
3072 4143 3447 4217 apostolicam
3477 4143 3626 4197 duos
3653 4155 3721 4196 ex

2083 4213 2225 4273 suis'
2260 4219 2588 4286 prudentes,
2622 4220 2694 4286 et
2751 4215 3024 4283 primores
3073 4218 3253 4281 viros,
3304 4213 3635 4286 Helvanum,
3667 4217 3724 4267 et

2084 4284 2434 4353 Medianum,
2457 4284 2587 4341 cum
2620 4284 2835 4342 litteris
2866 4286 3028 4341 misit
3048 4286 3149 4356 qui
3177 4300 3207 4339 a
3235 4284 3502 4355 pontiﬁce
3523 4290 3721 4354 postu-

2086 4360 2271 4415 larent
2315 4358 2616 4429 religionis
2645 4357 2982 4412 Christiana:
3023 4358 3346 4429 magistros,
3404 4362 3467 4409 ut
3496 4362 3608 4409 tam
3641 4368 3721 4422 se,

2085 4444 2254 4501 quam
2273 4430 2398 4499 ejus
2426 4427 2700 4501 populum
2722 4432 2780 4501 in
2811 4441 2874 4483 ea
2900 4427 3269 4501 instruerent,
3291 4427 3723 4501 instructosque

2084 4496 2455 4571 baptiza'reni.
2473 4496 2858 4571 Eleutherius,
2880 4498 3030 4553 nihil
3047 4502 3371 4571 cunctatus,
3389 4496 3720 4571 Fugacium,

337 4580 385 4633 si
419 4592 452 4633 a
503 4563 752 4633 Romano
786 4576 1053 4646 pontiﬁce
1080 4578 1148 4632 ad
1181 4563 1533 4631 ordinandas
1567 4563 1843 4629 l~cclesias
1872 4563 1971 4628 ru;
1995 4563 2051 4624 D
2083 4579 2139 4646 et
2162 4563 2531 4646 'Damianum
2585 4571 2638 4623 S.
2706 4570 2768 4646 Rt
2848 4568 3376 4646 E,__presbyteros,_
3434 4563 3720 4646 singulari

336 4653 452 4703 turi
477 4645 861 4718 episcopatus,
890 4653 990 4704 aut
1020 4647 1347 4717 provinciae,
1370 4645 1858 4718 ablegarenturex
1883 4659 1974 4718 ur-

336 4720 484 4775 bano
516 4716 692 4775 clero‘
719 4716 1053 4789 presbyteri,
1084 4719 1388 4774 titulorum
1419 4716 1585 4772 Urbis
1615 4716 1970 4789 magisterio,

333 4791 501 4860 quasi
537 4796 595 4845 in
624 4787 936 4846 dimcesum
967 4787 1370 4859 prccuratione
1397 4788 1634 4860 exerciti
1659 4806 1696 4860 :u
1726 4789 1808 4860 vel
1837 4787 1974 4860 epi-

333 4857 496 4929 s'c0pi
529 4863 716 4916 Roma:
741 4857 993 4917 ordinati
1026 4866 1081 4915 et
1102 4860 1411 4929 pontiﬁciaa
1444 4859 1618 4927 hujus
1641 4857 1970 4926 disciplina:

335 4939 509 4987 testes
534 4933 770 4997 oculati,
797 4933 1143 5002 quandoque
1167 4933 1337 4986 etiam
1362 4930 1431 4985 ad
1457 4929 1970 5002 temporali-iamvi-

332 5004 504 5057 raria:
534 5004 794 5071 potestati
814 4999 1025 5058 ‘curam
1052 4999 1342 5063 adhibiti,
1376 5001 1542 5071 quasi
1587 4999 1811 5055 emeriti
1852 4999 1971 5054 du-

330 5086 425 5128 ces
454 5074 670 5128 Christi
701 5074 1168 5140 vexillationum,
1191 5073 1578 5127 etcensitores
1603 5071 1816 5126 civium
1840 5082 1969 5124 vere

335 5144 718 5200 Romanorum
760 5145 829 5199 ad
861 5145 1121 5200 colonias
1144 5143 1398 5199 celestis
1434 5141 1748 5197 Jerusalem
1780 5140 1973 5195 dedu—

330 5216 559 5281 cendas,
610 5220 666 5269 et
694 5229 823 5270 cum
858 5216 962 5269 hac
987 5214 1310 5269 earumdem
1360 5216 1417 5267 in
1446 5214 1618 5268 terris
1668 5210 1965 5281 metropoli

328 5290 483 5340 arcte
503 5286 940 5354 connectendas,
968 5284 1336 5355 poscentibus
1364 5284 1596 5355 populis
1619 5297 1685 5339 ac
1711 5283 1963 5354 regibus,

327 5360 797 5424 concederentur,

397 5429 523 5482 Haec
550 5428 738 5483 iusius
755 5427 1015 5497 exposita
1045 5427 1096 5481 si
1129 5428 1263 5497 quis
1287 5428 1479 5489 ducat,
1505 5438 1673 5495 quam
1705 5425 1850 5479 ratio
1871 5424 1966 5479 ad-

326 5499 691 5555 notationum
720 5496 1050 5568 eprsceret
1072 5496 1494 5568 ad’Eleutherii
1515 5496 1845 5568 sectionem,
1872 5508 1963 5549 ex-

327 5570 615 5625 hibentem
646 5566 807 5625 Lucii
839 5570 989 5634 regis
1020 5569 1326 5637 postulata,
1357 5573 1413 5621 et
1438 5566 1759 5637 Eleutherii
1778 5571 1957 5633 pater-

327 5654 454 5695 nam
472 5654 669 5696 curam
690 5643 747 5695 in
780 5635 1151 5710 promovenda
1168 5637 1318 5710 apud
1347 5637 1655 5710 Britannos
1684 5635 1964 5710 religione

322 5711 672 5778 Christiana,
696 5720 750 5767 et
780 5705 1120 5767 ordinandis
1146 5705 1419 5763 Ecclesiis
1444 5706 1697 5774 ejusdem
1724 5705 1964 5778 provin-

268 5782 277 5791 '
320 5784 445 5855 cite,
486 5774 829 5855 indulgebit,
859 5785 957 5855 __ut
1016 5793 1205 5849 spero,
1257 5791 1564 5855 excursum
1618 5774 1739 5855 non
1771 5774 1966 5855 inofﬁ-

322 5848 569 5925 cioSum,
612 5848 796 5924 néque
820 5848 1078 5906 alienum
1109 5863 1142 5906 a
1180 5851 1406 5907 ratione
1437 5849 1872 5905 Adnotationum
1906 5848 1966 5903 in

2081 4644 2366 4708 doctrina,
2397 4647 2451 4695 et
2480 4641 2685 4708 pietate
2710 4639 2868 4694 viros
2899 4634 3039 4692 illuc
3066 4634 3246 4703 misit,
3279 4634 3553 4708 quiregis
3574 4634 3724 4708 votis

2081 4706 2493 4770 satisfacerent.
2518 4713 2597 4765 Ita
2617 4710 2911 4764 Britannia
2928 4721 3099 4776 opera
3124 4706 3433 4762 Eleutherii
3462 4706 3720 4761 omnium

2082 4781 2723 4860 provinciarl‘m‘prjma
2756 4778 3125 4860 Evangelium
3174 4777 3404 4860 publice
3443 4776 3719 4857 suscepit.

2078 4848 2234 4912 IAdeo
2291 4858 2355 4908 ut
2399 4848 2794 4906 Tertullianus
2822 4848 3051 4903 vicinus
3080 4862 3276 4904 eorum
3311 4856 3628 4917 temporum
3660 4848 3719 4900 in

2082 4927 2185 4982 lib.
2238 4924 2675 4981 contr..ludaeos
2704 4921 3111 4975 Britannorum
3165 4920 3456 4974 inaccessa
3506 4919 3722 4973 Roma-

2080 5011 2283 5053 norum
2331 4994 2453 5049 loca
2501 4992 2734 5048 subdita
2774 4997 2912 5046 tunc
2959 4990 3190 5045 Christo
3231 5002 3354 5045 esse
3396 4989 3717 5057 scripserit.

2148 5067 2317 5122 Linea
2384 5063 2438 5119 5.
2481 5092 2554 5102 -
2608 5064 2676 5117 Ut
2722 5063 2879 5115 nulla
2949 5076 3071 5114 esca
3115 5061 3328 5115 usualis
3379 5076 3413 5114 a
3457 5060 3722 5114 Christia-

2076 5140 2161 5192 nis
2218 5136 2622 5206 repudiaretur.
2669 5132 3094 5206 Encratitarum
3123 5138 3262 5206 tunc
3303 5132 3504 5206 haeresi
3554 5129 3723 5184 inva-

2079 5202 2346 5276 lescenie,
2378 5219 2509 5276 quae
2563 5217 2698 5276 non
2731 5204 2917 5276 solum
2972 5204 3227 5276 nuptias,
3282 5203 3384 5276 sed
3441 5202 3723 5276 humanos

2075 5280 2236 5335 cibos
2287 5271 2613 5341 damnabat,
2687 5275 2948 5330 instituit
3006 5271 3392 5333 Eleutherius.
3468 5285 3538 5327 ne
3590 5271 3722 5342 quis

2078 5350 2335 5406 ﬁdelium
2411 5347 2482 5402 ob
2553 5347 3047 5416 superstitionem,
3118 5357 3297 5415 genus
3337 5343 3556 5416 “ullum
3601 5341 3720 5396 eibi

2080 5423 2359 5491 rejiceret,
2424 5432 2538 5489 quo
2582 5414 2846 5473 homines
2891 5430 2960 5472 ex
3034 5414 3455 5471 consuetudine
3528 5426 3723 5469 vesce—

2083 5499 2302 5548 rentur.

2800 5592 2991 5649 PAGII

2145 5705 2315 5759 Linea
2335 5700 2388 5758 3.
2410 5704 2597 5757 —Hic
2613 5704 2816 5772 accepit
2829 5702 3134 5771 epistolam.
3153 5697 3543 5772 Eleutherius,
3572 5697 3720 5755 inito

2076 5776 2433 5847 pontiﬁcatu,
2448 5770 3025 5847 epistolam‘accepita
3042 5771 3220 5847 Lucio
3237 5770 3549 5825 Britanniae
3570 5782 3716 5847 rege,

2067 5842 2180 5918 qua
2197 5842 2527 5918 rogabatur,
2553 5849 2618 5902 ut
2640 5845 2829 5900 divini
2855 5843 3014 5901 verbi
3032 5842 3354 5913 ministros,
3376 5853 3444 5895 ac
3459 5842 3724 5895 sacerdo-
