4070 6178
364 260 502 318 4283

1555 255 1914 310 ANASTASII
1951 253 2492 310 BIBLIOTHECARiI

3615 247 3758 305 4281

358 397 481 440 esse
500 380 900 439 celebrandum
942 377 1037 434 die
1067 376 1367 433 Domi..iea
1399 381 1524 445 post
1559 375 1755 433 lunam
1780 390 1898 431 xrv.
1931 378 2010 431 De
2034 372 2093 432 A
2113 375 2303 431 editas
2329 375 2401 430 ab
2429 375 2734 445 episcopis,
2766 374 2952 444 primo
2980 374 3176 430 laudat
3215 372 3417 429 Palma:
3449 374 3613 429 Ponti
3642 384 3762 445 an:

363 469 474 524 quo
501 453 706 508 ordine
734 452 851 506 haec
872 448 1166 524 Eusebius
1197 449 1234 503 ι.
1262 462 1315 513 v,
1346 462 1393 502 c.
1418 445 1490 500 23
1516 465 1529 501 :
1568 449 1687 524 «‘At
1708 447 1912 518 synodi
1935 447 2007 502 ob

363 519 441 591 id,
473 530 768 592 coetusque
796 521 1194 592 episcoporum
1232 531 1560 592 convenere.
1590 519 1774 592 Atque
1799 532 2006 592 omnes

372 588 487 652 uno
508 588 783 649 csnseiisu
810 588 1253 647 ecclesiasticam
1282 588 1531 659 regulam
1560 588 1845 644 universis
1880 589 2008 644 tide-

373 666 530 722 libus
552 679 649 734 per
673 662 1323 734 epistolastradiderunt
1368 673 1435 734 ne
1456 660 1726 734 videlicet
1747 660 1869 734 ul_lo
1889 660 2006 734 alio

372 731 817 806 quam'Domini
848 735 946 806 die
990 732 1330 806 mysterium
1388 731 1841 806 Resurrectionis
1889 732 2007 806 D_o_-

371 801 511 862 mini
566 819 821 875 unquam
867 802 1218 858 celebretur:
1270 807 1445 875 utque
1492 803 1873 875 eo‘duntaxat
1910 801 2006 856 die

372 872 732 933 Paschaliu'm
779 876 1133 944 jejuniorum
1182 874 1493 944 terminum
1533 872 1913 944 observemus.
1974 890 2001 921 υ

364 951 444 1005 De
468 947 711 1018 epistola
740 942 870 1018 vero
897 945 1126 999 emissis
1165 957 1230 998 ea
1274 943 1573 1018 occasione
1610 944 1690 1018 ita
1722 942 2004 1018 Eusebius

372 1014 898 1089 rem'prosequitur
926 1027 1195 1089 enarrare
1215 1033 1228 1068 :
1248 1033 1292 1089 Δ(ι
1326 1016 1523 1089 Exstat
1551 1015 1863 1089 etiamnum
1890 1014 2002 1089 epi-

368 1091 515 1147 stola
530 1084 926 1148 sacerdotum,
958 1086 1057 1155 qui
1085 1092 1223 1140 tunc
1247 1086 1306 1139 in
1348 1085 1647 1140 Palaisuna
1675 1084 2001 1156 congregati

367 1168 543 1217 sunt:
601 1158 815 1230 quibus
875 1156 1255 1230 praesidebant
1320 1156 1675 1230 Theophilus
1740 1158 2005 1230 Caesareae

366 1226 701 1297 Palaestina,
720 1236 775 1283 et
796 1226 1107 1283 Narcissus
1124 1226 1652 1297 Hierosolymorum
1674 1227 2002 1295 episcopus.

366 1304 494 1358 Alia
527 1304 662 1357 item
685 1305 871 1354 exstat
899 1298 1143 1367 epistola
1191 1298 1392 1365 synodi
1447 1298 1726 1353 Romanae.
1773 1298 1868 1353 cui
1898 1297 2005 1351 Vi—

367 1374 551 1429 ctoris
577 1370 834 1441 episcopi
868 1383 1072 1441 nomen
1102 1368 1392 1435 prieﬁxum
1422 1375 1528 1441 est.
1556 1368 1846 1441 Habentur
1865 1381 2008 1441 priev

369 1451 522 1501 terea
552 1439 760 1497 litterae
812 1440 1213 1508 episcoporum
1275 1440 1469 1507 Ponti,
1520 1439 1734 1508 quibus
1789 1439 2008 1494 Palmas

370 1520 565 1584 utpote
581 1511 1030 1584 antiquissimus
1044 1508 1295 1584 praefuit.
1314 1510 1562 1584 Epistola
1578 1524 1803 1580 quoque
1826 1509 2011 1584 Eceie-

370 1580 587 1642 siarum
601 1582 803 1639 Galliae
814 1586 1017 1647 exstat,
1041 1580 1255 1650 quibus
1272 1588 1505 1649 praeerat
1530 1583 1793 1637 Irenaaus.
1824 1581 2014 1636 Eccle-

370 1658 588 1712 siarum
631 1666 859 1724 quoque
890 1653 948 1724 in
993 1652 1296 1724 Osdroena:
1337 1652 1651 1724 provincia,
1700 1659 1756 1707 et
1800 1653 1858 1706 in
1906 1667 2010 1707 ur-

373 1727 548 1783 bibus
574 1723 830 1795 regionis
862 1723 1026 1795 illius
1061 1723 1509 1795 constitutarum
1556 1723 1762 1777 littera:
1803 1723 2012 1795 visun—

374 1805 490 1855 tur.
526 1815 552 1847 η
575 1792 669 1851 Hie
694 1808 862 1865 porro
892 1792 1153 1865 epistolae
1181 1794 1238 1848 in
1293 1806 1473 1849 unum
1504 1794 1756 1849 codicem
1799 1794 2009 1860 relatae,

417 1870 476 1925 ui
511 1869 644 1923 inde
659 1863 987 1935 encyclicus
1003 1863 1329 1931 vocabatur,
1345 1865 1643 1920 exstabant
1664 1866 1836 1920 etiam
1851 1871 2013 1919 aetate

417 1885 476 1925 111
511 1885 644 1923 Illae
659 1885 987 1935 θηογυιιῠυδ
1004 1885 1329 1931 vocauatur,
1345 1885 1643 1920 exswuaiit
1664 1885 1836 1920 etiam
1851 1885 2009 1919 ωιειιε

374 1885 632 2008 ἓιιεθὺὶἱ,
678 1937 778 2007 qui
835 1949 1029 1991 earum
1094 1934 1349 2008 ordinem
1406 1936 1653 2008 breviter
1707 1937 2009 2008 expressit.

372 2011 541 2066 Alius
585 2006 711 2064 erat
753 2007 1095 2076 epistolicus
1144 2006 1319 2061 codex
1366 2006 1620 2075 ejusdem
1665 2007 2014 2076 argumenti,

376 2095 541 2152 quem
574 2080 657 2152 ibi
690 2079 904 2152 laudat
921 2079 1010 2132 his
1035 2077 1227 2152 verbis
1249 2097 1306 2130 :«
1323 2076 1570 2132 Seorsim
1595 2091 1727 2152 vero
1746 2076 2013 2152 Bacchyli

371 2148 799 2207 Corinthiorum
821 2148 1076 2218 episcopi
1111 2148 1474 2217 aliorumque
1500 2148 1882 2216 complurium
1901 2148 2019 2216 epi-

375 2223 536 2277 stolae
565 2227 813 2276 exstant.
845 2239 871 2268 υ
907 2222 983 2274 De
1017 2219 1277 2273 unanimi
1304 2232 1584 2274 consensu
1632 2219 1747 2273 haec
1781 2220 2010 2287 pandit:

379 2314 405 2346 α
438 2293 546 2361 Qui
580 2304 777 2346 omnes
806 2291 1057 2344 eamdem
1072 2289 1269 2361 itidem,
1303 2290 1671 2359 eamdemque
1691 2289 2013 2361 doctrinam

378 2360 1186 2434 proferentesunamedidere
1214 2361 1575 2434 sententiain.
1608 2379 1634 2409 »
1671 2360 1839 2416 Liber
1882 2363 2017 2434 Pon-

378 2430 613 2490 iillcalis
645 2433 703 2487 in
748 2433 851 2485 hac
880 2430 1178 2485 additione
1211 2432 1617 2500 correspondet
1641 2445 1772 2486 cum
1812 2432 2016 2487 ordine

379 2506 597 2561 codicis
624 2502 843 2557 laudati
868 2500 1166 2571 encyclici,
1197 2501 1295 2557 ubi
1334 2503 1705 2570 praemittitur
1722 2502 2017 2571 Theophi—

387 2577 475 2631 lus
502 2582 559 2629 et
582 2574 829 2628 Victoris
849 2572 1123 2642 synodica
1146 2572 1542 2641 subsequitur,
1566 2579 1629 2627 ut
1651 2573 1746 2627 hic
1774 2573 2007 2642 legitur:

381 2652 435 2701 et
463 2648 715 2699 accersito
742 2644 861 2712 (per
891 2642 1190 2710 epistolam
1218 2645 1433 2711 nempe)
1463 2643 1748 2711 Theophila
1770 2646 2013 2711 episcopo

382 2715 735 2772 Alexandriae
752 2714 1071 2780 (legendum
1094 2714 1328 2766 omnino
1352 2716 1614 2767 ciesareae
1659 2720 1718 2768 ut
1738 2714 2017 2768 Eusebius

382 2782 735 2855 scripserat),
765 2785 917 2849 facta
947 2785 1359 2855 congregatione
1376 2783 1766 2855 (epistularum
1791 2784 2018 2853 synodi-

382 2854 579 2913 earum
624 2866 842 2922 nempe,
899 2866 1043 2922 quas
1081 2854 1148 2908 ad
1221 2854 1721 2923 interrogationem
1768 2855 2015 2910 Victoris

384 2923 711 2995 emiserant)
742 2929 802 2977 ut
830 2924 1295 2995 aquariadecima
1331 2926 1484 2985 luna,
1529 2931 1636 2978 etc.
1688 2926 1799 2980 Has
1849 2939 2017 2993 porro

382 2998 658 3068 epistolas
685 2993 1003 3068 encyclicas
1030 2993 1230 3068 fuisse,
1254 2995 1774 3068 eidenuntiativas,
1803 2996 2019 3066 quibus

385 3061 453 3124 eo
480 3081 595 3123 aevo
626 3061 883 3135 episcopi
905 3067 1251 3135 emergentia
1276 3061 1425 3128 ﬁdei,
1446 3072 1547 3120 aut
1571 3061 1898 3136 disciplina
1918 3068 2021 3122 du-

386 3139 481 3194 bia
505 3137 871 3195 declarabant
905 3137 1068 3205 juxta
1109 3137 1475 3191 traditionem
1526 3138 1584 3190 in
1617 3138 1869 3207 propriis
1916 3140 2024 3192 Ee—

385 3211 582 3265 clesiis
657 3214 956 3265 servatam.
1028 3207 1504 3265 custoditamuue.
1575 3216 1630 3262 et
1699 3208 1800 3264 has
1872 3210 2023 3264 vici-

388 3280 656 3337 nioribus
685 3278 1031 3349 dirigebant,
1082 3284 1137 3332 et
1164 3278 1208 3332 ii
1256 3278 1529 3333 similiter
1573 3278 1710 3341 aliis
1753 3294 1850 3349 per
1893 3294 2023 3335 om—

389 3294 656 3337 nioribus
685 3294 1031 3403 cingebant,
1082 3294 1137 3332 et
1164 3294 1208 3332 ll
1256 3294 1529 3333 Similiter
1573 3294 1710 3341 auis
1753 3294 1850 3349 per
1893 3294 2023 3335 om—

389 3365 487 3407 nes
516 3352 675 3406 orbis
709 3352 809 3403 Ecc
836 3350 987 3403 esias
1011 3355 1204 3417 aperte
1231 3350 1391 3404 docet
1421 3350 2024 3417 synodieaPalaastino-

389 3436 512 3476 rum
533 3421 642 3476 sub
660 3420 975 3487 Theophilo
1001 3432 1126 3488 qua:
1145 3421 1223 3473 ita
1250 3419 1496 3490 legentes
1512 3420 1805 3475 admonet:
1834 3442 1859 3473 α
1884 3423 2021 3476 Date

386 3506 637 3561 Operam,
659 3496 722 3545 ut
736 3492 993 3559 epistolae
1016 3496 1222 3561 nostra:
1236 3490 1583 3558 exemplaria
1605 3504 1907 3557 peromnes
1927 3495 2020 3547 Ee-

388 3560 595 3619 elesias
613 3561 933 3629 mittantur,
953 3573 1020 3614 ne
1037 3560 1201 3615 nobis
1221 3562 1436 3615 crimen
1466 3561 1766 3631 imputent,
1784 3564 1883 3631 qui
1904 3565 2021 3618 ani-

391 3648 512 3689 mas
558 3647 692 3689 suas
714 3645 745 3686 a
778 3639 929 3687 recto
956 3631 1213 3686 veritatis
1243 3633 1471 3687 tramite
1510 3630 1677 3686 facile
1705 3630 2015 3689 abducunt.

389 3705 535 3761 Illud
559 3706 731 3759 etiam
750 3702 913 3757 vobis
933 3702 1349 3772 signiﬁcamus,
1372 3703 1566 3757 eodem
1594 3718 1707 3772 quo
1735 3705 1885 3772 apud
1920 3719 2023 3760 nos

388 3777 483 3831 die
514 3775 726 3831 Pascha
754 3772 1113 3827 Alexandria-
1161 3773 1464 3828 celebrari.
1496 3776 1539 3827 A
1572 3774 1739 3829 nobis
1769 3776 1920 3830 enim
1951 3777 2020 3831 ad

392 3846 545 3907 illos,
576 3844 833 3899 vicissim
873 3842 942 3896 ab
978 3842 1099 3896 illis
1142 3844 1211 3897 ad
1258 3857 1361 3898 nos
1404 3843 1610 3897 littera:
1661 3844 2024 3913 perferuntur

393 3917 473 3971 ita
504 3920 567 3969 ut
606 3927 720 3986 uno
748 3926 1050 3986 consensu.
1102 3919 1159 3967 et
1203 3914 1378 3986 simul
1423 3922 1845 3986 sacrosanctum
1891 3930 2023 3986 per—

390 3984 1263 4056 agamusdiem.itiontroversia
1285 3998 1415 4056 vero
1438 3985 1872 4053 specialissima,
1892 3984 2024 4056 quae

392 4054 532 4111 tunc
572 4056 788 4109 exarsit
837 4054 1086 4109 Victoris
1134 4054 1467 4123 pontiﬁcatu
1520 4069 1614 4123 per
1662 4054 2023 4113 Judaizantes

392 4126 639 4196 excitata
672 4126 729 4196 in
760 4137 832 4196 eo
849 4124 1208 4196 versabatur,
1243 4128 1390 4195 quod
1418 4126 1516 4196 qui
1545 4141 1674 4181 cum
1695 4128 2024 4183 Christiana

394 4194 674 4267 religione
694 4194 964 4267 legalium
987 4194 1217 4267 observa
1227 4194 1832 4267 ntiaseonjungendas,
1850 4199 1936 4253 uti
1952 4198 2019 4254 ad

393 4265 638 4338 salutem
670 4265 1545 4338 necessarias,AdOgmatizahant,
1572 4265 1859 4323 decretum
1886 4283 2026 4338 pro—

394 4335 741 4404 scinderent,
774 4335 950 4389 veluti
983 4334 1233 4389 alienum
1272 4336 1344 4391 ab
1379 4351 1486 4391 usu
1519 4334 1923 4403 Ecclesiarum,
1968 4347 2025 4394 et

394 4406 781 4477 apostolorum
810 4406 1139 4477 traditione.
1174 4407 1252 4461 Ad
1285 4407 1487 4462 horum
1528 4408 1908 4465 retundendas
1938 4425 2025 4465 ca-

396 4475 648 4551 lumnias
679 4478 974 4551 Victo_r,__et
995 4475 1207 4545 reliqui
1237 4477 1507 4533 catholici
1547 4480 1801 4548 episcopi
1835 4484 1892 4535 in
1923 4496 2021 4551 sy-

398 4549 565 4605 nodis
593 4548 1040 4615 provincialibus
1059 4555 1348 4617 coeuntes,
1373 4551 1842 4606 consuetudinem
1869 4548 2023 4607 cele-

396 4619 678 4675 brationis
704 4619 1014 4687 expositam
1049 4619 1106 4671 in
1143 4620 1437 4689 synodicis
1466 4622 1773 4677 tradidere.
1809 4625 1869 4677 In
1916 4625 2022 4677 Pa-

400 4692 622 4762 laestina
648 4703 881 4762 examen
904 4690 1087 4759 primo
1113 4691 1446 4762 institutum
1476 4692 1613 4746 dum
1659 4693 1740 4746 ibi
1787 4700 2023 4762 aposto-

397 4762 525 4834 lica:
555 4761 958 4834 isntitutiones
1003 4761 1264 4834 Ecclesiae
1309 4766 1586 4832 vigerent,
1648 4761 2023 4834 testatamque

398 4831 648 4887 facerent
695 4830 765 4886 ab
805 4830 1078 4900 apostolis
1124 4830 1399 4895 habitam,
1444 4838 1838 4903 receptamque
1878 4830 2025 4889 con—

398 4903 785 4974 suetudinem.
818 4903 966 4974 quod
1013 4909 1356 4974 praestarent
1382 4904 1441 4958 in
1474 4903 1700 4959 laudata
1729 4905 2020 4974 synodica.

400 4916 785 4961 suetudinem.
818 4916 966 5027 quoa
1013 4916 1356 4970 prieStaruni
1382 4917 1441 4958 in
1476 4916 1700 4959 laudata
1729 4916 2020 4974 synomca.

400 4973 795 5029 Velitationem
858 4973 1010 5027 uisse
1032 4973 1102 5027 de
1120 4973 1450 5043 traditione,
1477 4981 1535 5028 et
1560 4989 1665 5029 usu
1709 4975 2025 5043 apostolico

400 5048 620 5100 servato
649 5044 717 5098 ad
748 5043 997 5098 Victoris
1024 5049 1277 5112 tempora
1306 5044 1459 5099 clare
1492 5045 1686 5100 innuit
1722 5046 2021 5103 Eusebius.

402 5117 654 5183 quicum
687 5115 980 5169 retulisset
1018 5115 1297 5183 synodum
1346 5115 1454 5170 sub
1482 5115 1795 5184 Theophilo
1837 5118 2028 5172 Cresa—

405 5184 597 5258 riensi
636 5184 969 5258 Palaestinae,
1007 5192 1064 5239 et
1092 5185 1344 5258 Narcissi
1378 5188 1900 5258 Hieroso‘lymitani,
1923 5188 2023 5258 qui

404 5259 539 5311 tunc
561 5256 897 5311 Caesariensi
926 5255 1342 5324 Metropolitieo
1378 5257 1508 5324 jure
1541 5256 1911 5325 subdebatur,
1941 5255 2024 5313 ita

405 5332 770 5382 retractatum
824 5329 1227 5381 controversia:
1272 5335 1671 5397 argumentum
1722 5329 2021 5397 pr0ponit:

407 5414 434 5447 α
462 5397 762 5466 Postquam
784 5398 854 5451 de
882 5397 1195 5452 traditione
1214 5398 1330 5452 diei
1358 5398 1775 5467 Paschalisjam
1802 5401 1934 5455 inde
1955 5399 2025 5455 ab

402 5467 679 5539 apostolis
709 5468 776 5523 ad
804 5469 958 5537 ipsos
997 5471 1270 5539 continua
1297 5470 1657 5524 successione
1681 5481 2020 5539 manaverat,

405 5534 668 5616 multain
694 5534 1064 5616 suis—litteris
1087 5534 1504 5616 dIS_S_8l‘l18_l‘unl,
1526 5542 1748 5595 tandem
1771 5542 1838 5596 ad
1865 5534 2031 5596 linem

402 5605 660 5678 epistola
692 5608 784 5662 his
803 5615 1054 5678 utuntur
1071 5609 1289 5664 verbis:
1325 5610 1463 5663 Date
1490 5605 1737 5678 cperam,
1785 5629 1812 5660 υ
1855 5616 1911 5666 et
1936 5625 2033 5667 re—

404 5676 567 5757 iiqua
596 5690 663 5757 su
674 5691 772 5745 pra
798 5677 1044 5757 laudata.
1068 5680 1228 5757 Quod
1250 5676 1551 5757 colligitur
1573 5676 1746 5736 etiam
1762 5695 1825 5736 ex
1851 5682 2031 5757 altera

401 5745 1714 5820 Eusebianaanimadversione,dum'recensens
1727 5752 2031 5821 synodicas

2117 447 2359 501 tistitem
2403 441 2847 514 antiquissimum
2884 448 3205 514 episcopum,
3238 450 3435 513 utpote
3462 450 3664 511 aptum
3687 441 3764 496 ad

2117 517 2330 587 prioris
2347 519 2620 586 temporis
2637 517 3108 573 consuetudinem
3139 516 3634 587 manifestandamz
3652 514 3764 587 Se—

2113 585 2302 643 cundo
2342 585 2480 657 quia
2528 586 2779 643 referens
2824 587 3123 655 Theophili
3154 587 3320 641 verba
3368 587 3422 640 in
3457 585 3766 655 synodica,

2114 656 2513 714 adnotavitilla
2562 658 2752 723 verba,
2806 657 2902 713 ubi
2961 657 3332 727 Theophilus.
3378 663 3435 711 et
3464 656 3763 724 propriam

2115 729 2384 784 canitiem
2416 731 2790 810 commendat,
2818 734 2873 810 et
2922 729 3025 810 diu
3069 730 3342 810 agitatam
3368 726 3767 810 disceptatin—

2117 813 2264 868 nem,
2288 814 2457 869 quam
2478 808 2669 856 "tamen
2702 799 2946 855 solutam
2974 799 3044 853 ab
3058 796 3196 854 aliis
3220 800 3509 868 episcopis
3525 796 3764 869 scribit.

2109 867 2275 939 juxta
2302 867 2588 941 receptum
2609 885 2776 926 usum
2799 870 3123 926 celebrandi
3146 870 3355 925 Pascha
3379 872 3435 923 in
3460 867 3766 922 Dominica

2114 949 2387 1010 sequente
2434 940 2636 997 lunam
2666 955 2781 996 XIV.
2833 943 3044 1008 Ego...
3098 944 3341 1010 quinque
3389 946 3437 994 et
3467 940 3768 1010 sexaginta

2112 1009 2287 1066 annos
2315 1019 2481 1067 natus
2525 1015 2586 1067 in
2619 1015 2857 1078 Domino,
2910 1016 3009 1081 qui
3029 1009 3149 1066 cum
3193 1012 3469 1077 fratribus
3494 1014 3606 1063 toto
3636 1009 3766 1062 orbe

2112 1082 2374 1151 dispersis
2412 1099 2654 1139 sermone
2691 1099 2829 1153 saepe
2866 1084 3085 1137 contuli.
3144 1084 3270 1137 Haec
3314 1083 3508 1153 itaque
3566 1081 3768 1153 innuit

2112 1153 2282 1208 Liber
2298 1154 2646 1211 Pontiﬁcalis
2676 1155 2734 1209 in
2752 1151 2998 1210 secunda
3027 1154 3299 1209 memoria
3317 1151 3768 1207 constitutionis

2113 1223 2279 1279 editae
2294 1240 2325 1281 a
2342 1227 2585 1292 Victore,
2616 1227 2771 1280 sicut
2798 1225 3236 1292 priedecessores
3251 1222 3767 1279 determinaverint

2115 1295 2290 1361 diem,
2324 1304 2379 1352 et
2427 1311 2556 1352 eum
2604 1296 2970 1351 Judaizantes
2998 1296 3291 1350 decretum
3325 1293 3767 1362 proscinderent

2116 1366 2292 1422 veluti
2318 1368 2673 1423 contrarium
2710 1367 2846 1422 usui
2870 1366 3206 1434 apostolico,
3245 1365 3437 1419 Victor
3455 1363 3765 1434 episcopos

2116 1437 2453 1494 Palaestinos
2477 1439 2808 1506 admonens,
2831 1442 2888 1492 et
2911 1433 3012 1506 per
3046 1438 3147 1491 hos
3176 1435 3434 1504 reliquos
3460 1433 3626 1506 orbis
3653 1446 3769 1506 an-_-

2119 1507 2354 1574 tistites,
2383 1523 2512 1564 cum
2541 1503 2832 1575 probatum
2860 1503 3024 1563 usum
3070 1503 3321 1565 haberet.
3360 1512 3417 1561 et
3437 1504 3673 1574 quidem
3693 1503 3765 1575 ad

2115 1573 2597 1648 interrogationem
2644 1582 2920 1643 accersito,
2973 1593 3086 1631 seu.
3111 1578 3273 1632 electo
3308 1573 3619 1648 Theophila,
3668 1573 3767 1629 cui

2117 1667 2239 1712 eam
2264 1647 2665 1706 illustrandam
2686 1649 3046 1704 traditionem
3063 1648 3444 1714 commiserat,
3470 1647 3765 1701 decretum

2041 1724 2092 1783 B
2116 1719 3101 1790 edidit.editumqueludaizantium
3115 1719 3413 1790 audaciam
3430 1717 3764 1790 retardavit,

2119 1799 2255 1854 dum
2286 1798 2414 1864 post
2441 1787 2722 1864 Victorem
2749 1792 2816 1845 ad
2844 1790 3075 1864 Nicaeni
3104 1789 3340 1864 concilii
3367 1796 3626 1864 tempoi-a
3656 1787 3769 1864 epi-

2120 1860 2301 1935 scopi,
2329 1869 2382 1919 et
2398 1861 2651 1935 Ecclesia
2669 1875 2836 1917 usum
2855 1862 3171 1917 custodivit
3196 1860 3525 1915 celebrandi
3552 1860 3767 1912 Pascha

2120 1940 2191 1995 de
2218 1934 2516 1991 Dominico
2547 1934 2662 1989 die.

2193 2010 2267 2062 De
2314 2004 2514 2060 circulo
2560 2003 2797 2069 Paschae,
2843 2016 2945 2059 seu
2988 2003 3235 2058 termino
3281 2002 3454 2058 etiam
3504 2001 3771 2069 jejunio-

2125 2092 2272 2135 rum.
2326 2076 2635 2145 Utramque
2686 2074 3157 2144 disceptationem
3189 2073 3557 2145 subVictore
3598 2084 3633 2125 a
3659 2072 3766 2145 {n-

2123 2146 2489 2205 daizantibus
2518 2139 2821 2201 excitatam
2848 2139 3077 2201 dixerat
3118 2144 3401 2200 Eusebius
3427 2143 3465 2199 l.
3491 2156 3549 2209 v,
3577 2155 3629 2196 c.
3663 2139 3763 2196 23:

2126 2242 2152 2273 α
2183 2220 2388 2275 Iisdem
2445 2216 2800 2286 temporibus
2850 2217 3008 2287 gravi
3040 2215 3427 2287 controversia
3454 2220 3676 2287 exorta,
3708 2224 3769 2266 eo

2125 2292 2273 2362 quod
2311 2301 2529 2362 omnes
2565 2284 2662 2356 per
2686 2284 2877 2341 Asiani
2932 2286 3198 2362 Ecclesiae
3247 2292 3494 2362 vetusia
3524 2284 3768 2362 quadam

2123 2355 2439 2418 traditione
2476 2355 2642 2426 nixae,
2678 2363 2881 2427 quarta
2918 2358 3139 2413 decima
3169 2357 3305 2412 luna
3349 2355 3635 2427 salutaris
3666 2355 3769 2407 Pa-

2125 2434 2274 2489 scha:
2301 2430 2509 2485 festum
2545 2426 3121 2485 diem’celebrandum
3155 2442 3279 2483 esse
3299 2426 3631 2491 censebant,
3658 2437 3767 2493 quo

2124 2505 2218 2559 die
2251 2502 2830 2572 praescriptumierat
2866 2499 3101 2572 Judaeis,
3154 2505 3215 2553 ut
3239 2512 3450 2570 agnum
3499 2497 3769 2572 immola-

2126 2567 2280 2630 rent':
2317 2567 2503 2642 eaque
2526 2570 2778 2642 omnino
2811 2570 2950 2642 luna
3002 2571 3061 2642 in
3108 2567 3512 2642 quamcunque
3540 2567 3767 2622 demum

2121 2646 2274 2700 diem
2306 2639 2637 2711 septimanae
2670 2641 2994 2709 incidisset,
3023 2639 3190 2695 tinem
3214 2640 3455 2710 jejuniis
3483 2639 3772 2711 imponeno

2120 2716 2258 2771 dum
2311 2710 2436 2769 esSe
2486 2711 2843 2768 statuebant:
2880 2726 3009 2767 cum
3060 2718 3244 2766 tamen
3297 2710 3535 2779 reliquie
3587 2710 3765 2764 totius

2124 2786 2284 2841 orbis
2310 2784 2574 2840 Ecclesia:
2603 2783 2721 2837 alio
2752 2796 2906 2837 more
2934 2788 3249 2849 uterentur,
3278 2784 3379 2851 qui
3410 2795 3479 2835 ex
3526 2786 3766 2849 aposto—

2126 2857 2312 2912 lorum
2363 2853 2671 2910 traditione
2703 2851 2989 2922 profectus
3038 2853 3347 2907 etiamnum
3388 2859 3672 2918 servatur,
3708 2855 3767 2922 ut

2128 2928 2346 2982 scilicet
2375 2939 2486 2981 non
2503 2925 2620 2980 alio
2642 2938 2811 2993 quam
2845 2924 3318 2979 ressurreetionis
3338 2922 3655 2977 Dominicis
3674 2921 3767 2975 die

2121 2998 2344 3068 jejmia
2373 2996 2530 3068 solvi
2574 2994 2757 3049 liceat.
2788 3012 2813 3043 io
2855 2995 3014 3068 Finis
3053 2995 3407 3068 jejuniorum
3430 2999 3563 3068 erat
3591 2993 3767 3047 altera

2051 3097 2098 3153 υ
2123 3064 2739 3153 disceptationispars,
2765 3066 2912 3153 quod
2940 3064 3159 3153 clarius
3181 3066 3475 3153 Expressit
3518 3066 3768 3153 [remigis

2132 3140 2189 3195 in
2239 3131 2479 3208 epistola
2524 3131 2746 3208 Victori
2769 3131 2922 3208 data.
2955 3137 3123 3208 apud
3180 3131 3386 3208 EuSeb.
3431 3135 3550 3208 Liv,
3597 3131 3766 3208 c._24,

2132 3224 2257 3281 pag.
2276 3204 2414 3275 ⁷192,
2449 3209 2584 3263 dum
2616 3206 2857 3281 scribit:
2896 3227 2925 3281 ai
2954 3206 3327 3281 Nequeenim
3352 3207 3423 3281 de
3451 3206 3549 3281 die
3583 3204 3768 3281 solum

2129 3275 2518 3336 controversia
2561 3284 2666 3344 est,
2714 3278 2810 3332 sed
2854 3278 3025 3332 etiam
3055 3279 3125 3333 de
3155 3276 3335 3332 forma
3380 3276 3505 3345 ipsa
3529 3275 3763 3344 jejunii.

2128 3351 2367 3420 Quidam
2393 3350 2546 3404 enim
2588 3349 2932 3420 existimant
2970 3350 3140 3420 unico
3190 3347 3283 3402 die
3310 3347 3419 3402 sibi
3466 3360 3593 3420 esse
3612 3346 3769 3420 jeju-

2130 3417 2403 3487 iiaiidum,
2427 3420 2528 3474 alii
2554 3419 2803 3485 duobus,
2834 3419 2939 3473 alii
2966 3418 3265 3488 pluribus:
3299 3418 3566 3473 nonnulli
3595 3417 3765 3471 etiam

2131 3492 2512 3563 quadraginta
2559 3491 2720 3545 horis
2749 3490 3049 3563 diuturnis
3089 3504 3156 3544 ac
3199 3490 3501 3563 nocturnis
3523 3501 3768 3563 compu-

2130 3558 2265 3618 tatis
2311 3558 2462 3617 diem
2501 3575 2672 3617 suum
2710 3561 3045 3616 metiuntur.
3080 3563 3265 3630 Atque
3312 3560 3431 3614 haec
3477 3561 3537 3614 in
3584 3558 3768 3613 obser-

2129 3634 2312 3689 vando
2363 3633 2587 3701 jejunio
2626 3633 2872 3686 varietas
2904 3644 3018 3686 non
3067 3638 3262 3686 nostra
3310 3631 3559 3699 primum
3607 3636 3766 3683 aetate

2130 3711 2265 3760 nota
2315 3700 2431 3769 est,
2479 3704 2573 3758 sed
2627 3703 2792 3773 longe
2840 3703 3276 3773 apudmajores
3303 3707 3531 3773 nostros
3574 3700 3761 3767 coepit,

2131 3776 2231 3845 qui
2268 3772 2815 3845 negligentiores,’ut
2844 3772 3121 3845 credibile
3150 3778 3253 3844 est,
3302 3772 3673 3845 praesidentes
3701 3784 3763 3824 ex

2131 3842 2525 3914 simplicitate,
2543 3851 2601 3900 et
2633 3844 2924 3914 imperitia
2948 3850 3129 3898 ortam
3160 3842 3645 3898 consuetudinem
3674 3855 3763 3910 po-

2130 3917 2303 3972 steris
2377 3916 2755 3971 tradiderunt.
2806 3932 2831 3963 »
2884 3913 3190 3983 Utramque
3240 3914 3693 3969 controversiam
3736 3924 3767 3965 a

2130 3988 2357 4042 Victore
2403 3987 2760 4041 terminatam
2786 3986 2964 4040 edicit
3009 3992 3211 4040 auctor
3259 3984 3442 4039 libelli
3478 3984 3762 4053 synodici,

2132 4058 2234 4128 qui
2260 4056 2332 4112 de
2355 4058 2605 4112 Romana
2633 4057 2847 4128 synodo
2874 4056 2981 4111 sub
3022 4058 3269 4123 Victore,
3314 4062 3369 4110 et
3388 4054 3460 4128 de
3488 4054 3767 4128 determi-

2133 4124 2365 4183 natione
2385 4128 2502 4183 diei
2542 4124 2675 4182 cum
2712 4127 3001 4195 decretum
3025 4133 3331 4195 narrasset,
3363 4124 3565 4181 subdit
3611 4126 3768 4195 (tom.

2131 4200 2175 4254 V
2202 4198 2400 4254 Concil
2435 4212 2558 4270 pag.
2594 4193 2781 4270 4494):
2816 4218 2841 4249 ‹‹
2866 4201 3060 4265 Neque
3093 4198 3197 4270 hoc
3235 4193 3439 4264 solum,
3464 4196 3564 4270 sed
3598 4193 3768 4251 etiam

2131 4283 2217 4337 ea,
2250 4283 2376 4339 quae
2396 4269 2464 4323 ad
2509 4266 2613 4323 hoc
2643 4266 2849 4323 festum
2886 4268 3243 4336 pertinebant
3293 4267 3689 4339 prosequitur,
3717 4274 3773 4320 et

2132 4338 2414 4409 cumipso
2445 4340 2646 4409 synndi
2680 4342 2739 4393 in
2768 4339 3035 4408 plurimis
3058 4338 3383 4407 provinciis,
3408 4343 3465 4391 et
3505 4338 3770 4406 partibus

2132 4418 2299 4466 terra:
2322 4411 2681 4481 congregatis
2708 4411 2854 4465 idem
2877 4409 3225 4464 unanimiter
3244 4410 3522 4481 sentiunt.
3550 4428 3576 4456 ι)
3601 4410 3770 4463 Porro

2051 4469 2103 4530 D
2134 4482 2301 4537 verba
2334 4469 2466 4535 illa”:
2496 4469 2616 4548 quae
2648 4481 2721 4533 ad
2750 4481 2844 4534 hoc
2868 4482 3071 4547 festum
3090 4480 3460 4549 pertinebant,
3492 4481 3774 4547 prosequi-

2132 4559 2239 4619 tur,
2298 4552 2442 4606 satis
2488 4551 2744 4606 indicant
2787 4551 2959 4605 etiam
3007 4550 3306 4619 dejejunii
3355 4550 3618 4606 solvendi
3656 4551 3772 4620 lege

2130 4623 2353 4690 aliquid
2377 4636 2406 4677 a
2430 4622 2653 4677 Victore
2668 4628 2944 4676 statutum
2966 4634 3107 4677 esse.
3124 4621 3413 4689 Jejunium
3436 4621 3676 4690 quidem
3703 4621 3768 4675 ad

2130 4638 2353 4747 allqtillu
2377 4638 2406 4677 a
2436 4638 2653 4677 Victore
2668 4638 2944 4676 Staiuium
2966 4638 3107 4677 esse.
3124 4638 3413 4689 Jejunium
3436 4638 3676 4690 quidem
3703 4638 3768 4675 ad

2129 4693 2239 4748 Sab
2279 4700 2437 4748 atum
2489 4700 2620 4747 ante
2670 4692 3023 4747 Dominicam
3080 4692 3525 4760 protrahendum
3578 4692 3773 4746 sanxit

2132 4764 2344 4831 Victor,
2372 4769 2425 4818 et
2447 4763 2679 4833 quidem
2710 4776 2891 4831 usque
2911 4762 2980 4817 ab
3020 4763 3248 4817 Sabbati
3279 4764 3523 4816 mediam
3549 4770 3770 4817 noctem

2134 4835 2468 4904 relinquens
2486 4840 2670 4887 tamen
2691 4835 2878 4888 varias
2893 4834 3341 4904 consuetudines
3365 4835 3652 4904 gentium,
3672 4834 3770 4903 qui

2136 4903 2470 4975 pauloante
2516 4905 2801 4973 jejunium
2834 4903 3336 4975 quadragesimale
3377 4903 3636 4959 solvunt.
3669 4906 3775 4959 Se»-

2135 4973 2331 5046 quenti
2351 4976 2503 5030 enim
2526 4975 2736 5029 saeculo
2759 4975 2928 5029 tertio
2948 4974 3257 5046 Dionysius
3275 4973 3436 5028 Alex.
3462 4975 3775 5043 episcopus

2136 5045 2195 5102 in
2217 5060 2320 5102 sua
2349 5045 2591 5115 epistola
2618 5046 2903 5115 Canonica
2931 5045 3081 5115 apud
3121 5046 3309 5100 Bever.
3354 5050 3491 5099 tom.
3527 5048 3595 5113 ll,
3627 5052 3773 5114 part.

2137 5132 2175 5189 ι,
2216 5116 2287 5171 ab
2311 5117 2563 5189 Ecclesia
2599 5114 2882 5189 Orientali
2912 5114 3198 5189 suscepta.
3229 5121 3283 5170 et
3328 5115 3385 5169 in
3429 5117 3776 5189 suoicodice

2133 5186 2415 5244 canonum
2445 5187 2695 5256 primum
2721 5186 2942 5242 obtinet
2960 5186 3332 5256 epistolarum
3358 5188 3775 5242 canonicarum

2135 5259 2345 5327 locum,
2361 5264 2415 5312 et
2435 5259 2505 5313 de
2524 5258 2771 5312 Romana
2797 5258 3212 5313 consuetudine
3234 5256 3461 5311 laudata
3484 5256 3773 5327 loquitur,

2132 5337 2187 5385 et
2206 5331 2276 5385 de
2303 5329 2572 5384 varietate
2596 5328 2950 5398 reliquarum
2986 5328 3387 5382 Eeclesiarum.
3416 5347 3443 5374 σ
3470 5328 3687 5383 Misisti
3705 5328 3770 5383 ad

2136 5414 2335 5455 me.....
2363 5400 2743 5469 interrogans,
2776 5413 2888 5469 qua
2920 5401 3058 5453 hora
3090 5399 3214 5469 diei
3238 5398 3463 5469 Pascha:
3481 5400 3771 5466 jejunium

2132 5470 2464 5526 solvendum
2504 5467 2610 5525 est.
2644 5467 2810 5525 Dieis‘
2842 5469 2993 5523 enim
3025 5468 3250 5538 aliquos
3298 5467 3503 5522 fratres
3556 5470 3770 5529 dicere.

2132 5542 2280 5612 quod
2314 5547 2569 5610 Oporteat
2598 5541 2703 5612 hoc
2733 5541 2790 5594 in
2811 5539 2960 5612 galli
3006 5537 3178 5594 cantu
3207 5537 3423 5612 facere;
3460 5539 3614 5612 alios
3643 5553 3772 5594 vero

2131 5609 2278 5681 quod
2335 5609 2440 5667 hoc
2480 5613 2558 5666 sit.
2604 5609 2935 5681 faciendum
2977 5623 3223 5679 vespere.
3244 5611 3354 5678 Qui
3392 5610 3547 5663 enim
3578 5612 3773 5681 Romae

2130 5680 2268 5737 sunt
2297 5680 2522 5750 fratres,
2557 5688 2618 5737 ut
2643 5683 2828 5748 aiunt,
2853 5680 3068 5751 gallum
3101 5687 3450 5749 exspectant.
3472 5681 3552 5734 De
3574 5680 3653 5735 iis
3676 5695 3767 5751 .iu-

2130 5760 2262 5822 tem,
2289 5753 2391 5822 qui
2424 5753 2520 5808 hic
2540 5759 2695 5822 sunt,
2727 5750 2935 5807 dixisti
2971 5751 3123 5821 quod
3153 5750 3352 5808 citius.
3385 5766 3415 5800 »
3453 5750 3770 5821 Dionysius
