4052 6178
259 311 403 369 1285

1159 317 1477 373 HISTORIA
1516 318 1606 373 DE
1641 315 1816 371 VITIS
1854 315 2021 372 ROM.
2062 318 2259 373 PGNT.
2304 348 2376 358 —
2412 320 2467 373 S.
2511 321 2781 376 VICTOR.

3535 322 3672 383 1286

248 447 367 521 prae
391 433 528 489 aliis
551 437 827 521 proponit
856 439 1200 521 sequendam
1231 441 1562 521 _Romanam:
1588 439 1899 521 Epiphanii
1931 437 2062 496 AS.
2108 439 2266 521 Pauli
2307 444 2569 521 (quarum
2612 446 2897 521 Specimen
2940 445 3070 500 dedi
3113 461 3287 514 supra
3333 443 3461 521 [co].
3510 445 3666 521 4004]

247 519 367 560 aevo
388 509 647 575 usquead
669 509 803 578 galli
823 517 1051 564 cantum
1074 511 1128 564 in
1147 511 1666 579 Orientejejunium
1691 509 1900 579 protra-

247 583 430 650 ctum,
462 591 590 631 cum
632 579 700 632 de
735 581 1083 648 jejuniorum
1127 584 1538 650 superstitione
1585 584 1723 649 agit,
1778 584 1899 648 ipse

248 645 494 720 aiﬁrmat
528 666 539 700 :
574 651 630 702 In
662 645 954 704 Ancerato.
995 672 1019 701 «
1048 652 1155 720 Qui
1190 645 1435 708 studiosi
1470 645 1898 718 sunt'biduum,

247 730 313 770 ac
357 718 638 794 triduum,
682 733 746 774 ac
770 718 1158 794 _quatriduum
1200 734 1630 792 superponunt:
1665 725 1898 794 quidam

247 794 426 842 totam
454 789 878 864 hebdomadam
927 808 1105 862 usque
1145 798 1210 848 ad
1247 789 1391 864 galli
1427 789 1736 850 mntnmf»
1765 804 1895 861 etc.,

249 873 381 935 quae
413 860 610 914 ultima
649 863 812 916 verba
849 860 1153 932 explicant,
1200 860 1508 920 tei'minum
1550 860 1902 935 jejuniorum

248 930 439 1008 luisse
469 944 846 1008 communem.
880 941 943 1008 ut
975 936 1032 1008 in
1068 930 1228 990 nocte
1259 937 1488 991 Sabbati
1531 930 1667 1008 galli
1699 944 1904 992 cantus

247 1007 400 1055 esset
419 1001 773 1069 jejunrorum
810 1004 959 1058 ﬁnis.
995 1007 1390 1075 Superpositio
1419 1001 1635 1063 veroin
1661 1009 1904 1076 jejuniis

248 1078 391 1136 erat,
426 1087 555 1148 cum
590 1082 791 1148 printer
820 1076 1182 1148 ordinarium
1219 1079 1506 1146 jejunium
1542 1081 1674 1148 quis
1701 1079 1899 1144 biduo,

249 1148 349 1196 aut
394 1143 575 1216 magis
618 1144 833 1214 absque
875 1146 1004 1200 cibo
1055 1143 1438 1216 protrahebat.
1487 1143 1751 1205 Occurrit
1799 1163 1905 1204 vox

246 1225 316 1266 eo
342 1227 512 1268 sensu
538 1215 595 1268 in
617 1217 765 1270 actis
792 1215 1100 1286 martyrum
1129 1219 1413 1274 Numidia:
1437 1235 1491 1275 n.
1514 1221 1584 1274 8:
1616 1221 1907 1274 Continua-

249 1286 338 1359 ιὶδΔ
371 1286 426 1336 in
486 1302 695 1359 carcere
763 1290 978 1353 gem-ina
1033 1293 1459 1358 superpositione
1510 1293 1763 1359 jejuniis.
1820 1291 1902 1345 Ad

247 1355 638 1430 episcopalem
653 1371 853 1430 _curam
895 1355 1179 1428 spectasse
1197 1355 1720 1430 jejuniorum'lites
1749 1363 1906 1417 diri—

250 1439 424 1491 mere,
450 1427 840 1502 Tertullianus
870 1427 1111 1502 inlibro
1136 1427 1455 1500 de'Jejunio
1485 1433 1589 1487 hoc
1619 1433 1741 1502 ipso
1773 1440 1906 1487 tem-

251 1511 396 1573 pore
429 1498 732 1573 scrib_ens,_
761 1500 988 1573 liquido
1034 1498 1317 1557 testatur:
1347 1505 1601 1573 EpiscOpi
1639 1498 1906 1557 itniversze

239 1569 685 1644 plebi_m_anda~re
699 1569 921 1644 jejunio
951 1575 1202 1644 assolent.
1240 1569 1432 1628 Victor
1458 1569 1651 1644 itaque
1675 1574 1746 1628 ab
1772 1575 1904 1643 epi—

248 1639 439 1716 scopis
469 1640 834 1716 interrogatis
851 1643 1166 1716 terminum
1182 1645 1540 1712 jejuniorum
1559 1639 1899 1716 agnoscens,

252 1709 317 1762 in
348 1723 451 1786 suo
477 1711 800 1786 _constituto
831 1709 1312 1786 declaravitqu'id
1345 1722 1494 1771 esset
1524 1709 1900 1786 sequendum,

2016 525 2072 586 in
2140 511 2319 581 ﬁgura
2376 515 2714 586 impressa)
2777 516 2927 570 inter
2990 511 3288 586 utramque
3333 511 3665 584 'imaginem

2012 582 2322 656 clypeatam
2354 585 2600 656 duorum
2633 586 2964 654 pontiﬁcum
3001 582 3387 654 proximorum
3419 582 3669 656 spatium

2015 655 2165 728 inter
2187 653 2477 728 orbiculos
2504 653 2815 728 imaginum
2841 653 3134 725 superstes
3159 658 3428 725 impletur
3448 653 3670 728 duplici

2013 725 2339 792 epigraphe,
2370 726 2465 779 ubi
2494 725 2721 780 nomina
2744 735 2799 780 et
2820 728 3046 795 epocha:
3068 729 3394 783 eorumdem
3422 725 3670 784 duorum

2018 796 2347 862 pontiﬁcum
2371 797 2674 865 signantur
2699 812 2795 866 per
2813 799 3034 853 litteras
3059 801 3359 854 Romanas.
3387 802 3672 856 Numerus

2013 878 2294 920 annorum
2331 875 2454 934 post
2487 881 2686 922 nomen
2724 870 3033 936 pontiﬁcis,
3068 877 3124 924 et
3155 871 3387 924 verbum
3419 872 3546 925 SED
3589 871 3672 926 AN

2014 937 2154 989 sedit
2173 940 2334 990 (mnis
2361 938 2695 1007 plerumque
2715 941 2980 1008 signatur
3006 942 3060 994 in
3087 954 3201 995 uno
3225 955 3424 996 versu:
3453 955 3674 996 menses

2019 1008 2076 1060 in
2125 1022 2290 1062 versu
2339 1010 2595 1076 proxime
2647 1009 2954 1065 inferiori:
2991 1011 3117 1065 dies
3162 1025 3292 1065 vero
3343 1013 3399 1066 in
3455 1013 3672 1068 inﬁmo.

2013 1077 2344 1148 Aliquando
2377 1085 2561 1134 tamen
2597 1094 2871 1136 numerus
2902 1082 2958 1136 in
2994 1096 3107 1136 uno
3137 1097 3306 1136 versu
3342 1083 3672 1148 inchoatus,

2015 1147 2087 1202 ob
2117 1150 2437 1222 angustiam
2473 1151 2643 1218 spatii
2685 1155 3058 1207 continuatur
3090 1153 3146 1206 in
3188 1147 3674 1222 consequentibus

2018 1231 2116 1294 per
2143 1221 2462 1274 columnas.
2495 1224 2572 1294 lta
2617 1223 2673 1276 in
2719 1224 2984 1290 pontiﬁce
3028 1223 3274 1279 Eusebio
3303 1221 3429 1278 dies
3462 1225 3670 1294 viginti

2017 1290 2275 1360 quinque
2303 1294 2384 1345 ita
2412 1293 2858 1361 exprimuntur:

2837 1437 2890 1489 X

2847 1508 2892 1560 ν

2018 1583 2130 1628 non
2163 1587 2349 1643 secus,
2381 1587 2446 1629 ac
2479 1577 2537 1630 in
2570 1579 2758 1632 Marco
2787 1576 2912 1649 dies
2939 1575 3004 1632 21
3039 1577 3116 1632 ita
3148 1578 3486 1649 signantur:

2797 1648 2908 1701 XX

248 1786 315 1834 ut
345 1781 450 1834 rite
477 1781 700 1836 Paschaa
727 1783 1010 1839 circulum
1035 1775 1406 1840 celebrarent.
1437 1775 1696 1842 Porro'in
1722 1775 1903 1842 Ecclei
1933 1775 1982 1834 Β
2014 1793 2070 1841 et
2099 1787 2157 1841 in
2188 1787 2492 1844 Anastasio
2523 1790 2650 1846 dies
2676 1788 2746 1845 26
2780 1791 2857 1845 ita
2889 1791 3288 1847 collocantur:

247 1850 778 1924 sia_Armeniorum
828 1855 1016 1910 adhuc
1061 1865 1376 1924 perseverat
1417 1859 1790 1924 consuetudo,
1840 1865 1904 1912 ut

245 1921 564 2047 adlSabiiati
582 1937 870 1994 vesperam
891 1921 1198 1982 Dominica:
1217 1921 1903 1998 Resurrectionisjejunia

247 2006 315 2047 so
343 2006 444 2047 van
480 2033 492 2046 .

247 2006 492 2048 SOIVaIIl.

782 2087 946 2140 BINII
984 2089 1069 2141 ET
1107 2088 1365 2144 LABBEI.

320 2173 791 2248 (AEx_BlN.)_Linea
826 2175 911 2230 44.
944 2206 1012 2214 —
1046 2177 1334 2245 Theophila
1375 2181 1616 2248 epiSCOpo
1651 2180 1905 2233 Aleman—

247 2243 564 2316 dﬁwHunc
589 2245 973 2316 TheOphilum
1005 2261 1036 2301 a
1071 2243 1294 2302 Victore
1323 2243 1739 2306 ad‘Rom'anum
1767 2265 1900 2305 con-

246 2313 452 2368 cilium
502 2313 863 2390 accersitum,
911 2317 1091 2372 fuisse
1135 2333 1247 2374 non
1286 2321 1759 2390 Alexandrinum,
1803 2322 1899 2376 sed

246 2387 755 2461 metropolitanum
781 2389 1118 2461 episcopum
1148 2390 1413 2461 Caesareae
1447 2387 1778 2461 Palaestinze,
1811 2401 1902 2447 te—

245 2463 436 2509 statur
465 2459 747 2526 Eusebius
777 2459 879 2514 lib.
911 2473 965 2526 v,
1001 2461 1136 2514 hist.
1172 2475 1222 2515 c.
1251 2459 1341 2515 22.

327 2528 493 2582 Linea
528 2525 612 2583 43.
635 2560 706 2570 —
736 2525 1089 2584 Custodiatur
1119 2539 1367 2585 sanctum
1407 2535 1634 2587 Pascha.
1667 2535 1902 2590 Consti-

246 2597 364 2674 tuit
413 2600 621 2674 Pascha
670 2602 1070 2656 celebrandum
1129 2617 1252 2658 esse
1305 2605 1598 2659 Dominica
1645 2607 1903 2674 proxima

246 2667 400 2743 luna:
430 2670 664 2743 decima:
694 2681 910 2743 quartae
943 2682 1068 2742 post
1096 2675 1505 2743 azquinoctium
1539 2667 1793 2732 vernum.

319 2739 418 2807 (Ex
458 2742 613 2810 iLAB)
671 2739 839 2798 Linea
888 2739 972 2798 11“.
1009 2775 1079 2786 -
1111 2739 1277 2799 Ειὶσῐίι
1315 2747 1620 2799 colla—tione.
1668 2751 1906 2802 Interro-

246 2811 404 2887 gatio
445 2809 591 2887 facta
635 2820 722 2868 est
763 2815 832 2870 de
877 2816 1106 2884 Pascha,
1156 2817 1241 2871 vel
1289 2817 1359 2872 de
1406 2818 1502 2872 die
1548 2819 1732 2887 prima
1774 2832 1904 2874 cum

243 2881 581 2951 Theophilo.

897 2995 1266 3050 BLANCIIINI

760 3114 910 3156 NOTAE
951 3114 1366 3158 CIIRONOLOGICE
1375 3145 1386 3157 .

319 3202 607 3271 Quantum
659 3206 915 3263 conferat
962 3210 1031 3264 ad
1087 3211 1508 3264 assecutionem
1559 3217 1680 3264 tum
1733 3210 1903 3265 Chro-

242 3277 514 3346 nologiae,
564 3282 682 3332 tum
735 3279 1002 3334 Historia:
1059 3281 1310 3335 Victoris
1375 3281 1658 3349 inspectio
1709 3282 1902 3335 arche-

239 3353 512 3416 typorum
572 3349 1067 3417 documentorum,
1133 3351 1432 3406 ostendent
1492 3352 1719 3419 epocha:
1772 3351 1902 3405 dua:

239 3419 498 3474 Victoris
557 3426 611 3473 et
673 3421 998 3489 Zephyrini,
1062 3437 1094 3475 a
1159 3421 1324 3476 nobis
1394 3423 1784 3477 examinanda:
1849 3427 1906 3477 et

237 3489 629 3562 stabiliendae.
651 3493 756 3545 Vix
779 3493 930 3546 enim
957 3497 1145 3560 posset
1163 3493 1233 3547 de
1256 3492 1378 3547 illis
1399 3493 1694 3562 quippiam
1720 3494 1908 3548 decer-

242 3560 333 3626 ni,
362 3562 870 3634 solaiinspectione
895 3563 1282 3634 catalogorum
1315 3560 1484 3618 etiam
1509 3560 1616 3617 ubi
1649 3565 1904 3618 universi

239 3633 613 3686 consentiunt
639 3651 653 3701 ς
677 3633 788 3687 nisi
812 3633 1098 3688 consultis
1119 3634 1462 3702 archetypis,
1490 3636 1638 3688 unde
1659 3635 1903 3704 catalogi

239 3703 520 3768 exscripti
539 3705 905 3769 sunt,vitium
919 3704 1411 3772 descriptionibus
1425 3705 1901 3773 deprehendatur.

241 3774 308 3826 In
339 3773 447 3827 ﬁne
478 3775 788 3830 Eleutherii
825 3777 1100 3843 pariando
1129 3789 1257 3830 cum
1286 3776 1626 3831 consulibus
1656 3779 1906 3831 Materno

239 3849 300 3898 et
327 3844 466 3898 Brad
480 3859 567 3912 ua,
600 3847 717 3900 sive
738 3861 866 3900 cum
894 3846 1095 3914 primis
1116 3846 1366 3901 Victoris
1392 3860 1542 3902 anno
1561 3848 1777 3902 Christi
1805 3846 1907 3902 185

241 3928 446 3970 omnes
487 3916 753 3986 catalogi,
787 3924 841 3971 et
881 3917 1108 3971 codices
1149 3918 1557 3972 consentiunt:
1594 3932 1704 3972 non
1741 3933 1907 3973 secus

241 3998 312 4058 ac
347 3987 404 4039 in
439 3986 556 4058 ﬁne
576 3987 903 4058 Zephyrini,
933 3989 1028 4041 cui
1063 4003 1130 4043 ex
1160 4002 1324 4057 aequo
1355 3990 1658 4058 assignant
1688 4003 1908 4044 consu-

243 4055 331 4110 les
361 4057 497 4110 anni
528 4054 1010 4112 247’Praesen’tem
1047 4065 1103 4113 et
1143 4054 1508 4114 Extricatum‘
1555 4060 1742 4114 Finem
1775 4061 1906 4114 vita:

241 4127 564 4199 Eleutherii
610 4127 862 4183 referunt
900 4130 968 4199 ad
1001 4130 1152 4184 diem
1186 4128 1256 4184 26
1295 4130 1462 4188 Maii:
1498 4131 1803 4199 Zephyrini
1835 4131 1902 4185 ad

241 4195 319 4252 26
366 4199 634 4267 Augusti.
676 4201 753 4254 Ex
788 4200 882 4254 die
924 4197 994 4254 26
1030 4202 1160 4254 Maii
1207 4202 1343 4256 anni
1394 4199 1495 4256 185
1537 4195 1603 4256 ad
1649 4195 1798 4256 diem
1837 4199 1907 4255 26

244 4269 494 4337 Augusti
540 4271 675 4324 anni
722 4268 846 4336 217,
899 4278 1272 4326 numerantur
1311 4274 1446 4327 anni
1495 4273 1670 4327 solidi
1717 4270 1804 4338 32,
1851 4277 1908 4326 et

246 4352 471 4412 menses
500 4347 616 4396 tres
649 4343 863 4410 pariter
892 4342 1086 4396 solidi.
1123 4343 1352 4397 Summa
1383 4347 1656 4412 temporis
1689 4343 1903 4398 Victori

245 4410 529 4482 attributa
561 4426 626 4467 ex
657 4426 939 4468 consensu
973 4414 1230 4468 omnium
1263 4410 1651 4482 catalogorum
1683 4420 1906 4468 constat

244 4481 547 4553 decennio,
591 4490 646 4537 et
688 4484 981 4538 mensibus
1023 4484 1270 4548 duobus,
1319 4499 1384 4539 ac
1427 4481 1634 4539 diebus
1671 4485 1902 4553 decem;

244 4552 483 4621 (unicus
519 4555 669 4608 enim
710 4556 886 4609 codex
928 4555 1296 4622 Papebrochii
1340 4557 1594 4610 detrahit
1635 4552 1904 4624 mensem,

245 4630 302 4677 et
330 4632 649 4697 postremus
669 4639 733 4679 ex
761 4626 1105 4680 Colbertinis
1126 4625 1386 4697 bimestri
1421 4629 1642 4697 integro
1677 4641 1907 4696 praeser-

245 4701 379 4767 vato
409 4694 612 4767 adimit
659 4697 958 4767 octiduum
990 4710 1057 4750 ex
1087 4695 1310 4767 diebus)
1337 4715 1349 4750 :
1385 4694 1566 4766 quare
1593 4694 1908 4767 supersunt

246 4764 571 4837 Zephyrino
601 4767 736 4820 anni
769 4764 858 4832 52,
893 4774 946 4820 et
973 4769 1098 4821 dies
1125 4766 1229 4821 2οε
1262 4768 1357 4822 cui
1393 4764 1579 4822 tamen
1609 4764 1908 4837 catalogus

247 4835 461 4908 Felicis
486 4836 684 4903 Quarti
718 4839 1076 4906 septennium
1109 4839 1384 4908 assignat,
1418 4839 1521 4893 alii
1553 4835 1904 4908 octennium,

246 4905 765 4978 aliinovennium,
807 4909 906 4962 alii
950 4922 1131 4963 annos
1172 4905 1256 4972 43,
1302 4910 1385 4963 vel
1432 4908 1516 4973 16,
1561 4906 1648 4972 17,
1695 4908 1778 4978 18,
1821 4905 1905 4978 19,

249 4975 454 5050 nullus
490 4991 620 5050 vero
649 4980 822 5033 codex
853 4979 920 5033 ad
953 4980 1282 5034 vicennium
1313 4981 1608 5050 pertingit.
1638 4975 1909 5036 Consulta

250 5049 476 5120 ratione
505 5049 770 5117 pingendi
802 5063 1068 5105 numeros
1094 5064 1150 5104 in
1178 5051 1419 5107 basilica
1444 5049 1683 5107 SIPauli
1709 5065 1906 5120 super-

246 5118 440 5192 stites1
458 5125 513 5172 et
534 5122 589 5172 in
608 5121 1145 5190 codicibusaliquot
1167 5124 1427 5186 vetustis,
1448 5123 1746 5192 colligitur
1766 5118 1910 5177 satis

251 5187 574 5264 manifeste,
606 5204 788 5264 annos
823 5205 924 5264 xu,
954 5187 1162 5248 et‘dies
1191 5207 1226 5247 x
1254 5187 1790 5264 assignatos'fuisse
1821 5193 1911 5248 Vi-

247 5261 436 5334 ctoris
460 5262 603 5327 sedi,
632 5263 950 5332 Zephyrino
980 5270 1169 5318 autem
1199 5261 1573 5332 annos'xvm,
1605 5279 1824 5320 menses
1850 5279 1907 5334 x,

248 5345 317 5385 ac
351 5330 476 5404 dics
503 5344 538 5384 χ
561 5330 854 5404 εγᾳυοινιιιιι
889 5349 1109 5390 summa
1139 5337 1385 5404 complet
1415 5330 1594 5392 annos
1621 5335 1712 5404 31,
1748 5330 1911 5390 men-'-

248 5415 345 5477 s_e_s
377 5399 440 5455 10
465 5410 518 5456 et
537 5399 668 5477 dies
696 5405 954 5477 totidem,
979 5412 1034 5460 et
1058 5399 1292 5460 omnino
1327 5409 1627 5477 respondet
1651 5399 1912 5462 consula-

250 5473 766 5545 tibusassignatis,
790 5490 855 5530 ac
879 5479 1115 5543 tempori
1145 5473 1449 5545 utriusque
1477 5478 1754 5545 martyrii.
1780 5491 1909 5531 cum

254 5543 459 5612 paucis
491 5545 697 5599 diebus
737 5547 1193 5615 interpontiﬁcii,
1234 5543 1371 5614 post
1396 5543 1638 5601 Victoris
1677 5554 1910 5602 mortem

255 5616 618 5670 reservandis
657 5617 922 5671 electioui
965 5619 1336 5672 successoris.
1369 5619 1489 5684 Qua
1535 5632 1664 5672 vero
1691 5619 1912 5672 ratione

253 5685 310 5738 id
344 5685 827 5757 deprehenderim
857 5702 925 5742 ex
977 5688 1222 5756 picturis
1250 5689 1304 5742 S.
1352 5688 1530 5757 Pauli,
1579 5695 1632 5744 et
1673 5691 1914 5744 vetustis

249 5755 572 5828 codicibus,
607 5772 845 5828 expono.

327 5827 390 5880 In
435 5827 691 5896 picturis
722 5829 1060 5899 pontiﬁcum
1107 5831 1276 5888 toties
1313 5832 1620 5902 descriptis
1657 5831 1912 5890 basilica:

2821 1863 2876 1915 Χ

2793 1934 2918 1988 XVI

2086 2002 2142 2056 ld
2198 2016 2308 2058 non
2361 2002 2792 2058 attendentibus
2849 2005 3328 2074 descriptoribus,
3382 2006 3554 2062 facile
3602 2021 3672 2063 ex

2014 2085 2295 2146 annorum
2338 2089 2572 2129 numero
2603 2075 2892 2143 duplicem
2925 2091 3148 2130 versum
3181 2085 3496 2146 occupante
3527 2093 3674 2133 con-

2015 2144 2151 2213 tigit
2183 2144 2306 2199 loco
2337 2146 2580 2200 duarum
2619 2148 2869 2215 partium
2905 2147 3087 2217 legere
3120 2144 3386 2203 numeros
3415 2149 3583 2212 duos,
3618 2157 3673 2204 et

2017 2217 2267 2288 priorem,
2297 2217 2364 2271 ad
2396 2231 2577 2271 annos
2607 2217 2834 2286 referre,
2867 2218 3110 2272 alterum
3141 2219 3209 2272 ad
3246 2232 3486 2283 menses,
3523 2235 3673 2288 pra:—

2015 2287 2184 2360 cipue
2217 2287 2570 2360 ubimensis
2601 2289 2799 2360 nullus
2830 2303 3002 2360 supra
3044 2302 3227 2344 annos
3262 2287 3676 2360 integros’erat

2015 2358 2422 2424 exprimendus
2440 2377 2453 2428 ς
2474 2360 2556 2413 vel
2580 2359 2776 2413 nullus
2793 2360 2919 2413 dies
2939 2359 3234 2414 addendus
3253 2358 3426 2428 supra
3453 2375 3675 2416 menses

2015 2427 2252 2482 solidos.
2292 2431 2402 2483 Hac
2443 2427 2571 2485 vero
2610 2430 2871 2485 adhibita
2910 2427 3343 2499 observatione,
3371 2433 3674 2500 pariantur

2015 2513 2247 2554 summm
2283 2502 2339 2553 in
2375 2502 2632 2556 numeris
2667 2502 2774 2555 rite
2809 2502 3056 2565 signatis
3095 2516 3223 2555 cum
3267 2503 3670 2557 consulatibus

2015 2571 2287 2625 similiter
2326 2580 2474 2625 recte
2511 2573 2817 2640 expressis.
2860 2573 3373 2627 Demonstrandum
3405 2580 3491 2628 est
3523 2574 3578 2628 id
3616 2575 3673 2627 in

2016 2643 2261 2696 Victore.
2288 2642 2576 2713 Consensu
2605 2643 2994 2713 catalOgorum
3019 2643 3384 2713 aliorumque
3407 2645 3673 2700 codicum

2025 2713 2114 2766 illi
2147 2712 2412 2767 attributi
2445 2720 2599 2778 sunt,
2639 2721 2699 2767 ut
2729 2712 2966 2782 exposui
3004 2727 3127 2784 pag.
3164 2712 3383 2768 xcxv'in
3421 2715 3676 2782 Prolego-

2018 2785 2200 2837 menis
2238 2785 2375 2838 anni
2418 2798 2474 2849 x,
2522 2797 2743 2838 menses
2787 2799 2848 2850 ιι,
2890 2786 3015 2839 dies
3062 2799 3117 2838 x.
3167 2785 3525 2853 Respondere
3571 2787 3674 2841 hoc

2018 2855 2254 2909 minime
2289 2861 2470 2922 potest
2507 2854 2733 2915 diebus.
2768 2863 2822 2910 et
2851 2856 3021 2909 annis
3056 2857 3313 2923 martyrii
3345 2872 3444 2912 seu
3477 2857 3674 2911 obitus

2013 2925 2334 2980 decessoris
2359 2925 2698 2991 Eleutherii,
2721 2934 2777 2980 et
2799 2927 2889 2980 sui
2919 2926 3280 2980 Eleutherius
3302 2927 3396 2980 die
3420 2926 3490 2982 26
3511 2929 3670 2994 Maii,

2015 2997 2211 3050 Victor
2240 2995 2310 3049 28
2335 2997 2476 3050 .lulii
2509 2995 2652 3050 ccelo
2693 3004 2953 3063 receptus
2993 2996 3226 3050 colitur.
3275 2999 3396 3050 Non
3433 3005 3673 3064 possunt

2017 3067 2203 3137 igitur
2236 3080 2451 3120 menses
2483 3067 2596 3120 duo
2631 3080 2759 3120 cum
2792 3066 2998 3121 diebus
3035 3067 3226 3120 decem
3262 3075 3463 3134 praeter
3491 3081 3672 3122 annos

1933 3135 1980 3194 C
2015 3135 2232 3192 solidos
2256 3139 2405 3191 inter
2432 3143 2740 3205 utrumque
2765 3138 3069 3190 terminum
3097 3139 3409 3191 numerari.
3441 3139 3669 3193 etiamsi

2013 3211 2205 3262 eadem
2250 3209 2345 3262 die
2390 3214 2747 3276 supponatur
2794 3208 3010 3262 electus
3057 3207 3269 3268 Victor,
3319 3222 3428 3276 qua
3475 3210 3673 3264 morie-

2012 3278 2181 3333 batur
2209 3279 2594 3332 Eleutherius.
2622 3277 2931 3331 Consulum
2963 3290 3191 3346 quoque
3221 3279 3366 3348 ratio
3395 3287 3672 3348 repugnat

2014 3351 2306 3420 assignato
2341 3349 2616 3420 decennio
2647 3365 2660 3411 ;
2687 3361 2815 3402 cum
2858 3348 3014 3420 paria
3045 3347 3346 3402 consulum
3382 3347 3668 3420 undecim,

2017 3417 2392 3475 numerentur
2416 3433 2443 3472 a
2475 3419 2780 3472 Commodo
2807 3420 2848 3472 V
2874 3427 2928 3472 et
2953 3419 3264 3473 Glanrione
3300 3420 3515 3473 Christi
3549 3417 3669 3478 486.

2019 3493 2224 3560 primis
2251 3491 2464 3544 Victori
2489 3489 2809 3557 attributis,
2838 3490 2905 3544 ad
2935 3491 3334 3557 Saturninum,
3364 3496 3420 3544 et
3443 3491 3668 3546 Gallum

2015 3563 2232 3617 Christi
2265 3560 2366 3615 498
2413 3562 2626 3628 primos
2653 3575 2717 3614 ex
2756 3562 3067 3629 :idsi-riptis
3109 3561 3445 3630 Zephyrino.
3487 3561 3672 3630 Quare

2017 3647 2118 3688 nec
2148 3633 2292 3697 dies,
2331 3646 2428 3686 nec
2471 3633 2608 3686 anni
2645 3632 3018 3686 consentiunt
3050 3633 3106 3685 in
3152 3633 3365 3699 epocha
3400 3631 3670 3702 Victoris,

2019 3705 2078 3759 in
2127 3717 2239 3774 qua
2293 3710 2490 3758 tantus
2537 3711 2623 3757 est
2669 3703 2934 3774 codicum
2986 3708 3040 3755 et
3085 3702 3484 3774 catalogorumr
3525 3717 3673 3759 con-

2017 3773 2220 3829 sensus
2249 3775 2305 3828 in
2343 3774 2616 3828 numeris.
2649 3773 2890 3827 Pictura:
2927 3774 3219 3827 Leoniana:
3253 3775 3308 3827 in
3343 3773 3584 3828 basilica
3611 3775 3668 3830 S.

2017 3845 2177 3901 Pauli
2230 3844 2408 3899 solam
2458 3844 2681 3898 denarii
2734 3851 2923 3898 notam
2975 3850 3321 3912 praeservant
3369 3845 3426 3898 in
3488 3847 3672 3913 primo

2015 3931 2204 3983 versu,
2255 3917 2313 3970 in
2355 3930 2469 3984 quo
2518 3915 2705 3983 portio
2755 3915 3050 3981 legebatur
3094 3916 3318 3969 numeri
3365 3928 3667 3971 annorum.

2015 3988 2430 4042 Desiderantur
2475 3994 2665 4041 autem
2714 3985 2919 4040 litterae
2965 3999 3231 4040 versuum
3283 3987 3668 4055 sequentium,

2018 4061 2120 4115 uni
2168 4071 2406 4120 menses,
2442 4071 2508 4111 ac
2534 4058 2677 4123 dies,
2718 4059 2766 4111 si
2810 4058 2908 4126 qui
2937 4065 3146 4123 essent,
3192 4057 3460 4126 signandi
3488 4066 3668 4112 erant.

2016 4132 2137 4184 Non
2182 4129 2406 4193 dubito,
2451 4129 2591 4197 quin
2638 4127 2852 4182 binarii
2904 4134 3037 4182 nota
3087 4141 3194 4183 non
3241 4129 3568 4184 succederet
3615 4131 3674 4184 in

2017 4200 2268 4256 secundo
2295 4214 2482 4262 versu,
2514 4213 2624 4254 non
2658 4206 2843 4254 tamen
2872 4197 3166 4253 referenda
3192 4200 3258 4253 ad
3297 4212 3538 4265 menses,
3575 4201 3673 4269 qui

2017 4272 2166 4326 nulli
2194 4279 2376 4336 erant,
2414 4271 2507 4325 sed
2537 4271 2605 4325 ad
2637 4269 2916 4340 reliquam
2951 4278 3162 4338 partem
3195 4270 3539 4325 duodenarii
3575 4285 3676 4326 nu-

2019 4344 2156 4396 meri
2187 4355 2467 4397 annorum
2490 4341 2780 4409 complens
2807 4355 3086 4396 summam
3109 4353 3180 4394 ex
3210 4347 3366 4409 parte
3388 4343 3668 4409 signatam

2019 4414 2077 4468 in
2124 4427 2290 4468 versu
2333 4413 2668 4480 superiore:
2708 4413 2785 4467 ita
2809 4419 2874 4468 ut
2909 4413 3123 4482 epocha
3167 4413 3245 4466 ita
3285 4426 3551 4479 expressa
3582 4413 3669 4466 in-

2017 4485 2315 4554 telligatur
2341 4503 2353 4538 :

2089 4553 2246 4610 Sedit
2531 4555 2679 4608 SED.
2767 4555 2851 4609 vel
2939 4553 3085 4607 SED.
3440 4553 3600 4606 Sedit

2017 4627 2189 4681 annis
2218 4627 2338 4681 ΧΙΙ.
2489 4625 2604 4678 AN.
2634 4625 2708 4678 X.
2909 4623 3025 4676 AN.
3056 4624 3127 4677 X.
3348 4624 3517 4676 annis
3543 4623 3664 4676 ΧΠ.

2089 4697 2295 4752 diebus
2523 4696 2586 4748 ll.
2622 4697 2683 4748 D.
2970 4695 3034 4748 ΙΙ.
3361 4693 3566 4748 diebus
3593 4694 3666 4747 X.

2147 4769 2200 4820 X
2566 4765 2640 4818 X.
2932 4765 2996 4818 D.
3029 4765 3099 4817 Χ.

2023 4853 2120 4904 pro
2147 4851 2259 4908 qua
2283 4837 2605 4904 descriptor
2625 4833 2926 4890 exhibuit:
2954 4835 3104 4890 sedit
3123 4835 3292 4889 annis
3316 4849 3372 4902 x,
3400 4849 3574 4890 mens.
3608 4849 3666 4906 ιι,

2016 4909 2224 4963 diebus
2255 4922 2310 4962 x.

2093 4982 2265 5034 Porro
2289 4979 2426 5033 anni
2459 4992 2538 5032 xu
2565 4983 2619 5032 et
2643 4977 2768 5032 dies
2800 4990 2855 5042 x,
2901 4983 3027 5046 post
3052 4977 3219 5032 ﬁnem
3260 4977 3576 5032 Eleutherii
3603 4975 3672 5032 26

2019 5051 2156 5105 Maii
2187 5050 2306 5117 185,
2337 5056 2484 5104 recte
2515 5050 2840 5118 pertingent
2866 5049 2932 5102 ad
2965 5049 3128 5102 ﬁnem
3162 5049 3407 5102 Victoris
3436 5046 3668 5118 28_Julii

2021 5119 2143 5177 497.
2179 5123 2227 5176 si
2266 5115 2581 5175 vacationis
2624 5115 2779 5174 sedis
2814 5120 3026 5173 mensis
3059 5132 3228 5186 unus,
3262 5127 3315 5174 et
3341 5121 3467 5173 dies
3496 5115 3566 5174 23
3594 5127 3671 5174 at-

2021 5193 2356 5248 tribuantur
2396 5197 2518 5260 pOst
2556 5197 2791 5245 mortem
2845 5190 3157 5244 Eleutherii
3195 5190 3262 5244 ad
3310 5191 3666 5260 electionem,

2021 5272 2076 5319 et
2107 5259 2523 5319 ordinationem
2569 5262 2817 5317 Victoris
2853 5260 2918 5314 18
2947 5261 3083 5316 Julii
3119 5263 3256 5315 anni
3298 5259 3402 5314 185
3442 5260 3538 5314 die
3570 5262 3670 5314 Do-

2025 5336 2272 5389 minica:
2308 5335 2454 5388 unde
2485 5334 2552 5387 ad
2592 5334 2716 5399 ejus
2755 5334 2885 5386 vita:
2921 5333 3230 5386 terminum
3271 5330 3342 5386 28
3383 5331 3522 5386 Julii
3570 5327 3670 5386 497

2021 5420 2242 5461 summa
2301 5405 2699 5459 numerabitur
2759 5417 3036 5457 annorum
3093 5416 3174 5455 xu
3224 5411 3277 5455 et
3329 5403 3553 5457 dierum
3610 5417 3667 5456 x.

2022 5477 2197 5530 Primi
2227 5484 2408 5530 tamen
2437 5474 2702 5528 consules
2737 5473 2824 5527 illi
2856 5473 3195 5528 tribuuntur
3221 5474 3586 5538 Saturninus,
3616 5481 3672 5528 et

2022 5547 2242 5607 Gallus,
2273 5547 2372 5616 qui
2411 5545 2639 5616 signant
2679 5558 2888 5599 annum
2930 5543 3048 5606 486,
3078 5551 3134 5598 et
3170 5545 3415 5612 primum
3459 5544 3670 5616 Pascha

2021 5612 2733 5687 ejusdem'pontiﬁcatus;
2771 5629 2900 5670 cum
2945 5628 3093 5668 anno
3151 5615 3502 5687 praecedenti
3541 5613 3666 5687 A485,

2025 5685 2291 5744 Paschale
2341 5694 2585 5754 tempus,
2640 5687 2892 5740 Materno
2936 5694 2990 5739 et
3037 5686 3255 5741 Bradua
3306 5685 3664 5749 consulibus,

2025 5760 2306 5830 pertineat
2345 5759 2414 5814 ad
2465 5758 2859 5813 Eleutherium
2902 5757 3089 5812 adhuc
3135 5758 3192 5813 in
3239 5757 3355 5813 vita
3397 5757 3670 5827 supersti-

2025 5841 2154 5888 tem.
