4070 6178
341 268 478 325 ’1299

1555 261 1912 318 ANASTASII
1949 260 2486 317 BIBLIOTHECARII

3601 256 3744 317 4300

345 387 593 443 concilio
618 391 750 443 ante
777 387 1094 452 Nicanum,
1122 391 1177 442 et
1203 388 1332 457 post
1347 386 1640 458 Nicanum
1677 385 1735 458 in
1766 384 1987 458 Arimi-
2015 381 2076 442 Α
2099 389 2406 458 episcopum
2450 387 2732 442 ordinavit
2759 385 3092 458 Palladium.
3123 382 3590 458 OrdinataScotis
3620 383 3751 458 epi—

338 459 502 513 nensi
529 458 557 512 ἰ)
601 458 716 514 Cur
747 459 895 514 nulli
933 456 1322 514 memorantur
1354 457 1648 512 antistites
1676 457 1824 511 inter
1847 456 1990 511 Sco-

341 534 428 584 tos
449 543 809 586 successores
840 532 1097 599 priorum
1123 535 1252 584 ante
1286 529 1596 599 Palladium
1629 527 1989 599 aCoelestino

339 599 558 672 datum,
611 603 659 656 si
693 597 879 672 aliqui
911 601 1269 656 exstitissent
1317 599 1424 653 sub
1471 598 1767 672 Dodualdo
1815 597 1990 672 rege?

340 669 455 726 Cur
481 685 663 741 neque
693 669 928 728 Hiberni
953 672 1246 728 Scotorum
1282 677 1540 738 parentes
1563 669 1744 724 ullum
1771 669 1986 725 admit-

346 747 476 797 tunt
498 748 629 799 ante
659 745 970 800 Patricium
989 744 1017 796 ‘2
1044 742 1294 798 Libratis
1335 741 1527 810 itaque
1561 742 1862 796 momentis
1890 754 1989 795 ra-

345 812 590 884 tionum,
637 820 696 870 et
741 816 1088 883 scriptorum
1144 813 1516 884 testimoniis,
1562 825 1706 884 cum
1763 811 1989 884 liquido

343 889 564 955 constet
579 881 658 940 'ex
696 881 1051 942 Tertu‘lliano
1084 890 1454 955 pronagatum
1489 881 1761 955 fuissein
1791 882 1987 955 majori

347 954 639 1011 Britannia
667 956 885 1012 Christi
926 953 1128 1012 nomen
1167 953 1315 1010 ultra
1347 955 1627 1009 Romanos
1661 953 1800 1009 lines
1841 954 1990 1008 inter

344 1025 680 1082 Caledonios
728 1035 783 1083 et
841 1029 1053 1089 Pictos,
1103 1030 1377 1081 inaccessa
1437 1027 1693 1079 Romanis
1733 1026 1882 1092 loca;
1936 1029 1990 1079 et

343 1097 664 1165 complures
715 1099 980 1155 historici
1032 1097 1342 1154 Britannia
1389 1095 1669 1150 afﬁrment
1712 1096 1768 1150 id
1802 1095 1992 1150 conti-

347 1166 499 1234 gisse
554 1168 825 1226 beneﬁcio
878 1171 1128 1227 Victoris
1179 1173 1234 1224 et
1277 1167 1602 1237 Zephyrini,
1656 1167 1988 1235 pontiﬁcum

346 1238 767 1312 Romanorum;
813 1255 996 1312 neque
1027 1241 1147 1296 ulla
1193 1239 1562 1294 inveniantur
1602 1238 1839 1312 vestigia
1891 1251 1993 1312 ca-

348 1308 558 1382 thedra
597 1308 945 1382 episcopalis
993 1312 1205 1367 ibidem
1231 1317 1429 1382 erecta
1459 1309 1706 1364 secundo
1732 1322 1797 1363 ac
1824 1309 1993 1364 tertio

347 1379 563 1436 Christi
596 1379 840 1438 sacula:
884 1383 1278 1452 consequitur,
1312 1387 1376 1436 ut
1404 1381 1685 1447 dicamus,
1719 1386 1991 1452 consueto

347 1452 504 1522 sedis
529 1454 856 1522 apostolica
890 1468 1042 1510 more
1076 1451 1404 1509 divinarum
1445 1466 1633 1506 rerum
1670 1451 1990 1506 ministeria

353 1521 434 1576 ibi
465 1521 687 1592 peracta
717 1523 774 1579 in
805 1525 912 1580 ﬁde
963 1523 1381 1588 annuntianda,
1414 1529 1468 1578 et
1490 1522 1862 1577 sacramentis
1886 1537 1993 1591 po—

353 1593 490 1663 pulo
537 1595 1018 1652 administrandis
1065 1609 1164 1666 per
1212 1594 1589 1666 presbyteros,
1623 1601 1677 1648 et
1706 1594 1991 1666 doctores,

351 1677 418 1738 eo
467 1667 839 1723 transmissos
868 1681 933 1723 ac
961 1665 1270 1738 delegatos,
1304 1671 1368 1722 ut
1397 1665 1697 1738 subessent
1726 1665 1993 1738 episcopo

351 1734 692 1793 Eboracensi
728 1734 1242 1808 proximiorifsive
1271 1738 1442 1792 etiam
1481 1743 1546 1792 ut
1586 1736 1658 1808 ab
1705 1749 1769 1791 eo
1799 1737 1990 1790 mitte-

351 1813 552 1863 rentur
579 1810 650 1864 de
689 1807 954 1866 mandato
977 1807 1306 1879 apestolica
1349 1808 1522 1875 sedis,
1573 1807 1752 1879 donec
1783 1820 1998 1876 Oppor—

352 1879 573 1934 tunitas
598 1880 898 1938 oﬁ‘erretur
925 1878 1359 1952 episcopatuum
1385 1880 1442 1934 in
1474 1879 1575 1935 illa
1601 1878 1808 1934 insula
1840 1885 1996 1948 parte

348 1952 880 2009 constituendorum
893 1994 907 2006 .

420 2020 700 2093 Colligere
741 2029 929 2080 tamen
973 2027 1204 2093 prastat
1231 2019 1907 2093 alterumrcorollarium
1929 2034 1997 2076 ex

351 2089 630 2163 diuturna
660 2095 943 2151 dilatione
965 2089 1035 2150 ad
1069 2093 1394 2150 fundandos
1421 2092 1786 2163 episcopatus
1820 2092 1996 2147 adhi-

353 2159 474 2217 bita
523 2163 672 2221 inter
707 2166 1066 2235 Caledonios,
1119 2170 1176 2221 et
1227 2159 1807 2235 Pictos,‘eorumque
1856 2177 1997 2219 suc—

353 2244 607 2306 cessores
662 2237 899 2304 Scotos;
963 2250 1179 2306 nempe,
1232 2235 1304 2304 ab
1355 2235 1655 2292 bodiernis
1709 2234 1998 2306 hareticis

353 2304 823 2378 presbyterianis,
855 2309 996 2364 adeo
1025 2304 1424 2378 frequentibus
1458 2307 1516 2362 in
1535 2306 1746 2378 scotia,
1782 2305 1999 2362 frustra

348 2374 580 2432 obtendi
621 2374 838 2435 erroris
867 2379 960 2435 sui
996 2374 1378 2448 patrocinium
1421 2393 1490 2434 ex
1516 2376 1741 2434 defectu
1771 2379 2000 2448 episco—

354 2460 561 2522 porum
591 2449 650 2505 in
689 2463 756 2506 ea
795 2450 1023 2522 regione
1077 2463 1175 2520 per
1225 2450 1337 2505 tria
1389 2451 1580 2522 priora
1631 2449 1839 2506 sacula
1873 2465 1999 2506 ara

350 2517 729 2592 Christiana:
781 2517 1011 2592 ad'qua
1063 2517 1357 2591 propterea
1389 2517 1644 2576 libenter
1670 2529 1993 2589 provocant,

350 2601 480 2670 cum
498 2590 572 2670 de
590 2592 870 2670 regimine
888 2590 1291 2670 episcopaliiu
1305 2592 1558 2670 Ecclesia
1571 2591 1669 2646 Dei
1699 2593 1997 2670 retinendo

343 2663 984 2783 juxtaOinstitutionem
1008 2663 1223 2718 Christi
1256 2663 1487 2718 Domini
1515 2676 1700 2718 sermo
1729 2669 1834 2718 est.
1866 2663 1999 2746 Nul:

371 2743 437 2783 os
455 2738 823 2783 entsconatus
843 2733 923 2783 lbl
952 2732 1220 2783 fundatas
1240 2738 1370 2783 ante
1394 2739 1615 2783 atatem
1634 2733 1996 2783 Constantini

371 2743 437 2784 os
455 2731 823 2799 episcopatus
843 2733 923 2787 ibi
952 2732 1220 2788 fundatos
1240 2738 1370 2787 ante
1394 2739 1615 2788 atatem
1634 2733 1997 2790 Constantini

348 2802 746 2875 Magniultro
792 2804 1138 2875 admittam,
1169 2804 1406 2875 etiamsi
1464 2804 1633 2875 annis
1693 2805 1994 2875 plusquam

347 2873 608 2928 centenis
624 2888 690 2929 ex
720 2880 884 2930 atate
903 2875 1091 2930 Severi
1117 2874 1485 2930 Christianus
1511 2874 1704 2930 cultus
1730 2876 1790 2930 in
1816 2873 1880 2932 ea
1904 2891 1998 2932 re—

349 2942 520 3014 gione
542 2943 720 3018 fuerit
747 2946 1056 3018 exercitus.
1080 2947 1203 3018 Non
1231 2945 1450 3002 idcirco
1478 2951 1667 3002 tamen
1691 2949 1998 3018 consequi-

349 3021 465 3079 tur,
485 3022 565 3087 _ut
592 3016 715 3072 illis
763 3017 1032 3073 ﬁdelibus
1077 3016 1382 3087 episcOpus
1429 3030 1540 3074 non
1575 3026 1857 3086 praesset,
1885 3016 1998 3074 aut

352 3099 419 3178 PF
421 3085 699 3178 ῗδΡέἓίέΞῚῑ
712 3089 1062 3178 939539999
1072 3085 1559 3178 _Q§E_ﬂ‘19§_fl_°°‘?
1556 3085 1662 3178 ΪΡΞΞ
1685 3089 1914 3178 cili???
1926 3091 1994 3178 il‘.‘
2027 3116 2074 3178 C

349 3169 447 3212 eos
478 3164 884 3231 penetraverat,
916 3167 973 3215 et
1001 3158 1467 3227 conservabatur,
1517 3166 1671 3216 certo
1729 3163 1999 3231 episcopo

353 3240 464 3300 non
495 3228 816 3286 subessent.
840 3232 954 3286 Hac
978 3231 1172 3286 eadem
1192 3231 1383 3287 Severi
1410 3237 1595 3300 atate,
1623 3245 1690 3286 ac
1721 3228 1996 3300 ﬁliorum,

349 3299 675 3374 Demetrius
722 3302 1150 3374 Alexandrinus
1201 3303 1444 3358 antistes
1472 3303 1541 3358 ad
1585 3299 1772 3359 ’Indos
1819 3299 2003 3374 usque

350 3369 636 3443 ablegavit
691 3372 1070 3443 presbyteros,
1123 3387 1188 3429 ac
1226 3375 1508 3442 doctores,
1555 3374 1656 3443 qui
1703 3369 1999 3430 Christum

351 3445 464 3514 tam
496 3442 728 3499 dissitis
754 3442 1089 3514 regionibus
1103 3445 1537 3514 annuntiarent,
1566 3442 1809 3500 Eusebio
1839 3452 2002 3502 teste.

352 3513 628 3586 Nunquid
679 3513 938 3585 acephali
983 3521 1148 3571 erant
1179 3513 1605 3586 presbyteri.'et
1645 3517 1907 3573 doctores
1932 3517 1999 3572 ad

354 3583 411 3670 id
447 3597 655 3670 munus
698 3583 1076 3670 apestolicum
1113 3583 1195 3642 ita
1222 3583 1720 3670 ablegati‘lAtqui
1769 3589 2004 3670 reduces

352 3668 420 3709 ex
453 3657 832 3728 missionibus
883 3660 1162 3714 rationem
1218 3657 1530 3714 reddebant
1557 3657 1827 3728 episcopo
1866 3659 2005 3714 Ale-

354 3726 640 3800 xandrino
679 3729 1056 3800 villicationis
1083 3742 1219 3797 sua,
1249 3743 1361 3800 non
1389 3743 1555 3784 secus
1576 3726 1641 3785 ac
1669 3726 1879 3800 reliqui
1911 3731 2007 3785 ei-

349 3796 476 3868 dem
493 3799 756 3855 Ecclesia
767 3800 1018 3855 Alexand
1029 3800 1170 3854 rina
1191 3796 1458 3868 Subjecti.
1472 3800 1622 3868 Quin
1645 3796 1814 3856 etiam
1830 3801 2007 3857 scho-

349 3867 436 3922 las
451 3869 816 3926 catecheseon
845 3871 903 3923 in
931 3870 1122 3924 eadem
1150 3867 1531 3926 Alexandrina
1563 3871 1813 3927 Ecclesia
1836 3887 2008 3928 resu—

355 3936 692 4011 mebant,ut
718 3942 982 3995 Pantano
1003 3941 1270 4011 contigit,
1296 3955 1461 4010 quem
1491 3943 1816 3999 Demetrius
1839 3943 2004 3998 illius

351 4007 507 4063 sedis
532 4010 835 4080 episcopus
861 4011 1131 4082 Indorum
1161 4007 1368 4082 l'egat'is
1402 4013 1833 4082 postulantibus
1857 4028 2003 4069 con-

351 4092 595 4143 cessum,
619 4095 744 4135 mox
770 4082 840 4136 ab
861 4081 1522 4139 institutionelndorum
1543 4085 1801 4140 reducem
1828 4085 2004 4141 scho-

350 4149 419 4204 la
459 4150 536 4230 ita
569 4150 856 4230 prafecit:
910 4165 1027 4230 non
1056 4167 1221 4209 secus
1249 4161 1420 4230 atque
1456 4155 1781 4230 Origenem,
1819 4157 2004 4230 inter-

351 4224 610 4276 cessione
663 4225 850 4278 atatis
881 4224 1134 4278 nondum
1172 4224 1586 4293 presbyterum,
1625 4239 1657 4280 a
1681 4227 1828 4282 duce
1854 4228 2001 4282 Ara-

353 4293 464 4347 nia
485 4293 802 4365 expetitum
823 4294 1113 4364 Evangelii
1139 4307 1308 4349 causa
1329 4294 1401 4349 ab
1426 4295 1911 4365 ipsoexcipiendi,
1936 4311 2001 4354 eo

352 4365 582 4435 negotio
613 4364 870 4421 confecto
903 4365 1051 4420 idem
1083 4365 1404 4421 Demetrius
1434 4364 1722 4422 reversum
1748 4368 2002 4424 Alexan-

349 4435 536 4492 driam
617 4436 1012 4493 institutorem
1067 4435 1276 4492 schola
1325 4435 1690 4492 catecheseon
1737 4439 2000 4495 declara-

2101 453 2459 528 sc0p0'(sunt
2504 459 2669 514 verba
2719 458 2982 527 Prosperi
3019 456 3160 528 adv.
3190 453 3418 528 Collat.)
3469 455 3603 528 dum
3633 455 3748 528 Ro-

2099 527 2319 584 manam
2343 531 2580 584 insulam
2604 529 2784 584 studet
2812 544 3026 584 servare
3055 527 3389 590 catholicam,
3422 527 3553 589 fecit
3583 527 3752 578 etiam

2102 601 2393 655 barbaram
2427 601 2811 666 Christianam,
2858 601 2954 654 hoc
2992 603 3070 652 est
3096 596 3362 667 (explicat
3405 595 3754 651 Thomassi-

2105 671 2235 734 nus)
2264 672 2596 741 Pelagianos
2623 685 2691 727 ex
2730 671 2954 742 Anglia,
2987 668 3404 742 idololatras‘et
3431 667 3620 742 Scotia
3657 680 3753 721 ex-

2104 742 2275 810 pulit.
2319 762 2344 793 ι)
2400 739 3042 813 Ορρονῑυηὶῐεέὶςίωῐι
3083 739 3342 813 erigendi
3373 739 3756 807 episcopatus

2100 820 2420 883 exspectata
2449 810 2505 871 et
2541 815 2720 870 dilata
2751 819 2838 883 est
2881 810 2980 881 per
3006 810 3188 868 unum
3207 816 3266 865 et
3287 810 3528 883 alterum
3560 823 3757 883 sacu—

2100 881 2218 939 lum
2246 904 2259 952 -,
2300 899 2482 956 neque
2510 887 2722 941 interea
2748 881 3039 940 fraudavit
3065 881 3457 949 sacramentis,
3484 885 3541 956 et
3565 881 3749 936 mini-

2100 956 2241 1011 stris
2261 951 2454 1027 gentes
2473 957 2541 1012 ad
2566 957 2859 1012 Christum
2890 958 3152 1010 vocatas:
3181 966 3364 1027 neque
3390 951 3758 1027 presbyteros

2099 1023 2423 1096 aceph'alos,
2454 1033 2556 1083 aut
2582 1042 2614 1082 a
2636 1027 3049 1097 jurisdictione
3075 1025 3215 1080 certi
3239 1024 3494 1094 episcOpi
3521 1037 3638 1097 non
3664 1023 3759 1097 de-

2104 1093 2420 1164 pendentes
2453 1093 2722 1154 attribuit
2765 1097 3016 1168 populis,
3045 1093 3610 1168 semper’censendis
3645 1093 3758 1168 sub

2099 1169 2490 1237 apostolorum
2519 1165 2970 1235 successoribus,
3022 1168 3275 1237 adeoque
3297 1165 3404 1222 sub
3434 1165 3758 1234 episcOpali

2104 1240 2450 1309 hierarchia,
2480 1247 2543 1298 ut
2571 1243 2639 1298 ad
2667 1241 2950 1296 caelestem
2983 1240 3291 1295 Jerusalem
3323 1243 3585 1307 spectare
3618 1250 3760 1306 pos—

2103 1312 2223 1367 sint
2250 1330 2262 1366 :
2295 1313 2353 1367 in
2387 1326 2498 1382 qua
2532 1319 2704 1380 porta
2728 1311 3054 1371 duodecim.
3083 1323 3208 1379 qua
3229 1309 3386 1382 cives
3408 1309 3758 1382 admittunt,

2105 1383 2336 1439 nomina
2369 1380 2678 1452 praferunt
2703 1383 3004 1439 duodecim
3022 1381 3410 1451 apostolorum
3434 1380 3608 1448 Agni.
3633 1380 3761 1452 Hac

2101 1454 2132 1508 d
2145 1455 2255 1509 icta
2267 1450 2464 1510 sintad
2482 1455 2987 1511 illustrandastum
3001 1450 3763 1520 ordinationesepiscopales

2102 1526 2351 1582 Victoris
2385 1541 2482 1597 per
2512 1528 2901 1582 recensionem
2925 1525 3071 1592 Caii,
3091 1525 3217 1597 ejus
3233 1529 3396 1578 atate
3418 1536 3543 1597 non
3565 1522 3762 1576 minus

2107 1597 2257 1651 inter
2301 1592 2602 1667 episcOpos
2649 1598 2926 1669 gentium,
2963 1592 3158 1669 quam
3206 1592 3763 1669 iut_er_presbyte_ros

2103 1665 2368 1724 Romana
2398 1665 2677 1725 Ecclesia'
2704 1665 3058 1724 celeberrimi
3083 1685 3098 1736 ;
3135 1671 3255 1721 tum
3285 1665 3638 1720 Britannica
3665 1665 3763 1718 in-

2026 1755 2079 1816 B
2107 1740 2246 1816 sula
2280 1740 2496 1816 primas
2521 1739 3092 1816 sedes__episcopales,
3119 1745 3340 1816 mature
3369 1736 3762 1816 qu_idem.con-

2107 1806 2343 1866 stitutas
2376 1812 2434 1866 in
2481 1806 2816 1879 regionibus
2854 1806 2969 1879 jam
3015 1809 3354 1877 compositis
3391 1808 3459 1862 ad
3495 1806 3760 1879 ordinem

2109 1883 2440 1951 reipublica
2465 1876 2726 1938 stabilem
2759 1876 3360 1951 retinendum,iserius
3384 1891 3517 1932 vero
3543 1876 3765 1951 funda-

2106 1948 2324 2009 tas'ubi
2371 1955 2620 2010 nondum
2656 1954 2874 2015 pacatis
2903 1953 3072 2008 rebus
3115 1949 3309 2006 civilis
3351 1949 3585 2017 imperii
3617 1948 3764 2002 mili-

2105 2024 2269 2093 taris,
2302 2026 2486 2080 satius
2512 2031 2634 2080 erat
2655 2025 2778 2080 illis
2810 2023 3040 2094 populis
3060 2035 3220 2077 sacra
3241 2020 3642 2094 administrari
3667 2033 3767 2089 per

2106 2096 2466 2166 presbyteros
2494 2110 2526 2151 a
2555 2092 2836 2166 proximis
2865 2092 3152 2164 episcopis
3179 2093 3476 2166 regendos,
3516 2092 3642 2146 sive
3668 2103 3764 2160 per

2106 2163 2361 2235 gentium
2389 2163 2685 2236 episcopos
2709 2181 2740 2223 a
2763 2163 3016 2222 Romano
3077 2164 3306 2220 ontiﬁce
3339 2163 3518 2233 legem
3553 2175 3763 2230 accep—

2106 2244 2267 2291 turos
2287 2239 2378 2291 sui
2406 2239 2740 2291 ministerii.
2767 2239 2936 2291 eique
2963 2181 3209 2291 suginde
3242 2236 3628 2291 indicaturos.
3663 2232 3762 2289 ubi

2105 2232 2267 2294 turos
2287 2239 2378 2294 sui
2406 2232 2740 2306 ministerii,
2767 2239 2936 2308 eique
2963 2232 3209 2292 subinde
3242 2232 3628 2303 indicaturos,
3663 2232 3762 2289 ubi

2103 2316 2269 2366 certa
2307 2311 2462 2376 sedis
2494 2311 2728 2382 ﬁgenda
2770 2309 3172 2380 opportunitas
3198 2308 3471 2363 oriretur.

2766 2413 3087 2470 CIACONII.

2175 2520 2348 2576 Linea
2375 2519 2427 2578 6.
2477 2550 2551 2562 -
2574 2521 2696 2576 Sive
2731 2522 2791 2574 in
2821 2522 3058 2588 ﬂumine,
3113 2521 3223 2573 sive
3265 2520 3322 2571 in
3353 2516 3529 2588 mari,
3563 2517 3676 2588 sive
3705 2516 3763 2588 in

2103 2594 2367 2660 fontibus.
2399 2593 2614 2648 Statuit
2645 2593 2794 2647 inter
2821 2585 3025 2646 catera
3043 2585 3152 2644 hic
3177 2587 3450 2658 poniifex,
3489 2594 3555 2660 ut
3582 2585 3765 2655 bapti-

2105 2659 2266 2719 Smus
2292 2664 2606 2720 universim
2639 2664 2698 2718 in
2720 2662 2991 2718 Paschate
3020 2661 3374 2725 celebretur;
3402 2665 3459 2713 at
3488 2659 3542 2713 si
3563 2671 3767 2712 neces-

2106 2736 2251 2790 sitas
2283 2735 2398 2790 ulla
2420 2741 2750 2805 emergeret,
2775 2739 2875 2788 aut
2907 2733 3109 2788 mortis
3132 2732 3450 2802 periculum
3474 2728 3762 2793 subesset,

2107 2805 2416 2876 gentilesve
2448 2807 2516 2862 ad
2552 2805 2714 2861 ﬁdem
2746 2806 3078 2861 accederent
3100 2815 3452 2876 quocunque
3485 2807 3759 2876 tempore,

2106 2870 2160 2932 ἐι
2187 2877 2389 2948 quavis
2419 2892 2568 2947 aqua
2619 2878 2740 2932 sive
2775 2877 3013 2946 marina,
3061 2870 3323 2945 pluviali,
3358 2870 3461 2928 aut
3504 2870 3760 2938 fontana,

2107 2948 2227 3004 sive
2269 2948 2485 3018 puteali
2516 2949 2794 3019 baptizari
2825 2961 3005 3017 posse.

2833 3052 3041 3109 PAGII.

2178 3161 2350 3216 Linea
2382 3158 2466 3217 40.
2501 3190 2569 3199 -
2595 3161 2695 3213 Hic
2723 3161 2855 3226 fecit
2897 3160 3270 3224 constitutum,
3318 3160 3425 3212 etc.
3460 3157 3639 3211 Vctor
3664 3169 3761 3224 sy—

2109 3232 2319 3288 nodum
2373 3231 2701 3298 celebravit,
2755 3230 2812 3285 in
2867 3244 2977 3300 qua
3023 3229 3315 3284 decretum
3362 3234 3467 3300 est,
3527 3227 3759 3300 Pascha.

2108 3317 2221 3359 non
2247 3303 2468 3358 decima
2516 3310 2719 3373 quarta
2753 3298 3104 3373 luna‘iprimi
3135 3300 3349 3354 mensis
3377 3299 3492 3368 die,
3526 3298 3627 3373 sed
3661 3311 3763 3367 po-

2111 3375 2231 3430 tius
2259 3375 2355 3430 die
2397 3369 2696 3429 Dom’inico
2746 3369 3172 3441 postdecimam
3231 3376 3490 3440 quartam
3546 3369 3760 3433 lunam,

2111 3452 2166 3501 et
2191 3452 2318 3515 post
2343 3445 2570 3500 vernale
2599 3443 3012 3512 aquinoctium
3047 3449 3399 3515 occurrente,
3428 3441 3760 3515 juxta_apo-

2112 3510 2392 3572 stdlorum
2448 3510 2818 3571 traditionem
2845 3528 2967 3569 esse
3018 3513 3442 3579 celebrandum,
3491 3518 3558 3566 ut
3600 3510 3764 3565 habet

2113 3587 2396 3662 Eusebius
2445 3586 2544 3662 lib.
2589 3600 2644 3652 v,
2676 3583 2938 3662 cap._23.
2971 3585 3195 3662 Synodo
3233 3582 3478 3662 adfuere
3506 3582 3760 3662 episcopi

2109 3659 2643 3733 ‘quatuordecimex
2674 3652 2868 3733 libello
2907 3652 3198 3733 synodico.
3232 3652 3761 3733 ldemjheophilus

2114 3725 2458 3785 auctoritate
2505 3729 2777 3793 Victoris,
2820 3725 3133 3783 consilium
3185 3726 3357 3782 etiam
3387 3725 3661 3780 Casarea
3708 3725 3758 3776 in

2115 3801 2416 3856 Palastina
2445 3800 2637 3856 eadem
2669 3800 2738 3854 de
2789 3812 2961 3854 causa
2991 3798 3196 3868 coegit,
3252 3797 3421 3866 cujus
3471 3795 3760 3868 fragmen-

2116 3878 2236 3946 tum
2263 3877 2448 3946 exstat
2476 3872 2625 3946 apud
2658 3871 2858 3926 Bedam
2902 3871 2970 3924 de
3001 3867 3350 3946 aequinoctio
3381 3867 3625 3946 vernali.
3649 3867 3760 3946 lla-

2112 3943 2300 3998 tiones
2327 3938 2577 3998 Victoris
2598 3948 2755 4009 sunt,
2780 3955 2847 3995 uc
2877 3941 3364 3995 communicemus
3393 3952 3525 3994 cum
3554 3938 3763 4009 Judais

2110 4014 2327 4068 Christi
2363 4011 2848 4074 interfectoribus.
2882 4011 3161 4074 Secundo,
3187 4020 3251 4066 ut
3273 4011 3331 4065 in
3364 4015 3483 4064 tota
3517 4008 3762 4064 Ecclesia

2112 4085 2190 4140 sit
2218 4098 2329 4140 una
2362 4085 2510 4138 ratio
2533 4083 2823 4138 Paschalis
2849 4082 3196 4148 celebrandi,
3225 4088 3280 4136 et
3303 4082 3469 4150 pauci
3492 4079 3765 4135 Orienta-

2113 4155 2194 4210 les
2220 4156 2596 4225 judaizantes,
2638 4154 2906 4210 omnibus
2937 4152 3427 4225 Occidentalibus,
3464 4151 3766 4225 pluribus-

2112 4223 2643 4296 que—Orientalibus
2671 4225 2920 4294 populis,
2943 4232 2998 4279 et
3023 4224 3312 4296 episcopis
3331 4224 3504 4296 aliter
3523 4223 3768 4296 sentien-

2112 4293 2271 4353 tibus
2296 4298 2516 4352 cedant.
2564 4293 2840 4367 Denique,
2874 4296 3011 4366 quia
3055 4295 3224 4367 aliter
3256 4293 3531 4367 facientes
3556 4293 3769 4349 Orien-

2113 4369 2273 4433 tales,
2332 4368 2677 4438 quandoque
2730 4365 2846 4423 uno
2893 4365 3044 4422 anno
3075 4365 3186 4428 bis,
3223 4365 3763 4438 quandoquenun—

2111 4453 2280 4509 quam
2308 4437 2522 4493 Pascha
2547 4438 2920 4505 celebrarent,
2966 4452 3093 4508 qua
3143 4443 3278 4492 sunt
3322 4443 3437 4509 tres
3490 4437 3766 4509 rationes,

349 4508 453 4563 vit.
503 4508 720 4581 Saculo
775 4514 966 4564 autem
1015 4507 1236 4581 integro
1288 4507 1516 4581 evoluto
1575 4516 1701 4578 post
1743 4511 1996 4566 Indicam
2027 4511 2078 4572 D
2111 4507 2325 4580 quibus
2361 4510 2775 4565 Constantinus
2805 4507 3042 4581 Magnus
3093 4509 3150 4581 in
3178 4507 3422 4581 epistola
3467 4508 3538 4563 ad
3573 4522 3768 4564 omnes

350 4579 772 4652 expeditionem
828 4579 1082 4652 Pantaui
1135 4578 1490 4636 Athanasius
1518 4581 1792 4636 Indorum
1841 4584 1996 4652 genti

350 4651 682 4720 episcopum
712 4653 1000 4722 concessit
1025 4650 1447 4722 Frumentium,
1498 4658 1561 4706 ut
1594 4650 1999 4722 produnt'ltu-

349 4719 518 4789 ﬁnus,
550 4719 633 4777 ’et
662 4724 921 4778 Socrates
946 4721 1050 4777 lib.
1079 4736 1118 4789 ι,
1152 4735 1275 4790 cap.
1330 4719 1396 4776 M
1424 4741 1436 4777 :
1488 4729 1543 4777 et
1571 4719 1751 4779 altero
1781 4725 1998 4782 saculo

352 4792 567 4860 pariter
591 4792 856 4848 absoluto
885 4793 957 4848 ab
1007 4792 1276 4864 Origenis
1304 4794 1580 4849 missione
1615 4795 1674 4849 in
1705 4795 1995 4863 Arabiam,

350 4865 569 4934 Moyses
612 4864 955 4920 anachoreta
982 4863 1053 4918 ab
1082 4863 1436 4920 Ortbodoxis
1467 4865 1774 4934 episcopis,
1824 4867 1999 4922 Sara-

349 4949 617 5007 cenorum
654 4937 850 5007 regina
901 4941 1198 5004 expetente
1223 4937 1615 4992 Institutorem
1657 4937 2000 4994 Christiana

351 5005 507 5077 ﬁdei,
538 5005 844 5076 episcopus
863 5013 948 5062 est
973 5007 1316 5074 ordinatus;
1349 5021 1476 5062 cum
1506 5008 1576 5062 ab
1605 5007 1832 5063 Ariaua
1870 5022 2004 5077 per-

350 5077 496 5134 ﬁdia
545 5078 843 5149 signifero,
893 5078 993 5148 qui
1037 5084 1174 5133 tunc
1217 5078 1532 5147 occupabat
1563 5079 1832 5135 thronum
1863 5079 1998 5135 Ale-

347 5151 719 5212 xandrinum,
764 5149 1024 5206 ordinari
1059 5163 1169 5204 non
1199 5155 1507 5218 pateretur.
1541 5150 1640 5205 His
1665 5150 1823 5206 addit
1846 5151 2004 5207 Tho—

350 5222 640 5277 massinus
692 5222 762 5277 de
809 5234 924 5276 ver.
957 5219 1107 5275 Eccl.
1156 5219 1469 5292 disciplina
1500 5219 1603 5275 lib.
1641 5235 1682 5286 1,
1736 5234 1857 5292 cap.
1909 5219 1998 5292 54,

347 5292 666 5362 exemplum
715 5292 944 5348 illustre
974 5291 1224 5347 Victoris
1248 5291 1337 5362 (de
1386 5293 1789 5362 quogagimus)
1810 5291 1874 5348 et
1900 5291 2000 5349 Zeé

347 5307 666 5361 exemptum
715 5307 944 5348 iuuStre
981 5307 1337 5362 VlCtOl‘lSlGe
1386 5307 1500 5362 quo
1545 5307 1572 5346 a
1622 5307 1789 5362 lmUS)
1818 5307 1874 5348 et
1900 5307 2000 5349 Le-

346 5361 578 5441 pchyrini
610 5364 942 5441 pauloante
972 5369 1345 5441 memoratum
1367 5363 1474 5441 col.
1508 5307 1694 5441 θείη
1721 5363 1877 5441 hisce
1908 5379 2003 5420 no-

347 5435 452 5506 tis,
473 5436 701 5506 quando
721 5435 948 5491 scilicet
964 5435 1412 5490 CaiusRomana
1423 5435 1688 5491 Ecclesia
1711 5436 2004 5506 presbyter

343 5503 715 5585 doctissumus
739 5513 793 5562 et
828 5506 1194 5585 clarissimus
1227 5507 1475 5585 primum
1508 5503 1832 5563 destinatus
1847 5503 1996 5585 _fuit,

342 5575 551 5632 deinde
579 5578 881 5648 ordinatus
906 5579 1218 5647 episcopus
1239 5577 1516 5648 gentium,
1549 5585 1817 5632 narrante
1847 5575 1999 5633 Pho—’

345 5651 426 5705 tio
448 5649 573 5704 cod.
605 5645 690 5703 48.
734 5646 918 5716 Quare
943 5645 1550 5705 idem'Tho'massinus
1578 5648 1812 5703 subdit:
1850 5670 1875 5700 α
1903 5648 1998 5705 Sic

2107 4577 2556 4650 Ecclesias,qua
2580 4581 2794 4652 legitur
2811 4577 2960 4649 apud
2986 4578 3294 4636 Eusebium
3326 4577 3517 4652 lib.}u
3549 4582 3624 4634 de
3651 4581 3768 4633 Vita

2105 4648 2488 4713 Constantini,
2521 4648 2736 4707 decﬁeti
2759 4648 2934 4721 hujus
2952 4652 3280 4722 aquitatem
3312 4648 3622 4705 conﬁrmat
3649 4655 3770 4720 post

2108 4723 2421 4779 concilium
2474 4725 2789 4791 Nicanum,
2825 4725 2885 4778 in
2920 4737 3032 4792 quo
3086 4721 3335 4778 Victoris
3376 4723 3765 4778 constitutum

2108 4796 2505 4850 conﬁrmatum
2529 4801 2640 4850 est.

2784 4899 3118 4955 SOMMIER.

2183 5009 2378 5065 Victor
2407 5021 2548 5079 papa
2603 5007 2888 5063 illustrem
2937 5009 3128 5065 reddit
3171 5007 3571 5078 pontiﬁcatum
3603 5023 3766 5065 suum

2111 5081 2481 5138 damnatione
2521 5081 2798 5134 haresum
2831 5093 2936 5135 suo
2989 5088 3242 5149 tempore
3279 5080 3682 5149 subortarum,
3713 5087 3766 5135 et

2111 5166 2251 5208 cura
2297 5165 2466 5222 quam
2509 5150 2783 5222 adhibuit
2839 5151 3185 5222 perducendi
3238 5152 3542 5207 universas
3570 5153 3770 5207 Eccle-

2109 5224 2230 5351 1s)ias
2255 5220 2330 5350 3d
2360 5221 2628 5278 Paschale
2648 5220 2854 5279 festum
2888 5220 3164 5279 uniformi
3183 5222 3589 5294 designatione
3619 5223 3771 5279 cele—

2152 5309 2248 5350 ran
2298 5309 2413 5349 um.

2152 5309 2413 5350 randum.

2179 5365 2504 5422 Theodotus
2535 5364 2770 5434 quidam
2809 5367 3071 5436 apprime
3099 5365 3366 5423 excultus
3395 5371 3648 5436 utraque
3675 5365 3773 5421 di-

2110 5436 2353 5506 sciplina
2387 5437 2694 5508 religionis
2723 5442 2778 5493 et
2805 5436 3376 5508 scientiarum,licet
3414 5437 3772 5506 professione

2109 5507 2416 5565 coriarius.
2474 5507 2637 5563 ﬁdem
2682 5508 3070 5564 Christianam
3119 5507 3357 5564 sceleste
3406 5508 3774 5577 abjuraverat

2110 5580 2166 5634 in
2187 5579 2595 5648 persecutione.
2630 5581 2811 5650 lmpos
2836 5579 3186 5647 pudorisdiu
3211 5578 3494 5636 tolerandi
3521 5593 3638 5649 quo
3653 5580 3774 5634 die-

2109 5651 2210 5704 tim
2265 5650 2734 5719 perfundebatur,
2808 5651 3076 5721 Byzantio
3120 5651 3299 5706 natali
3357 5650 3484 5707 solo
3535 5650 3765 5719 relicto,

342 5725 484 5779 teste
513 5721 791 5792 Prospero
811 5720 1155 5792 Calestinus
1179 5719 1428 5792 primum
1450 5721 1660 5792 Scotis,‘
1681 5720 1744 5773 id
1785 5727 1863 5776 est
1886 5721 1998 5775 Hi—
2104 5721 2293 5777 Romae
2317 5721 2682 5792 domicilium
2709 5719 3040 5781 constituit.
3069 5721 3196 5778 Cito
3226 5721 3460 5792 vulgato
3485 5723 3614 5791 ejus
3642 5722 3770 5792 eri-

342 5793 543 5858 bernis,
601 5791 663 5846 in
691 5788 902 5858 Scotia,
937 5796 1000 5844 ut
1049 5798 1214 5846 antea
1240 5789 1461 5846 dictum
1493 5794 1600 5904 est,
1630 5789 1990 5864 degentibus,

2106 5795 2279 5859 mine,
2324 5805 2437 5848 non
2465 5791 2654 5850 defuit
2701 5793 2802 5866 qui
2828 5793 3210 5852 desertionem
3252 5791 3633 5865 exprobaret;
3666 5791 3764 5849 ille
