4070 6178
238 294 373 354 4304

1115 287 1434 346 HISTORIA
1482 289 1570 344 DE
1608 288 1784 345 VITIS
1821 287 1990 344 ROM.
2036 287 2234 344 PONT.
2265 316 2338 328 —
2365 287 2421 342 S.
2461 284 2731 342 VICTOR.

3493 287 3634 347 4302

233 427 302 478 ιιι
326 422 596 491 apostataa
623 417 871 474 dedecus
893 415 1441 484 declinaret,maluit
1463 416 1723 472 haeresim
1757 428 1883 486 pro-
1905 411 1963 471 A
1987 433 2157 477 carne
2203 423 2482 476 versatus.
2537 417 2804 488 Percepta
2854 419 2933 474 ita
2978 433 3048 476 ue
3089 421 3431 477 auctoritate
3478 435 3628 491 prae-

233 493 405 545 ﬁteri.
438 502 768 545 asseverans
794 502 854 544 se
883 501 1014 544 cum
1047 487 1409 545 abiuraverat
1432 488 1745 545 Christum.
1781 487 1880 541 ni—
1987 493 2181 545 dictus
2209 492 2515 545 enisconus
2557 501 2670 545 non
2710 489 2897 545 solum
2936 433 3008 545 ge
3049 505 3153 545 sua
3186 493 3498 545 provincia.
3533 494 3626 545 sed

232 487 405 560 ﬁteri,
438 502 768 546 asseverans
794 502 854 544 se
883 501 1014 560 cum
1047 487 1409 558 abiuraverat
1432 488 1745 555 Christum,
1781 487 1880 560 ni—

231 564 321 619 hil
355 558 529 633 supra
580 561 868 633 hominem
907 559 1221 633 abjurasse.
1250 560 1445 633 Errori
1473 573 1578 615 suo
1621 558 1880 633 patroci-

229 638 398 692 nium
431 630 807 702 conquirebat
832 645 900 687 ex
927 631 1139 686 divinae
1179 631 1489 700 Scripturae
1529 630 1880 686 testimoniis

227 719 524 778 perperam
552 703 856 778 explicatis
903 703 1127 778 proprii
1158 715 1250 778 ex__
1271 703 1487 778 ingenii
1516 702 1782 778 libidine,
1815 705 1881 756 ut

228 773 422 834 solent
455 775 730 832 haeretici.
773 775 932 830 Hunc
979 774 1161 842 igitur
1189 774 1384 830 Victor
1411 773 1720 844 damnavit,
1751 779 1805 828 et
1847 784 1881 828 a

228 849 490 905 ﬁdelium
523 846 925 903 communione
955 845 1214 916 removit,
1260 850 1530 915 tanquam
1570 850 1880 913 corrupto-

224 934 348 976 rem
387 919 666 976 doctrina:
696 916 1015 973 catholicae.
1044 917 1181 985 Ejus
1204 915 1438 972 'sectarii
1466 930 1580 987 quo
1603 930 1662 972 se
1694 915 1881 985 perti-

224 1005 437 1048 nacius
469 993 790 1057 tuerentur,
818 987 1132 1058 iactabant,
1175 1002 1235 1044 se
1281 989 1546 1043 Romanae
1589 987 1744 1044 sedis
1768 987 1880 1043 do-

221 1065 478 1120 ctrinam
510 1067 702 1117 exacte
732 1060 989 1130 proﬁteri
1034 1073 1066 1115 a
1097 1059 1411 1129 majoribus
1450 1060 1741 1124 traditam,
1780 1059 1880 1114 ni-

225 1135 431 1204 hilque
456 1148 487 1188 a
502 1147 561 1188 se
577 1132 799 1202 vulgari
823 1138 922 1187 aut
942 1131 1157 1204 doceri,
1182 1144 1351 1204 quam
1377 1144 1442 1186 ea
1459 1145 1585 1202 quae
1603 1132 1663 1186 in
1680 1130 1880 1204 Ecclef

221 1208 314 1262 sia
341 1202 560 1262 tradita
605 1209 662 1259 et
687 1209 909 1272 recepta
956 1202 1184 1258 fuerant
1225 1216 1258 1257 a
1290 1203 1452 1258 Petro
1496 1202 1757 1273 apostolo
1804 1202 1874 1258 ad

219 1279 512 1333 Victorem
537 1294 548 1329 :
575 1276 923 1344 imputantes
943 1274 1261 1344 Zephyrino
1285 1275 1701 1343 perversionem
1725 1274 1874 1345 d0g-

221 1350 400 1404 matis
425 1361 490 1403 ac
519 1347 661 1402 disci
675 1346 841 1415 plinze
869 1346 1325 1415 corruptionem,
1357 1358 1526 1416 quam
1553 1359 1582 1400 a
1604 1346 1874 1401 decesso-

219 1420 389 1476 ribus
412 1417 790 1474 removebant.

294 1493 502 1547 Verum
531 1488 834 1544 orthodoxi
879 1488 1192 1556 scriptores
1243 1487 1417 1543 istius
1463 1489 1670 1557 aetatis,
1706 1487 1874 1542 frau-

215 1564 344 1618 dem
390 1576 456 1617 ac
486 1561 859 1616 temeritatem
896 1558 1228 1628 hujusmodi
1259 1560 1634 1616 sectariorum
1680 1557 1874 1613 mani-

218 1633 524 1690 festarunt.
551 1633 882 1701 Anonymus
904 1631 1054 1686 inter
1072 1629 1176 1686 hos
1199 1630 1472 1686 excelluit
1495 1649 1509 1699 ;
1539 1631 1638 1701 qui
1657 1630 1869 1685 eisdem

215 1705 494 1775 Opposuit
535 1704 752 1771 scripta
781 1702 875 1775 βε.
904 1703 1178 1775 (Patrum,
1221 1701 1322 1775 qui
1375 1703 1632 1775 vixerant
1664 1702 1870 1775 iisdem

216 1772 577 1858 temporibus
589 1775 666 1858 ad
699 1772 1086 1858 defensionem
1103 1773 1335 1858 ier‘noris
1365 1773 1457 1828 sui
1500 1773 1740 1858 delectis
1772 1785 1870 1841 per
1900 1797 1948 1858 Β
1983 1790 2017 1858 q

217 1844 537 1904 novatores.
585 1844 741 1913 Quod
797 1845 1004 1900 attinet
1050 1845 1119 1899 ad
1171 1845 1472 1910 Victorem,
1523 1845 1671 1900 idem
1706 1844 1870 1899 Ano-

215 1933 426 1990 nymus
456 1917 760 1990 mirari_se
787 1914 1038 1971 afﬁrmat
1075 1915 1254 1990 (apud
1297 1915 1501 1971 Euseb.
1545 1917 1687 1990 Hist.
1717 1915 1862 1990 Eccl.

213 1983 319 2046 lib.
355 2004 408 2056 v,
454 2003 578 2059 cap.
624 1983 748 2114 2'72:
795 2007 820 2039 α
855 1983 1148 2056 quomodo
1193 1986 1324 2042 illos
1355 2000 1465 2042 non
1509 1988 1720 2056 pudeat
1749 1987 1867 2041 haac

214 2062 436 2114 Victori
469 2065 586 2114 tam
632 2057 684 2114 fa
714 2073 776 2114 so
820 2057 1123 2114 obiectare.
1156 2058 1472 2114 nrmsertim
1497 2072 1626 2114 cum
1662 2057 1867 2114 explo-

214 2062 436 2119 Victori
469 2057 586 2115 tam
632 2057 776 2114 falso
820 2057 1123 2128 objectare,
1156 2058 1472 2127 prmsertim
1497 2072 1626 2114 cum
1662 2057 1867 2126 explo-

211 2140 334 2189 rate
364 2132 657 2203 cognituﬁm
686 2129 949 2196 habeant,
973 2131 1279 2203 Victorem,
1307 2129 1660 2203 Theodotum
1696 2129 1863 2203 illum

209 2201 552 2264 coriarium,
579 2202 781 2258 ducem
801 2209 858 2256 et
883 2201 1047 2270 quasi
1076 2208 1362 2270 parentem
1389 2201 1562 2270 hujus
1581 2201 1786 2270 impiae,
1806 2205 1866 2255 et

209 2275 575 2331 exsecranda:
605 2287 637 2328 a
665 2272 773 2328 ﬁde
793 2271 1156 2338 defectionis,
1188 2271 1479 2328 Christum
1512 2273 1688 2328 Deum
1728 2284 1865 2340 per-

210 2347 496 2416 negantis,
544 2344 875 2400 Christiana
940 2344 1342 2416 communione
1403 2344 1794 2416 interdixisse.
1830 2359 1857 2392 ιο

206 2415 421 2474 Paucis
443 2423 574 2472 ante
603 2416 790 2482 annis,
815 2435 842 2487 ᾳ
865 2415 1141 2487 Nonnulli
1170 2415 1675 2487 Romaenvigebant,
1709 2428 1860 2487 quo-

209 2503 340 2544 rum
380 2487 647 2544 Florinus
693 2486 1033 2556 presbyterii
1067 2484 1859 2556 ecclesiastici'gradu'abdi-

207 2567 396 2627 catus,
421 2566 477 2614 et
497 2559 722 2614 Blastus
746 2557 1028 2627 persimili
1061 2557 1390 2627 implicatus
1408 2571 1617 2626 errore,
1640 2557 1857 2628 pariter

206 2645 340 2686 cum
378 2630 479 2686 illo
529 2630 916 2699 principatum
966 2628 1339 2684 obtinuit.....
1373 2631 1618 2684 Irenaaus
1667 2629 1854 2684 varias

206 2708 409 2758 contra
440 2715 536 2756 eos
574 2701 896 2770 composuit
920 2700 1228 2768 epistolas:
1279 2714 1449 2756 unam
1479 2701 1546 2755 ad
1576 2700 1850 2769 Blastum,

205 2787 383 2844 quam
435 2772 738 2844 inscripsit
780 2772 862 2844 de
904 2771 1229 2839 schismate,
1278 2778 1386 2844 etc.
1418 2771 1656 2844 (Euseb.
1704 2773 1852 2844 Hist.

206 2839 314 2900 lib.
346 2859 398 2912 ν,
430 2856 553 2912 cap.
589 2839 657 2897 44
683 2849 738 2897 et
770 2839 873 2913 49).
915 2844 1178 2898 Latenter
1201 2842 1322 2898 vult
1353 2839 1618 2913 (Blastus)
1649 2843 1855 2898 Iudai-

206 2929 396 2971 smum
448 2915 831 2970 introducere.
879 2913 1089 2968 Pascha
1137 2915 1288 2968 enim
1337 2913 1484 2970 dicit
1529 2927 1640 2969 non
1683 2913 1854 2968 aliter

205 2985 647 3042 custodiendum
697 2998 839 3045 esse,
891 2985 1007 3040 nisi
1053 2986 1370 3041 secundum
1433 2985 1609 3055 legem
1650 2985 1850 3055 Moysi,

205 3057 635 3128 quartadecima
663 3055 892 3111 mensis.
915 3055 1269 3128 (Iertullian.
1299 3056 1401 3128 lib.
1430 3053 1854 3128 deiPrmscﬁpt.)

204 3126 308 3184 Isti
359 3135 512 3184 certe
542 3127 868 3197 complures
900 3126 1045 3182 alios
1076 3128 1242 3198 quasi
1282 3127 1353 3181 ab
1392 3127 1658 3183 Ecclesia:
1689 3140 1854 3182 com-

242 3201 380 3256 lexu
410 3198 827 3266 abstrahentes,
863 3201 921 3268 in
951 3213 1112 3255 suam
1161 3207 1486 3268 pertraxere
1511 3198 1849 3255 sententiam

225 3271 426 3326 Euseb.
462 3271 558 3325 lib.
592 3285 646 3324 ν.
679 3287 799 3339 cap.
830 3267 938 3338 44.)

277 3361 305 3394 α
321 3344 438 3398 Jam
462 3355 593 3398 vero
615 3341 882 3399 Florinus
903 3354 1149 3411 quoque,
1169 3346 1223 3396 et
1240 3340 1486 3406 Blastus,
1510 3340 1610 3411 qui
1633 3340 1691 3395 in
1717 3353 1852 3409 pre—

201 3413 560 3483 sbyterorum
589 3413 910 3484 catalogum
954 3419 1116 3484 erant
1159 3413 1434 3481 coaptati,
1471 3413 1530 3467 in
1555 3411 1846 3484 Valentini

204 3482 584 3554 perniciosam
640 3482 846 3540 sectam
905 3483 1359 3554 declinaverunt.
1429 3485 1640 3538 Ferunt
1706 3482 1849 3537 bea-

201 3553 494 3612 tissimum
543 3557 840 3624 Irenaeum,
885 3568 1082 3610 eorum
1125 3553 1387 3609 morbum
1428 3555 1841 3624 deplorantem,
1913 3607 1916 3612 .

200 3629 507 3754 gzrgpeigse
539 3628 813 3767 ad)versus
839 3625 1224 3681 Valentinum.
1267 3625 1624 3694 Theodoret.,
1654 3625 1842 3680 hzrct.

241 3716 275 3755 a
317 3741 330 3753 .
392 3715 408 3754 ι
463 3712 598 3753 .lll.
653 3715 679 3748 ι)

199 3701 330 3755 Fab.
367 3700 474 3754 lib.
513 3700 620 3755 ιιι.)
653 3715 679 3748 ι)

271 3772 466 3826 Victor
519 3766 680 3839 papa,
719 3772 778 3823 ut
809 3767 1200 3838 exstingueret
1229 3766 1483 3822 schisma
1526 3768 1677 3837 quod
1710 3766 1841 3839 Bia:-

198 3849 325 3898 stus
354 3838 637 3897 excitabat
658 3841 718 3895 in
755 3839 878 3908 ipso
910 3840 1173 3894 Romanis
1192 3839 1456 3894 Ecclesia:
1481 3839 1640 3900 sinu,
1660 3838 1846 3894 conci-

197 3913 340 3969 lium
390 3914 450 3968 in
481 3911 628 3966 Urbe
657 3914 946 3976 convocat,
1005 3910 1062 3964 in
1114 3925 1227 3980 quo
1256 3909 1510 3964 decrevit
1556 3909 1840 3980 custodiri

198 3999 410 4041 morem
457 3998 490 4040 a
538 3982 662 4038 suis
700 3981 1101 4038 decessoribus
1136 3979 1460 4048 servatum,
1492 3987 1548 4036 et
1577 3979 1845 4035 Paschale

195 4055 403 4112 festum
429 4054 776 4111 celebratum
828 4053 902 4108 iri
938 4057 1210 4121 perpetuo
1249 4052 1346 4107 die
1368 4052 1687 4120 Dominica,
1718 4064 1843 4121 qua)

196 4129 382 4196 prima
425 4129 868 4196 consequeretur
907 4125 1060 4196 diem
1090 4123 1369 4196 decimam
1415 4122 1842 4196 tertiamiiunai

196 4193 412 4254 mensis
443 4193 633 4252 Martii
669 4210 850 4266 usque
887 4194 955 4250 ad
998 4195 1330 4266 vigesimam
1361 4195 1622 4263 primam.
1651 4193 1839 4266 Theo-

197 4271 396 4340 philus
430 4269 732 4340 episcopus
753 4265 1018 4340 Caesarem
1059 4267 1117 4340 in
1152 4265 1452 4340 Palaestina
1483 4265 1587 4340 hoc
1613 4265 1681 4320 ad
1709 4278 1842 4319 con-

195 4336 400 4396 cilium
431 4336 650 4394 accitus
681 4336 813 4392 fuit.
845 4358 870 4390 α
898 4336 1071 4392 Aliud
1100 4341 1187 4391 est
1212 4337 1384 4392 etiam
1415 4337 1835 4406 episcoporum,

197 4412 296 4482 qui
353 4411 543 4466 Roma:
598 4409 874 4464 similiter
921 4407 1424 4482 conveniebat,__de
1459 4410 1658 4482 eadem
1695 4420 1840 4462 con-

194 4479 474 4538 troversia
500 4487 778 4536 statutum
807 4498 822 4547 ;
853 4480 1002 4548 quod
1036 4479 1268 4548 quidem
1293 4479 1569 4534 Victorem
1606 4479 1660 4533 id
1691 4483 1839 4533 tem-

1987 493 2181 548 dictus
2209 492 2515 561 episcopus
2557 501 2687 562 non,
2710 489 2897 562 solum
2936 489 3008 545 de
3049 505 3153 547 sua
3186 489 3498 562 provincia,
3533 494 3626 551 sed

1987 565 2157 619 etiam
2187 559 2259 619 de
2283 562 2529 618 diversis
2564 559 2908 632 regionibus
2945 575 3142 618 omnes
3171 559 3470 632 episcopos
3489 559 3632 621 evo-

1989 636 2158 690 cavit.
2211 633 2314 688 Ubi
2363 647 2491 688 cum
2538 631 2638 687 illa
2687 632 3000 688 multitudo
3029 631 3390 690 sacerdotum
3419 648 3630 692 conve-

1991 706 2097 773 nit,
2133 712 2270 761 tunc
2297 703 2650 772 Theophilus
2677 704 2984 774 episcopus
3035 706 3280 774 protulit
3309 707 3630 762 auctorita-

1992 783 2101 832 tem
2132 778 2200 832 ad
2233 789 2292 831 se
2322 779 2553 830 missam
2582 775 2830 830 Victoris
2858 789 3041 846 papae;
3065 783 3120 831 et
3146 777 3280 847 quid
3304 777 3418 832 sibi
3441 779 3630 847 Operis

1993 847 2200 904 fuisset
2251 848 2576 920 iniunctum
2631 847 2902 920 ostendit,
2938 865 2963 897 »
3021 852 3130 902 etc.
3183 849 3422 920 (Fragm.
3471 852 3626 906 Cone.

1989 921 2192 976 Palmst
2215 963 2231 986 ,
2266 919 2415 988 apud
2450 917 2650 973 Bedam
2683 917 2748 970 de
2773 921 2994 987 Equin.
3015 917 3223 988 verno.)

2057 990 2201 1046 Aliae
2231 1003 2459 1060 quoque
2487 988 2688 1060 synodi
2719 989 2778 1043 in
2804 990 2982 1045 Ponto
3008 989 3116 1045 sub
3141 991 3352 1058 Palma,
3388 992 3446 1047 in
3486 991 3632 1048 Gal—

1990 1062 2091 1118 liis
2120 1063 2227 1118 sub
2250 1059 2490 1129 Irenaeo,
2524 1059 2583 1114 in
2605 1059 2854 1115 Osroena
2895 1060 3288 1126 ﬁnitimorum,
3320 1064 3380 1118 in
3409 1064 3630 1120 Graecia

1987 1133 2095 1205 sub
2124 1132 2420 1205 Bacchylo,
2463 1143 2690 1205 necnon
2742 1131 2801 1185 in
2832 1133 2968 1187 aliis
3012 1135 3347 1205 provinciis,
3383 1149 3628 1205 quarum

1987 1204 2101 1261 fuit
2127 1201 2422 1260 unanimis
2446 1202 2517 1258 de
2543 1201 2698 1257 sedis
2737 1205 3002 1259 Romanae
3026 1204 3252 1260 decreto
3279 1201 3629 1263 observando

1985 1289 2317 1331 consensus.
2345 1295 2370 1325 «
2393 1273 2565 1328 Aliud
2588 1273 2727 1347 item
2749 1288 2906 1330 conc.
2936 1276 3188 1344 episcop.
3207 1278 3394 1346 Ponti,
3414 1278 3630 1347 quibus

1982 1347 2224 1407 Palmas,
2255 1351 2452 1414 utpote
2481 1344 2930 1414 antiquissimus
2969 1350 3023 1400 et
3073 1349 3318 1403 maxime
3349 1344 3631 1404 veneran—

1982 1419 2111 1487 dus,
2149 1416 2512 1488 praasidebat.
2570 1416 2743 1472 Aliud
2792 1417 3177 1488 Ecclesiarum
3220 1419 3443 1486 Gallia},
3484 1434 3629 1488 quas

1980 1487 2229 1560 Irenaeus
2252 1487 2478 1559 regebat
2498 1487 2823 1560 episcopus.
2841 1487 3013 1560 Aliud
3036 1502 3202 1556 porro
3219 1487 3628 1560 Ecclesiarum,

1983 1575 2109 1630 qua:
2132 1559 2465 1622 Osroenam,
2499 1565 2555 1613 et
2580 1559 2835 1629 reliquas
2858 1559 2918 1613 in
2943 1573 3008 1614 eo
3037 1561 3160 1616 loco
3185 1562 3442 1617 civitatis
3475 1559 3630 1619 incoé

1984 1631 2196 1686 lebant.
2229 1630 2404 1703 Aliud
2432 1630 2740 1703 separatim
2763 1630 3468 1703 BacchyliCorinthiorum
3501 1635 3631 1703 epi—

1982 1703 2182 1772 scopi;
2211 1707 2268 1758 et
2309 1701 2426 1756 alia
2454 1700 2705 1773 denique
2746 1701 2995 1757 aliorum
3040 1717 3214 1773 prope
3241 1700 3628 1770 inﬁnitarum,

2023 1771 2224 1830 ui’uno
2247 1785 2551 1841 consensu,
2566 1771 2906 1843 iudicioque
2928 1771 3062 1842 uno,
3092 1771 3344 1830 eamdem
3365 1777 3435 1831 de
3462 1777 3629 1833 illius

1977 1846 2111 1973 iegti
2139 1844 2531 1983 obserziéaiione
2557 1843 2740 1899 tulere
2771 1845 3136 1901 sententiam.
3167 1865 3195 1897 υ
3223 1846 3448 1917 (Euseb.
3478 1851 3622 1904 Hist.

2003 1933 2019 1972 ι
2067 1932 2160 1983 .v,
2193 1936 2240 1970 c.
2359 1957 2368 1968 .

2003 1932 2078 1972 in.
2109 1932 2160 1987 v,
2193 1936 2240 1970 ι’.
2279 1932 2368 1972 zz.

2047 1985 2215 2045 Solus
2237 1987 2559 2061 Polycrates
2574 1985 2953 2061 Ephesiorum
2981 1987 3308 2061 episcopus,
3333 1991 3433 2060 qui
3466 2004 3635 2061 syno-

1975 2060 2111 2116 dum
2130 2073 2248 2115 sum
2270 2057 2582 2131 provincia:
2606 2057 2858 2131 collegit,
2884 2057 2945 2113 in
2964 2072 3076 2128 qua
3093 2057 3626 2131 Victor'rogaverat,

1977 2137 2042 2186 ut
2085 2132 2237 2186 Asiae
2272 2128 2538 2185 ’Minoris
2594 2128 2895 2198 episcopos
2966 2131 3268 2187 universos
3327 2128 3630 2190 advocaret

1974 2201 2145 2273 (quod
2174 2202 2390 2273 indicat
2414 2200 2681 2273 mandato
2707 2201 2945 2273 Romani
2975 2201 3266 2270 pontiﬁcis
3294 2203 3413 2258 haec
3432 2205 3627 2261 omnia

1975 2270 2223 2329 concilia
2245 2270 2561 2339 celebrari),
2594 2270 2786 2344 solus,
2806 2271 3062 2342 inquam,
3087 2273 3409 2344 Polycrates
3437 2289 3470 2332 a
3495 2288 3632 2331 con-

1973 2344 2284 2400 suetudine
2321 2357 2428 2415 sua
2459 2343 2730 2415 recedere
2758 2343 3122 2415 detrectavit,
3147 2349 3204 2399 et
3235 2345 3451 2402 Victori
3488 2360 3625 2415 per-

1971 2416 2228 2486 scripsit,
2249 2411 2830 2487 coustitutum‘fuisse
2848 2414 2908 2468 in
2929 2414 3032 2470 illo
3047 2415 3390 2472 Asianorum
3408 2411 3625 2487 episco-

1972 2483 2172 2556 porum
2212 2483 2487 2552 concilio,
2517 2483 2919 2541 celebrandum
2950 2499 3074 2541 esse
3107 2487 3318 2542 Pascha
3347 2483 3622 2546 die-luna:

1968 2565 2170 2628 quarta
2201 2557 2441 2626 decima,
2484 2556 2553 2628 in
2591 2568 2991 2628 quamcunque
3021 2556 3384 2614 hebdomadas
3420 2558 3622 2616 feriam

1968 2625 2267 2697 incideret,
2301 2642 2368 2683 ex
2399 2625 2590 2682 causis
2622 2627 2681 2680 in
2723 2625 2967 2699 epistola
3013 2631 3321 2699 expressis,
3352 2643 3523 2699 quam
3550 2633 3621 2688 ad

1968 2701 2134 2757 illum
2161 2700 2352 2756 dabat.
2389 2719 2416 2752 α
2449 2700 2697 2772 Possem.
2740 2698 2954 2767 inquit,
3003 2699 3109 2754 hoc
3139 2698 3264 2755 loco
3297 2698 3621 2772 episcOpos,

1967 2773 2066 2842 qui
2093 2771 2237 2827 mihi
2269 2772 2329 2825 in
2347 2769 2599 2844 concilio
2619 2769 2876 2837 aderant,
2900 2782 3362 2844 commemorare,
3389 2769 3535 2844 quos
3557 2781 3623 2830 ut

1963 2839 2308 2898 accerserem
2341 2855 2374 2896 a
2406 2839 2574 2910 vobis
2607 2845 2858 2910 rogatus,
2896 2840 3209 2910 diligenter
3236 2839 3616 2901 accersebam.

1963 2913 2214 2982 (Euseb.,
2243 2929 2362 2982 cap.
2396 2908 2518 2982 23).
2539 2910 2640 2965 Isti
2670 2908 2865 2964 omnes
2897 2908 3049 2982 diem
3082 2912 3376 2968 Paschatis
3419 2911 3484 2969 44
3523 2917 3622 2972 die

1965 2984 2117 3040 lunai
2139 2981 2209 3039 ex
2234 2981 2525 3053 Evangelii
2555 2983 2887 3053 prwscripto
2913 2981 3291 3053 observarunt
3319 3001 3333 3038 :
3365 2985 3515 3040 nihil
3545 2987 3617 3041 ab

1963 3069 2028 3111 eo
2077 3055 2372 3120 instituto,
2395 3050 2470 3107 'ac
2503 3063 2656 3106 more
2678 3050 2868 3123 _p_lane
2903 3051 3177 3123 digressi,
3211 3067 3272 3110 se
3296 3057 3613 3112 secundum

1965 3126 2240 3251 {ignium}.
2282 3129 2340 3180 et
2383 3134 2639 3178 normam
2667 3120 2799 3177 ﬁdei
2843 3120 3232 3181 eum'assidue
3257 3132 3544 3184 tenerunt.
3581 3146 3610 3179 »

2047 3214 2066 3250 ι
2107 3213 2208 3250 em.

2047 3213 2208 3250 ταθτη.

1961 3196 2301 3346 (ξὸιξίέῖιῗίῖἶὶᾳχ,
2337 3267 2628 3346 Eomanus
2675 3260 3013 3346 indignatus
3041 3278 3226 3346 super
3267 3265 3606 3346 huiusmodi

1961 3339 2247 3408 singulari
2274 3337 2619 3408 Asianorum
2635 3334 2936 3408 sententia,
2959 3334 3056 3405 qui
3072 3334 3243 3392 etiam
3258 3334 3610 3406 jactaverant

1960 3425 2020 3467 se
2061 3405 2230 3483 illius
2275 3405 2600 3483 minacibus
2649 3405 2864 3460 litteris
2909 3418 3266 3483 nequaquam
3305 3409 3604 3483 deterreri,

1957 3481 2251 3537 statuitab
2277 3479 2544 3552 Ecclesiae
2571 3489 2808 3552 corpore
2827 3477 3049 3552 eosdem
3078 3491 3358 3548 separare,
3389 3487 3443 3536 et
3468 3477 3610 3552 gra-'

1956 3550 2540 3622 vioribusJitterisiad
2555 3561 2660 3622 eos
2679 3548 2834 3604 datis
2853 3549 3063 3617 adjecit
3092 3548 3522 3622 segregaturum
3545 3569 3607 3610 se

1955 3639 1987 3680 a
2017 3621 2420 3679 communione
2441 3621 2698 3676 ﬁdelium
2722 3625 3006 3690 quotquot
3031 3621 3346 3677 incolerent
3365 3637 3488 3679 eam
3506 3639 3604 3681 re-

1956 3697 2205 3767 gionem.
2241 3715 2266 3745 ‹‹
2300 3694 2428 3767 His_
2455 3690 2870 3767 quienobisad
2906 3697 3188 3767 terrorem
3219 3692 3600 3767 objiciuntur,

1957 3761 2194 3844 minime
2205 3761 2568 3844 conturbor;
2559 3763 2724 3844 (lb_t'd.
2726 3762 2750 3844 )
2765 3761 2867 3816 His
2889 3761 3058 3844 rebus
3083 3761 3368 3844 adductus
3386 3761 3602 3844 Vict_or,

1957 3837 2057 3908 qui
2089 3843 2210 3892 tum
2236 3837 2499 3908 Romanae
2527 3833 2792 3908 Ecclesia:
2823 3838 3081 3902 prmerat,
3112 3835 3462 3908 totiusnAsia:
3490 3833 3605 3894 Ec—L

1955 3904 2183 3972 clesias,
2215 3921 2344 3963 cum
2367 3906 2504 3962 aliis
2525 3904 2813 3972 ﬁnitimis,
2842 3911 3114 3974 tanquam
3134 3905 3378 3963 alterius
3396 3909 3525 3964 ﬁdei
3547 3915 3605 3966 et

1952 3979 2268 4048 opinionis,
2301 3977 2478 4034 simul
2499 3989 2696 4049 omnes
2722 3975 2809 4046 (ut
2837 3975 3180 4044 complectar
3205 3976 3382 4049 brevi)
3401 3994 3432 4035 a
3454 3994 3605 4037 com-

1955 4047 2114 4106 muni
2147 4051 2369 4106 unitate
2403 4047 2670 4104 Ecclesia:
2697 4051 2993 4115 amputare
3019 4055 3296 4104 conatur:
3331 4047 3387 4106 et
3419 4052 3478 4106 in
3504 4066 3604 4109 eos

1991 4135 2054 4177 er
2083 4121 2309 4176 litteras
2353 4120 2603 4190 graviter
2650 4117 2966 4186 invehitur,
3014 4125 3190 4189 atque
3235 4121 3376 4177 adeo
3404 4137 3603 4180 omnes

1979 4198 2160 4247 ratres
2183 4205 2303 4248 eam
2337 4191 2654 4246 incolentes
2681 4190 2969 4260 regionem
3008 4202 3040 4244 a
3075 4194 3479 4250 communione
3502 4208 3602 4252 se-

1949 4263 2264 4320 cludendos
2283 4263 2481 4319 edicit.
2505 4259 2889 4331 n(1bid.,’cap.
2917 4259 3032 4330 24.)
3055 4263 3303 4320 Victoris
3327 4269 3604 4324 severitas

1952 4347 2066 4390 non
2083 4334 2353 4390 omnibus
2369 4333 2604 4402 perinde
2619 4333 2906 4402 episcOpis
2920 4333 3248 4390 illiusdicto
3269 4338 3599 4404 parentibus

1950 4412 2271 4476 opportuna
2301 4405 2623 4460 videbatur.
2652 4405 2732 4459 Ex
2766 4403 2860 4460 his
2889 4405 3157 4461 nonnulli
3187 4403 3340 4462 datis
3365 4409 3433 4462 ad
3467 4422 3597 4464 eum

1951 4477 2162 4532 litteris
2208 4476 2602 4540 insinuabant,
2647 4489 2777 4530 cum
2827 4477 3014 4544 ipsius
3059 4477 3382 4532 decessores
3424 4491 3488 4532 ea
3527 4480 3601 4535 de

197 4537 357 4622 poris
431 4553 761 4622 episcopum
814 4537 1003 4622 fuisse
1052 4537 1363 4622 'declarat.
1401 4547 1625 4622 (Euseb.
1691 4551 1832 4604 Hist.
1868 4537 1922 4599 D
1949 4561 2123 4622 causa
2153 4548 2477 4604 noluissent
2500 4537 2744 4622 Asianos
2766 4537 2999 4622 rejicere
3019 4547 3113 4600 sed
3145 4559 3336 4622 pacem
3358 4561 3488 4601 cum
3521 4550 3599 4604 iis

194 4620 298 4680 lib.
328 4637 384 4677 v.
439 4620 489 4679 c‘.
539 4620 652 4693 22.)
690 4623 885 4678 Victor
925 4621 1190 4677 Romana:
1239 4620 1402 4676 urbis
1425 4621 1752 4693 episcopus,
1786 4627 1841 4676 et

193 4695 502 4751 Narcissus
526 4691 1067 4763 Hierosolymorum,
1101 4698 1233 4760 etc.,
1287 4692 1437 4763 quod
1471 4691 1585 4746 sibi
1630 4691 1838 4760 proba-

195 4766 310 4823 bile
323 4767 507 4821 visum
522 4765 717 4828 fuerit,
742 4761 954 4820 litteris
975 4763 1295 4819 ediderunt.
1319 4779 1345 4812 υ
1361 4761 1530 4833 (Idem
1556 4763 1615 4817 in
1639 4763 1835 4817 Chron.

192 4839 302 4894 sub
327 4850 545 4892 annum
574 4834 718 4906 498.)

263 4908 419 4964 Idem
445 4903 798 4977 The0phi'lus
831 4905 991 4962 aliud
1037 4905 1291 4977 subinde
1310 4903 1842 4977 conciliumncoegit

193 4981 252 5035 in
283 4993 390 5035 sua
444 4974 766 5048 metropoli,
816 4990 927 5033 non
971 4977 1159 5048 solum
1205 4975 1504 5048 episcopos
1555 4974 1842 5048 suﬁ'rag'a-

192 5065 334 5107 neos
364 5051 521 5106 sedis
564 5046 703 5116 suae,
750 5062 945 5104 verum
977 5047 1148 5102 etiam
1199 5060 1266 5102 ex
1313 5047 1494 5103 variis
1524 5046 1842 5117 provinciis

191 5135 539 5187 convocans,
565 5121 869 5178 mandante
895 5119 1138 5183 Victore,
1162 5118 1256 5173 cui
1282 5119 1501 5188 placuit
1524 5119 1594 5174 de
1615 5117 1841 5173 Pascha:

189 5193 578 5250 celebratione
624 5194 702 5247 ita
747 5191 1021 5248 concordi
1067 5194 1282 5244 statuto
1327 5190 1478 5246 diem
1519 5189 1748 5246 decerni
1776 5201 1842 5244 ac

189 5263 453 5321 stabiliri
487 5265 547 5319 in
578 5263 916 5335 regionibus
954 5273 1098 5335 quas
1141 5261 1338 5335 mundi
1370 5261 1652 5335 Salva‘tor‘
1677 5261 1843 5335 ineo-7

189 5337 401 5400 luerat,
455 5330 690 5403 perind'e
729 5348 794 5390 ac
828 5334 884 5388 in
913 5333 1137 5387 caeteris
1183 5331 1495 5400 provinciis
1519 5330 1839 5403 Christiani

189 5407 356 5463 orbis
386 5401 791 5462 celebraretur.
827 5406 901 5459 Ea
942 5404 1014 5460 de
1053 5416 1113 5457 re
1158 5408 1384 5458 constat
1414 5403 1474 5456 in
1523 5401 1840 5472 fragmento

189 5477 433 5534 concilii
471 5490 567 5545 per
597 5475 978 5532 venerabilem
1022 5473 1225 5529 Bedam
1270 5473 1433 5528 nobis
1466 5479 1833 5545 praeservato:

195 5570 222 5600 α
257 5552 410 5618 Papa
439 5543 631 5604 Victor
657 5545 1126 5618 Romanmurbis
1147 5545 1452 5618 episcopus
1485 5543 1700 5618 direxit
1729 5555 1842 5618 au-

193 5613 525 5676 ctoritatem
561 5620 630 5674 ad
667 5616 1072 5687 TheOphilum,
1100 5613 1475 5671 Caesareensis
1527 5613 1840 5687 Palaestinae

195 5691 541 5760 antistitem,
575 5696 641 5746 ut
668 5703 783 5760 quo
810 5683 976 5745 modo
1002 5687 1214 5760 Pascha
1244 5691 1396 5760 recto
1413 5687 1542 5760 jure
1561 5683 1844 5760 a_cunc_t_is

193 5762 506 5819 catholicis
531 5755 920 5818 celebraretur
961 5759 1254 5826 Ecclesiis,
1291 5757 1439 5813 inibi
1472 5755 1648 5813 fuerit
1676 5755 1845 5811 ordi-

193 5835 379 5902 natio,
432 5832 530 5888 ubi
568 5833 847 5889 Dominus
897 5836 954 5888 et
987 5830 1246 5888 Salvator
1296 5829 1496 5885 mundi
1543 5827 1730 5885 fuerat
1781 5828 1841 5882 in

1950 4620 2287 4687 coluissent,
2336 4623 2625 4687 praestare,
2690 4617 2855 4684 juxta
2925 4627 3160 4670 suorum
3231 4617 3594 4675 decessorum

1949 4690 2227 4760 exempla,
2264 4686 2462 4744 ut’hos
2493 4686 3101 4760 haberetnhnumanius,
3133 4691 3188 4742 et
3241 4701 3431 4757 pacem
3462 4703 3594 4746 cum

1951 4763 2030 4817 iis
2059 4757 2440 4816 conservaret.
2466 4777 2492 4810 α
2523 4757 2694 4814 Illum
2739 4758 2922 4828 igitur
2951 4769 3290 4828 magnopere
3319 4761 3597 4818 adhorta-

1951 4832 2180 4905 bantur,
2233 4830 2530 4905 ut__pacis,
2596 4829 2957 4905 concordiaa,_
2989 4835 3045 4883 et
3105 4831 3416 4905 charitatis
3463 4846 3598 4905 erga

1953 4903 2242 4974 proximos
2265 4901 2601 4974 diligentem
2641 4913 2838 4956 curam
2869 4899 3126 4974 haberet.
3167 4920 3193 4952 ιο
3225 4901 3420 4974 abici.)

2021 4974 2132 5041 Qui
2177 4973 2295 5028 hac
2321 4969 2666 5042 singillatim
2703 4969 3130 5044 perscribebant
3162 4969 3450 5044 episcopi,
3481 4987 3595 5030 non

1951 5045 2092 5102 satis
2115 5043 2484 5100 attendebant
2503 5055 2706 5115 causas
2726 5042 3316 5115 suadentesEcclesite
3338 5042 3509 5115 caput
3524 5047 3595 5102 ad

1949 5117 2232 5200 agendum
2255 5114 2531 5200 severius:
2549 5113 2826 5200 Quandiu
2838 5113 3081 5200 quiestip
3094 5113 3426 5200 versabatur
3441 5117 3598 5200 circa

1949 5185 2322 5256 disciplinam
2342 5185 2460 5242 haec
2475 5185 2725 5258 dissidia
2742 5197 2933 5241 secum
2949 5185 3286 5258 trahentem,
3312 5189 3602 5258 praecipue

1953 5264 2080 5330 post
2110 5257 2366 5330 habitam
2417 5271 2451 5312 a
2497 5258 2554 5313 S.
2588 5256 2894 5330 Polyearpo
2923 5269 2987 5312 ea
3019 5257 3102 5330 de
3134 5272 3192 5313 re
3228 5256 3595 5315 collationem

1951 5327 2080 5385 cum
2106 5328 2441 5402 S.Anicet0,
2475 5327 2914 5398 permittebatur
2937 5328 3165 5402 Asianis
3206 5330 3501 5402 Ecclesiis,
3536 5338 3601 5387 ut

1951 5399 2268 5470 tranquille
2324 5406 2622 5455 uterentur
2668 5412 2773 5454 sua
2805 5400 3251 5470 consuetudine.
3283 5399 3495 5458 Verum
3528 5417 3599 5459 ex

1953 5484 2066 5541 quo
2096 5469 2455 5527 Montanistre
2501 5485 2570 5526 ex
2601 5469 2750 5541 ritus
2779 5469 3093 5540 disciplina
3126 5472 3440 5541 procudere
3468 5477 3599 5531 ausi

1951 5539 2089 5598 sunt
2111 5543 2317 5614 dogma
2337 5555 2369 5597 a
2389 5541 2688 5614 catholica
2705 5539 2812 5614 ﬁde
2833 5539 3109 5614 alienum,
3128 5539 3192 5598 et
3212 5543 3442 5600 Blastus
3468 5545 3600 5603 inde

1949 5611 2308 5690 occasionem
2339 5614 2589 5690 sumpsit
2611 5611 2949 5690 schismatis
2988 5611 3323 5690 inducendi,
3361 5616 3601 5690 nisique

1950 5691 2087 5740 sunt
2111 5685 2238 5754 ejus
2285 5683 2516 5742 sectarii
2571 5683 2748 5755 legem
2808 5684 3188 5740 universalem
3231 5688 3478 5746 condere
3507 5683 3599 5745 'ex

1950 5756 2236 5826 singulari
2255 5757 2524 5826 opinione
2543 5769 2780 5811 suorum
2803 5771 2816 5808 :
2852 5755 3050 5824 praxis
3071 5756 3458 5814 intolerabilis
3478 5761 3600 5814 visa

1949 5833 2036 5884 est
2056 5825 2420 5900 Victori,’qui
2443 5842 2504 5883 se
2523 5828 2788 5883 adactum
2801 5825 3030 5883 censuit
3052 5828 3346 5897 pontiﬁcis
3362 5829 3599 5884 maximi
