4052 6178
435 281 574 341 4303

1645 278 2003 336 ANASTASII
2039 278 2532 337 BlBLIOTECABII

3689 281 3838 342 4304

436 406 782 466 auctoritate
807 421 920 479 qua
948 405 1298 480 fungebatur
1329 404 1402 480 ad
1429 405 1694 480 eamdem
1711 405 2082 480 supprimen-
2111 405 2171 468 A
2190 403 2820 480 celebcandodcinceps
2834 405 3118 480 eecuturi.
3147 412 3307 480 sunt.
3337 425 3365 459 ι
3397 407 3599 480 (Epist.
3627 408 3837 478 Synod.

439 482 591 538 dam.
615 482 694 536 Eo
719 477 941 550 justius
961 479 1017 535 id
1050 477 1174 534 esse
1197 478 1390 550 duxit,
1419 477 1570 550 quod
1599 477 1929 546 hujusmodi
1956 489 2085 550 con-

435 553 681 611 suetudo
708 548 1034 608 celebrandi
1063 549 1277 605 Pascha
1300 562 1453 605 more
1470 549 1793 604 Judaorum
1821 562 1949 605 cum
1966 548 2084 604 alio

440 627 671 682 nomine
719 623 870 680 haud
920 620 1282 691 toleraretur,
1340 633 1510 690 quam
1559 618 1850 677 deferendi
1902 620 2084 691 gratia

437 695 684 767 apostoli
721 694 958 767 Joannis
1002 693 1307 767 memoria,
1340 691 1458 767 hoc
1483 691 1553 767 ad
1585 698 1807 760 tempus
1839 691 2084 767 permit-

439 762 615 825 tentis
643 765 918 822 Ecclesiis
945 764 1158 835 quibus
1186 765 1308 835 ipse
1338 762 1559 835 inAsia
1597 768 1854 834 praerat,
1884 764 2083 819 deme‘

441 840 604 898 rendi
626 851 798 895 causa
822 834 1015 892 ﬁdeles
1035 850 1103 892 ex
1120 834 1336 892 Judais
1354 834 1422 889 ad
1445 835 1739 891 Christum
1759 848 2079 902 conversos,

439 918 611 992 atque
637 919 698 992 ut
717 909 1009 992 Synagoga
1036 907 1378 992 sepeliretur
1400 920 1534 992 eum
1563 906 1811 992 honore}
1842 906 1959 992 hac
1985 907 2080 992 in:-

440 927 611 1038 atque
637 927 698 967 ιιι
717 927 1009 992 aynagoga
1036 927 1377 992 sepeliretur
1404 927 1534 963 Clllll
1564 927 1811 974 nouare;
1842 927 1959 988 nazc
1986 927 2080 989 lli:-

440 985 518 1040 du
547 981 753 1055 gentia
777 992 1144 1063 occasiojam
1169 979 1439 1042 desnerat,
1471 983 1528 1034 et
1551 990 1723 1035 causa
1748 983 1920 1049 atque
1943 991 2086 1032 inci-

443 1051 755 1112 tamentum
785 1051 1042 1108 consilii.

513 1125 818 1181 Fatendum
847 1129 954 1186 est,
978 1122 1222 1178 Asianos
1247 1133 1279 1176 a
1311 1120 1597 1191 Polycrate
1615 1120 1958 1190 perstitisse,
1984 1132 2083 1176 nec

441 1197 722 1253 detulisse
749 1195 1000 1250 Victoris
1021 1193 1286 1263 judicio:
1317 1197 1374 1247 et
1411 1190 1739 1262 Complures
1777 1205 1844 1248 ex
1877 1192 1953 1248 iis
1981 1191 2082 1261 qui

443 1271 695 1325 Romano
720 1267 946 1323 decreto
972 1265 1231 1335 synodali
1257 1263 1719 1332 subscripserant
1741 1277 1869 1318 cum
1903 1263 2086 1335 ponti-

445 1341 567 1410 ﬁce,
595 1352 710 1396 non
739 1333 1028 1408 probasse,
1062 1342 1126 1392 ut
1165 1336 1346 1410 sacris
1378 1335 1820 1410 interdiceretur
1847 1335 1957 1410 eis,
1983 1333 2084 1404 qui

442 1406 670 1470 decreto
697 1406 808 1466 non
859 1406 1146 1478 parerent.
1189 1407 1293 1462 Sed
1341 1407 1478 1476 quid
1515 1406 1648 1461 inde
1688 1407 2086 1476 consequitur,

445 1485 558 1542 nisi
590 1483 695 1538 hoc
722 1477 921 1548 unum,
948 1479 1095 1550 quod
1121 1477 1354 1534 Asianis
1387 1490 1719 1550 persuasum
1751 1485 1892 1550 erat,
1925 1489 2090 1550 posse

448 1560 506 1614 in
551 1553 786 1614 traditis
815 1551 929 1608 sibi
967 1548 1188 1606 ritibus
1228 1550 1532 1618 persistere
1576 1549 1723 1603 citra
1767 1548 2088 1616 periculum

445 1625 798 1692 schismatis,
841 1628 945 1678 aut
970 1622 1248 1677 hareseos
1277 1621 1492 1692 crimen
1539 1620 1870 1692 incurrendi
1896 1639 1917 1692 7;
1957 1633 2084 1692 cum

448 1701 671 1758 tandem
705 1690 969 1765 ageretur
997 1693 1357 1765 solummodo
1397 1691 1467 1746 de
1507 1691 1731 1765 ratione
1759 1690 2090 1760 disciplina

443 1762 792 1830 observanda
819 1773 913 1840 -,_et
936 1779 1065 1821 cum
1091 1764 1346 1840 episcopi
1369 1763 1585 1840 Victori
1615 1762 1970 1840 adharentcs
1993 1777 2091 1840 pu-
2127 1782 2170 1840 Β

447 1847 630 1900 tarent
654 1852 777 1897 esse
804 1833 1057 1895 alienum
1087 1833 1140 1891 a’
1164 1835 1383 1906 regulis
1425 1833 2089 1906 apostolicacharitatis

449 1910 1135 1986 inﬂigere_dur_issi_mam
1197 1905 1814 1986 excommunicaticnjs
1861 1918 2087 1986 poenam

447 1976 849 2055 compluribus
861 1979 1157 2055 Ecclesiis,
1169 1992 1378 2055 easque
1390 1991 1423 2055 a_
1433 1976 1723 2055 eommu-ni
1740 1976 2092 2055 Christiano-

451 2049 759 2117 rum'Patre
774 2054 1092 2123 sejungere,
1119 2049 1452 2120 hujusmodi
1475 2049 1702 2120 generis
1723 2049 1952 2121 negotio
1974 2055 2093 2104 tan-

448 2137 568 2188 tum
604 2127 766 2184 modo
796 2123 1198 2181 intercedente.

519 2202 692 2256 Extra
709 2195 1049 2270 quastionis
1067 2192 1312 2250 orbitam
1335 2191 1591 2248 excurrit
1613 2193 1808 2262 itaque
1831 2195 1887 2246 et
1903 2203 2096 2316 evaga-

520 2287 550 2316 ιι
575 2271 821 2316 nnisnne
841 2281 971 2316 cum
1003 2265 1308 2316 recentiori
1336 2264 1619 2316 scriptore
1647 2263 1820 2316 audet
1842 2262 1976 2316 hinc
2045 2274 2096 2316 e—

453 2280 550 2330 tur
575 2262 821 2342 quisque
841 2281 972 2342 cum
1003 2265 1308 2342 recentiori
1336 2264 1619 2342 scripgore
1647 2263 1820 2342 audet
1842 2262 1976 2318 hinc
2005 2262 2097 2342 ge—

451 2326 1082 2467 ducereéh'iaimbourg,
1108 2338 1349 2420 Histoire
1367 2336 1434 2391 de
1450 2326 1670 2403 i’Eglise
1687 2336 1838 2389 Rom.
1862 2347 1985 2416 cap.
2003 2329 2092 2402 8):

456 2437 484 2467 α
513 2413 664 2467 Mani
693 2418 878 2467 estum
909 2423 1035 2466 esse
1057 2414 1230 2467 atque
1266 2408 1500 2464 evidens
1530 2419 1712 2467 neque
1743 2405 1849 2460 hos
1876 2417 2092 2467 episco-

456 2437 484 2470 α
513 2405 878 2472 Manifestum
909 2405 1230 2478 esse'atque
1266 2408 1500 2464 evidens
1530 2419 1712 2477 neque
1743 2405 1849 2478 hos
1876 2405 2098 2475 episco-

456 2485 820 2559 posAsianos
848 2488 905 2538 et
926 2477 1250 2559 Orientales
1285 2492 1502 2548 omnes,
1537 2490 1720 2559 neque
1745 2477 1800 2532 S.
1823 2479 2098 2559 ircnaum

452 2548 510 2616 et
549 2556 906 2612 Gallicanam
935 2550 1247 2608 Ecclesiam
1292 2563 1475 2620 neque
1505 2549 1750 2620 aliarum
1802 2548 2100 2618 regionum

455 2630 774 2701 episcopos,
800 2626 880 2680 ita
905 2623 1094 2701 valide
1125 2619 1554 2701 perscribeptcs
1585 2620 1652 2675 ad
1691 2619 2103 2701 Victorempro

454 2687 669 2758 tuenda
681 2687 1305 2751 indemnitateistarum
1320 2691 1698 2747 Ecclesiarum
1719 2687 2103 2745 Orientalium

455 2769 775 2828 credidisse
805 2763 1115 2820 infallibile
1156 2776 1280 2818 esse
1318 2763 1633 2818 Romanum
1680 2761 2032 2831 pontiﬁcem.
2071 2776 2099 2811 »

455 2840 658 2899 Asiani
680 2835 934 2909 episcopi
953 2834 1198 2905 sejuncti
1217 2847 1328 2890 non
1356 2837 1518 2909 erant
1537 2846 1568 2886 a
1589 2832 2105 2909 Romanaljlcclesia

459 2927 559 2985 per
587 2901 989 2985 doginaﬁdem
1013 2901 1127 2985 aut
1164 2917 1350 2985 moces
1377 2904 1686 2985 attingens.
1715 2901 2105 2985 Occidenteles

456 2974 609 3052 vero,
637 2974 740 3038 aut
767 2979 924 3036 ullus
944 2991 1012 3034 ex
1035 2977 1112 3032 iis
1142 2976 1244 3046 qui
1275 2976 1380 3030 hac
1404 2975 1703 3052 occasione
1727 2974 1860 3052 data
1889 2975 2104 3044 scripto

456 3061 559 3114 aut
583 3046 718 3111 voce
749 3052 1092 3122 perorarunt
1121 3059 1419 3122 nunquam
1447 3047 1720 3122 dixerunt
1739 3046 1935 3102 deesse
1974 3058 2107 3122 pon-

459 3127 604 3184 tiﬁci
647 3117 901 3180 Romano
941 3117 1277 3190 potestatem
1321 3118 1653 3187 hujusmodi
1703 3117 2106 3174 controversia

459 3197 758 3255 deﬁnitiva
779 3189 1066 3250 sententia
1084 3189 1474 3246 terminanda.
1503 3190 1814 3255 Conquesti
1837 3199 1975 3245 sunt
1996 3195 2113 3244 tan-

461 3267 756 3327 tummodo
785 3266 856 3322 de
882 3277 1059 3334 pana
1088 3260 1425 3334 severitate;
1459 3259 1768 3334 sive_ill_am
1803 3260 2114 3334 indixisset

460 3342 678 3408 Victor,
712 3344 778 3394 ut
812 3331 1080 3408 nonnulli
1110 3331 1632 3408 contendupt(vide
1661 3331 1843 3408 Baron
1874 3332 1943 3408 ad
1974 3344 2110 3408 ann.

465 3411 607 3482 498).
636 3401 1028 3482 siveeamdem
1060 3404 1454 3482 tantummodo
1481 3403 1891 3482 interminatus
1914 3401 2109 3482 fuerit,

465 3490 530 3541 ut
554 3473 658 3538 alii
690 3479 1044 3536 existimant.
1092 3477 1150 3532 S.
1201 3477 1449 3531 Irenaus
1487 3473 1840 3543 respondens
1877 3475 2114 3530 omnino

466 3553 687 3627 proprii
712 3549 969 3627 nominis
981 3547 1352 3627 _indicati_on_i_,
1377 3545 1714 3627 ostendendi
1734 3547 1924 3627 virum
1959 3545 2115 3616 pacis

463 3615 688 3684 tuenda
707 3629 764 3680 et
785 3619 1164 3679 concilianda
1183 3619 1509 3674 studiosum
1531 3615 1756 3689 (Euseb.
1785 3616 1886 3672 lib.
1909 3615 2110 3689 v,’cap.

463 3697 535 3755 24
575 3697 742 3766 Hist.)
791 3693 978 3766 oﬁicio
1028 3690 1364 3766 mediatoris
1407 3687 1548 3746 tunc
1591 3687 2113 3766 perfunctusfuit;

464 3759 752 3828 contentio
777 3765 848 3820 ab
872 3765 999 3834 ipso
1023 3763 1344 3818 rectissime
1368 3765 1561 3830 pacata
1579 3765 1666 3834 est
1684 3760 1790 3831 (ait
1812 3759 2117 3834 Anatolius

467 3831 961 3901 scriptorvicinus
975 3833 1207 3901 illorum
1224 3839 1564 3901 temporum,
1579 3833 1773 3887 editus
1792 3845 1823 3901 a
1839 3831 2118 3887 Bucherio

472 3914 530 3966 in
575 3899 709 3964 Can.
752 3907 945 3959 Pasch.
981 3917 1114 3973 pag.
1171 3899 1414 3972 435);‘et
1461 3903 1736 3973 inductus
1782 3900 1897 3958 fuit
1926 3903 2120 3958 Victor

469 3983 596 4051 ejus
616 3977 885 4051 suasione
907 3972 1434 4051 ad’su'spendendos
1462 3972 1696 4030 eﬁ‘ectus
1725 3974 2118 4051 excommuni-

471 4044 724 4109 cationis
751 4047 1005 4113 inﬂicta,
1030 4046 1507 4114 quemadmodum
1529 4044 1901 4114 comprobant
1924 4058 1991 4100 ex
2020 4045 2122 4100 So-

471 4133 704 4179 zomeno
716 4117 930 4173 eruditi
947 4122 1153 4173 nostra
1165 4117 1352 4173 atatis
1362 4121 1646 4172 auctores.
1662 4136 1686 4169 a
1703 4116 1967 4171 Exortam
1980 4115 2120 4174 olim

472 4189 922 4250 controversiam
941 4187 1408 4256 sapientissimed
1421 4187 1713 4243 issolvisse
1735 4187 1877 4242 mihi
1894 4187 2123 4244 videtur

476 4265 760 4320 Victor....
783 4273 852 4315 ex
871 4260 1162 4314 communi
1183 4258 1430 4314 consilio
1454 4257 1690 4327 placuit,
1717 4257 2010 4328 utsinguli
2035 4259 2123 4314 fe-

475 4341 626 4392 stum
656 4334 1267 4404 proutconsueverant
1293 4328 1644 4404 celebrantes
1672 4342 1704 4383 a
1731 4335 1930 4404 mutua
1972 4331 2124 4387 inter

473 4421 535 4464 se
558 4400 962 4462 communione
983 4413 1342 4471 nequaquam
1363 4400 1740 4471 discederent.
1762 4420 1789 4453 ››
1811 4401 2120 4466 (Sozomen.

478 4477 580 4535 lib.
607 4491 708 4546 vn,
737 4489 788 4530 c.
813 4472 904 4542 20,
936 4474 1036 4529 cit.
1069 4470 1111 4546 a_
1139 4470 1327 4528 Marca
1364 4470 1402 4526 l.
1441 4485 1502 4546 lii
1530 4471 1924 4546 de__Concord.,
1957 4488 2005 4529 c.
2047 4471 2126 4544 3.)

2190 492 2334 551 conc.
2354 478 2472 551 Nic.
2503 477 2755 532 Ecclesia
2771 476 2961 548 Alea.)
2983 479 3044 532 In
3067 492 3201 548 quo,
3222 479 3306 535 ait
3327 476 3600 551 Rufinus,
3616 476 3835 537 Nicani

2192 548 2385 604 Patres
2426 547 2531 603 hoc
2562 561 2740 604 unum
2779 547 3191 619 prastiterunt,
3222 556 3286 606 ut
3315 547 3613 608 universis
3635 553 3834 608 Eccle-

2189 620 2298 676 siis
2330 625 2708 690 pr0poneient
2748 621 3054 690 antiquum
3085 634 3354 678 canonem
3401 636 3467 678 ea
3495 625 3570 679 de
3619 638 3684 679 re
3715 625 3838 680 edi-

2192 697 2335 761 tum,
2365 703 2530 760 quem
2552 690 2781 746 scilicet
2811 698 3060 748 Romana
3089 692 3341 749 Ecclesia
3366 696 3739 761 condiderat,
3765 697 3840 752 in-

2190 763 2446 820 dicatum
2479 763 2538 817 in
2570 762 2814 833 epistola
2845 764 3109 834 synodali
3139 766 3210 821 ad
3240 765 3557 822 Ecclesiam
3585 766 3837 822 Alexan-

2191 834 2417 890 drinam
2443 834 2606 890 data:
2655 838 2775 890 Jam
2811 837 3081 891 Romanos
3103 851 3218 903 nos,
3269 843 3320 892 et
3346 853 3532 892 omnes
3571 854 3694 901 vos,
3737 845 3837 893 etc.

2263 907 2456 978 Neque
2493 906 2791 962 insinuare
2822 906 2910 963 fas
2935 911 3024 963 est
3047 909 3525 978 quemadmodum
3557 911 3838 965 recentior

2193 975 2426 1051 quidam
2439 983 2744 1051 argutatur
2758 979 2816 1033 in
2834 979 2959 1051 Vita
2973 975 3158 1035 nostri
3173 981 3356 1036 sancti
3373 981 3843 1051 pontiﬁcis(Bail-

2195 1048 2339 1122 let..,
2395 1047 2472 1102 ad
2517 1047 2665 1122 diem
2717 1050 2875 1121 Julii)
2929 1063 3027 1106 eos
3074 1051 3175 1121 qui
3219 1066 3251 1107 a
3293 1047 3537 1108 Romani
3601 1047 3842 1122 pontiﬁ-

2193 1121 2279 1176 cis
2300 1120 2701 1194 communione
2725 1120 2973 1191 sejuncti
3001 1120 3159 1191 sunt,
3186 1123 3245 1178 in
3265 1123 3512 1179 aliorum
3543 1120 3844 1194 episcopo-

2195 1205 2321 1266 rum
2347 1193 2752 1266 communione
2780 1194 3000 1266 censeri
3033 1198 3089 1249 et
3120 1208 3495 1266 perseverare,
3531 1209 3727 1266 neque
3756 1193 3844 1251 id—

2195 1264 2351 1336 circo
2393 1265 2680 1336 segregari
2711 1278 2742 1318 a
2773 1265 3025 1336 generali
3058 1265 3322 1322 Ecclesia
3355 1267 3602 1323 unitate.
3633 1264 3844 1322 Firmi-

2196 1334 2392 1390 lianus
2418 1334 2742 1405 Cappadox,
2773 1334 2940 1405 cujus
2986 1339 3377 1394 testimonium
3412 1339 3712 1394 recentior
3745 1340 3847 1394 iste

2197 1405 2451 1480 adhibet,
2472 1405 2526 1461 id
2540 1420 2900 1480 nequaquam
2912 1407 3000 1463 aﬁi
3011 1415 3173 1464 rmat.
3190 1409 3844 1480 Conqueriturtantum,

2197 1478 2496 1533 occasione
2521 1479 2756 1551 dissidii
2791 1479 3014 1535 suborti
3049 1481 3199 1535 inter
3237 1478 3464 1537 sanctos
3491 1481 3845 1551 Stephanum

2199 1562 2399 1622 papam
2445 1555 2503 1603 et
2545 1549 2909 1622 Cyprianum,
2969 1552 3273 1622 procedere
3309 1552 3566 1608 voluisse
3598 1549 3849 1621 pontiﬁ-

2197 1621 2683 1692 cemﬂRomanum
2737 1621 2805 1676 ad
2865 1623 3245 1692 separandum
3299 1623 3368 1678 ab
3425 1624 3703 1679 Ecclesia
3753 1638 3848 1678 ca-

2199 1691 2429 1764 tholica
2451 1692 2673 1748 unitate
2701 1693 2836 1748 illos
2862 1691 2962 1764 qui
2985 1694 3242 1764 probatis
3264 1696 3600 1751 rationibus
3625 1696 3847 1750 inducti

2199 1762 2539 1820 recusabant
2561 1763 2860 1820 admittere
2880 1762 3110 1834 praxim
3132 1766 3462 1835 disciplina
3491 1767 3566 1822 ab
3598 1767 3848 1822 Ecclesia

2197 1836 2448 1908 Romana
2489 1835 3052 1908 servataaliquibus
3091 1837 3147 1892 in
3193 1837 3448 1893 ritibus:
3485 1838 3643 1908 quod
3693 1851 3847 1892 nemo

2195 1919 2263 1962 ex
2292 1905 2692 1962 decessoribus
2721 1905 2925 1963 fecisse
2954 1909 3217 1965 traditur.
3247 1909 3484 1978 Oportet
3503 1905 3715 1965 contra
3735 1923 3849 1963 me-

2199 1983 2480 2033 moratum
2503 1985 2793 2049 auctorem
2820 1986 3071 2035 statuere
3101 1993 3167 2035 ac
3197 1987 3383 2036 ratum
3413 1980 3650 2049 habere,
3678 1994 3849 2036 unum

2201 2049 2466 2118 idemque
2505 2047 2625 2105 fore
2674 2051 2886 2119 privari
2930 2052 3331 2107 communione
3359 2047 3645 2107 Romana
3678 2052 3848 2117 sedis,

2199 2127 2257 2177 et
2287 2120 2499 2190 privari
2530 2121 2938 2178 communione
2979 2123 3244 2178 Ecclesia
3294 2123 3696 2190 universalis;
3731 2137 3851 2178 cum

2205 2205 2432 2248 necesse
2476 2192 2554 2247 sit
2598 2191 2916 2265 (asserente
2957 2194 3012 2248 S.
3067 2194 3297 2265 lrenao)
3339 2207 3540 2250 omnes
3571 2194 3852 2250 Ecclesias

2207 2269 2489 2320 terrarum
2565 2263 2724 2320 orbis
2782 2265 2851 2320 ad
2906 2264 3053 2321 hanc
3131 2263 3443 2322 Romanam
3522 2266 3852 2322 earumdem

2206 2335 2548 2407 principem,
2593 2340 2649 2390 et
2694 2337 3004 2404 potentiori
3041 2337 3470 2407 principalitate
3515 2351 3705 2407 supra
3733 2337 3854 2392 illas

2207 2406 2525 2478 praditam,
2580 2407 2904 2463 convenire.
2965 2428 2992 2461 α
3042 2406 3124 2464 Μ
3183 2406 3490 2464 Remanam
3541 2406 3854 2464 Ecclesiam

2210 2484 2442 2550 propter
2498 2478 2874 2551 potentiorem
2927 2479 3413 2551 principalitatem
3474 2494 3713 2536 necesse
3776 2485 3857 2534 est

2211 2549 2432 2606 Omnem
2474 2549 2781 2605 convenire
2847 2549 3177 2607 Ecclesiam.
3225 2570 3251 2601 io
3301 2552 3534 2607 Versari
3587 2553 3651 2606 in
3698 2565 3858 2607 com—

2214 2621 2485 2677 munione
2509 2635 2636 2677 cum
2660 2621 2911 2680 Romano
2929 2623 3216 2692 pontiﬁce,
3244 2624 3391 2680 idem
3411 2629 3520 2692 est,
3547 2623 3858 2693 interprete

2209 2693 2514 2762 Cypriano,
2563 2705 2629 2747 ac
2657 2694 2872 2749 versari
2927 2694 2987 2748 in
3035 2695 3226 2750 eadem
3274 2695 3690 2750 communione
3736 2708 3857 2749 cum

2211 2762 2496 2820 catholica
2526 2763 2812 2820 Ecclesia:
2843 2779 2972 2820 cum
3019 2766 3164 2822 Petri
3198 2766 3359 2821 sedes
3391 2766 3547 2821 inter
3580 2765 3859 2821 Ecclesias

2215 2836 2398 2906 prima
2443 2835 2607 2906 origo
2649 2835 2729 2890 sit
2774 2836 3021 2892 unitatis
3049 2836 3447 2894 sacerdotalis.
3485 2858 3512 2890 α
3559 2836 3858 2906 Scripsiin

2212 2907 2406 2972 etiam,
2437 2911 2502 2962 ut
2519 2906 2840 2977 exemplum
2867 2909 3191 2964 earumdem
3214 2909 3539 2964 litterarum
3564 2909 3639 2964 ad
3664 2909 3860 2964 Corne-

2215 2977 2358 3034 lium
2400 2977 2677 3047 collegam
2705 2984 2964 3034 nostrum
2996 2980 3464 3048 transmitterem,
3493 2985 3562 3035 ut
3609 2980 3862 3048 deposita

2214 3049 2371 3106 omni
2399 3048 2810 3119 sollicitudine,
2829 3051 2945 3119 jam
2968 3050 3140 3106 sciret
3163 3055 3459 3119 se'secum,
3489 3051 3601 3106 hoc
3630 3057 3722 3107 est
3745 3064 3861 3105 cum

2139 3151 2188 3214 Ο
2217 3119 2474 3214 ἓξθπὶδξίί
2490 3119 3860 3214 ,θὲἓΡὲἶξὲθίκθοέΕωΞΗῖἳδτές,(ἓ;,(ἱὲῐξί³9;λ.²ῗῖίῗέ

2219 3191 2435 3264 50,Ααᾴ
2471 3191 2812 3264 Antonian.)
2862 3193 2944 3248 Ad
2995 3194 3143 3249 Petri
3195 3191 3545 3262 cathedram,
3603 3191 3780 3264 atque
3803 3193 3861 3264 ad

2220 3262 2532 3321 Ecclesiam
2579 3262 2978 3334 principalem,
3036 3264 3187 3320 unde
3235 3265 3434 3321 unitas
3492 3262 3867 3321 sacerdotalis

2221 3339 2417 3392 exorta
2446 3340 2552 3407 est.
2587 3351 2614 3384 ιι
2646 3334 2844 3407 (Ιόθῑηὶ
2882 3338 3037 3405 epist.
3081 3334 3206 3407 59.)
3235 3335 3509 3392 Profanat
3537 3349 3710 3391 sacra
3753 3349 3869 3404 my-

2223 3407 2400 3463 steria
2445 3405 2728 3477 quisquis
2751 3406 2942 3462 eadem
2995 3405 3241 3477 percipit
3268 3407 3413 3462 hanc
3445 3414 3615 3463 extra
3645 3408 3868 3464 domum

2241 3481 2326 3534 ait
2341 3476 2738 3548 Hieronymus)
2763 3495 2777 3539 ς
2796 3484 2851 3532 et
2879 3478 3063 3546 perire
3083 3479 3141 3533 in
3159 3476 3385 3534 diluvio
3405 3479 3580 3549 eligit
3606 3478 3871 3549 quisquis

2265 3563 2371 3633 anc
2402 3549 2463 3604 in
2491 3561 2682 3633 arcam
2709 3561 2779 3633 se
2806 3550 3055 3632 recipere
3085 3549 3349 3633 negligit.
3385 3570 3412 3602 α
3443 3551 3753 3633 Catbedra
3778 3550 3872 3603 Pe—

2226 3621 2299 3677 tri
2325 3621 2728 3676 communione
2763 3621 3129 3676 consocior...
3155 3621 3503 3691 Quicunque
3533 3628 3704 3678 extra
3738 3621 3869 3676 hanc

2224 3693 2457 3748 domum
2497 3691 3376 3764 agnum_comederit,iprofanus
3403 3699 3515 3748 est.
3544 3695 3607 3748 Si
3657 3693 3789 3764 quis
3817 3692 3870 3746 in

2225 3764 2522 3835 arcs__Noe
2560 3775 2672 3817 non
2711 3760 2906 3832 fuerit,
2935 3760 3166 3835 peribit
3215 3770 3494 3835 regnante
3537 3760 3792 3835 diluvio.
3844 3782 3867 3810 ι

2224 3835 2302 3906 (8.
2344 3833 2694 3906 Ηὶθνοέῐιγωη
2737 3830 2901 3906 epist
2931 3830 3021 3903 57,
3067 3835 3143 3888 ad
3189 3830 3366 3904 Dori.)
3414 3835 3713 3891 Cathedra
3776 3834 3875 3889 ista

2228 3905 2416 3962 Roma
2444 3917 2476 3958 a
2506 3905 2670 3959 Petro
2690 3905 3007 3960 constituta
3036 3906 3316 3961 unitatem
3346 3906 3561 3962 tribuit
3591 3905 3873 3968 Ecclesia,

2227 3978 2311 4032 ait
2339 3976 2581 4046 Optatus
2609 3975 2978 4031 Milevitanus
3009 3976 3108 4032 lib.
3154 3990 3193 4031 ιι
3220 3984 3419 4032 contra
3459 3978 3755 4046 Parmen.,
3787 3988 3874 4030 nec

2228 4049 2448 4105 cateris
2493 4046 2770 4115 apostolis
2810 4047 3007 4102 datum
3051 4047 3184 4112 fuit,
3229 4055 3294 4103 ut
3334 4048 3404 4104 ad
3445 4049 3801 4105 Ecclesiasa
3827 4059 3876 4100 se

2230 4120 2498 4176 fundatas
2523 4117 2817 4189 singulare
2849 4118 2954 4174 hoc
2986 4118 3354 4190 privilegium
3396 4122 3874 4190 transmitterem,

2229 4193 2324 4248 cui
2372 4190 2702 4259 usurpando
2743 4190 2961 4245 nemini
3011 4189 3292 4245 attentare
3333 4190 3534 4245 datum
3585 4199 3702 4258 est,
3750 4189 3875 4261 quin

2231 4267 2449 4318 reatum
2507 4261 2764 4316 incurrat
2810 4261 3076 4316 criminis
3112 4268 3170 4316 et
3215 4261 3575 4317 schismatis.
3635 4284 3661 4312 α
3689 4264 3752 4316 In
3779 4272 3876 4329 qua

2233 4347 2346 4390 una
2371 4331 2638 4387 cathedra
2669 4331 2879 4402 (Roma
2899 4331 3128 4402 collata)
3156 4333 3351 4388 unitas
3366 4332 3436 4387 ab
3458 4333 3746 4389 omnibus
3764 4345 3875 4386 ser—

2231 4409 2418 4470 vatur,
2443 4416 2511 4458 ne
2532 4403 2722 4475 cateri
2741 4403 2987 4475 apostoli
3007 4404 3270 4475 singulas
3286 4403 3400 4459 sibi
3419 4405 3684 4475 quisque
3707 4402 3875 4475 defec-

2232 4477 2469 4533 derent:
2501 4480 2566 4530 ut
2602 4473 2718 4544 jam
2763 4473 3174 4531 schismaticus
3209 4483 3264 4531 et
3297 4473 3563 4544 peccator
3584 4473 3761 4531 Cesset
3789 4473 3872 4542 qui

475 4551 578 4608 Sed
611 4543 942 4616 cuicunque
982 4543 1208 4600 tandem
1231 4543 1529 4616 sententia
1549 4543 1942 4601 adhareamus
1967 4546 2122 4601 circa
2153 4550 2207 4611 D
2233 4553 2430 4603 contra
2459 4543 2810 4616 singularem
2841 4546 3170 4602 cathedram
3207 4543 3448 4602 alterum
3487 4546 3819 4602 collocavit.
3841 4561 3870 4616 3

475 4620 754 4678 attributa
767 4614 1271 4674 etconsecutiones
1290 4614 1465 4671 istius
1482 4616 2119 4688 excommunicationis,

474 4692 743 4748 dubitare
767 4702 1124 4759 nequaquam
1149 4700 1458 4759 possumus
1477 4687 1619 4757 quin
1641 4688 1833 4745 Victor
1853 4687 2126 4758 justissi4

479 4777 623 4818 mam
658 4760 997 4817 sententiam
1053 4759 1254 4815 tulerit
1278 4758 1337 4812 in
1359 4758 1683 4815 deﬁnienda
1711 4762 2122 4829 controversia,

475 4835 755 4890 damnans
774 4830 1142 4900 disciplinam
1160 4831 1518 4897 Asianorum,
1539 4835 1807 4900 tanquam
1823 4831 2123 4888 fautricem

478 4903 810 4963 schismatis
857 4908 913 4958 et
963 4902 1259 4958 hareseos.
1303 4903 1362 4958 ld
1396 4902 1539 4957 satis
1579 4903 1952 4958 ostenderunt
1977 4909 2127 4958 tem-

479 4991 616 5048 pora
641 4979 977 5048 consecuta,
1001 4987 1130 5028 cum
1174 4973 1618 5048 Nicano_etiam
1640 4974 1911 5048 concilio
1937 4975 2124 5048 visum

481 5044 674 5118 fuerit,
698 5045 1086 5118 necessarium
1115 5047 1384 5118 mandare
1402 5044 1815 5118 Orientalibus,
1841 5051 1906 5102 ut
1936 5047 1995 5100 in
2027 5045 2127 5102 hu-

472 5116 729 5190 jusmodi
762 5117 990 5190 negotio
1017 5130 1079 5190 se
1116 5116 1546 5190 conformarent
1569 5117 1824 5174 moribus
1862 5119 2127 5190 Romana

481 5187 764 5249 Ecclesia.
800 5187 1032 5257 «Quod
1063 5195 1252 5243 autem
1297 5188 1366 5243 ad
1395 5187 1652 5244 omnium
1683 5201 2023 5245 consensum
2055 5189 2126 5245 de

477 5260 870 5320 sacratissimo
918 5258 1061 5315 festo
1128 5259 1423 5316 Paschatis
1487 5259 1828 5316 celebrando
1893 5261 2125 5328 attinet,

478 5335 683 5391 scitote
708 5331 860 5404 quod
901 5331 1114 5404 vestris
1136 5330 1405 5402 precibus
1451 5331 1838 5404 controversia
1870 5345 1934 5388 ea
1958 5331 2029 5404 de
2069 5346 2129 5388 re

478 5401 763 5475 suscepta,
797 5403 1109 5475 prudenter
1142 5401 1210 5475 (et
1237 5403 1530 5475 commode
1557 5401 1746 5459 soluta
1787 5409 1904 5470 est;
1955 5402 2032 5475 ita
2065 5408 2128 5460 ut

479 5473 673 5533 omnes
691 5473 917 5558 fratres,
938 5475 1038 5558 qui
1056 5474 1344 5558 Orientem
1363 5474 1646 5558 incolunt,
1667 5475 1879 5558 quique
1897 5473 2130 5558 {udaq-

483 5561 606 5602 rum
638 5545 1112 5603 consuetudinem
1129 5552 1259 5600 ante
1291 5547 1350 5602 in
1380 5559 1446 5602 eo
1467 5545 1609 5602 festo
1630 5545 1980 5602 observando
2004 5545 2130 5601 imi-

482 5617 592 5670 tari
621 5616 895 5688 solebant,
936 5620 1052 5688 jam
1085 5618 1369 5673 Romanos
1399 5631 1522 5686 nos,
1553 5623 1609 5673 et
1639 5631 1833 5673 omnes
1876 5631 1996 5684 vos,
2025 5617 2124 5687 qui

477 5686 742 5759 eumdem
767 5686 999 5757 morem,
1022 5701 1190 5759 quem
1216 5701 1318 5743 nos
1341 5689 1399 5742 in
1422 5688 1523 5743 illo
1545 5689 1843 5746 recolendo
1867 5701 1899 5742 a
1920 5686 2127 5758 primis

479 5755 838 5826 temporibus
876 5755 1172 5830 tenui'stis,
1209 5759 1706 5817 consentientibus
1728 5755 1942 5816 animis
1971 5760 2032 5816 in
2057 5772 2124 5816 eo

2231 4619 2439 4690 (Optat.
2470 4614 2740 4690 _Miievit.,
2764 4615 2926 4690 ibid.)
2947 4618 3121 4673 Nemo
3142 4619 3376 4690 ignoret
3395 4617 3582 4685 (addit
3613 4614 3876 4690 Augusti-

2235 4685 2361 4762 nus)
2391 4688 2577 4762 sedem
2609 4685 2995 4762 apostolicam
3015 4685 3268 4758 praferri
3298 4695 3355 4743 et
3387 4701 3637 4762 praeesse
3668 4685 3874 4762 caeteris

2233 4758 2354 4819 suo'
2373 4760 2701 4830 principatu
2735 4777 2748 4814 :
2783 4765 2839 4815 et
2879 4759 2950 4814 ab
2982 4759 3090 4815 hoc
3114 4766 3308 4815 centro
3334 4758 3585 4813 unitatis
3624 4759 3875 4830 exclusos

2235 4828 2469 4890 omnino
2513 4843 2636 4886 esse
2685 4836 2847 4887 extra
2891 4831 3224 4900 Ecclesiam,
3279 4836 3334 4884 et
3386 4834 3611 4895 partem
3675 4828 3875 4884 nullan

2236 4903 2443 4960 habere
2485 4915 2614 4958 cum
2649 4901 2878 4958 Christo
2921 4902 3075 4972 Jesu,
3126 4913 3308 4971 neque
3348 4900 3478 4972 ejus
3507 4900 3636 4956 vita
3683 4901 3871 4956 vivere.

2235 4976 2331 5033 sed
2361 4987 2483 5030 esse
2512 4973 2826 5030 obnoxium
2857 4974 2956 5028 ira
2993 4971 3093 5028 Dei
3125 4978 3180 5028 et
3199 4971 3510 5037 aversioni,
3542 4982 3875 5042 quacunque

2233 5049 2447 5104 virtute
2493 5058 2553 5100 se
2596 5044 2811 5114 pollere
2843 5050 3120 5100 autumet.
3164 5042 3444 5114 «Ecquis
3493 5044 3692 5099 nescit
3729 5042 3874 5114 illum

2234 5111 2809 5188 apostolatus—primi
2820 5123 3018 5188 patum
3040 5113 3286 5188 cuilibet
3305 5114 3655 5188 episcOpatu
3689 5111 3878 5188 prafe-

2236 5185 2474 5270 rendum
2500 5185 2636 5270 ?.(S_.
2655 5187 2924 5270 august”
2959 5185 3062 5241 lib.
3092 5185 3536 5270 ti..B'opt_isn_w
3568 5193 3772 5240 contra
3797 5186 3880 5270 lio-

2234 5265 2351 5316 nat.
2384 5271 2508 5328 cap.
2540 5255 2626 5329 i.)
2669 5255 3013 5328 Quicunque
3043 5255 3555 5329 unitatiEcclesia
3583 5270 3707 5313 non
3734 5269 3879 5329 come

2238 5327 2554 5398 municant,
2610 5327 2726 5385 non
2779 5327 2933 5386 sunt
2969 5329 3027 5382 in
3063 5328 3346 5384 Ecclesia.
3394 5327 3593 5398 (idem,
3629 5329 3703 5382 de
3748 5328 3878 5398 Unit.

2235 5404 2402 5468 Eccl.,
2438 5415 2488 5457 c.
2513 5397 2592 5472 4.)
2611 5400 2892 5471 Quisquis
2917 5414 3052 5470 ergo
3081 5400 3154 5475 ab
3185 5399 3614 5475 haccatholicao
3636 5397 3879 5475 Ecclesia

2239 5475 2416 5530 fuerit
2437 5470 2756 5543 separatus,
2776 5470 3052 5543 quantum
3077 5470 3460 5543 laudabiliter
3472 5484 3536 5526 se
3561 5471 3760 5543 vivere
3780 5470 3882 5543 exi-

2237 5547 2453 5614 stimet,
2484 5540 2589 5602 lioc
2609 5540 2981 5614 solo's'celere
3011 5544 3160 5613 quod
3195 5555 3229 5598 a
3253 5541 3470 5614 Christi
3501 5542 3738 5598 unitate
3762 5540 3882 5595 dis-

2232 5613 2472 5687 junctus
2495 5625 2602 5686 est,
2644 5629 2753 5672 non
2796 5613 3030 5671 habebit
3074 5615 3277 5687 vitam,
3309 5613 3406 5670 sed
3441 5613 3530 5669 ira
3560 5614 3667 5668 Dei
3707 5615 3882 5668 manet

2235 5682 2411 5758 super
2437 5682 2600 5746 eum!
2622 5705 2649 5738 ιο
2680 5687 2844 5759 (ibid.
2874 5687 3031 5757 epist.
3063 5682 3210 5756 452.)
