  <div class='ocr_page' id='page_1' title='image "/cluster/home/n/w/nwhite01/storage/ocr_20150623/127/hvd.32044054759881/658.png"; bbox 0 0 4052 6178; ppageno 0'>
   <div class='ocr_carea' id='block_1_1' title="bbox 282 367 425 427">
    <p class='ocr_par' dir='ltr' id='par_1_1' title="bbox 282 367 425 427">
     <span class='ocr_line' id='line_1_1' title="bbox 282 367 425 427; baseline -0.007 0"><span class='ocrx_word' id='word_1_1' title='bbox 282 367 425 427; x_wconf 82' lang='grc'><em>4305</em></span> 
     </span>
    </p>
   </div>
   <div class='ocr_carea' id='block_1_2' title="bbox 1335 711 1526 783">
    <p class='ocr_par' dir='ltr' id='par_1_2' title="bbox 1335 711 1526 783">
     <span class='ocr_line' id='line_1_2' title="bbox 1335 711 1526 783; baseline -0.021 -1"><span class='ocrx_word' id='word_1_2' title='bbox 1335 711 1487 783; x_wconf 87' lang='lat' dir='ltr'><strong>XVI</strong></span> <span class='ocrx_word' id='word_1_3' title='bbox 1506 757 1526 778; x_wconf 96' lang='lat'><em>.</em></span> 
     </span>
    </p>
   </div>
   <div class='ocr_carea' id='block_1_3' title="bbox 1078 358 2874 422">
    <p class='ocr_par' dir='ltr' id='par_1_3' title="bbox 1078 358 2874 422">
     <span class='ocr_line' id='line_1_3' title="bbox 1078 358 2874 422; baseline -0.005 -1"><span class='ocrx_word' id='word_1_4' title='bbox 1078 364 1394 422; x_wconf 81' lang='lat' dir='ltr'><em>HISTORIA</em></span> <span class='ocrx_word' id='word_1_5' title='bbox 1431 365 1521 420; x_wconf 88' lang='lat' dir='ltr'><em>DE</em></span> <span class='ocrx_word' id='word_1_6' title='bbox 1559 363 1734 421; x_wconf 84' lang='lat' dir='ltr'><em>VITIS</em></span> <span class='ocrx_word' id='word_1_7' title='bbox 1769 361 1937 419; x_wconf 84' lang='lat' dir='ltr'><em>ROM.</em></span> <span class='ocrx_word' id='word_1_8' title='bbox 1977 361 2174 419; x_wconf 87' lang='lat' dir='ltr'><strong>PONT.</strong></span> <span class='ocrx_word' id='word_1_9' title='bbox 2217 389 2286 400; x_wconf 90' lang='lat'><em>——</em></span> <span class='ocrx_word' id='word_1_10' title='bbox 2321 359 2384 416; x_wconf 91' lang='lat' dir='ltr'><em>S.</em></span> <span class='ocrx_word' id='word_1_11' title='bbox 2434 358 2874 415; x_wconf 81' lang='lat' dir='ltr'><em>ZEPHERINUS.</em></span> 
     </span>
    </p>
   </div>
   <div class='ocr_carea' id='block_1_4' title="bbox 3539 351 3678 411">
    <p class='ocr_par' dir='ltr' id='par_1_4' title="bbox 3539 351 3678 411">
     <span class='ocr_line' id='line_1_4' title="bbox 3539 351 3678 411; baseline 0.007 -1"><span class='ocrx_word' id='word_1_12' title='bbox 3539 351 3678 411; x_wconf 90' lang='lat'><em>4306</em></span> 
     </span>
    </p>
   </div>
   <div class='ocr_carea' id='block_1_5' title="bbox 1616 706 2626 783">
    <p class='ocr_par' dir='ltr' id='par_1_5' title="bbox 1616 706 2626 783">
     <span class='ocr_line' id='line_1_5' title="bbox 1616 706 2626 783; baseline -0.004 0"><span class='ocrx_word' id='word_1_13' title='bbox 1616 708 1996 783; x_wconf 86' lang='lat' dir='ltr'><em>SANCTUS</em></span> <span class='ocrx_word' id='word_1_14' title='bbox 2073 706 2626 780; x_wconf 84' lang='lat' dir='ltr'><em>ZEPHERINUS.</em></span> 
     </span>
    </p>
   </div>
   <div class='ocr_carea' id='block_1_6' title="bbox 1229 896 2697 975">
    <p class='ocr_par' dir='ltr' id='par_1_6' title="bbox 1229 896 2697 975">
     <span class='ocr_line' id='line_1_6' title="bbox 1229 896 2697 975; baseline -0.003 -17"><span class='ocrx_word' id='word_1_15' title='bbox 1229 914 1407 959; x_wconf 80' lang='lat' dir='ltr'><em>ANNO</em></span> <span class='ocrx_word' id='word_1_16' title='bbox 1463 915 1722 960; x_wconf 84' lang='lat' dir='ltr'><em>CHRISTI</em></span> <span class='ocrx_word' id='word_1_17' title='bbox 1751 899 1891 975; x_wconf 83' lang='lat'><em>203,</em></span> <span class='ocrx_word' id='word_1_18' title='bbox 1953 913 2269 957; x_wconf 79' lang='lat' dir='ltr'><em>ANTONINI</em></span> <span class='ocrx_word' id='word_1_19' title='bbox 2324 913 2410 956; x_wconf 80' lang='grc' dir='ltr'><em>Ρη</em></span> <span class='ocrx_word' id='word_1_20' title='bbox 2451 913 2589 955; x_wconf 84' lang='lat' dir='ltr'><em>IMP.</em></span> <span class='ocrx_word' id='word_1_21' title='bbox 2636 896 2697 956; x_wconf 93' lang='lat'><em>9.</em></span> 
     </span>
    </p>
   </div>
   <div class='ocr_carea' id='block_1_7' title="bbox 511 1225 3684 1323">
    <p class='ocr_par' dir='ltr' id='par_1_7' title="bbox 511 1225 3684 1323">
     <span class='ocr_line' id='line_1_7' title="bbox 511 1225 3684 1323; baseline -0.004 -24"><span class='ocrx_word' id='word_1_22' title='bbox 511 1316 520 1323; x_wconf 35' lang='lat'><em>.</em></span> <span class='ocrx_word' id='word_1_23' title='bbox 607 1236 716 1298; x_wconf 85' lang='grc'><em>16</em></span> <span class='ocrx_word' id='word_1_24' title='bbox 752 1238 1204 1320; x_wconf 72' lang='lat' dir='ltr'><em>Zeplierinus,</em></span> <span class='ocrx_word' id='word_1_25' title='bbox 1262 1239 1540 1303; x_wconf 86' lang='lat' dir='ltr'><em>natione</em></span> <span class='ocrx_word' id='word_1_26' title='bbox 1581 1242 1947 1316; x_wconf 82' lang='lat' dir='ltr'><em>Romanus,</em></span> <span class='ocrx_word' id='word_1_27' title='bbox 1997 1255 2078 1301; x_wconf 79' lang='lat' dir='ltr'><em>ea:</em></span> <span class='ocrx_word' id='word_1_28' title='bbox 2110 1239 2318 1318; x_wconf 98' lang='lat' dir='ltr'><em>patre</em></span> <span class='ocrx_word' id='word_1_29' title='bbox 2356 1233 2686 1313; x_wconf 90' lang='lat' dir='ltr'><em>Abundio,</em></span> <span class='ocrx_word' id='word_1_30' title='bbox 2731 1233 2914 1311; x_wconf 86' lang='lat' dir='ltr'><em>sedit</em></span> <span class='ocrx_word' id='word_1_31' title='bbox 2957 1249 3168 1295; x_wconf 89' lang='lat' dir='ltr'><em>annos</em></span> <span class='ocrx_word' id='word_1_32' title='bbox 3217 1225 3684 1310; x_wconf 87' lang='lat' dir='ltr'><em>septemdecim</em></span> 
     </span>
    </p>
   </div>
   <div class='ocr_carea' id='block_1_8' title="bbox 519 1325 3690 1416">
    <p class='ocr_par' dir='ltr' id='par_1_8' title="bbox 519 1325 3690 1416">
     <span class='ocr_line' id='line_1_8' title="bbox 519 1325 3690 1416; baseline -0.003 -21"><span class='ocrx_word' id='word_1_33' title='bbox 519 1348 784 1397; x_wconf 86' lang='lat' dir='ltr'><strong>menses</strong></span> <span class='ocrx_word' id='word_1_34' title='bbox 826 1335 1012 1416; x_wconf 92' lang='lat' dir='ltr'><em>duos,</em></span> <span class='ocrx_word' id='word_1_35' title='bbox 1077 1338 1220 1402; x_wconf 91' lang='lat' dir='ltr'><em>dies</em></span> <span class='ocrx_word' id='word_1_36' title='bbox 1278 1336 1556 1403; x_wconf 75' lang='lat' dir='ltr'><em>decemb</em></span> <span class='ocrx_word' id='word_1_37' title='bbox 1585 1386 1599 1399; x_wconf 93' lang='lat'><em>.</em></span> <span class='ocrx_word' id='word_1_38' title='bbox 1638 1339 1808 1402; x_wconf 80' lang='lat' dir='ltr'><em>Fuit</em></span> <span class='ocrx_word' id='word_1_39' title='bbox 1847 1325 2070 1400; x_wconf 85' lang='lat' dir='ltr'><em>autem</em></span> <span class='ocrx_word' id='word_1_40' title='bbox 2134 1334 2545 1414; x_wconf 74' lang='lat' dir='ltr'><em>temporibus</em></span> <span class='ocrx_word' id='word_1_41' title='bbox 2592 1333 2934 1397; x_wconf 82' lang='lat' dir='ltr'><em>Antonini</em></span> <span class='ocrx_word' id='word_1_42' title='bbox 3002 1335 3066 1394; x_wconf 90' lang='lat' dir='ltr'><em>et</em></span> <span class='ocrx_word' id='word_1_43' title='bbox 3131 1328 3369 1394; x_wconf 84' lang='lat' dir='ltr'><em>Severi</em></span> <span class='ocrx_word' id='word_1_44' title='bbox 3423 1343 3465 1390; x_wconf 90' lang='lat' dir='ltr'><em>a</em></span> <span class='ocrx_word' id='word_1_45' title='bbox 3526 1341 3690 1389; x_wconf 92' lang='lat' dir='ltr'><em>con-</em></span> 
     </span>
    </p>
   </div>
   <div class='ocr_carea' id='block_1_9' title="bbox 521 1424 3690 1517">
    <p class='ocr_par' dir='ltr' id='par_1_9' title="bbox 521 1424 3690 1517">
     <span class='ocr_line' id='line_1_9' title="bbox 521 1424 3690 1517; baseline -0.002 -25"><span class='ocrx_word' id='word_1_46' title='bbox 521 1432 765 1496; x_wconf 85' lang='lat' dir='ltr'><em>sulatu</em></span> <span class='ocrx_word' id='word_1_47' title='bbox 831 1434 1215 1500; x_wconf 80' lang='lat' dir='ltr'><em>Saturnini</em></span> <span class='ocrx_word' id='word_1_48' title='bbox 1251 1442 1316 1501; x_wconf 89' lang='lat' dir='ltr'><em>et</em></span> <span class='ocrx_word' id='word_1_49' title='bbox 1385 1438 1738 1503; x_wconf 73' lang='lat' dir='ltr'><em>Gallicani</em></span> <span class='ocrx_word' id='word_1_50' title='bbox 1783 1453 1993 1517; x_wconf 74' lang='lat' dir='ltr'><em>usque</em></span> <span class='ocrx_word' id='word_1_51' title='bbox 2035 1435 2126 1498; x_wconf 90' lang='lat' dir='ltr'><em>ad</em></span> <span class='ocrx_word' id='word_1_52' title='bbox 2157 1435 2563 1497; x_wconf 69' lang='lat' dir='ltr'><em>Praesentem</em></span> <span class='ocrx_word' id='word_1_53' title='bbox 2591 1436 2655 1496; x_wconf 92' lang='lat' dir='ltr'><em>et</em></span> <span class='ocrx_word' id='word_1_54' title='bbox 2695 1432 3086 1510; x_wconf 84' lang='lat' dir='ltr'><em>Striganum</em></span> <span class='ocrx_word' id='word_1_55' title='bbox 3115 1427 3422 1494; x_wconf 73' lang='lat' dir='ltr'><em>consules</em></span> <span class='ocrx_word' id='word_1_56' title='bbox 3445 1437 3470 1466; x_wconf 79' lang='grc' dir='ltr'>ε</span> <span class='ocrx_word' id='word_1_57' title='bbox 3503 1472 3516 1484; x_wconf 95' lang='grc'><em>.</em></span> <span class='ocrx_word' id='word_1_58' title='bbox 3552 1424 3690 1487; x_wconf 83' lang='lat' dir='ltr'><em>Hic</em></span> 
     </span>
    </p>
   </div>
   <div class='ocr_carea' id='block_1_10' title="bbox 520 1522 3687 1617">
    <p class='ocr_par' dir='ltr' id='par_1_10' title="bbox 520 1522 3687 1617">
     <span class='ocr_line' id='line_1_10' title="bbox 520 1522 3687 1617; baseline -0.002 -23"><span class='ocrx_word' id='word_1_59' title='bbox 520 1533 883 1596; x_wconf 77' lang='lat' dir='ltr'><em>constituit</em></span> <span class='ocrx_word' id='word_1_60' title='bbox 951 1538 1026 1596; x_wconf 92' lang='lat' dir='ltr'><em>ut</em></span> <span class='ocrx_word' id='word_1_61' title='bbox 1056 1535 1127 1597; x_wconf 91' lang='lat' dir='ltr'><em>in</em></span> <span class='ocrx_word' id='word_1_62' title='bbox 1180 1538 1537 1617; x_wconf 56' lang='lat' dir='ltr'><em>praesentia</em></span> <span class='ocrx_word' id='word_1_63' title='bbox 1577 1536 1879 1599; x_wconf 88' lang='lat' dir='ltr'><em>omnium</em></span> <span class='ocrx_word' id='word_1_64' title='bbox 1930 1536 2318 1598; x_wconf 86' lang='lat' dir='ltr'><em>clericorum</em></span> <span class='ocrx_word' id='word_1_65' title='bbox 2369 1536 2435 1595; x_wconf 91' lang='lat' dir='ltr'><em>et</em></span> <span class='ocrx_word' id='word_1_66' title='bbox 2477 1533 2800 1595; x_wconf 89' lang='lat' dir='ltr'><em>laicorum</em></span> <span class='ocrx_word' id='word_1_67' title='bbox 2854 1531 3156 1593; x_wconf 88' lang='lat' dir='ltr'><em>ﬁdelium</em></span> <span class='ocrx_word' id='word_1_68' title='bbox 3188 1529 3332 1592; x_wconf 79' lang='lat' dir='ltr'><em>sive</em></span> <span class='ocrx_word' id='word_1_69' title='bbox 3369 1525 3608 1589; x_wconf 83' lang='lat' dir='ltr'><em>Levita</em></span> <span class='ocrx_word' id='word_1_70' title='bbox 3637 1522 3687 1603; x_wconf 72' lang='grc' dir='ltr'><strong>ἀ,</strong></span> 
     </span>
    </p>
   </div>
   <div class='ocr_carea' id='block_1_11' title="bbox 437 1625 3689 1717">
    <p class='ocr_par' dir='ltr' id='par_1_11' title="bbox 437 1625 3689 1717">
     <span class='ocr_line' id='line_1_11' title="bbox 437 1625 3689 1717; baseline -0.002 -25"><span class='ocrx_word' id='word_1_71' title='bbox 437 1630 476 1692; x_wconf 84' lang='grc'><strong>5</strong></span> <span class='ocrx_word' id='word_1_72' title='bbox 529 1633 674 1695; x_wconf 86' lang='lat' dir='ltr'><em>sive</em></span> <span class='ocrx_word' id='word_1_73' title='bbox 710 1633 1020 1696; x_wconf 88' lang='lat' dir='ltr'><em>sacerdos</em></span> <span class='ocrx_word' id='word_1_74' title='bbox 1065 1635 1533 1714; x_wconf 87' lang='lat' dir='ltr'><em>ordinaretur,</em></span> <span class='ocrx_word' id='word_1_75' title='bbox 1619 1638 1685 1698; x_wconf 85' lang='lat' dir='ltr'><em>et</em></span> <span class='ocrx_word' id='word_1_76' title='bbox 1733 1635 1901 1717; x_wconf 87' lang='lat' dir='ltr'><em>fecit</em></span> <span class='ocrx_word' id='word_1_77' title='bbox 1949 1635 2398 1698; x_wconf 87' lang='lat' dir='ltr'><em>constitutum</em></span> <span class='ocrx_word' id='word_1_78' title='bbox 2444 1633 2522 1694; x_wconf 92' lang='lat' dir='ltr'><em>de</em></span> <span class='ocrx_word' id='word_1_79' title='bbox 2578 1630 2914 1708; x_wconf 78' lang='lat' dir='ltr'><em>Ecclesia,</em></span> <span class='ocrx_word' id='word_1_80' title='bbox 2948 1633 3027 1692; x_wconf 88' lang='lat' dir='ltr'><em>ut</em></span> <span class='ocrx_word' id='word_1_81' title='bbox 3070 1631 3368 1710; x_wconf 88' lang='lat' dir='ltr'><em>patenas</em></span> <span class='ocrx_word' id='word_1_82' title='bbox 3408 1625 3689 1701; x_wconf 79' lang='lat' dir='ltr'><em>vitreas,</em></span> 
     </span>
    </p>
   </div>
   <div class='ocr_carea' id='block_1_12' title="bbox 524 1722 3692 1814">
    <p class='ocr_par' dir='ltr' id='par_1_12' title="bbox 524 1722 3692 1814">
     <span class='ocr_line' id='line_1_12' title="bbox 524 1722 3692 1814; baseline -0.004 -17"><span class='ocrx_word' id='word_1_83' title='bbox 524 1735 686 1797; x_wconf 90' lang='lat' dir='ltr'><em>ante</em></span> <span class='ocrx_word' id='word_1_84' title='bbox 738 1727 1114 1797; x_wconf 85' lang='lat' dir='ltr'><em>sacerdotes</em></span> <span class='ocrx_word' id='word_1_85' title='bbox 1152 1734 1232 1797; x_wconf 91' lang='lat' dir='ltr'><em>in</em></span> <span class='ocrx_word' id='word_1_86' title='bbox 1274 1733 1654 1798; x_wconf 80' lang='lat' dir='ltr'><em>Ecclesium</em></span> <span class='ocrx_word' id='word_1_87' title='bbox 1676 1734 1969 1796; x_wconf 87' lang='lat' dir='ltr'><em>ministri</em></span> <span class='ocrx_word' id='word_1_88' title='bbox 1999 1734 2358 1814; x_wconf 78' lang='lat' dir='ltr'><em>portarent,</em></span> <span class='ocrx_word' id='word_1_89' title='bbox 2399 1730 2606 1792; x_wconf 91' lang='lat' dir='ltr'><em>donec</em></span> <span class='ocrx_word' id='word_1_90' title='bbox 2652 1729 3005 1810; x_wconf 88' lang='lat' dir='ltr'><em>episcopus</em></span> <span class='ocrx_word' id='word_1_91' title='bbox 3038 1728 3284 1790; x_wconf 87' lang='lat' dir='ltr'><em>missas</em></span> <span class='ocrx_word' id='word_1_92' title='bbox 3305 1722 3692 1796; x_wconf 79' lang='lat' dir='ltr'><em>celebraret,</em></span> 
     </span>
    </p>
   </div>
   <div class='ocr_carea' id='block_1_13' title="bbox 529 1820 3695 1908">
    <p class='ocr_par' dir='ltr' id='par_1_13' title="bbox 529 1820 3695 1908">
     <span class='ocr_line' id='line_1_13' title="bbox 529 1820 3695 1908; baseline -0.003 -16"><span class='ocrx_word' id='word_1_93' title='bbox 529 1832 686 1892; x_wconf 85' lang='lat' dir='ltr'><strong>ante</strong></span> <span class='ocrx_word' id='word_1_94' title='bbox 743 1846 812 1893; x_wconf 90' lang='lat' dir='ltr'><em>se</em></span> <span class='ocrx_word' id='word_1_95' title='bbox 864 1830 1320 1894; x_wconf 85' lang='lat' dir='ltr'><em>sacerdotibus</em></span> <span class='ocrx_word' id='word_1_96' title='bbox 1373 1831 1779 1908; x_wconf 82' lang='lat' dir='ltr'><em>astantibus,</em></span> <span class='ocrx_word' id='word_1_97' title='bbox 1839 1834 1905 1895; x_wconf 90' lang='lat' dir='ltr'><em>et</em></span> <span class='ocrx_word' id='word_1_98' title='bbox 1952 1831 2092 1894; x_wconf 87' lang='lat' dir='ltr'><em>sic°</em></span> <span class='ocrx_word' id='word_1_99' title='bbox 2120 1831 2344 1892; x_wconf 64' lang='lat' dir='ltr'><em>missas</em></span> <span class='ocrx_word' id='word_1_100' title='bbox 2415 1828 2932 1905; x_wconf 81' lang='lat' dir='ltr'><em>celebrarentur,</em></span> <span class='ocrx_word' id='word_1_101' title='bbox 3003 1827 3275 1903; x_wconf 81' lang='lat' dir='ltr'><em>excepto</em></span> <span class='ocrx_word' id='word_1_102' title='bbox 3337 1820 3513 1903; x_wconf 89' lang='lat' dir='ltr'><em>quod</em></span> <span class='ocrx_word' id='word_1_103' title='bbox 3581 1821 3695 1900; x_wconf 91' lang='lat' dir='ltr'><em>jus</em></span> 
     </span>
    </p>
   </div>
   <div class='ocr_carea' id='block_1_14' title="bbox 523 1925 3697 2008">
    <p class='ocr_par' dir='ltr' id='par_1_14' title="bbox 523 1925 3697 2008">
     <span class='ocr_line' id='line_1_14' title="bbox 523 1925 3697 2008; baseline -0.003 -19"><span class='ocrx_word' id='word_1_104' title='bbox 523 1927 814 2008; x_wconf 90' lang='lat' dir='ltr'><em>episcopi</em></span> <span class='ocrx_word' id='word_1_105' title='bbox 859 1929 1224 2008; x_wconf 84' lang='lat' dir='ltr'><em>interesset,</em></span> <span class='ocrx_word' id='word_1_106' title='bbox 1275 1933 1355 1994; x_wconf 93' lang='lat' dir='ltr'><em>ut</em></span> <span class='ocrx_word' id='word_1_107' title='bbox 1406 1933 1679 1993; x_wconf 87' lang='lat' dir='ltr'><em>tantum</em></span> <span class='ocrx_word' id='word_1_108' title='bbox 1715 1929 1939 1994; x_wconf 90' lang='lat' dir='ltr'><em>clerus</em></span> <span class='ocrx_word' id='word_1_109' title='bbox 2006 1930 2380 1992; x_wconf 87' lang='lat' dir='ltr'><em>sustineret</em></span> <span class='ocrx_word' id='word_1_110' title='bbox 2416 1929 2722 1992; x_wconf 87' lang='lat' dir='ltr'><em>omnibus</em></span> <span class='ocrx_word' id='word_1_111' title='bbox 2775 1925 3218 2008; x_wconf 67' lang='lat' dir='ltr'><em>praesentibus</em></span> <span class='ocrx_word' id='word_1_112' title='bbox 3282 1939 3362 1987; x_wconf 76' lang='lat' dir='ltr'><em>ea</em></span> <span class='ocrx_word' id='word_1_113' title='bbox 3406 1936 3485 1984; x_wconf 87' lang='lat' dir='ltr'><em>ea</em></span> <span class='ocrx_word' id='word_1_114' title='bbox 3535 1936 3697 1982; x_wconf 89' lang='lat' dir='ltr'><em>con-</em></span> 
     </span>
    </p>
   </div>
   <div class='ocr_carea' id='block_1_15' title="bbox 527 2018 3697 2110">
    <p class='ocr_par' dir='ltr' id='par_1_15' title="bbox 527 2018 3697 2110">
     <span class='ocr_line' id='line_1_15' title="bbox 527 2018 3697 2110; baseline -0.004 -20"><span class='ocrx_word' id='word_1_115' title='bbox 527 2027 901 2091; x_wconf 88' lang='lat' dir='ltr'><em>secratione</em></span> <span class='ocrx_word' id='word_1_116' title='bbox 965 2028 1044 2090; x_wconf 88' lang='lat' dir='ltr'><em>de</em></span> <span class='ocrx_word' id='word_1_117' title='bbox 1089 2044 1298 2091; x_wconf 90' lang='lat' dir='ltr'><em>manu</em></span> <span class='ocrx_word' id='word_1_118' title='bbox 1355 2029 1652 2110; x_wconf 74' lang='lat' dir='ltr'><em>episcopi</em></span> <span class='ocrx_word' id='word_1_119' title='bbox 1703 2029 1857 2108; x_wconf 85' lang='lat' dir='ltr'><em>jam</em></span> <span class='ocrx_word' id='word_1_120' title='bbox 1911 2044 2221 2092; x_wconf 84' lang='lat' dir='ltr'><em>coronam</em></span> <span class='ocrx_word' id='word_1_121' title='bbox 2284 2030 2758 2105; x_wconf 82' lang='lat' dir='ltr'><em>consecratam,</em></span> <span class='ocrx_word' id='word_1_122' title='bbox 2827 2029 2892 2089; x_wconf 90' lang='lat' dir='ltr'><em>et</em></span> <span class='ocrx_word' id='word_1_123' title='bbox 2944 2025 3276 2105; x_wconf 89' lang='lat' dir='ltr'><em>acciperet</em></span> <span class='ocrx_word' id='word_1_124' title='bbox 3340 2018 3697 2101; x_wconf 67' lang='lat' dir='ltr'><em>presbyter</em></span> 
     </span>
    </p>
   </div>
   <div class='ocr_carea' id='block_1_16' title="bbox 445 2117 3691 2209">
    <p class='ocr_par' dir='ltr' id='par_1_16' title="bbox 445 2117 3691 2209">
     <span class='ocr_line' id='line_1_16' title="bbox 445 2117 3691 2209; baseline -0.004 -20"><span class='ocrx_word' id='word_1_125' title='bbox 445 2129 484 2189; x_wconf 92' lang='lat'>0</span> <span class='ocrx_word' id='word_1_126' title='bbox 527 2127 932 2191; x_wconf 84' lang='lat' dir='ltr'><em>tradendam</em></span> <span class='ocrx_word' id='word_1_127' title='bbox 988 2125 1269 2208; x_wconf 90' lang='lat' dir='ltr'><em>populo.</em></span> <span class='ocrx_word' id='word_1_128' title='bbox 1351 2127 1490 2190; x_wconf 80' lang='lat' dir='ltr'><em>Hic</em></span> <span class='ocrx_word' id='word_1_129' title='bbox 1551 2126 1720 2209; x_wconf 83' lang='lat' dir='ltr'><em>fecit</em></span> <span class='ocrx_word' id='word_1_130' title='bbox 1811 2127 2280 2191; x_wconf 87' lang='lat' dir='ltr'><em>ordinationes</em></span> <span class='ocrx_word' id='word_1_131' title='bbox 2347 2131 2662 2208; x_wconf 76' lang='lat' dir='ltr'><em>quatuor,</em></span> <span class='ocrx_word' id='word_1_132' title='bbox 2744 2141 2876 2206; x_wconf 91' lang='lat' dir='ltr'><em>per</em></span> <span class='ocrx_word' id='word_1_133' title='bbox 2964 2139 3252 2186; x_wconf 89' lang='lat' dir='ltr'><em>mensem</em></span> <span class='ocrx_word' id='word_1_134' title='bbox 3326 2117 3618 2182; x_wconf 86' lang='lat' dir='ltr'><em>Decemb.</em></span> <span class='ocrx_word' id='word_1_135' title='bbox 3679 2137 3691 2176; x_wconf 91' lang='lat'>:</span> 
     </span>
    </p>
   </div>
   <div class='ocr_carea' id='block_1_17' title="bbox 529 2219 3699 2307">
    <p class='ocr_par' dir='ltr' id='par_1_17' title="bbox 529 2219 3699 2307">
     <span class='ocr_line' id='line_1_17' title="bbox 529 2219 3699 2307; baseline -0.001 -21"><span class='ocrx_word' id='word_1_136' title='bbox 529 2223 949 2307; x_wconf 81' lang='lat' dir='ltr'><em>presbyteros</em></span> <span class='ocrx_word' id='word_1_137' title='bbox 989 2241 1067 2287; x_wconf 84' lang='lat' dir='ltr'><em>1x</em></span> <span class='ocrx_word' id='word_1_138' title='bbox 1107 2223 1131 2265; x_wconf 68' lang='grc' dir='ltr'><em>τ</em></span> <span class='ocrx_word' id='word_1_139' title='bbox 1169 2272 1183 2300; x_wconf 88' lang='grc'><em>,</em></span> <span class='ocrx_word' id='word_1_140' title='bbox 1215 2225 1529 2288; x_wconf 87' lang='lat' dir='ltr'><em>diaconos</em></span> <span class='ocrx_word' id='word_1_141' title='bbox 1557 2243 1673 2305; x_wconf 88' lang='lat' dir='ltr'><em>vn,</em></span> <span class='ocrx_word' id='word_1_142' title='bbox 1706 2225 2042 2305; x_wconf 89' lang='lat' dir='ltr'><em>episcopos</em></span> <span class='ocrx_word' id='word_1_143' title='bbox 2073 2241 2188 2305; x_wconf 90' lang='lat' dir='ltr'><em>per</em></span> <span class='ocrx_word' id='word_1_144' title='bbox 2240 2223 2506 2288; x_wconf 87' lang='lat' dir='ltr'><em>diversa</em></span> <span class='ocrx_word' id='word_1_145' title='bbox 2542 2227 2688 2288; x_wconf 87' lang='lat' dir='ltr'><em>loca</em></span> <span class='ocrx_word' id='word_1_146' title='bbox 2725 2243 2841 2287; x_wconf 83' lang='lat' dir='ltr'><em>vm</em></span> <span class='ocrx_word' id='word_1_147' title='bbox 2872 2237 2942 2285; x_wconf 81' lang='lat'><em>8.</em></span> <span class='ocrx_word' id='word_1_148' title='bbox 2980 2224 3112 2298; x_wconf 81' lang='lat' dir='ltr'><em>Qui</em></span> <span class='ocrx_word' id='word_1_149' title='bbox 3141 2223 3346 2285; x_wconf 92' lang='lat' dir='ltr'><em>etiam</em></span> <span class='ocrx_word' id='word_1_150' title='bbox 3382 2219 3699 2301; x_wconf 89' lang='lat' dir='ltr'><em>sepultus</em></span> 
     </span>
    </p>
   </div>
   <div class='ocr_carea' id='block_1_18' title="bbox 527 2317 3694 2404">
    <p class='ocr_par' dir='ltr' id='par_1_18' title="bbox 527 2317 3694 2404">
     <span class='ocr_line' id='line_1_18' title="bbox 527 2317 3694 2404; baseline -0.002 -18"><span class='ocrx_word' id='word_1_151' title='bbox 527 2326 628 2386; x_wconf 91' lang='lat' dir='ltr'><em>est</em></span> <span class='ocrx_word' id='word_1_152' title='bbox 657 2323 736 2386; x_wconf 88' lang='lat' dir='ltr'><em>in</em></span> <span class='ocrx_word' id='word_1_153' title='bbox 764 2322 1125 2386; x_wconf 69' lang='lat' dir='ltr'><em>cosmeterio</em></span> <span class='ocrx_word' id='word_1_154' title='bbox 1145 2339 1290 2401; x_wconf 91' lang='lat' dir='ltr'><em>suo,</em></span> <span class='ocrx_word' id='word_1_155' title='bbox 1315 2323 1530 2402; x_wconf 75' lang='lat' dir='ltr'><em>juata</em></span> <span class='ocrx_word' id='word_1_156' title='bbox 1554 2324 1998 2388; x_wconf 71' lang='lat' dir='ltr'><em>cameterium</em></span> <span class='ocrx_word' id='word_1_157' title='bbox 2025 2323 2316 2397; x_wconf 74' lang='lat' dir='ltr'><em>Caliati,</em></span> <span class='ocrx_word' id='word_1_158' title='bbox 2347 2322 2721 2404; x_wconf 82' lang='lat' dir='ltr'><em>viaAppia,</em></span> <span class='ocrx_word' id='word_1_159' title='bbox 2753 2325 2819 2388; x_wconf 89' lang='lat' dir='ltr'><em>et</em></span> <span class='ocrx_word' id='word_1_160' title='bbox 2842 2340 2936 2387; x_wconf 86' lang='lat' dir='ltr'><em>vn</em></span> <span class='ocrx_word' id='word_1_161' title='bbox 2961 2319 3244 2386; x_wconf 91' lang='lat' dir='ltr'><em>Kalend.</em></span> <span class='ocrx_word' id='word_1_162' title='bbox 3264 2317 3694 2400; x_wconf 87' lang='lat' dir='ltr'><em>Septembris,</em></span> 
     </span>
    </p>
   </div>
   <div class='ocr_carea' id='block_1_19' title="bbox 527 2420 1636 2503">
    <p class='ocr_par' dir='ltr' id='par_1_19' title="bbox 527 2420 1636 2503">
     <span class='ocr_line' id='line_1_19' title="bbox 527 2420 1636 2503; baseline -0.002 -19"><span class='ocrx_word' id='word_1_163' title='bbox 527 2424 594 2484; x_wconf 91' lang='lat' dir='ltr'><em>et</em></span> <span class='ocrx_word' id='word_1_164' title='bbox 617 2421 907 2487; x_wconf 74' lang='lat' dir='ltr'><em>cessavit</em></span> <span class='ocrx_word' id='word_1_165' title='bbox 935 2421 1368 2503; x_wconf 86' lang='lat' dir='ltr'><em>episcopatus</em></span> <span class='ocrx_word' id='word_1_166' title='bbox 1383 2420 1526 2484; x_wconf 90' lang='lat' dir='ltr'><em>dies</em></span> <span class='ocrx_word' id='word_1_167' title='bbox 1546 2439 1636 2484; x_wconf 86' lang='lat' dir='ltr'><em>v1.</em></span> 
     </span>
    </p>
   </div>
   <div class='ocr_carea' id='block_1_20' title="bbox 1451 2615 2528 2680">
    <p class='ocr_par' dir='ltr' id='par_1_20' title="bbox 1451 2615 2528 2680">
     <span class='ocr_line' id='line_1_20' title="bbox 1451 2615 2528 2680; baseline 0 -2"><span class='ocrx_word' id='word_1_168' title='bbox 1451 2615 1944 2680; x_wconf 85' lang='lat' dir='ltr'><em>CATALOGUS</em></span> <span class='ocrx_word' id='word_1_169' title='bbox 1981 2617 2138 2680; x_wconf 90' lang='lat' dir='ltr'><em>SUB</em></span> <span class='ocrx_word' id='word_1_170' title='bbox 2169 2616 2528 2680; x_wconf 91' lang='lat' dir='ltr'><em>LIBERIO.</em></span> 
     </span>
    </p>
   </div>
   <div class='ocr_carea' id='block_1_21' title="bbox 1475 2748 2498 2807">
    <p class='ocr_par' dir='ltr' id='par_1_21' title="bbox 1475 2748 2498 2807">
     <span class='ocr_line' id='line_1_21' title="bbox 1475 2748 2498 2807; baseline 0 -3"><span class='ocrx_word' id='word_1_171' title='bbox 1475 2751 1647 2805; x_wconf 72' lang='lat' dir='ltr'><em>Jumta</em></span> <span class='ocrx_word' id='word_1_172' title='bbox 1677 2749 1806 2804; x_wconf 85' lang='lat' dir='ltr'><em>edit.</em></span> <span class='ocrx_word' id='word_1_173' title='bbox 1841 2748 2015 2804; x_wconf 85' lang='lat' dir='ltr'><em>Schel.</em></span> <span class='ocrx_word' id='word_1_174' title='bbox 2053 2764 2120 2804; x_wconf 80' lang='lat' dir='ltr'><em>ea:</em></span> <span class='ocrx_word' id='word_1_175' title='bbox 2156 2749 2213 2804; x_wconf 92' lang='lat' dir='ltr'><em>S.</em></span> <span class='ocrx_word' id='word_1_176' title='bbox 2237 2749 2498 2807; x_wconf 78' lang='lat' dir='ltr'><em>Caesareo.</em></span> 
     </span>
    </p>
   </div>
   <div class='ocr_carea' id='block_1_22' title="bbox 375 2879 3471 2964">
    <p class='ocr_par' dir='ltr' id='par_1_22' title="bbox 375 2879 3471 2964">
     <span class='ocr_line' id='line_1_22' title="bbox 375 2879 3471 2964; baseline -0 -20"><span class='ocrx_word' id='word_1_177' title='bbox 375 2880 799 2962; x_wconf 86' lang='lat' dir='ltr'><em>Zephyrinus</em></span> <span class='ocrx_word' id='word_1_178' title='bbox 815 2880 1037 2944; x_wconf 88' lang='lat' dir='ltr'><em>annis.</em></span> <span class='ocrx_word' id='word_1_179' title='bbox 1061 2928 1075 2942; x_wconf 99' lang='lat'><em>.</em></span> <span class='ocrx_word' id='word_1_180' title='bbox 1095 2928 1108 2942; x_wconf 97' lang='lat'><em>.</em></span> <span class='ocrx_word' id='word_1_181' title='bbox 1131 2927 1181 2942; x_wconf 97' lang='lat'><em>..</em></span> <span class='ocrx_word' id='word_1_182' title='bbox 1219 2899 1260 2944; x_wconf 90' lang='lat' dir='ltr'><em>a</em></span> <span class='ocrx_word' id='word_1_183' title='bbox 1285 2881 1654 2945; x_wconf 87' lang='lat' dir='ltr'><em>Consulatu</em></span> <span class='ocrx_word' id='word_1_184' title='bbox 1683 2879 2031 2945; x_wconf 88' lang='lat' dir='ltr'><em>Saturnini</em></span> <span class='ocrx_word' id='word_1_185' title='bbox 2075 2883 2139 2944; x_wconf 91' lang='lat' dir='ltr'><em>et</em></span> <span class='ocrx_word' id='word_1_186' title='bbox 2177 2881 2359 2945; x_wconf 87' lang='lat' dir='ltr'><em>Galli</em></span> <span class='ocrx_word' id='word_1_187' title='bbox 2391 2898 2605 2964; x_wconf 91' lang='lat' dir='ltr'><em>usque</em></span> <span class='ocrx_word' id='word_1_188' title='bbox 2647 2885 2980 2948; x_wconf 85' lang='lat' dir='ltr'><em>Praesente</em></span> <span class='ocrx_word' id='word_1_189' title='bbox 3006 2885 3072 2946; x_wconf 89' lang='lat' dir='ltr'><em>et</em></span> <span class='ocrx_word' id='word_1_190' title='bbox 3093 2882 3471 2947; x_wconf 83' lang='lat' dir='ltr'><em>Extricano.</em></span> 
     </span>
    </p>
   </div>
   <div class='ocr_carea' id='block_1_23' title="bbox 1147 3023 2849 3096">
    <p class='ocr_par' dir='ltr' id='par_1_23' title="bbox 1147 3023 2849 3096">
     <span class='ocr_line' id='line_1_23' title="bbox 1147 3023 2849 3096; baseline 0 -16"><span class='ocrx_word' id='word_1_191' title='bbox 1147 3023 1590 3096; x_wconf 80' lang='lat' dir='ltr'><em>Supplementum</em></span> <span class='ocrx_word' id='word_1_192' title='bbox 1625 3025 1950 3081; x_wconf 82' lang='lat' dir='ltr'><em>lacunarum</em></span> <span class='ocrx_word' id='word_1_193' title='bbox 1976 3025 2214 3094; x_wconf 84' lang='lat' dir='ltr'><em>catalogi</em></span> <span class='ocrx_word' id='word_1_194' title='bbox 2233 3041 2302 3080; x_wconf 77' lang='lat' dir='ltr'><em>ea:</em></span> <span class='ocrx_word' id='word_1_195' title='bbox 2325 3025 2485 3080; x_wconf 85' lang='lat' dir='ltr'><em>dictis</em></span> <span class='ocrx_word' id='word_1_196' title='bbox 2511 3027 2572 3080; x_wconf 86' lang='lat' dir='ltr'><em>in</em></span> <span class='ocrx_word' id='word_1_197' title='bbox 2601 3025 2849 3081; x_wconf 85' lang='lat' dir='ltr'><em>Aniceto.</em></span> 
     </span>
    </p>
   </div>
   <div class='ocr_carea' id='block_1_24' title="bbox 377 3148 3704 3230">
    <p class='ocr_par' dir='ltr' id='par_1_24' title="bbox 377 3148 3704 3230">
     <span class='ocr_line' id='line_1_24' title="bbox 377 3148 3704 3230; baseline -0.001 -16"><span class='ocrx_word' id='word_1_198' title='bbox 377 3149 779 3229; x_wconf 88' lang='lat' dir='ltr'><em>Zephirinus</em></span> <span class='ocrx_word' id='word_1_199' title='bbox 813 3149 1010 3216; x_wconf 84' lang='lat' dir='ltr'><em>annis</em></span> <span class='ocrx_word' id='word_1_200' title='bbox 1052 3168 1242 3225; x_wconf 84' lang='lat' dir='ltr'><em>xvm,</em></span> <span class='ocrx_word' id='word_1_201' title='bbox 1277 3151 1340 3213; x_wconf 93' lang='lat' dir='ltr'><em>d.</em></span> <span class='ocrx_word' id='word_1_202' title='bbox 1394 3167 1466 3212; x_wconf 71' lang='grc' dir='ltr'><strong>Χ.</strong></span> <span class='ocrx_word' id='word_1_203' title='bbox 1498 3150 1654 3213; x_wconf 90' lang='lat' dir='ltr'><em>Fuit</em></span> <span class='ocrx_word' id='word_1_204' title='bbox 1705 3148 2116 3229; x_wconf 89' lang='lat' dir='ltr'><em>temporibus</em></span> <span class='ocrx_word' id='word_1_205' title='bbox 2156 3150 2376 3214; x_wconf 84' lang='lat' dir='ltr'><em>Severi</em></span> <span class='ocrx_word' id='word_1_206' title='bbox 2413 3152 2480 3214; x_wconf 92' lang='lat' dir='ltr'><em>et</em></span> <span class='ocrx_word' id='word_1_207' title='bbox 2521 3150 2869 3230; x_wconf 83' lang='lat' dir='ltr'><em>Antonini,</em></span> <span class='ocrx_word' id='word_1_208' title='bbox 2897 3168 2938 3212; x_wconf 92' lang='lat' dir='ltr'><em>a</em></span> <span class='ocrx_word' id='word_1_209' title='bbox 2966 3151 3320 3214; x_wconf 91' lang='lat' dir='ltr'><em>consulatu</em></span> <span class='ocrx_word' id='word_1_210' title='bbox 3355 3148 3704 3214; x_wconf 91' lang='lat' dir='ltr'><em>Saturnini</em></span> 
     </span>
    </p>
   </div>
   <div class='ocr_carea' id='block_1_25' title="bbox 296 3247 1650 3329">
    <p class='ocr_par' dir='ltr' id='par_1_25' title="bbox 296 3247 1650 3329">
     <span class='ocr_line' id='line_1_25' title="bbox 296 3247 1650 3329; baseline -0.003 -17"><span class='ocrx_word' id='word_1_211' title='bbox 296 3267 334 3312; x_wconf 84' lang='grc' dir='ltr'>θ</span> <span class='ocrx_word' id='word_1_212' title='bbox 397 3247 575 3311; x_wconf 85' lang='lat' dir='ltr'><em>Galli</em></span> <span class='ocrx_word' id='word_1_213' title='bbox 601 3262 816 3329; x_wconf 88' lang='lat' dir='ltr'><em>usque</em></span> <span class='ocrx_word' id='word_1_214' title='bbox 844 3250 1176 3312; x_wconf 64' lang='lat' dir='ltr'><em>Praesente</em></span> <span class='ocrx_word' id='word_1_215' title='bbox 1199 3251 1265 3312; x_wconf 91' lang='lat' dir='ltr'><em>et</em></span> <span class='ocrx_word' id='word_1_216' title='bbox 1290 3247 1650 3312; x_wconf 83' lang='lat' dir='ltr'><em>Extricato.</em></span> 
     </span>
    </p>
   </div>
   <div class='ocr_carea' id='block_1_26' title="bbox 1470 3424 2555 3470">
    <p class='ocr_par' dir='ltr' id='par_1_26' title="bbox 1470 3424 2555 3470">
     <span class='ocr_line' id='line_1_26' title="bbox 1470 3424 2555 3470; baseline 0 -2"><span class='ocrx_word' id='word_1_217' title='bbox 1470 3424 1747 3470; x_wconf 60' lang='lat' dir='ltr'><em>NOTULJE</em></span> <span class='ocrx_word' id='word_1_218' title='bbox 1785 3424 2197 3469; x_wconf 78' lang='lat' dir='ltr'><em>MARGINALES</em></span> <span class='ocrx_word' id='word_1_219' title='bbox 2229 3425 2555 3470; x_wconf 78' lang='lat' dir='ltr'><em>FABRO&#39;I‘TI</em></span> 
     </span>
    </p>
   </div>
   <div class='ocr_carea' id='block_1_27' title="bbox 369 3557 1605 3631">
    <p class='ocr_par' dir='ltr' id='par_1_27' title="bbox 369 3557 1605 3631">
     <span class='ocr_line' id='line_1_27' title="bbox 369 3557 1605 3631; baseline -0.005 -11"><span class='ocrx_word' id='word_1_220' title='bbox 369 3572 400 3602; x_wconf 71' lang='grc' dir='ltr'><strong>δ</strong></span> <span class='ocrx_word' id='word_1_221' title='bbox 425 3563 526 3630; x_wconf 84' lang='lat' dir='ltr'><em>CB,</em></span> <span class='ocrx_word' id='word_1_222' title='bbox 557 3559 929 3631; x_wconf 87' lang='lat' dir='ltr'><em>Zephyrinus.</em></span> <span class='ocrx_word' id='word_1_223' title='bbox 1043 3558 1072 3600; x_wconf 82' lang='lat' dir='ltr'><em>b</em></span> <span class='ocrx_word' id='word_1_224' title='bbox 1093 3560 1156 3631; x_wconf 91' lang='lat' dir='ltr'><em>B,</em></span> <span class='ocrx_word' id='word_1_225' title='bbox 1183 3557 1382 3630; x_wconf 85' lang='lat' dir='ltr'><em>an.48,</em></span> <span class='ocrx_word' id='word_1_226' title='bbox 1427 3559 1484 3615; x_wconf 92' lang='lat' dir='ltr'><em>d.</em></span> <span class='ocrx_word' id='word_1_227' title='bbox 1518 3558 1605 3615; x_wconf 97' lang='lat'><em>48.</em></span> 
     </span>
    </p>
   </div>
   <div class='ocr_carea' id='block_1_28' title="bbox 301 3736 606 3811">
    <p class='ocr_par' dir='ltr' id='par_1_28' title="bbox 301 3736 606 3811">
     <span class='ocr_line' id='line_1_28' title="bbox 301 3736 606 3811; baseline -0.01 -15"><span class='ocrx_word' id='word_1_228' title='bbox 301 3740 484 3811; x_wconf 77' lang='lat' dir='ltr'><em>sCB,</em></span> <span class='ocrx_word' id='word_1_229' title='bbox 521 3736 606 3795; x_wconf 90' lang='lat'><em>43.</em></span> 
     </span>
    </p>
   </div>
   <div class='ocr_carea' id='block_1_29' title="bbox 1715 3560 3714 3634">
    <p class='ocr_par' dir='ltr' id='par_1_29' title="bbox 1715 3560 3714 3634">
     <span class='ocr_line' id='line_1_29' title="bbox 1715 3560 3714 3634; baseline 0.002 -20"><span class='ocrx_word' id='word_1_230' title='bbox 1715 3571 1741 3602; x_wconf 83' lang='grc' dir='ltr'><strong>ο</strong></span> <span class='ocrx_word' id='word_1_231' title='bbox 1789 3561 1854 3614; x_wconf 89' lang='grc' dir='ltr'><strong>Β.</strong></span> <span class='ocrx_word' id='word_1_232' title='bbox 1885 3560 2096 3629; x_wconf 88' lang='lat' dir='ltr'><em>Severi,</em></span> <span class='ocrx_word' id='word_1_233' title='bbox 2130 3560 2456 3618; x_wconf 71' lang='lat' dir='ltr'><em>Caracallae.</em></span> <span class='ocrx_word' id='word_1_234' title='bbox 2521 3561 2697 3632; x_wconf 68' lang='lat' dir='ltr'><em>Getaa,</em></span> <span class='ocrx_word' id='word_1_235' title='bbox 2779 3562 3020 3618; x_wconf 87' lang='lat' dir='ltr'><em>Macrini</em></span> <span class='ocrx_word' id='word_1_236' title='bbox 3067 3567 3122 3618; x_wconf 87' lang='lat' dir='ltr'><em>et</em></span> <span class='ocrx_word' id='word_1_237' title='bbox 3155 3561 3470 3634; x_wconf 80' lang='lat' dir='ltr'><em>Elagabali,</em></span> <span class='ocrx_word' id='word_1_238' title='bbox 3519 3563 3714 3620; x_wconf 89' lang='lat' dir='ltr'><em>aCoss</em></span> 
     </span>
    </p>
   </div>
   <div class='ocr_carea' id='block_1_30' title="bbox 300 3647 2198 3720">
    <p class='ocr_par' dir='ltr' id='par_1_30' title="bbox 300 3647 2198 3720">
     <span class='ocr_line' id='line_1_30' title="bbox 300 3647 2198 3720; baseline -0.002 -13"><span class='ocrx_word' id='word_1_239' title='bbox 300 3649 536 3707; x_wconf 83' lang='lat' dir='ltr'><em>Fabiani</em></span> <span class='ocrx_word' id='word_1_240' title='bbox 583 3655 639 3706; x_wconf 89' lang='lat' dir='ltr'><em>et</em></span> <span class='ocrx_word' id='word_1_241' title='bbox 681 3647 934 3706; x_wconf 81' lang='lat' dir='ltr'><em>Muciani</em></span> <span class='ocrx_word' id='word_1_242' title='bbox 964 3648 1032 3705; x_wconf 90' lang='lat' dir='ltr'><em>ad</em></span> <span class='ocrx_word' id='word_1_243' title='bbox 1064 3649 1274 3706; x_wconf 89' lang='lat' dir='ltr'><em>Anton.</em></span> <span class='ocrx_word' id='word_1_244' title='bbox 1332 3650 1576 3720; x_wconf 77' lang='lat' dir='ltr'><em>August.</em></span> <span class='ocrx_word' id='word_1_245' title='bbox 1631 3649 1680 3704; x_wconf 85' lang='lat' dir='ltr'><em>Il</em></span> <span class='ocrx_word' id='word_1_246' title='bbox 1708 3653 1762 3704; x_wconf 90' lang='lat' dir='ltr'><em>et</em></span> <span class='ocrx_word' id='word_1_247' title='bbox 1813 3649 2198 3706; x_wconf 76' lang='lat' dir='ltr'><em>Sacerdotem.</em></span> 
     </span>
    </p>
   </div>
   <div class='ocr_carea' id='block_1_31' title="bbox 2339 3648 3714 3720">
    <p class='ocr_par' dir='ltr' id='par_1_31' title="bbox 2339 3648 3714 3720">
     <span class='ocr_line' id='line_1_31' title="bbox 2339 3648 3714 3720; baseline 0.001 -15"><span class='ocrx_word' id='word_1_248' title='bbox 2339 3648 2367 3690; x_wconf 76' lang='grc' dir='ltr'>ἀ</span> <span class='ocrx_word' id='word_1_249' title='bbox 2394 3649 2452 3720; x_wconf 87' lang='lat' dir='ltr'><em>C,</em></span> <span class='ocrx_word' id='word_1_250' title='bbox 2483 3650 2606 3706; x_wconf 86' lang='lat' dir='ltr'><em>sive</em></span> <span class='ocrx_word' id='word_1_251' title='bbox 2658 3650 2926 3707; x_wconf 88' lang='lat' dir='ltr'><em>clericus.</em></span> <span class='ocrx_word' id='word_1_252' title='bbox 2967 3652 3149 3708; x_wconf 73' lang='lat' dir='ltr'><em>edum</em></span> <span class='ocrx_word' id='word_1_253' title='bbox 3196 3652 3281 3708; x_wconf 90' lang='lat' dir='ltr'><em>sic</em></span> <span class='ocrx_word' id='word_1_254' title='bbox 3312 3650 3370 3706; x_wconf 87' lang='lat' dir='ltr'><em>C.</em></span> <span class='ocrx_word' id='word_1_255' title='bbox 3453 3650 3597 3707; x_wconf 79' lang='lat' dir='ltr'><em>fCB</em></span> <span class='ocrx_word' id='word_1_256' title='bbox 3648 3649 3714 3708; x_wconf 80' lang='lat'><em>43</em></span> 
     </span>
    </p>
   </div>
   <div class='ocr_carea' id='block_1_32' title="bbox 1593 3825 2415 3888">
    <p class='ocr_par' dir='ltr' id='par_1_32' title="bbox 1593 3825 2415 3888">
     <span class='ocr_line' id='line_1_32' title="bbox 1593 3825 2415 3888; baseline -0.001 -2"><span class='ocrx_word' id='word_1_257' title='bbox 1593 3825 1874 3888; x_wconf 77' lang='lat' dir='ltr'><strong>VARUE</strong></span> <span class='ocrx_word' id='word_1_258' title='bbox 1931 3825 2290 3888; x_wconf 92' lang='lat' dir='ltr'><em>LECTION</em></span> <span class='ocrx_word' id='word_1_259' title='bbox 2297 3825 2415 3888; x_wconf 88' lang='lat' dir='ltr'><em>ES.</em></span> 
     </span>
    </p>
   </div>
   <div class='ocr_carea' id='block_1_33' title="bbox 549 3948 1682 4021">
    <p class='ocr_par' dir='ltr' id='par_1_33' title="bbox 549 3948 1682 4021">
     <span class='ocr_line' id='line_1_33' title="bbox 549 3948 1682 4021; baseline -0.004 -14"><span class='ocrx_word' id='word_1_260' title='bbox 549 3951 722 4021; x_wconf 84' lang='lat' dir='ltr'><em>Apud</em></span> <span class='ocrx_word' id='word_1_261' title='bbox 766 3950 1084 4007; x_wconf 84' lang='lat' dir='ltr'><em>Fabrottum</em></span> <span class='ocrx_word' id='word_1_262' title='bbox 1121 3965 1188 4004; x_wconf 76' lang='lat' dir='ltr'><em>ea:</em></span> <span class='ocrx_word' id='word_1_263' title='bbox 1219 3948 1396 4004; x_wconf 84' lang='lat' dir='ltr'><em>codice</em></span> <span class='ocrx_word' id='word_1_264' title='bbox 1443 3949 1682 4005; x_wconf 81' lang='lat' dir='ltr'><em>Freheri.</em></span> 
     </span>
    </p>
   </div>
   <div class='ocr_carea' id='block_1_34' title="bbox 373 4054 1943 4128">
    <p class='ocr_par' dir='ltr' id='par_1_34' title="bbox 373 4054 1943 4128">
     <span class='ocr_line' id='line_1_34' title="bbox 373 4054 1943 4128; baseline -0.002 -12"><span class='ocrx_word' id='word_1_265' title='bbox 373 4061 534 4116; x_wconf 88' lang='lat' dir='ltr'><em>Num.</em></span> <span class='ocrx_word' id='word_1_266' title='bbox 566 4056 652 4126; x_wconf 89' lang='lat'><em>46,</em></span> <span class='ocrx_word' id='word_1_267' title='bbox 670 4059 793 4128; x_wconf 28' lang='lat' dir='ltr'><em>Alin.</em></span> <span class='ocrx_word' id='word_1_268' title='bbox 821 4055 886 4128; x_wconf 66' lang='lat'><em>‘3,</em></span> <span class='ocrx_word' id='word_1_269' title='bbox 935 4059 1050 4128; x_wconf 87' lang='lat' dir='ltr'><em>AB,</em></span> <span class='ocrx_word' id='word_1_270' title='bbox 1077 4057 1411 4114; x_wconf 85' lang='lat' dir='ltr'><em>Stricatum.</em></span> <span class='ocrx_word' id='word_1_271' title='bbox 1445 4057 1543 4111; x_wconf 88' lang='lat' dir='ltr'><em>lin.</em></span> <span class='ocrx_word' id='word_1_272' title='bbox 1575 4054 1661 4127; x_wconf 88' lang='grc'><em>40,</em></span> <span class='ocrx_word' id='word_1_273' title='bbox 1688 4055 1804 4122; x_wconf 91' lang='lat' dir='ltr'><em>AB,</em></span> <span class='ocrx_word' id='word_1_274' title='bbox 1840 4070 1943 4113; x_wconf 87' lang='lat' dir='ltr'><em>or—</em></span> 
     </span>
    </p>
   </div>
   <div class='ocr_carea' id='block_1_35' title="bbox 303 4126 717 4188">
    <p class='ocr_par' dir='ltr' id='par_1_35' title="bbox 303 4126 717 4188">
     <span class='ocr_line' id='line_1_35' title="bbox 303 4126 717 4188; baseline -0.012 0"><span class='ocrx_word' id='word_1_275' title='bbox 303 4131 634 4188; x_wconf 89' lang='lat' dir='ltr'><em>dinationes</em></span> <span class='ocrx_word' id='word_1_276' title='bbox 661 4126 717 4185; x_wconf 89' lang='grc'><em>7.</em></span> 
     </span>
    </p>
   </div>
   <div class='ocr_carea' id='block_1_36' title="bbox 536 4239 1710 4306">
    <p class='ocr_par' dir='ltr' id='par_1_36' title="bbox 536 4239 1710 4306">
     <span class='ocr_line' id='line_1_36' title="bbox 536 4239 1710 4306; baseline -0.001 -12"><span class='ocrx_word' id='word_1_277' title='bbox 536 4242 625 4294; x_wconf 81' lang='lat' dir='ltr'><em>Ea:</em></span> <span class='ocrx_word' id='word_1_278' title='bbox 651 4239 828 4294; x_wconf 86' lang='lat' dir='ltr'><em>codice</em></span> <span class='ocrx_word' id='word_1_279' title='bbox 857 4239 1035 4306; x_wconf 84' lang='lat' dir='ltr'><em>Regio,</em></span> <span class='ocrx_word' id='word_1_280' title='bbox 1070 4239 1356 4294; x_wconf 66' lang='grc' dir='ltr'><em>Μαιανίηο</em></span> <span class='ocrx_word' id='word_1_281' title='bbox 1381 4243 1431 4293; x_wconf 88' lang='lat' dir='ltr'><em>et</em></span> <span class='ocrx_word' id='word_1_282' title='bbox 1464 4240 1710 4293; x_wconf 87' lang='lat' dir='ltr'><em>Thuano.</em></span> 
     </span>
    </p>
   </div>
   <div class='ocr_carea' id='block_1_37' title="bbox 375 4341 1944 4415">
    <p class='ocr_par' dir='ltr' id='par_1_37' title="bbox 375 4341 1944 4415">
     <span class='ocr_line' id='line_1_37' title="bbox 375 4341 1944 4415; baseline -0.002 -13"><span class='ocrx_word' id='word_1_283' title='bbox 375 4349 500 4402; x_wconf 89' lang='lat' dir='ltr'><em>Lin.</em></span> <span class='ocrx_word' id='word_1_284' title='bbox 530 4345 578 4412; x_wconf 91' lang='lat'><em>4,</em></span> <span class='ocrx_word' id='word_1_285' title='bbox 607 4348 731 4402; x_wconf 65' lang='grc' dir='ltr'><em>Μαι</em></span> <span class='ocrx_word' id='word_1_286' title='bbox 756 4389 771 4412; x_wconf 84' lang='grc'><em>,</em></span> <span class='ocrx_word' id='word_1_287' title='bbox 805 4345 1104 4415; x_wconf 88' lang='lat' dir='ltr'><em>Zephirus.</em></span> <span class='ocrx_word' id='word_1_288' title='bbox 1136 4345 1275 4415; x_wconf 76' lang='lat' dir='ltr'><em>ibid,</em></span> <span class='ocrx_word' id='word_1_289' title='bbox 1299 4346 1418 4401; x_wconf 91' lang='lat' dir='ltr'><em>sed.</em></span> <span class='ocrx_word' id='word_1_290' title='bbox 1448 4358 1578 4400; x_wconf 87' lang='lat' dir='ltr'><em>ann.</em></span> <span class='ocrx_word' id='word_1_291' title='bbox 1612 4344 1665 4411; x_wconf 93' lang='lat'><em>8,</em></span> <span class='ocrx_word' id='word_1_292' title='bbox 1712 4359 1782 4400; x_wconf 77' lang='lat' dir='ltr'><em>tu.</em></span> <span class='ocrx_word' id='word_1_293' title='bbox 1808 4341 1864 4406; x_wconf 89' lang='lat'><em>7.</em></span> <span class='ocrx_word' id='word_1_294' title='bbox 1887 4345 1944 4400; x_wconf 92' lang='lat' dir='ltr'><em>d.</em></span> 
     </span>
    </p>
   </div>
   <div class='ocr_carea' id='block_1_38' title="bbox 305 4413 1950 4486">
    <p class='ocr_par' dir='ltr' id='par_1_38' title="bbox 305 4413 1950 4486">
     <span class='ocr_line' id='line_1_38' title="bbox 305 4413 1950 4486; baseline -0.001 -11"><span class='ocrx_word' id='word_1_295' title='bbox 305 4418 392 4475; x_wconf 92' lang='grc'><strong>40.</strong></span> <span class='ocrx_word' id='word_1_296' title='bbox 424 4416 591 4480; x_wconf 81' lang='lat' dir='ltr'><em>lin.3.</em></span> <span class='ocrx_word' id='word_1_297' title='bbox 619 4413 970 4486; x_wconf 82' lang='lat' dir='ltr'><em>Istrigatum.</em></span> <span class='ocrx_word' id='word_1_298' title='bbox 1002 4417 1102 4470; x_wconf 84' lang='lat' dir='ltr'><em>lin.</em></span> <span class='ocrx_word' id='word_1_299' title='bbox 1132 4413 1184 4484; x_wconf 88' lang='grc'><em>4,</em></span> <span class='ocrx_word' id='word_1_300' title='bbox 1209 4416 1361 4471; x_wconf 82' lang='lat' dir='ltr'><em>ﬁdel.</em></span> <span class='ocrx_word' id='word_1_301' title='bbox 1390 4417 1508 4471; x_wconf 89' lang='lat' dir='ltr'><em>sive</em></span> <span class='ocrx_word' id='word_1_302' title='bbox 1528 4416 1794 4485; x_wconf 87' lang='lat' dir='ltr'><em>clericus,</em></span> <span class='ocrx_word' id='word_1_303' title='bbox 1829 4417 1950 4473; x_wconf 88' lang='lat' dir='ltr'><em>sive</em></span> 
     </span>
    </p>
   </div>
   <div class='ocr_carea' id='block_1_39' title="bbox 305 4486 1949 4548">
    <p class='ocr_par' dir='ltr' id='par_1_39' title="bbox 305 4486 1949 4548">
     <span class='ocr_line' id='line_1_39' title="bbox 305 4486 1949 4548; baseline -0.002 -1"><span class='ocrx_word' id='word_1_304' title='bbox 305 4492 474 4548; x_wconf 80' lang='lat' dir='ltr'><em>levita</em></span> <span class='ocrx_word' id='word_1_305' title='bbox 504 4505 550 4545; x_wconf 90' lang='lat' dir='ltr'><em>s.</em></span> <span class='ocrx_word' id='word_1_306' title='bbox 580 4491 636 4544; x_wconf 95' lang='lat' dir='ltr'><em>S.</em></span> <span class='ocrx_word' id='word_1_307' title='bbox 673 4504 726 4546; x_wconf 91' lang='grc' dir='ltr'><strong>ο.</strong></span> <span class='ocrx_word' id='word_1_308' title='bbox 759 4490 893 4543; x_wconf 72' lang='grc' dir='ltr'><em>Μαι.</em></span> <span class='ocrx_word' id='word_1_309' title='bbox 925 4489 1044 4544; x_wconf 87' lang='lat' dir='ltr'><em>sive</em></span> <span class='ocrx_word' id='word_1_310' title='bbox 1063 4488 1199 4543; x_wconf 90' lang='lat' dir='ltr'><em>cler.</em></span> <span class='ocrx_word' id='word_1_311' title='bbox 1226 4487 1396 4543; x_wconf 89' lang='lat' dir='ltr'><em>levita</em></span> <span class='ocrx_word' id='word_1_312' title='bbox 1424 4503 1469 4543; x_wconf 90' lang='lat' dir='ltr'><em>s.</em></span> <span class='ocrx_word' id='word_1_313' title='bbox 1503 4488 1557 4542; x_wconf 90' lang='lat' dir='ltr'><em>S.</em></span> <span class='ocrx_word' id='word_1_314' title='bbox 1586 4501 1644 4542; x_wconf 91' lang='grc' dir='ltr'><strong>ο.</strong></span> <span class='ocrx_word' id='word_1_315' title='bbox 1679 4489 1782 4543; x_wconf 89' lang='lat' dir='ltr'><em>Hic</em></span> <span class='ocrx_word' id='word_1_316' title='bbox 1812 4486 1949 4544; x_wconf 86' lang='lat' dir='ltr'><em>fecit</em></span> 
     </span>
    </p>
   </div>
   <div class='ocr_carea' id='block_1_40' title="bbox 303 4557 1950 4631">
    <p class='ocr_par' dir='ltr' id='par_1_40' title="bbox 303 4557 1950 4631">
     <span class='ocr_line' id='line_1_40' title="bbox 303 4557 1950 4631; baseline -0.003 -11"><span class='ocrx_word' id='word_1_317' title='bbox 303 4562 536 4620; x_wconf 86' lang='lat' dir='ltr'><em>constit.</em></span> <span class='ocrx_word' id='word_1_318' title='bbox 560 4562 621 4618; x_wconf 91' lang='lat' dir='ltr'><em>in</em></span> <span class='ocrx_word' id='word_1_319' title='bbox 645 4561 915 4631; x_wconf 83' lang='lat' dir='ltr'><em>Ecclesia.</em></span> <span class='ocrx_word' id='word_1_320' title='bbox 950 4561 1048 4614; x_wconf 85' lang='lat' dir='ltr'><em>lin.</em></span> <span class='ocrx_word' id='word_1_321' title='bbox 1067 4557 1121 4628; x_wconf 91' lang='lat'><em>6,</em></span> <span class='ocrx_word' id='word_1_322' title='bbox 1149 4560 1208 4615; x_wconf 89' lang='lat' dir='ltr'><em>in</em></span> <span class='ocrx_word' id='word_1_323' title='bbox 1241 4559 1498 4631; x_wconf 66' lang='lat' dir='ltr'><em>Ecclesia</em></span> <span class='ocrx_word' id='word_1_324' title='bbox 1525 4559 1780 4631; x_wconf 79' lang='lat' dir='ltr'><em>ministri</em></span> <span class='ocrx_word' id='word_1_325' title='bbox 1803 4575 1950 4631; x_wconf 87' lang='lat' dir='ltr'><em>sup-</em></span> 
     </span>
    </p>
   </div>
   <div class='ocr_carea' id='block_1_41' title="bbox 304 4626 1803 4707">
    <p class='ocr_par' dir='ltr' id='par_1_41' title="bbox 304 4626 1803 4707">
     <span class='ocr_line' id='line_1_41' title="bbox 304 4626 1803 4707; baseline -0.003 -15"><span class='ocrx_word' id='word_1_326' title='bbox 304 4639 614 4707; x_wconf 76' lang='lat' dir='ltr'><em>portarent.</em></span> <span class='ocrx_word' id='word_1_327' title='bbox 647 4635 745 4688; x_wconf 86' lang='lat' dir='ltr'><em>lin.</em></span> <span class='ocrx_word' id='word_1_328' title='bbox 779 4629 870 4697; x_wconf 84' lang='grc'><em>44,</em></span> <span class='ocrx_word' id='word_1_329' title='bbox 920 4626 1117 4702; x_wconf 35' lang='lat' dir='ltr'><em>presb.’</em></span> <span class='ocrx_word' id='word_1_330' title='bbox 1138 4644 1266 4698; x_wconf 85' lang='lat' dir='ltr'><em>xm,</em></span> <span class='ocrx_word' id='word_1_331' title='bbox 1299 4631 1356 4686; x_wconf 91' lang='lat' dir='ltr'><em>d.</em></span> <span class='ocrx_word' id='word_1_332' title='bbox 1383 4626 1438 4700; x_wconf 96' lang='lat'><em>7,</em></span> <span class='ocrx_word' id='word_1_333' title='bbox 1475 4647 1527 4701; x_wconf 90' lang='lat' dir='ltr'><em>p,</em></span> <span class='ocrx_word' id='word_1_334' title='bbox 1560 4631 1617 4687; x_wconf 92' lang='lat' dir='ltr'><em>d.</em></span> <span class='ocrx_word' id='word_1_335' title='bbox 1645 4631 1684 4686; x_wconf 88' lang='grc' dir='ltr'><strong>ι.</strong></span> <span class='ocrx_word' id='word_1_336' title='bbox 1717 4628 1803 4687; x_wconf 87' lang='grc'><strong>43.</strong></span> 
     </span>
    </p>
   </div>
   <div class='ocr_carea' id='block_1_42' title="bbox 844 4739 1406 4796">
    <p class='ocr_par' dir='ltr' id='par_1_42' title="bbox 844 4739 1406 4796">
     <span class='ocr_line' id='line_1_42' title="bbox 844 4739 1406 4796; baseline -0.007 0"><span class='ocrx_word' id='word_1_337' title='bbox 844 4743 932 4796; x_wconf 73' lang='lat' dir='ltr'><em>Ea:</em></span> <span class='ocrx_word' id='word_1_338' title='bbox 965 4741 1188 4794; x_wconf 86' lang='lat' dir='ltr'><em>Thuano</em></span> <span class='ocrx_word' id='word_1_339' title='bbox 1213 4739 1406 4794; x_wconf 86' lang='lat' dir='ltr'><em>altero.</em></span> 
     </span>
    </p>
   </div>
   <div class='ocr_carea' id='block_1_43' title="bbox 375 4842 1952 4919">
    <p class='ocr_par' dir='ltr' id='par_1_43' title="bbox 375 4842 1952 4919">
     <span class='ocr_line' id='line_1_43' title="bbox 375 4842 1952 4919; baseline -0.001 -15"><span class='ocrx_word' id='word_1_340' title='bbox 375 4851 499 4905; x_wconf 88' lang='lat' dir='ltr'><em>Lin.</em></span> <span class='ocrx_word' id='word_1_341' title='bbox 531 4847 580 4918; x_wconf 92' lang='lat'><em>4,</em></span> <span class='ocrx_word' id='word_1_342' title='bbox 603 4863 785 4905; x_wconf 89' lang='lat' dir='ltr'><em>annos</em></span> <span class='ocrx_word' id='word_1_343' title='bbox 807 4846 863 4919; x_wconf 90' lang='lat'><em>8,</em></span> <span class='ocrx_word' id='word_1_344' title='bbox 890 4862 965 4903; x_wconf 91' lang='lat' dir='ltr'><em>m.</em></span> <span class='ocrx_word' id='word_1_345' title='bbox 985 4843 1040 4919; x_wconf 77' lang='lat'><em>7.</em></span> <span class='ocrx_word' id='word_1_346' title='bbox 1065 4848 1166 4901; x_wconf 87' lang='lat' dir='ltr'><em>lin.</em></span> <span class='ocrx_word' id='word_1_347' title='bbox 1198 4845 1406 4919; x_wconf 79' lang='lat' dir='ltr'><em>3,leg_e</em></span> <span class='ocrx_word' id='word_1_348' title='bbox 1427 4847 1714 4919; x_wconf 57' lang='lat' dir='ltr'><em>praesim.</em></span> <span class='ocrx_word' id='word_1_349' title='bbox 1744 4842 1798 4913; x_wconf 90' lang='grc'><em>4,</em></span> <span class='ocrx_word' id='word_1_350' title='bbox 1831 4847 1952 4902; x_wconf 88' lang='lat' dir='ltr'><em>sive</em></span> 
     </span>
    </p>
   </div>
   <div class='ocr_carea' id='block_1_44' title="bbox 303 4916 1952 4992">
    <p class='ocr_par' dir='ltr' id='par_1_44' title="bbox 303 4916 1952 4992">
     <span class='ocr_line' id='line_1_44' title="bbox 303 4916 1952 4992; baseline -0.004 -13"><span class='ocrx_word' id='word_1_351' title='bbox 303 4916 577 4992; x_wconf 86' lang='lat' dir='ltr'><em>clericus,</em></span> <span class='ocrx_word' id='word_1_352' title='bbox 601 4921 720 4976; x_wconf 89' lang='lat' dir='ltr'><em>sive</em></span> <span class='ocrx_word' id='word_1_353' title='bbox 742 4916 866 4976; x_wconf 68' lang='lat' dir='ltr'><em>Lev&#39;.</em></span> <span class='ocrx_word' id='word_1_354' title='bbox 902 4921 998 4975; x_wconf 87' lang='lat' dir='ltr'><em>lin.</em></span> <span class='ocrx_word' id='word_1_355' title='bbox 1015 4918 1158 4992; x_wconf 80' lang='lat' dir='ltr'><em>6,_in</em></span> <span class='ocrx_word' id='word_1_356' title='bbox 1176 4917 1417 4992; x_wconf 72' lang='lat' dir='ltr'><em>ecclesia</em></span> <span class='ocrx_word' id='word_1_357' title='bbox 1443 4924 1499 4972; x_wconf 91' lang='lat' dir='ltr'><em>et</em></span> <span class='ocrx_word' id='word_1_358' title='bbox 1530 4916 1827 4973; x_wconf 86' lang='lat' dir='ltr'><em>ministros</em></span> <span class='ocrx_word' id='word_1_359' title='bbox 1850 4931 1952 4974; x_wconf 85' lang='lat' dir='ltr'><em>ce-</em></span> 
     </span>
    </p>
   </div>
   <div class='ocr_carea' id='block_1_45' title="bbox 305 4988 1952 5062">
    <p class='ocr_par' dir='ltr' id='par_1_45' title="bbox 305 4988 1952 5062">
     <span class='ocr_line' id='line_1_45' title="bbox 305 4988 1952 5062; baseline -0.004 -12"><span class='ocrx_word' id='word_1_360' title='bbox 305 4995 529 5050; x_wconf 88' lang='lat' dir='ltr'><em>lebrare</em></span> <span class='ocrx_word' id='word_1_361' title='bbox 541 4988 668 5049; x_wconf 71' lang='lat' dir='ltr'><em>cum</em></span> <span class='ocrx_word' id='word_1_362' title='bbox 691 4993 996 5062; x_wconf 87' lang='lat' dir='ltr'><em>episcopus</em></span> <span class='ocrx_word' id='word_1_363' title='bbox 1015 4990 1246 5062; x_wconf 78' lang='lat' dir='ltr'><em>missam</em></span> <span class='ocrx_word' id='word_1_364' title='bbox 1277 4988 1588 5045; x_wconf 77' lang='lat' dir='ltr'><em>celebraret</em></span> <span class='ocrx_word' id='word_1_365' title='bbox 1610 4995 1742 5062; x_wconf 77' lang='lat' dir='ltr'><em>ante</em></span> <span class='ocrx_word' id='word_1_366' title='bbox 1758 5003 1952 5062; x_wconf 79' lang='lat' dir='ltr'><em>sacer-</em></span> 
     </span>
    </p>
   </div>
   <div class='ocr_carea' id='block_1_46' title="bbox 1965 3949 3710 4080">
    <p class='ocr_par' dir='ltr' id='par_1_46' title="bbox 1965 3949 3710 4080">
     <span class='ocr_line' id='line_1_46' title="bbox 1965 3949 3710 4023; baseline -0.001 -13"><span class='ocrx_word' id='word_1_367' title='bbox 1965 3953 2018 4010; x_wconf 92' lang='lat' dir='ltr'><em>A</em></span> <span class='ocrx_word' id='word_1_368' title='bbox 2053 3963 2221 4006; x_wconf 84' lang='lat' dir='ltr'><em>manu</em></span> <span class='ocrx_word' id='word_1_369' title='bbox 2249 3963 2337 4020; x_wconf 88' lang='lat' dir='ltr'><em>ep.</em></span> <span class='ocrx_word' id='word_1_370' title='bbox 2365 3949 2480 4018; x_wconf 88' lang='lat' dir='ltr'><em>jam</em></span> <span class='ocrx_word' id='word_1_371' title='bbox 2507 3963 2717 4006; x_wconf 86' lang='lat' dir='ltr'><em>corona</em></span> <span class='ocrx_word' id='word_1_372' title='bbox 2747 3955 3077 4007; x_wconf 87' lang='lat' dir='ltr'><em>consecrata</em></span> <span class='ocrx_word' id='word_1_373' title='bbox 3108 3951 3393 4021; x_wconf 88' lang='lat' dir='ltr'><em>acceperit</em></span> <span class='ocrx_word' id='word_1_374' title='bbox 3451 3951 3710 4023; x_wconf 83' lang='lat' dir='ltr'><em>resbyter</em></span> 
     </span>
     <span class='ocr_line' id='line_1_47' title="bbox 2053 3967 3706 4080; baseline 0.003 -5"><span class='ocrx_word' id='word_1_375' title='bbox 2053 4026 2094 4075; x_wconf 90' lang='lat' dir='ltr'><em>t.</em></span> <span class='ocrx_word' id='word_1_376' title='bbox 2123 4035 2174 4080; x_wconf 86' lang='lat' dir='ltr'><em>p.</em></span> <span class='ocrx_word' id='word_1_377' title='bbox 2207 4022 2307 4075; x_wconf 85' lang='lat' dir='ltr'><em>lin.</em></span> <span class='ocrx_word' id='word_1_378' title='bbox 2340 4019 2425 4080; x_wconf 90' lang='lat'><em>44.</em></span> <span class='ocrx_word' id='word_1_379' title='bbox 2458 4021 2646 4080; x_wconf 88' lang='lat' dir='ltr'><em>nresb.</em></span> <span class='ocrx_word' id='word_1_380' title='bbox 2679 4019 2763 4077; x_wconf 87' lang='grc'><em>44.</em></span> <span class='ocrx_word' id='word_1_381' title='bbox 2789 4023 2932 4076; x_wconf 88' lang='lat' dir='ltr'><em>ibid.</em></span> <span class='ocrx_word' id='word_1_382' title='bbox 2964 4022 3087 4078; x_wconf 91' lang='lat' dir='ltr'><em>loca</em></span> <span class='ocrx_word' id='word_1_383' title='bbox 3107 4035 3345 4080; x_wconf 88' lang='lat' dir='ltr'><em>numero</em></span> <span class='ocrx_word' id='word_1_384' title='bbox 3368 3967 3453 4080; x_wconf 43' lang='grc' dir='ltr'>ΕΞ</span> <span class='ocrx_word' id='word_1_385' title='bbox 3481 4025 3580 4080; x_wconf 88' lang='lat' dir='ltr'><em>lin.</em></span> <span class='ocrx_word' id='word_1_386' title='bbox 3618 4023 3706 4080; x_wconf 85' lang='lat'><em>44.</em></span> 
     </span>
    </p>
   </div>
   <div class='ocr_carea' id='block_1_47' title="bbox 2051 4035 3453 4163">
    <p class='ocr_par' dir='ltr' id='par_1_47' title="bbox 2051 4035 3453 4163">
     <span class='ocr_line' id='line_1_48' title="bbox 2053 4035 3453 4091; baseline 0.001 -16"><span class='ocrx_word' id='word_1_387' title='bbox 2053 4035 2094 4075; x_wconf 90' lang='grc' dir='ltr'><strong>ι.</strong></span> <span class='ocrx_word' id='word_1_388' title='bbox 2123 4035 2174 4090; x_wconf 84' lang='grc' dir='ltr'><strong>ρ.</strong></span> <span class='ocrx_word' id='word_1_389' title='bbox 2207 4035 2307 4075; x_wconf 72' lang='lat' dir='ltr'><em>cm.</em></span> <span class='ocrx_word' id='word_1_390' title='bbox 2340 4035 2425 4083; x_wconf 80' lang='lat'><em>11,</em></span> <span class='ocrx_word' id='word_1_391' title='bbox 2457 4035 2646 4091; x_wconf 85' lang='lat' dir='ltr'><em>presn.</em></span> <span class='ocrx_word' id='word_1_392' title='bbox 2679 4035 2932 4077; x_wconf 74' lang='grc' dir='ltr'><em>14.ιοια.</em></span> <span class='ocrx_word' id='word_1_393' title='bbox 2964 4035 3087 4078; x_wconf 83' lang='lat' dir='ltr'><em>loca</em></span> <span class='ocrx_word' id='word_1_394' title='bbox 3107 4035 3345 4080; x_wconf 87' lang='lat' dir='ltr'><em>numero</em></span> <span class='ocrx_word' id='word_1_395' title='bbox 3368 4035 3453 4080; x_wconf 77' lang='lat'><em>13.</em></span> 
     </span>
     <span class='ocr_line' id='line_1_49' title="bbox 2051 4089 2838 4163; baseline 0 -17"><span class='ocrx_word' id='word_1_396' title='bbox 2051 4105 2108 4148; x_wconf 80' lang='lat' dir='ltr'><em>v1</em></span> <span class='ocrx_word' id='word_1_397' title='bbox 2141 4091 2266 4147; x_wconf 83' lang='lat' dir='ltr'><em>Kal.</em></span> <span class='ocrx_word' id='word_1_398' title='bbox 2300 4093 2446 4148; x_wconf 86' lang='lat' dir='ltr'><em>linea</em></span> <span class='ocrx_word' id='word_1_399' title='bbox 2478 4109 2587 4163; x_wconf 88' lang='lat' dir='ltr'><em>sep.</em></span> <span class='ocrx_word' id='word_1_400' title='bbox 2623 4093 2748 4149; x_wconf 90' lang='lat' dir='ltr'><em>dies</em></span> <span class='ocrx_word' id='word_1_401' title='bbox 2777 4089 2838 4148; x_wconf 88' lang='lat'><em>7.</em></span> 
     </span>
    </p>
   </div>
   <div class='ocr_carea' id='block_1_48' title="bbox 2457 4019 3706 4095">
    <p class='ocr_par' dir='ltr' id='par_1_48' title="bbox 2457 4019 3706 4095">
     <span class='ocr_line' id='line_1_50' title="bbox 2457 4019 3706 4095; baseline 0.002 -19"><span class='ocrx_word' id='word_1_402' title='bbox 2457 4021 2650 4095; x_wconf 86' lang='lat' dir='ltr'><em>presb.</em></span> <span class='ocrx_word' id='word_1_403' title='bbox 2670 4019 2932 4095; x_wconf 55' lang='lat' dir='ltr'><em>44.3&#39;bid.</em></span> <span class='ocrx_word' id='word_1_404' title='bbox 2964 4022 3087 4078; x_wconf 90' lang='lat' dir='ltr'><em>loca</em></span> <span class='ocrx_word' id='word_1_405' title='bbox 3107 4019 3345 4080; x_wconf 81' lang='lat' dir='ltr'><em>numero</em></span> <span class='ocrx_word' id='word_1_406' title='bbox 3368 4019 3453 4080; x_wconf 89' lang='lat'><em>43.</em></span> <span class='ocrx_word' id='word_1_407' title='bbox 3481 4019 3706 4095; x_wconf 56' lang='lat' dir='ltr'><em>linfll,</em></span> 
     </span>
    </p>
   </div>
   <div class='ocr_carea' id='block_1_49' title="bbox 2329 4201 3434 4270">
    <p class='ocr_par' dir='ltr' id='par_1_49' title="bbox 2329 4201 3434 4270">
     <span class='ocr_line' id='line_1_51' title="bbox 2329 4201 3434 4270; baseline 0.002 -14"><span class='ocrx_word' id='word_1_408' title='bbox 2329 4201 2498 4270; x_wconf 85' lang='lat' dir='ltr'><em>Apud</em></span> <span class='ocrx_word' id='word_1_409' title='bbox 2522 4202 2863 4257; x_wconf 87' lang='lat' dir='ltr'><em>Holstenium</em></span> <span class='ocrx_word' id='word_1_410' title='bbox 2895 4207 2945 4258; x_wconf 86' lang='lat' dir='ltr'><em>et</em></span> <span class='ocrx_word' id='word_1_411' title='bbox 2969 4202 3434 4258; x_wconf 83' lang='lat' dir='ltr'><em>Schelestratium.</em></span> 
     </span>
    </p>
   </div>
   <div class='ocr_carea' id='block_1_50' title="bbox 2057 4294 3703 4374">
    <p class='ocr_par' dir='ltr' id='par_1_50' title="bbox 2057 4294 3703 4374">
     <span class='ocr_line' id='line_1_52' title="bbox 2057 4294 3703 4374; baseline 0.005 -25"><span class='ocrx_word' id='word_1_412' title='bbox 2057 4297 2190 4374; x_wconf 33' lang='lat' dir='ltr'><em>Lini</em></span> <span class='ocrx_word' id='word_1_413' title='bbox 2215 4294 2429 4374; x_wconf 85' lang='lat' dir='ltr'><em>4,__Vat.</em></span> <span class='ocrx_word' id='word_1_414' title='bbox 2464 4296 2673 4374; x_wconf 12' lang='lat'><em>371717.46,</em></span> <span class='ocrx_word' id='word_1_415' title='bbox 2717 4301 2868 4374; x_wconf 65' lang='lat' dir='ltr'><em>Flor.</em></span> <span class='ocrx_word' id='word_1_416' title='bbox 2909 4301 3132 4374; x_wconf 79' lang='lat' dir='ltr'><em>secund.</em></span> <span class='ocrx_word' id='word_1_417' title='bbox 3167 4298 3219 4367; x_wconf 89' lang='lat'><em>9,</em></span> <span class='ocrx_word' id='word_1_418' title='bbox 3250 4301 3395 4356; x_wconf 83' lang='lat' dir='ltr'><em>Flor.</em></span> <span class='ocrx_word' id='word_1_419' title='bbox 3437 4304 3606 4374; x_wconf 74' lang='lat' dir='ltr'><em>prim.</em></span> <span class='ocrx_word' id='word_1_420' title='bbox 3647 4299 3703 4357; x_wconf 87' lang='lat'><em>7.</em></span> 
     </span>
    </p>
   </div>
   <div class='ocr_carea' id='block_1_51' title="bbox 2057 4367 3710 4439">
    <p class='ocr_par' dir='ltr' id='par_1_51' title="bbox 2057 4367 3710 4439">
     <span class='ocr_line' id='line_1_53' title="bbox 2057 4367 3710 4439; baseline 0.005 -19"><span class='ocrx_word' id='word_1_421' title='bbox 2057 4369 2137 4421; x_wconf 86' lang='lat' dir='ltr'><em>lin</em></span> <span class='ocrx_word' id='word_1_422' title='bbox 2169 4367 2220 4435; x_wconf 86' lang='grc'><em>4,</em></span> <span class='ocrx_word' id='word_1_423' title='bbox 2260 4370 2400 4424; x_wconf 80' lang='lat' dir='ltr'><em>Flor.</em></span> <span class='ocrx_word' id='word_1_424' title='bbox 2424 4378 2475 4427; x_wconf 85' lang='lat' dir='ltr'><em>et</em></span> <span class='ocrx_word' id='word_1_425' title='bbox 2499 4373 2622 4427; x_wconf 83' lang='lat' dir='ltr'><em>Vat.</em></span> <span class='ocrx_word' id='word_1_426' title='bbox 2657 4367 2874 4428; x_wconf 81' lang='lat' dir='ltr'><em>addunt</em></span> <span class='ocrx_word' id='word_1_427' title='bbox 2906 4372 3024 4428; x_wconf 90' lang='lat' dir='ltr'><em>sive</em></span> <span class='ocrx_word' id='word_1_428' title='bbox 3055 4372 3322 4430; x_wconf 87' lang='lat' dir='ltr'><em>clericus.</em></span> <span class='ocrx_word' id='word_1_429' title='bbox 3354 4367 3530 4439; x_wconf 63' lang='lat' dir='ltr'><em>linf8,</em></span> <span class='ocrx_word' id='word_1_430' title='bbox 3565 4374 3710 4429; x_wconf 84' lang='lat' dir='ltr'><em>Flor.</em></span> 
     </span>
    </p>
   </div>
   <div class='ocr_carea' id='block_1_52' title="bbox 2059 4439 3706 4510">
    <p class='ocr_par' dir='ltr' id='par_1_52' title="bbox 2059 4439 3706 4510">
     <span class='ocr_line' id='line_1_54' title="bbox 2059 4439 3706 4510; baseline 0.005 -18"><span class='ocrx_word' id='word_1_431' title='bbox 2059 4439 2186 4506; x_wconf 84' lang='lat' dir='ltr'><em>duo,</em></span> <span class='ocrx_word' id='word_1_432' title='bbox 2219 4450 2524 4510; x_wconf 62' lang='lat' dir='ltr'><em>praisentes</em></span> <span class='ocrx_word' id='word_1_433' title='bbox 2548 4452 2749 4500; x_wconf 85' lang='lat' dir='ltr'><em>exeant</em></span> <span class='ocrx_word' id='word_1_434' title='bbox 2771 4444 3276 4500; x_wconf 89' lang='lat' dir='ltr'><em>consecrationem.</em></span> <span class='ocrx_word' id='word_1_435' title='bbox 3304 4444 3404 4496; x_wconf 88' lang='lat' dir='ltr'><em>lin.</em></span> <span class='ocrx_word' id='word_1_436' title='bbox 3451 4442 3504 4510; x_wconf 92' lang='lat'><em>9,</em></span> <span class='ocrx_word' id='word_1_437' title='bbox 3539 4450 3594 4499; x_wconf 89' lang='lat' dir='ltr'><em>et</em></span> <span class='ocrx_word' id='word_1_438' title='bbox 3619 4459 3706 4501; x_wconf 87' lang='lat' dir='ltr'><em>ac-</em></span> 
     </span>
    </p>
   </div>
   <div class='ocr_carea' id='block_1_53' title="bbox 2058 4511 3637 4584">
    <p class='ocr_par' dir='ltr' id='par_1_53' title="bbox 2058 4511 3637 4584">
     <span class='ocr_line' id='line_1_55' title="bbox 2058 4511 3637 4584; baseline 0.003 -19"><span class='ocrx_word' id='word_1_439' title='bbox 2058 4511 2336 4584; x_wconf 85' lang='lat' dir='ltr'><em>ciperent,</em></span> <span class='ocrx_word' id='word_1_440' title='bbox 2369 4515 2535 4569; x_wconf 84' lang='lat' dir='ltr'><em>iidem</em></span> <span class='ocrx_word' id='word_1_441' title='bbox 2565 4516 2723 4570; x_wconf 90' lang='lat' dir='ltr'><em>codd.</em></span> <span class='ocrx_word' id='word_1_442' title='bbox 2759 4516 2857 4569; x_wconf 87' lang='lat' dir='ltr'><em>lin.</em></span> <span class='ocrx_word' id='word_1_443' title='bbox 2896 4512 2981 4582; x_wconf 85' lang='grc'><em>44,</em></span> <span class='ocrx_word' id='word_1_444' title='bbox 3010 4516 3152 4568; x_wconf 86' lang='lat' dir='ltr'><em>Flor.</em></span> <span class='ocrx_word' id='word_1_445' title='bbox 3184 4512 3220 4569; x_wconf 78' lang='grc'>2</span> <span class='ocrx_word' id='word_1_446' title='bbox 3243 4519 3294 4568; x_wconf 87' lang='lat' dir='ltr'><em>et</em></span> <span class='ocrx_word' id='word_1_447' title='bbox 3329 4515 3504 4569; x_wconf 85' lang='lat' dir='ltr'><em>Vatic.</em></span> <span class='ocrx_word' id='word_1_448' title='bbox 3553 4513 3637 4570; x_wconf 87' lang='lat'><em>43.</em></span> 
     </span>
    </p>
   </div>
   <div class='ocr_carea' id='block_1_54' title="bbox 2357 4611 3394 4682">
    <p class='ocr_par' dir='ltr' id='par_1_54' title="bbox 2357 4611 3394 4682">
     <span class='ocr_line' id='line_1_56' title="bbox 2357 4611 3394 4682; baseline -0.001 -16"><span class='ocrx_word' id='word_1_449' title='bbox 2357 4613 2529 4682; x_wconf 84' lang='lat' dir='ltr'><em>Apud</em></span> <span class='ocrx_word' id='word_1_450' title='bbox 2558 4615 2782 4668; x_wconf 86' lang='lat' dir='ltr'><em>Peniam</em></span> <span class='ocrx_word' id='word_1_451' title='bbox 2811 4628 2880 4666; x_wconf 80' lang='lat' dir='ltr'><em>ea:</em></span> <span class='ocrx_word' id='word_1_452' title='bbox 2926 4612 3106 4665; x_wconf 86' lang='lat' dir='ltr'><em>codice</em></span> <span class='ocrx_word' id='word_1_453' title='bbox 3148 4611 3394 4666; x_wconf 85' lang='lat' dir='ltr'><em>Cavensi.</em></span> 
     </span>
    </p>
   </div>
   <div class='ocr_carea' id='block_1_55' title="bbox 2138 4699 3712 4772">
    <p class='ocr_par' dir='ltr' id='par_1_55' title="bbox 2138 4699 3712 4772">
     <span class='ocr_line' id='line_1_57' title="bbox 2138 4699 3712 4772; baseline 0.004 -20"><span class='ocrx_word' id='word_1_454' title='bbox 2138 4699 2261 4754; x_wconf 89' lang='lat' dir='ltr'><em>Lin.</em></span> <span class='ocrx_word' id='word_1_455' title='bbox 2279 4699 2332 4756; x_wconf 81' lang='grc'><strong>5.</strong></span> <span class='ocrx_word' id='word_1_456' title='bbox 2361 4707 2416 4755; x_wconf 90' lang='lat' dir='ltr'><em>et</em></span> <span class='ocrx_word' id='word_1_457' title='bbox 2446 4699 2977 4756; x_wconf 83' lang='lat' dir='ltr'><em>fecitconstitutum</em></span> <span class='ocrx_word' id='word_1_458' title='bbox 3006 4700 3076 4772; x_wconf 89' lang='lat' dir='ltr'><em>de</em></span> <span class='ocrx_word' id='word_1_459' title='bbox 3100 4699 3372 4769; x_wconf 89' lang='lat' dir='ltr'><em>Ecclesia,</em></span> <span class='ocrx_word' id='word_1_460' title='bbox 3397 4705 3455 4757; x_wconf 89' lang='lat' dir='ltr'><em>et</em></span> <span class='ocrx_word' id='word_1_461' title='bbox 3479 4706 3712 4772; x_wconf 87' lang='lat' dir='ltr'><em>patenas</em></span> 
     </span>
    </p>
   </div>
   <div class='ocr_carea' id='block_1_56' title="bbox 2058 4771 3711 4839">
    <p class='ocr_par' dir='ltr' id='par_1_56' title="bbox 2058 4771 3711 4839">
     <span class='ocr_line' id='line_1_58' title="bbox 2058 4771 3711 4839; baseline 0 -9"><span class='ocrx_word' id='word_1_462' title='bbox 2058 4777 2268 4830; x_wconf 84' lang='lat' dir='ltr'><em>vitreas</em></span> <span class='ocrx_word' id='word_1_463' title='bbox 2299 4778 2430 4826; x_wconf 88' lang='lat' dir='ltr'><em>ante</em></span> <span class='ocrx_word' id='word_1_464' title='bbox 2470 4772 2792 4828; x_wconf 88' lang='lat' dir='ltr'><em>sacerdotes</em></span> <span class='ocrx_word' id='word_1_465' title='bbox 2826 4773 2883 4826; x_wconf 91' lang='lat' dir='ltr'><em>in</em></span> <span class='ocrx_word' id='word_1_466' title='bbox 2928 4771 3249 4839; x_wconf 87' lang='lat' dir='ltr'><em>ecclesiam,</em></span> <span class='ocrx_word' id='word_1_467' title='bbox 3301 4778 3358 4828; x_wconf 90' lang='lat' dir='ltr'><em>et</em></span> <span class='ocrx_word' id='word_1_468' title='bbox 3411 4771 3711 4831; x_wconf 91' lang='lat' dir='ltr'><em>ministros</em></span> 
     </span>
    </p>
   </div>
   <div class='ocr_carea' id='block_1_57' title="bbox 2061 4843 3705 4913">
    <p class='ocr_par' dir='ltr' id='par_1_57' title="bbox 2061 4843 3705 4913">
     <span class='ocr_line' id='line_1_59' title="bbox 2061 4843 3705 4913; baseline -0.001 -12"><span class='ocrx_word' id='word_1_469' title='bbox 2061 4846 2484 4913; x_wconf 88' lang='lat' dir='ltr'><em>subportantes,</em></span> <span class='ocrx_word' id='word_1_470' title='bbox 2534 4843 2713 4898; x_wconf 90' lang='lat' dir='ltr'><em>donec</em></span> <span class='ocrx_word' id='word_1_471' title='bbox 2759 4843 3065 4912; x_wconf 90' lang='lat' dir='ltr'><em>episcopus</em></span> <span class='ocrx_word' id='word_1_472' title='bbox 3116 4843 3322 4899; x_wconf 90' lang='lat' dir='ltr'><em>missas</em></span> <span class='ocrx_word' id='word_1_473' title='bbox 3365 4844 3705 4900; x_wconf 87' lang='lat' dir='ltr'><em>celebraret.</em></span> 
     </span>
    </p>
   </div>
   <div class='ocr_carea' id='block_1_58' title="bbox 2072 4913 3714 4988">
    <p class='ocr_par' dir='ltr' id='par_1_58' title="bbox 2072 4913 3714 4988">
     <span class='ocr_line' id='line_1_60' title="bbox 2072 4913 3714 4988; baseline 0 -17"><span class='ocrx_word' id='word_1_474' title='bbox 2072 4919 2168 4971; x_wconf 84' lang='lat' dir='ltr'><em>lin.</em></span> <span class='ocrx_word' id='word_1_475' title='bbox 2199 4913 2252 4981; x_wconf 90' lang='lat'><em>9,</em></span> <span class='ocrx_word' id='word_1_476' title='bbox 2278 4915 2395 4988; x_wconf 81' lang='lat' dir='ltr'><em>jam</em></span> <span class='ocrx_word' id='word_1_477' title='bbox 2442 4927 2708 4988; x_wconf 82' lang='lat' dir='ltr'><em>coronam</em></span> <span class='ocrx_word' id='word_1_478' title='bbox 2740 4920 3126 4988; x_wconf 80' lang='lat' dir='ltr'><em>consecratam</em></span> <span class='ocrx_word' id='word_1_479' title='bbox 3147 4915 3433 4988; x_wconf 83' lang='lat' dir='ltr'><em>acciperet</em></span> <span class='ocrx_word' id='word_1_480' title='bbox 3456 4916 3714 4988; x_wconf 85' lang='lat' dir='ltr'><em>presby-</em></span> 
     </span>
    </p>
   </div>
   <div class='ocr_carea' id='block_1_59' title="bbox 2064 4982 3709 5059">
    <p class='ocr_par' dir='ltr' id='par_1_59' title="bbox 2064 4982 3709 5059">
     <span class='ocr_line' id='line_1_61' title="bbox 2064 4982 3709 5059; baseline 0 -15"><span class='ocrx_word' id='word_1_481' title='bbox 2064 4995 2168 5044; x_wconf 87' lang='lat' dir='ltr'><em>ter.</em></span> <span class='ocrx_word' id='word_1_482' title='bbox 2195 4982 2294 5040; x_wconf 79' lang='lat' dir='ltr'><em>lin.</em></span> <span class='ocrx_word' id='word_1_483' title='bbox 2327 4982 2413 5048; x_wconf 81' lang='grc'><em>44,</em></span> <span class='ocrx_word' id='word_1_484' title='bbox 2447 4986 2748 5059; x_wconf 86' lang='lat' dir='ltr'><em>episcopos</em></span> <span class='ocrx_word' id='word_1_485' title='bbox 2769 4999 2868 5057; x_wconf 89' lang='lat' dir='ltr'><em>per</em></span> <span class='ocrx_word' id='word_1_486' title='bbox 2891 4987 3122 5043; x_wconf 90' lang='lat' dir='ltr'><em>diversa</em></span> <span class='ocrx_word' id='word_1_487' title='bbox 3144 4982 3403 5044; x_wconf 66' lang='lat' dir='ltr'><em>loca&#39;xzu</em></span> <span class='ocrx_word' id='word_1_488' title='bbox 3444 4982 3709 5059; x_wconf 71' lang='lat' dir='ltr'><em>(étsupra</em></span> 
     </span>
    </p>
   </div>
   <div class='ocr_carea' id='block_1_60' title="bbox 301 5056 2614 5130">
    <p class='ocr_par' dir='ltr' id='par_1_60' title="bbox 301 5056 2614 5130">
     <span class='ocr_line' id='line_1_62' title="bbox 301 5056 2614 5130; baseline -0.006 -6"><span class='ocrx_word' id='word_1_489' title='bbox 301 5066 469 5124; x_wconf 86' lang='lat' dir='ltr'><em>dotes</em></span> <span class='ocrx_word' id='word_1_490' title='bbox 488 5056 743 5122; x_wconf 77' lang='lat' dir='ltr'><em>astantes</em></span> <span class='ocrx_word' id='word_1_491' title='bbox 784 5063 870 5120; x_wconf 88' lang='lat' dir='ltr'><em>sic</em></span> <span class='ocrx_word' id='word_1_492' title='bbox 892 5056 1076 5120; x_wconf 60' lang='lat' dir='ltr'><em>&#39;missa</em></span> <span class='ocrx_word' id='word_1_493' title='bbox 1104 5061 1491 5118; x_wconf 87' lang='lat' dir='ltr'><em>celebraretur</em></span> <span class='ocrx_word' id='word_1_494' title='bbox 1514 5073 1636 5116; x_wconf 83' lang='lat' dir='ltr'><em>exc.</em></span> <span class='ocrx_word' id='word_1_495' title='bbox 1681 5060 1778 5114; x_wconf 86' lang='lat' dir='ltr'><em>lin.</em></span> <span class='ocrx_word' id='word_1_496' title='bbox 1803 5059 1858 5130; x_wconf 84' lang='lat'><em>9,</em></span> <span class='ocrx_word' id='word_1_497' title='bbox 1885 5061 1955 5117; x_wconf 88' lang='lat' dir='ltr'><em>de</em></span> <span class='ocrx_word' id='word_1_498' title='bbox 2063 5074 2234 5113; x_wconf 72' lang='lat' dir='ltr'><em>manu</em></span> <span class='ocrx_word' id='word_1_499' title='bbox 2261 5059 2440 5113; x_wconf 77' lang='lat' dir='ltr'><em>Peniac</em></span> <span class='ocrx_word' id='word_1_500' title='bbox 2466 5056 2614 5128; x_wconf 81' lang='lat' dir='ltr'><em>Vill).</em></span> 
     </span>
    </p>
   </div>
   <div class='ocr_carea' id='block_1_61' title="bbox 1629 5239 2390 5304">
    <p class='ocr_par' dir='ltr' id='par_1_61' title="bbox 1629 5239 2390 5304">
     <span class='ocr_line' id='line_1_63' title="bbox 1629 5239 2390 5304; baseline -0.005 0"><span class='ocrx_word' id='word_1_501' title='bbox 1629 5239 1876 5304; x_wconf 72' lang='lat' dir='ltr'><em>NOTE</em></span> <span class='ocrx_word' id='word_1_502' title='bbox 1923 5240 2390 5304; x_wconf 86' lang='lat' dir='ltr'><em>VARIORUM.</em></span> 
     </span>
    </p>
   </div>
   <div class='ocr_carea' id='block_1_62' title="bbox 821 5373 1437 5432">
    <p class='ocr_par' dir='ltr' id='par_1_62' title="bbox 821 5373 1437 5432">
     <span class='ocr_line' id='line_1_64' title="bbox 821 5373 1437 5432; baseline -0.003 0"><span class='ocrx_word' id='word_1_503' title='bbox 821 5375 870 5431; x_wconf 85' lang='lat' dir='ltr'><em>A</em></span> <span class='ocrx_word' id='word_1_504' title='bbox 892 5373 1437 5432; x_wconf 79' lang='lat' dir='ltr'><em>SCHELESTRATE.</em></span> 
     </span>
    </p>
   </div>
   <div class='ocr_carea' id='block_1_63' title="bbox 379 5462 1958 5534">
    <p class='ocr_par' dir='ltr' id='par_1_63' title="bbox 379 5462 1958 5534">
     <span class='ocr_line' id='line_1_65' title="bbox 379 5462 1958 5534; baseline -0.001 -14"><span class='ocrx_word' id='word_1_505' title='bbox 379 5465 552 5520; x_wconf 85' lang='lat' dir='ltr'><em>Linea</em></span> <span class='ocrx_word' id='word_1_506' title='bbox 577 5463 612 5521; x_wconf 90' lang='lat'><em>3</em></span> <span class='ocrx_word' id='word_1_507' title='bbox 631 5462 751 5521; x_wconf 78' lang='grc' dir='ltr'><strong>θι4.</strong></span> <span class='ocrx_word' id='word_1_508' title='bbox 777 5492 852 5504; x_wconf 92' lang='grc'><strong><em>-</em></strong></span> <span class='ocrx_word' id='word_1_509' title='bbox 871 5467 974 5520; x_wconf 87' lang='lat' dir='ltr'><em>Hic</em></span> <span class='ocrx_word' id='word_1_510' title='bbox 985 5467 1263 5520; x_wconf 81' lang='lat' dir='ltr'><em>constituit</em></span> <span class='ocrx_word' id='word_1_511' title='bbox 1284 5468 1344 5518; x_wconf 84' lang='lat' dir='ltr'><em>ut</em></span> <span class='ocrx_word' id='word_1_512' title='bbox 1374 5466 1434 5517; x_wconf 87' lang='lat' dir='ltr'><em>in</em></span> <span class='ocrx_word' id='word_1_513' title='bbox 1455 5466 1772 5534; x_wconf 73' lang='lat' dir='ltr'><em>praesentia.</em></span> <span class='ocrx_word' id='word_1_514' title='bbox 1797 5462 1958 5534; x_wconf 82' lang='lat' dir='ltr'><em>Legit</em></span> 
     </span>
    </p>
   </div>
   <div class='ocr_carea' id='block_1_64' title="bbox 302 5533 2993 5604">
    <p class='ocr_par' dir='ltr' id='par_1_64' title="bbox 302 5533 2993 5604">
     <span class='ocr_line' id='line_1_66' title="bbox 302 5533 2993 5604; baseline -0.001 -12"><span class='ocrx_word' id='word_1_515' title='bbox 302 5543 510 5593; x_wconf 82' lang='lat' dir='ltr'><em>auctor</em></span> <span class='ocrx_word' id='word_1_516' title='bbox 547 5536 707 5592; x_wconf 84' lang='lat' dir='ltr'><em>Libri</em></span> <span class='ocrx_word' id='word_1_517' title='bbox 752 5535 1229 5592; x_wconf 80' lang='lat' dir='ltr'><em>Pontiﬁcaliszin</em></span> <span class='ocrx_word' id='word_1_518' title='bbox 1256 5536 1566 5604; x_wconf 73' lang='lat' dir='ltr'><em>praesentia.</em></span> <span class='ocrx_word' id='word_1_519' title='bbox 1598 5533 1958 5604; x_wconf 12' lang='lat' dir='ltr'><em>,Statuitque</em></span> <span class='ocrx_word' id='word_1_520' title='bbox 2065 5537 2220 5588; x_wconf 87' lang='lat' dir='ltr'><em>nium</em></span> <span class='ocrx_word' id='word_1_521' title='bbox 2269 5535 2604 5599; x_wconf 85' lang='lat' dir='ltr'><em>clericorum,</em></span> <span class='ocrx_word' id='word_1_522' title='bbox 2653 5540 2702 5588; x_wconf 88' lang='lat' dir='ltr'><em>et</em></span> <span class='ocrx_word' id='word_1_523' title='bbox 2728 5535 2993 5590; x_wconf 85' lang='lat' dir='ltr'><em>laicorum</em></span> 
     </span>
    </p>
   </div>
   <div class='ocr_carea' id='block_1_65' title="bbox 302 5603 1954 5679">
    <p class='ocr_par' dir='ltr' id='par_1_65' title="bbox 302 5603 1954 5679">
     <span class='ocr_line' id='line_1_67' title="bbox 302 5603 1954 5679; baseline -0.002 -15"><span class='ocrx_word' id='word_1_524' title='bbox 302 5608 679 5679; x_wconf 67' lang='lat' dir='ltr'><em>upherinus,</em></span> <span class='ocrx_word' id='word_1_525' title='bbox 703 5608 1099 5679; x_wconf 88' lang='lat' dir='ltr'><em>ordinationes</em></span> <span class='ocrx_word' id='word_1_526' title='bbox 1129 5605 1354 5679; x_wconf 83' lang='lat' dir='ltr'><em>publice</em></span> <span class='ocrx_word' id='word_1_527' title='bbox 1403 5603 1733 5679; x_wconf 79' lang='lat' dir='ltr'><em>in_eccles_ia</em></span> <span class='ocrx_word' id='word_1_528' title='bbox 1764 5605 1954 5676; x_wconf 82' lang='lat' dir='ltr'><em>peragi</em></span> 
     </span>
    </p>
   </div>
   <div class='ocr_carea' id='block_1_66' title="bbox 1981 5375 2034 5435">
    <p class='ocr_par' dir='ltr' id='par_1_66' title="bbox 1981 5375 2034 5435">
     <span class='ocr_line' id='line_1_68' title="bbox 1981 5375 2034 5435; baseline 0 0"><span class='ocrx_word' id='word_1_529' title='bbox 1981 5375 2034 5435; x_wconf 92' lang='lat' dir='ltr'><strong>B</strong></span> 
     </span>
    </p>
   </div>
   <div class='ocr_carea' id='block_1_67' title="bbox 2667 5375 3109 5432">
    <p class='ocr_par' dir='ltr' id='par_1_67' title="bbox 2667 5375 3109 5432">
     <span class='ocr_line' id='line_1_69' title="bbox 2667 5375 3109 5432; baseline 0 -2"><span class='ocrx_word' id='word_1_530' title='bbox 2667 5375 3109 5432; x_wconf 71' lang='lat' dir='ltr'><em>ALTASERRE.</em></span> 
     </span>
    </p>
   </div>
   <div class='ocr_carea' id='block_1_68' title="bbox 2136 5458 3715 5534">
    <p class='ocr_par' dir='ltr' id='par_1_68' title="bbox 2136 5458 3715 5534">
     <span class='ocr_line' id='line_1_70' title="bbox 2136 5458 3715 5534; baseline 0.002 -16"><span class='ocrx_word' id='word_1_531' title='bbox 2136 5462 2290 5518; x_wconf 68' lang='lat' dir='ltr'><em>Linaa</em></span> <span class='ocrx_word' id='word_1_532' title='bbox 2318 5459 2352 5518; x_wconf 89' lang='lat'><em>3</em></span> <span class='ocrx_word' id='word_1_533' title='bbox 2376 5466 2430 5518; x_wconf 88' lang='lat' dir='ltr'><em>et</em></span> <span class='ocrx_word' id='word_1_534' title='bbox 2455 5458 2506 5516; x_wconf 87' lang='grc'><em>4.</em></span> <span class='ocrx_word' id='word_1_535' title='bbox 2529 5491 2601 5502; x_wconf 89' lang='lat'><em>-—</em></span> <span class='ocrx_word' id='word_1_536' title='bbox 2620 5464 2722 5518; x_wconf 87' lang='lat' dir='ltr'><em>Hic</em></span> <span class='ocrx_word' id='word_1_537' title='bbox 2775 5466 3058 5520; x_wconf 80' lang='lat' dir='ltr'><em>constituit</em></span> <span class='ocrx_word' id='word_1_538' title='bbox 3080 5469 3141 5520; x_wconf 88' lang='lat' dir='ltr'><em>ut</em></span> <span class='ocrx_word' id='word_1_539' title='bbox 3164 5466 3224 5520; x_wconf 88' lang='lat' dir='ltr'><em>in</em></span> <span class='ocrx_word' id='word_1_540' title='bbox 3269 5467 3565 5534; x_wconf 63' lang='lat' dir='ltr'><em>prasentia</em></span> <span class='ocrx_word' id='word_1_541' title='bbox 3592 5480 3715 5521; x_wconf 88' lang='lat' dir='ltr'><em>om-</em></span> 
     </span>
    </p>
   </div>
   <div class='ocr_carea' id='block_1_69' title="bbox 3090 5537 3707 5603">
    <p class='ocr_par' dir='ltr' id='par_1_69' title="bbox 3090 5537 3707 5603">
     <span class='ocr_line' id='line_1_71' title="bbox 3090 5537 3707 5603; baseline 0.003 -13"><span class='ocrx_word' id='word_1_542' title='bbox 3090 5537 3310 5602; x_wconf 80' lang='lat' dir='ltr'><em>delium,</em></span> <span class='ocrx_word' id='word_1_543' title='bbox 3343 5539 3454 5592; x_wconf 83' lang='lat' dir='ltr'><em>sive</em></span> <span class='ocrx_word' id='word_1_544' title='bbox 3500 5539 3707 5603; x_wconf 79' lang='lat' dir='ltr'><em>Levita,</em></span> 
     </span>
    </p>
   </div>
   <div class='ocr_carea' id='block_1_70' title="bbox 2063 5605 3713 5677">
    <p class='ocr_par' dir='ltr' id='par_1_70' title="bbox 2063 5605 3713 5677">
     <span class='ocr_line' id='line_1_72' title="bbox 2063 5605 3713 5677; baseline 0.003 -17"><span class='ocrx_word' id='word_1_545' title='bbox 2063 5609 2176 5660; x_wconf 78' lang='lat' dir='ltr'><em>sive</em></span> <span class='ocrx_word' id='word_1_546' title='bbox 2215 5605 2465 5659; x_wconf 87' lang='lat' dir='ltr'><em>sacerdos</em></span> <span class='ocrx_word' id='word_1_547' title='bbox 2513 5605 2883 5661; x_wconf 79' lang='lat' dir='ltr'><em>ordinaretur.</em></span> <span class='ocrx_word' id='word_1_548' title='bbox 2933 5605 3234 5677; x_wconf 85' lang='lat' dir='ltr'><em>Zepherini</em></span> <span class='ocrx_word' id='word_1_549' title='bbox 3289 5610 3579 5666; x_wconf 89' lang='lat' dir='ltr'><em>decretum</em></span> <span class='ocrx_word' id='word_1_550' title='bbox 3628 5619 3713 5666; x_wconf 84' lang='lat' dir='ltr'><em>est</em></span> 
     </span>
    </p>
   </div>
   <div class='ocr_carea' id='block_1_71' title="bbox 307 5671 3714 5751">
    <p class='ocr_par' dir='ltr' id='par_1_71' title="bbox 307 5671 3714 5751">
     <span class='ocr_line' id='line_1_73' title="bbox 307 5671 3714 5751; baseline 0 -15"><span class='ocrx_word' id='word_1_551' title='bbox 307 5671 482 5751; x_wconf 77' lang='lat' dir='ltr'><em>prout</em></span> <span class='ocrx_word' id='word_1_552' title='bbox 519 5671 834 5736; x_wconf 88' lang='lat' dir='ltr'><em>etiamnum</em></span> <span class='ocrx_word' id='word_1_553' title='bbox 860 5671 1216 5751; x_wconf 70' lang='lat' dir='ltr'><em>observatur.</em></span> <span class='ocrx_word' id='word_1_554' title='bbox 1246 5677 1396 5751; x_wconf 74' lang='lat' dir='ltr'><em>idem</em></span> <span class='ocrx_word' id='word_1_555' title='bbox 1446 5671 1801 5751; x_wconf 76' lang='lat' dir='ltr'><em>zephyrinus</em></span> <span class='ocrx_word' id='word_1_556' title='bbox 1832 5671 1958 5731; x_wconf 53' lang='lat' dir='ltr'><em>stal-</em></span> <span class='ocrx_word' id='word_1_557' title='bbox 2068 5683 2132 5751; x_wconf 83' lang='lat' dir='ltr'><em>ut</em></span> <span class='ocrx_word' id='word_1_558' title='bbox 2161 5677 2557 5751; x_wconf 82' lang='lat' dir='ltr'><em>ordinationes</em></span> <span class='ocrx_word' id='word_1_559' title='bbox 2599 5671 3060 5751; x_wconf 81' lang='lat' dir='ltr'><em>presbyterorum</em></span> <span class='ocrx_word' id='word_1_560' title='bbox 3093 5685 3148 5751; x_wconf 87' lang='lat' dir='ltr'><em>et</em></span> <span class='ocrx_word' id='word_1_561' title='bbox 3171 5681 3546 5738; x_wconf 86' lang='lat' dir='ltr'><em>diaconorum</em></span> <span class='ocrx_word' id='word_1_562' title='bbox 3575 5681 3714 5737; x_wconf 84' lang='lat' dir='ltr'><em>ﬂant</em></span> 
     </span>
    </p>
   </div>
   <div class='ocr_carea' id='block_1_72' title="bbox 304 5747 3709 5822">
    <p class='ocr_par' dir='ltr' id='par_1_72' title="bbox 304 5747 3709 5822">
     <span class='ocr_line' id='line_1_74' title="bbox 304 5747 3709 5822; baseline -0.001 -12"><span class='ocrx_word' id='word_1_563' title='bbox 304 5747 1147 5822; x_wconf 78' lang='lat' dir='ltr'><em>tuissedicitur,utcelebranti</em></span> <span class='ocrx_word' id='word_1_564' title='bbox 1171 5747 1440 5822; x_wconf 84' lang='lat' dir='ltr'><em>episcopo</em></span> <span class='ocrx_word' id='word_1_565' title='bbox 1457 5747 1958 5822; x_wconf 81' lang='lat' dir='ltr'><em>adstarentomnes</em></span> <span class='ocrx_word' id='word_1_566' title='bbox 2069 5749 2126 5804; x_wconf 93' lang='lat' dir='ltr'><em>in</em></span> <span class='ocrx_word' id='word_1_567' title='bbox 2153 5749 2456 5818; x_wconf 62' lang='lat' dir='ltr'><em>praesentia</em></span> <span class='ocrx_word' id='word_1_568' title='bbox 2482 5748 2621 5822; x_wconf 77' lang='lat' dir='ltr'><em>cleri</em></span> <span class='ocrx_word' id='word_1_569' title='bbox 2669 5755 2724 5822; x_wconf 87' lang='lat' dir='ltr'><em>et</em></span> <span class='ocrx_word' id='word_1_570' title='bbox 2759 5750 2960 5822; x_wconf 78' lang='lat' dir='ltr'><em>plebis,</em></span> <span class='ocrx_word' id='word_1_571' title='bbox 2994 5757 3056 5805; x_wconf 90' lang='lat' dir='ltr'><em>ut</em></span> <span class='ocrx_word' id='word_1_572' title='bbox 3078 5750 3217 5806; x_wconf 80' lang='lat' dir='ltr'><em>ﬂant</em></span> <span class='ocrx_word' id='word_1_573' title='bbox 3249 5752 3497 5808; x_wconf 87' lang='lat' dir='ltr'><em>consilio</em></span> <span class='ocrx_word' id='word_1_574' title='bbox 3541 5752 3709 5822; x_wconf 88' lang='lat' dir='ltr'><em>cleri,</em></span> 
     </span>
    </p>
   </div>
   <div class='ocr_carea' id='block_1_73' title="bbox 305 5818 3708 5892">
    <p class='ocr_par' dir='ltr' id='par_1_73' title="bbox 305 5818 3708 5892">
     <span class='ocr_line' id='line_1_75' title="bbox 305 5818 3708 5892; baseline -0.002 -8"><span class='ocrx_word' id='word_1_575' title='bbox 305 5821 634 5884; x_wconf 85' lang='lat' dir='ltr'><em>sacerdotes</em></span> <span class='ocrx_word' id='word_1_576' title='bbox 647 5819 1103 5891; x_wconf 61' lang='lat' dir='ltr'><em>istiusecclesiaa,</em></span> <span class='ocrx_word' id='word_1_577' title='bbox 1120 5820 1220 5892; x_wconf 88' lang='lat' dir='ltr'><em>qui</em></span> <span class='ocrx_word' id='word_1_578' title='bbox 1242 5819 1393 5877; x_wconf 91' lang='lat' dir='ltr'><em>ritus</em></span> <span class='ocrx_word' id='word_1_579' title='bbox 1417 5818 1732 5876; x_wconf 88' lang='lat' dir='ltr'><em>etiamnum</em></span> <span class='ocrx_word' id='word_1_580' title='bbox 1761 5832 1962 5891; x_wconf 84' lang='lat' dir='ltr'><em>perse-</em></span> <span class='ocrx_word' id='word_1_581' title='bbox 2066 5833 2304 5876; x_wconf 88' lang='lat' dir='ltr'><em>assensu</em></span> <span class='ocrx_word' id='word_1_582' title='bbox 2317 5827 2370 5875; x_wconf 90' lang='lat' dir='ltr'><em>et</em></span> <span class='ocrx_word' id='word_1_583' title='bbox 2388 5820 2720 5892; x_wconf 70' lang='lat' dir='ltr'><em>testimonio</em></span> <span class='ocrx_word' id='word_1_584' title='bbox 2740 5821 2944 5890; x_wconf 91' lang='lat' dir='ltr'><em>plebis.</em></span> <span class='ocrx_word' id='word_1_585' title='bbox 2963 5818 3708 5892; x_wconf 80' lang='lat' dir='ltr'><em>IdemtribuiturAnacleto,</em></span> 
     </span>
    </p>
   </div>
   <div class='ocr_carea' id='block_1_74' title="bbox 306 5902 487 5956">
    <p class='ocr_par' dir='ltr' id='par_1_74' title="bbox 306 5902 487 5956">
     <span class='ocr_line' id='line_1_76' title="bbox 306 5902 487 5956; baseline -0.039 0"><span class='ocrx_word' id='word_1_586' title='bbox 306 5902 487 5956; x_wconf 88' lang='lat' dir='ltr'><em>verat.</em></span> 
     </span>
    </p>
   </div>
   <div class='ocr_carea' id='block_1_75' title="bbox 2068 5887 3701 5966">
    <p class='ocr_par' dir='ltr' id='par_1_75' title="bbox 2068 5887 3701 5966">
     <span class='ocr_line' id='line_1_77' title="bbox 2068 5887 3701 5966; baseline -0.001 -17"><span class='ocrx_word' id='word_1_587' title='bbox 2068 5905 2194 5949; x_wconf 87' lang='lat' dir='ltr'><em>can.</em></span> <span class='ocrx_word' id='word_1_588' title='bbox 2224 5892 2460 5962; x_wconf 81' lang='lat' dir='ltr'><em>Reliqui.</em></span> <span class='ocrx_word' id='word_1_589' title='bbox 2487 5887 2556 5948; x_wconf 81' lang='grc'><em>67</em></span> <span class='ocrx_word' id='word_1_590' title='bbox 2583 5891 2720 5950; x_wconf 92' lang='lat' dir='ltr'><em>dist.</em></span> <span class='ocrx_word' id='word_1_591' title='bbox 2741 5887 2910 5950; x_wconf 56' lang='lat' dir='ltr'><em>&#39;ldem</em></span> <span class='ocrx_word' id='word_1_592' title='bbox 2930 5907 3092 5953; x_wconf 89' lang='lat' dir='ltr'><em>conc.</em></span> <span class='ocrx_word' id='word_1_593' title='bbox 3117 5896 3311 5953; x_wconf 86' lang='lat' dir='ltr'><em>Carth.</em></span> <span class='ocrx_word' id='word_1_594' title='bbox 3343 5909 3422 5966; x_wconf 79' lang='grc' dir='ltr'><em>ιν,</em></span> <span class='ocrx_word' id='word_1_595' title='bbox 3452 5907 3580 5950; x_wconf 89' lang='lat' dir='ltr'><em>can.</em></span> <span class='ocrx_word' id='word_1_596' title='bbox 3598 5887 3701 5950; x_wconf 63' lang='lat'><em>22:</em></span> 
     </span>
    </p>
   </div>
  </div>
