4070 6178
145 349 285 410 4309

147 566 347 626 nempe
380 567 600 626 panem,
643 555 924 626 quomedo
955 562 1190 611 vocatur
1227 569 1259 610 a
1288 555 1563 626 Gregorio
1591 558 1788 625 Magno

149 623 250 679 lib.
289 637 340 678 ιν
385 625 534 679 Dial.
577 622 627 680 (τ.
662 622 734 680 4:
773 627 920 680 Tunc
949 627 1088 681 duas
1118 643 1293 681 secum
1340 622 1669 680 oblationum
1687 622 1789 680 co-

146 711 313 749 ronas
331 696 544 750 detulit.
573 695 722 752 Olim
755 698 904 752 enim
937 699 992 752 in
1014 699 1242 754 modum
1274 698 1480 753 circuli
1507 704 1665 753 erant
1685 711 1791 766 pa—

147 767 239 821 nis
285 768 740 831 Eucharisticus,
797 769 947 838 quod
997 769 1320 824 observavit
1378 769 1789 838 Constantinus

150 837 830 910 Porphyrogennetanb.
875 853 956 894 vu
1017 841 1282 906 Themat.,
1338 841 1429 896 tit.
1482 837 1533 895 4.
1592 854 1642 894 c.
1696 839 1784 909 6):

149 929 175 961 α
207 909 472 966 Buccella
500 911 666 980 panis
689 911 984 967 diciturin
1014 913 1240 968 modum
1267 911 1476 968 circuli
1514 910 1718 966 facta.»

680 1038 842 1094 BlNll
877 1039 964 1093 ET
988 1037 1247 1105 LABBEI,

219 1143 395 1199 Linea
419 1142 474 1200 5.
501 1173 574 1184 -
601 1146 1141 1214 Utpatenasvitreas.
1159 1143 1793 1214 Sicuthistemporibus

149 1215 362 1270 vitreas
391 1223 624 1285 patenas
653 1218 709 1271 in
745 1232 853 1272 usu
878 1215 1059 1272 fuisse
1091 1216 1225 1271 hinc
1247 1223 1488 1283 constat,
1515 1217 1595 1271 ita
1621 1217 1791 1270 etiam

148 1287 382 1341 calicem
398 1288 669 1359 rvitreum,
693 1288 941 1359 ligneum
957 1334 963 1340 .
981 1294 1152 1358 atque
1168 1297 1516 1358 argenteum.
1543 1287 1645 1359 hoc
1664 1294 1795 1341 tem-

150 1372 284 1426 pore
317 1358 595 1414 usitatum
625 1358 802 1414 fuisSe
827 1359 1063 1414 aliunde
1095 1359 1385 1428 probatur.
1411 1361 1487 1413 De
1509 1358 1685 1412 calice
1708 1359 1790 1428 vi-

149 1424 269 1485 treo
300 1430 507 1485 scribit
535 1431 591 1485 S.
624 1430 936 1501 Gregorius
964 1424 1110 1500 papa
1132 1431 1232 1486 lib.
1279 1444 1318 1500 1,
1358 1429 1530 1500 Dial.,
1562 1442 1685 1499 cap.
1731 1424 1786 1482 7.

772 1555 1113 1611 BLANCHIN
1117 1559 1138 1610 Ι
1147 1595 1162 1611 .

661 1658 813 1700 NOTJE
840 1658 1251 1700 CERONOLOGICE
1262 1686 1275 1700 .

217 1735 281 1787 In
304 1732 603 1803 Zephyrini
632 1734 845 1802 epocha
883 1734 1003 1790 sive
1042 1749 1072 1790 a
1107 1735 1371 1804 picturis,
1419 1735 1538 1790 sive
1562 1747 1594 1789 a
1625 1733 1793 1790 codi—

152 1804 318 1860 cibus
349 1804 723 1860 describenda
752 1819 942 1861 errore
975 1820 1083 1862 non
1112 1806 1391 1860 dissimili
1432 1820 1496 1861 ac
1529 1805 1587 1860 in
1615 1820 1793 1874 supe-

944 351 1260 409 HISTORIA
1297 354 1387 410 DE
1424 351 1600 409 VITIS
1635 349 1804 406 ROM.
1847 350 2044 408 PONT.
2075 379 2148 390 —
2191 350 2247 405 S.
2289 349 2729 405 ZEPHERINUS.

215 479 547 537 Liuea9.—
579 480 839 536 Coronam
882 488 1266 538 consecratam.
1326 483 1784 540 Eucharisticum
1813 480 1871 541 A

3402 345 3540 405 4310

2109 483 2292 537 Mense
2316 481 2482 536 Julia.

2109 555 2206 608 Die
2236 567 2390 610 xxvr.
2413 555 2537 610 Nat.
2571 553 2666 610 SS.
2687 552 3152 622 Zephyrinipapz
3170 555 3220 606 et
3246 554 3411 604 mart.

2241 632 2289 680 et
2314 627 2542 680 Tarsiciz
2565 630 2727 679 mart.

1970 713 2244 770 Paschata
2294 716 2477 786 igitur
2507 715 2715 786 viginti
2749 713 3073 786 zepherino
3102 711 3361 786 pontiﬁci
3394 709 3547 764 cele-

1901 785 2059 841 brata
2093 786 2200 841 sub
2231 783 2466 842 totidem
2516 783 2915 861 consulatibus
2938 783 3268 861 ordinariis
3289 783 3545 861 ρει-ρους

1897 864 2106 933 strant,
2165 872 2464 933 numerum
2516 857 2885 933 superstitem
2936 855 2993 910 in
3044 854 3339 933 basilicas.
3385 851 3546 933 Pauii

1902 929 2010 983 snh
2041 931 2166 999 ejus
2203 931 2451 1001 imagine
2481 943 2548 984 ex
2583 925 2766 997 primo
2788 941 2852 982 ac
2887 925 3136 1001 secundo
3175 939 3340 979 versu
3371 925 3550 976 conti-

1901 997 2140 1058 nuatum
2182 997 2414 1058 reddere
2442 1013 2624 1056 annos
2669 1013 2856 1065 xvnu,
2906 997 3167 1053 decadem
3220 1009 3368 1055 vero.
3421 1007 3547 1062 qua:

1901 1072 2278 1146 subsequitur
2297 1087 2462 1129 versu
2487 1072 2745 1146 proximo
2765 1069 3092 1146 signiﬁcare
3113 1081 3332 1122 menses
3356 1067 3546 1120 decem

1901 1142 2119 1202 solidos
2148 1146 2399 1215 ejusdem
2431 1143 2563 1215 sedi
2583 1142 2878 1215 addendos
2908 1150 3547 1215 supra‘numerumnan—

1902 1229 2106 1272 norum
2152 1207 2486 1288 praedictum
2543 1212 2628 1281 19,
2677 1213 2839 1270 nullo
2871 1207 2998 1268 cum
3045 1210 3268 1266 dierum
3315 1207 3548 1263 addita-

1907 1296 2114 1344 mento.
2679 1301 2705 1324 ‘

1976 1360 2166 1436 Porro,
2197 1361 2244 1416 si
2273 1373 2340 1414 ex
2370 1359 2466 1436 die
2502 1357 2574 1414 26
2601 1358 2739 1414 Julii
2770 1356 2904 1436 anni
2930 1352 3054 1426 217,
3093 1369 3218 1436 qua}
3248 1351 3546 1436 Zepherini

1905 1432 2294 1499 pontiﬁcatum
2325 1438 2378 1486 et
2407 1432 2582 1486 vitam
2613 1429 2883 1498 martyrio
2913 1428 3229 1483 coronavit.
3262 1426 3547 1494 regredia-

1905 1515 2033 1557 mur
2061 1505 2117 1558 in
2143 1504 2432 1558 anteriora
2463 1516 2558 1572 per
2587 1515 2768 1556 annos
2795 1513 2959 1572 xvuii
2988 1505 3290 1572 etvmenses
3313 1569 3320 1572 Α
3345 1511 3395 1556 x,
3428 1503 3552 1572 ter:-

1908 1575 2100 1630 minus
2149 1565 2567 1630 numerationis
2603 1573 2766 1628 cadet
2814 1572 2872 1625 in
2904 1571 3055 1625 diem
3097 1569 3452 1624 Dominicam
3480 1565 3552 1622 ‘25

1900 1646 2248 1721 Septembris
2278 1646 2413 1700 anni
2471 1641 2592 1721 497,
2647 1651 2834 1713 aptam
2886 1639 3437 1721 illiusordiiiationi
3480 1638 3547 1721 ad

1901 1717 2319 1786 episcOpatum:
2356 1730 2524 1786 quam
2563 1709 2711 1770 inter
2747 1721 2800 1769 et
2828 1713 3164 1786 martyrium
3195 1710 3438 1786 Victoris
3462 1709 3552 1786 de:

1900 1780 2145 1845 cessoris
2176 1790 2289 1855 sui,
2320 1780 2677 1843 referendum
2720 1799 2786 1840 ex
2823 1780 3161 1855 prtecedenti
3193 1782 3443 1855 sectione
3479 1780 3548 1835 ad

154 1875 296 1930 riori
363 1877 784 1932 transtulerunt
846 1889 1222 1933 amanuenses
1291 1883 1504 1947 partem
1569 1851 1790 1932 numreri

1915 1861 2046 1914 liem
2079 1851 2331 1947 28‘Julii
2363 1858 2800 1947 ejusdemnanni
2827 1851 2948 1940 1196.
3002 1869 3130 1910 cum
3192 1851 3554 1908 incercedant

149 1959 430 2020 annorum
452 1948 715 2020 insedem
742 1949 1040 2006 mensium.
1074 1956 1129 2004 et
1161 1949 1437 2003 mensium
1459 1949 1623 2020 signa
1646 1955 1786 2003 retu-

151 2018 420 2072 leruntad
437 2017 758 2074 columnam
773 2020 1020 2075 dierum.
1037 2022 1093 2074 In
1126 2021 1368 2086 picturis
1385 2017 1794 2075 vetustissimis

155 2088 353 2143 szeculi
385 2090 592 2144 Leonis
621 2091 806 2161 Magni
845 2091 1166 2160 consignati
1199 2098 1361 2146 erant
1388 2093 1525 2146 anni
1562 2105 1795 2146 novem—

150 2161 333 2233 deicim
366 2167 424 2233 et
445 2173 666 2233 menses
685 2162 875 2217 decem
896 2162 950 2216 in
977 2161 1197 2233 triplici
1217 2176 1404 2225 versu,
1430 2163 1628 2233 quales
1646 2176 1796 2218 nunc

151 2231 325 2286 etiam
351 2231 422 2286 de
448 2231 706 2301 proximo
730 2232 1176 2304 inspicientibus
1204 2231 1630 2306 c0gnoscuntur

1473 2307 1642 2363 XVll.

1581 2379 1644 2432 [Ι.

1474 2449 1645 2504 ιιιΧ.

153 2518 310 2582 Sigla
334 2519 387 2574 Μ
416 2517 584 2573 index
608 2519 888 2574 mensium
918 2519 1106 2576 astatis
1143 2519 1289 2576 vitio
1319 2519 1666 2586 oblitterata,
1692 2532 1801 2578 non

147 2604 318 2645 secus
357 2603 420 2644 ac
479 2589 682 2662 litterae
728 2590 895 2646 hosce
945 2605 1212 2648 numeros
1256 2593 1653 2662 praecedentes,
1695 2592 1803 2646 de—

151 2662 494 2731 scriptorem
525 2661 728 2716 docere
765 2676 873 2716 non
923 2669 1161 2732 poterat,
1191 2661 1269 2718 ad
1296 2678 1532 2732 menses,
1585 2676 1696 2718 non
1729 2663 1796 2718 ad

148 2733 277 2787 dies
317 2732 620 2787 denarium
673 2733 973 2801 pertinere.
1028 2735 1204 2790 Ratus
1234 2744 1319 2790 est
1349 2735 1628 2804 separatis
1667 2749 1799 2789 ver-

149 2805 318 2859 sibus
337 2809 453 2859 tres
479 2817 747 2859 numeros
763 2805 1042 2874 exhiberi,
1067 2819 1346 2862 annorum
1364 2820 1484 2862 xvn
1511 2807 1566 2861 in
1590 2807 1796 2874 primo,

154 2876 436 2930 mensium
463 2889 500 2928 Il
537 2875 594 2929 in
622 2876 893 2942 secundo,
922 2877 1145 2932 dierum
1165 2892 1199 2932 χ
1219 2878 1276 2932 in
1301 2877 1491 2934 tertio.
1511 2877 1798 2932 Attribuit

154 2945 338 3015 igitur
384 2945 698 3014 Zepherino
750 2947 904 3003 sedis
948 2949 1211 3004 Romana:
1251 2963 1431 3005 annos
1475 2963 1590 3004 xvn
1636 2962 1798 3003 men—

150 3030 239 3070 ses
304 3031 364 3085 n,
427 3018 554 3072 dies
598 3033 651 3072 χ.
704 3020 863 3074 Hunc
918 3020 975 3074 in
1024 3033 1272 3076 errorem
1336 3035 1446 3076 non
1496 3020 1799 3076 incidisset

149 3087 492 3160 descriptor.
510 3089 560 3143 si
583 3091 972 3146 consuluisset
989 3092 1278 3160 catalogos
1297 3098 1801 3160 uumerantesepo-

150 3159 290 3212 chas
318 3160 607 3233 pontiﬁcis
635 3162 935 3233 Zepherini
979 3177 1076 3231 per
1103 3159 1458 3230 consulatus,
1492 3164 1640 3233 quod
1698 3159 1800 3217 nos

152 3231 550 3304 prmstitimus
593 3233 649 3286 in
720 3232 1160 3303 Prolegomenis.
1245 3231 1562 3304 Zephyrino
1627 3233 1797 3304 primi

149 3302 419 3357 consules
460 3302 796 3375 tribuuntur
827 3302 1160 3358 Saturninus
1190 3311 1240 3359 et
1265 3302 1473 3371 Gallus,
1509 3302 1802 3375 signantes

147 3383 364 3426 annum
396 3388 521 3428 serae
567 3374 783 3430 Christi
835 3377 1158 3431 communis
1211 3375 1332 3439 498,
1379 3374 1659 3432 consensu
1699 3389 1801 3430 co-

148 3443 346 3527 iiicuin
379 3452 434 3499 et
463 3446 872 3527 catalogorum.
917 3446 1102 3527 Quare
1153 3448 1506 3527 intelligitur
1553 3448 1798 3527 primum

148 3515 364 3568 Pascha
388 3517 478 3571 sui
512 3515 879 3584 pontiﬁcatus
901 3518 1096 3573 eodem
1124 3532 1273 3575 anno
1291 3515 1371 3573 ab’
1408 3519 1509 3574 illo
1554 3515 1804 3574 celebra-

153 3591 296 3653 tum,
326 3588 464 3656 quid
497 3588 742 3658 contigit
771 3589 864 3644 die
890 3591 1183 3645 Dominica
1215 3590 1250 3644 9
1285 3590 1522 3658 Aprilis.
1577 3592 1807 3646 Postre-

153 3669 307 3736 mum
380 3671 510 3736 vero
549 3659 759 3736 Pascha
793 3659 879 3736 (ei:
909 3670 1182 3736 c_onsuet_o
1203 3661 1625 3736 catalogorum,
1659 3661 1806 3736 stylo

145 3729 614 3808 jamexopositoin
628 3737 746 3785 not.
761 3731 828 3785 ad
840 3733 894 3786 S.
915 3733 1182 3808 Petrum),
1200 3729 1492 3808 Zephirini
1517 3747 1580 3801 pa
1591 3747 1669 3801 pae
1699 3729 1806 3788 Sub

154 3801 434 3879 regimine
468 3801 818 3879 celebratum
845 3804 966 3872 pari
1012 3817 1293 3879 consensu
1325 3805 1712 3879 catalogorum
1751 3812 1805 3860 et

152 3870 440 3944 codicum,
486 3874 585 3942 qui
630 3870 983 3928 mutili—non
1033 3876 1170 3944 sint,
1221 3870 1558 3930 enuntiatur
1594 3889 1802 3944 consu-

153 3939 313 4020 libus
329 3939 596 4020 frwsehte
615 3950 664 3997 ct
693 3946 995 4020 Emtricaio,
1021 3939 1170 4020 quod
1197 3945 1405 4020 indicit
1434 3959 1581 4020 anno
1609 3943 1715 4020 217
1743 3947 1803 4002 in

153 4011 305 4085 diem
328 4015 685 4070 Dominicam
721 4014 786 4070 43
809 4011 1054 4083 Aprilis."
1081 4017 1413 4071 Consularis
1447 4018 1626 4085 igitur
1643 4018 1804 4072 chro-

157 4083 387 4158 nologia
401 4086 773 4156 demonstrat,
790 4088 998 4158 viginti
1024 4088 1293 4142 Paschata
1316 4083 1802 4157 pontiliciZephe—

157 4155 290 4212 rino
307 4169 429 4211 esse
441 4155 787 4228 assignanda
803 4176 815 4212 :
834 4155 959 4228 qua;
971 4171 1150 4214 annos
1163 4155 1544 4214 novemdecim
1560 4155 1800 4227 solidos,

151 4239 216 4300 ac
286 4233 553 4300 praeterea
623 4243 842 4300 menses
892 4229 1217 4299 complures
1271 4233 1608 4300 requirunt;
1672 4245 1801 4287 cum

149 4296 355 4373 beatus
382 4299 755 4373 istepontifex
792 4301 963 4355 vitam
1000 4296 1335 4370 produxerit
1353 4296 1664 4371 postillius
1699 4318 1807 4373 po-

149 4371 353 4423 stremi
384 4371 678 4426 Paschatis
698 4372 846 4427 diem
884 4387 982 4441 per
998 4387 1217 4428 menses
1251 4379 1366 4427 tres
1396 4380 1451 4428 et
1471 4375 1645 4429 semis
1667 4371 1802 4436 fere,

150 4453 356 4510 nempe
397 4455 577 4512 usque
609 4444 676 4496 ad
711 4444 862 4498 diem
898 4442 968 4498 ‘26
994 4444 1132 4498 Julii
1169 4443 1409 4499 natalem
1454 4444 1618 4500 illius
1650 4459 1802 4499 mar-

150 4513 317 4586 tyri‘i,
353 4513 432 4566 ita
453 4513 736 4586 signatam
782 4516 839 4568 in
863 4521 1084 4586 vetusto
1115 4515 1304 4584 lapide
1330 4516 1465 4571 noni
1495 4517 1690 4570 saeculi
1717 4516 1806 4586 (ut

147 4595 216 4636 ex
253 4581 436 4657 forma
468 4581 862 4640 characterum
921 4585 1084 4640 illius
1127 4581 1313 4640 aetatis
1341 4587 1642 4657 colligitur
1667 4581 1802 4655 spe-

143 4655 359 4709 ctando
379 4655 438 4707 in
477 4669 688 4723 pronao
716 4657 1153 4721 monasteriiSS.
1179 4657 1447 4723 Stephani
1467 4655 1522 4712 et
1540 4659 1801 4714 Silvestri

150 4725 207 4778 in
225 4726 442 4794 Campo
464 4727 690 4799 Martio,
718 4729 926 4799 siveiin
961 4728 1135 4783 titulo
1159 4729 1212 4782 S.
1242 4727 1502 4799 Silvestri
1531 4730 1588 4783 in
1615 4731 1802 4799 capite

147 4801 506 4864 nuncupato.
536 4798 746 4852 Paulus
773 4801 791 4853 Ι
821 4798 984 4854 illius
1013 4799 1341 4854 monasterii
1369 4797 1637 4856 fundator
1664 4797 1800 4856 dum

143 4868 423 4922 conderet
440 4869 731 4924 monachis
743 4871 1082 4938 oratorium,
1097 4871 1223 4926 etin
1241 4884 1304 4925 eo
1327 4869 1631 4926 collocaret
1646 4886 1802 4927 mar-

145 4945 341 5011 tyrum
367 4939 750 5008 complurium
772 4941 1072 5010 reliquias,
1101 4955 1342 5011 quorum
1363 4941 1647 4996 natalitiis
1673 4944 1804 4998 die-

143 5009 256 5064 bus
270 5017 393 5064 erat
411 5011 681 5065 memoria
694 5009 1054 5078 celebranda,
1073 5009 1131 5066 in
1149 5027 1319 5067 causa
1345 5011 1476 5078 lnit,
1507 5014 1803 5082 utduplici

140 5081 348 5136 tabula
379 5095 690 5138 marmorea
728 5083 1121 5138 inciderentur
1153 5083 1286 5139 hinc
1315 5090 1637 5140 sanctorum
1671 5081 1806 5140 inde

138 5158 481 5208 sanctarum
515 5153 769 5222 nomina,
797 5161 852 5210 et
877 5155 1164 5224 natalitia,
1203 5155 1308 5210 hoc
1339 5156 1511 5212 titulo
1556 5157 1803 5226 praeﬁxo.

249 5243 319 5297 In
358 5243 575 5295 nomine
607 5245 841 5296 Domini.
891 5244 1020 5298 Haec
1058 5249 1136 5296 est
1183 5245 1380 5298 notitia
1426 5246 1806 5301 natalitio-rum

351 5317 667 5367 sanctorum
692 5315 778 5367 hic
806 5315 1273 5385 requiescentium.

359 5385 542 5438 Mense
568 5387 837 5439 Januario

352 5457 452 5510 Die
483 5469 566 5510 ιιι.
598 5457 817 5513 Natalis
843 5457 898 5513 S.
933 5458 1170 5512 Antheri
1200 5473 1381 5528 papae,
1412 5463 1514 5512 etc.

143 5545 534 5617 Diﬁ‘eramad
588 5559 886 5602 numerum
927 5547 1086 5602 Pauli
1122 5549 1143 5602 Ι
1186 5547 1468 5617 integrum
1527 5546 1630 5601 hoc
1683 5562 1804 5602 me-

140 5630 334 5672 nteum
357 5615 651 5685 exhibere,
673 5631 802 5672 cum
825 5619 894 5672 de
916 5617 1253 5674 fundatione
1279 5615 1452 5686 hujus
1469 5619 1802 5674 monasterii

137 5701 203 5743 ac
243 5686 412 5742 tituli
447 5701 633 5743 sermo
672 5689 906 5744 incidet.
940 5689 1091 5745 Satis
1136 5689 1311 5744 fuerit
1341 5701 1495 5743 nunc
1524 5689 1802 5758 indicare,

136 5773 293 5828 opus
324 5771 449 5813 esse
484 5759 830 5828 proximum,
871 5769 973 5816 aut
996 5775 1212 5830 suppar
1252 5760 1412 5817 illius
1449 5761 1630 5815 aetati:
1661 5768 1714 5817 et
1744 5763 1803 5817 in

133 5845 201 5886 eo
239 5829 552 5904 perspicue
582 5829 716 5904 legi,
753 5832 995 5904 natalem
1025 5829 1180 5903 papa:
1203 5845 1270 5888 ac
1291 5833 1559 5904 martyris
1585 5833 1805 5904 Zephe-

137 5901 262 5957 rini
298 5901 518 5971 pariari
533 5900 663 5957 cum
679 5903 775 5958 die
792 5900 1049 5958 29Julii.

1905 1945 2127 1986 menses
2147 1932 2262 1987 duo
2287 1929 2462 1985 ferme
2482 1929 2679 1995 solidi,
2704 1929 2955 1998 spatium
2979 1939 3208 1996 quoque
3233 1935 3550 1994 congruum

1903 2003 2224 2058 vacationis
2252 2003 2515 2058 Romana:
2547 2001 2701 2056 sedis
2736 1999 3124 2068 iniercipitur.

1977 2093 2057 2146 Ex
2109 2091 2412 2147 consulum
2468 2095 2656 2146 autem
2709 2090 2859 2145 serie
2913 2103 2978 2144 ac
3021 2085 3376 2154 nominibus,
3428 2097 3555 2154 quas

1906 2163 2342 2238 amanue_nsium
2379 2163 2603 2217 incuria
2629 2159 2936 2217 difﬁcilius
2969 2158 3279 2238 permutari
3299 2161 3556 2238 possunt

1908 2248 2074 2305 quam
2110 2235 2274 2304 signa
2304 2247 2690 2300 numerorum,
2722 2247 2843 2289 esse
2874 2226 3266 2307 corrigendum
3298 2227 3354 2282 in
3387 2226 3558 2307 codi—

1909 2301 2076 2379 cibus
2104 2301 2384 2379 annorum
2417 2319 2718 2379 summam,
2752 2319 2877 2375 qua:
2897 2302 3315 2379 descriptorum
3347 2301 3556 2379 erratis

1911 2376 2313 2452 frequentibus
2367 2381 2452 2432 est
2491 2371 2786 2452 obnoxia;
2810 2388 2985 2452 supra
3024 2374 3155 2452 jam_
3187 2371 3454 2452 dixeram
3495 2371 3554 2422 in

1913 2443 2067 2505 notis
2095 2449 2162 2504 ad
2190 2449 2430 2517 Cletum,
2459 2454 2515 2503 et
2541 2449 2600 2502 in
2624 2443 2957 2502 Prmfatione
2982 2443 3193 2514 prioris
3212 2443 3349 2498 tomi
3372 2445 3557 2517 ostenf

1912 2521 2102 2596 deram
2137 2521 2391 2596 numeris
2422 2516 2512 2575 ⁷26
2567 2533 2632 2596 ac
2679 2517 3040 2596 32.‘Adde_re
3090 2521 3276 2571 tamen
3310 2516 3558 2596 oportet

1913 2591 2312 2661 superioribus
2337 2591 2674 2666 observatis,
2719 2589 3107 2666 hanchetiam
3166 2584 3555 2666 providentem

1910 2658 2105 2718 curam
2138 2678 2264 2734 quae
2290 2661 2685 2735 compluribus
2709 2660 2978 2735 conciliis
2994 2658 3294 2735 aptissima
3321 2658 3443 2735 visa
3471 2659 3558 2735 est

1907 2725 2339 2807 adimemoriam
2372 2725 2647 2802 te'mporis
2673 2732 2814 2787 certi
2867 2725 3226 2807 liberandam
3283 2725 3353 2807 ab
3401 2725 3556 2780 omni

1907 2806 2290 2878 dubitatione.
2324 2813 2383 2860 ut
2413 2799 2612 2874 nempe
2640 2809 3023 2878 apponeretur
3051 2802 3108 2878 in
3139 2799 3354 2878 litteris
3396 2809 3561 2878 com:-

1908 2877 2284 2952 probantibus
2307 2884 2532 2952 tempus
2548 2871 2941 2952 ordinationis
2971 2871 3430 2952 uniuscujusque
3447 2871 3560 2947 epi-

1906 2939 2063 3018 scopi
2099 2963 2300 3003 nomen
2326 2939 2812 3020 con'sulatusmiist
2839 2957 3017 3020 canon
3065 2941 3309 3020 concilii
3329 2939 3561 3020 Milevi-

1907 3007 2029 3076 tani
2055 3020 2299 3074 Arcadio
2330 3026 2385 3074 et
2417 3019 2665 3074 Honorio
2695 3018 2737 3072 V
2763 3030 2932 3080 coss.,
2958 3012 3174 3069 Christi
3206 3007 3328 3074 402,
3375 3010 3560 3079 signa-

1911 3099 2004 3146 tus
2037 3103 2434 3162 numero‘xmx
2482 3090 2538 3142 in
2572 3089 2767 3162 codice
2797 3084 3560 3162 Graeco-Latinoﬁcanonum

1911 3162 2176 3217 Ecclesim
2220 3159 2522 3223 Africanae,
2577 3159 2672 3214 ubi
2715 3159 2828 3213 haec
2878 3157 3173 3226 leguntur:
3223 3153 3453 3215 Placuit,
3504 3153 3563 3202 ut

1833 3204 1880 3265 Ο
1911 3237 2216 3302 quicunque
2271 3204 2522 3300 deinceps,
2571 3231 2640 3283 ab
2698 3204 2977 3302 episcopi;
3017 3226 3404 3302 ordinarentur:
3464 3235 3562 3302 per

1907 3293 2220 3373 in'ovinc'ias
2269 3293 2593 3370 Africanas,
2629 3293 3224 3373 li'tterasaccipt'antab
3274 3293 3562 3373 ordinato-

1908 3368 2062 3430 ribus
2105 3376 2236 3437 suis,
2271 3368 2439 3428 manu
2468 3388 2649 3427 eorum
2677 3372 2999 3439 concriptas,
3059 3368 3390 3439 continentes
3427 3377 3565 3439 conf

1911 3448 2080 3500 sulem
2105 3452 2157 3501 et
2185 3431 2344 3510 diem,
2375 3449 2434 3499 ut
2463 3444 2619 3499 nulla
2641 3431 2924 3498 altercatio
2950 3431 3014 3496 de
3043 3435 3448 3510 posterioribus,
3479 3431 3563 3487 uel

1912 3517 2276 3572 anterio‘ribus
2306 3519 2540 3571 oriatur.

1988 3605 2388 3663 Prxescribitur
2420 3617 2620 3660 nomen
2665 3601 2926 3676 consulis
2960 3598 3328 3676 indicandum
3370 3594 3565 3676 potius

1918 3692 2085 3748 quam
2112 3691 2384 3733 numerus
2407 3689 2686 3751 annorum
2714 3673 3098 3751 imperatoris,
3127 3668 3353 3751 quando
3370 3668 3566 3751 agitur

1915 3743 1985 3806 de
2009 3763 2195 3818 epocaa
2228 3748 2729 3821 prmservationea
2754 3743 3007 3814 periculo
3044 3743 3412 3821 mutationis,
3435 3749 3563 3821 cum

1918 3808 2180 3892 notarum
2209 3808 2597 3892 numeralium
2633 3808 2838 3872 vitiosa
2885 3813 3179 3892 expressio
3233 3811 3407 3892 unius
3444 3808 3566 3892 elef-

1918 3893 2099 3966 menti
2149 3890 2273 3946 labe
2312 3890 2654 3966 gravissima
2703 3901 2826 3944 esse
2874 3887 3057 3966 possit
3098 3885 3268 3966 etiam
3307 3885 3369 3966 in
3395 3885 3568 3966 annis

1918 3963 2244 4033 principum
2277 3955 2697 4033 signiﬁcandis,
2733 3973 2858 4033 qua:
2883 3960 2940 4013 in
2978 3955 3312 4033 nominibus
3351 3963 3568 4033 consu-

1916 4023 2031 4091 ium
2067 4023 2459 4102 eiprimeﬁdis
2505 4023 2766 4101 plurium
2795 4030 3120 4086 litterarum
3149 4023 3569 4082 deformatione

1915 4107 2108 4178 perﬁci
2135 4111 2357 4160 tantum
2401 4104 2565 4160 valet.

1985 4197 2097 4250 Hoc
2148 4201 2361 4261 autem,
2407 4193 2558 4264 quod
2608 4192 2926 4249 Milevitani
2969 4193 3164 4246 Patres
3215 4191 3481 4264 statuunt
3508 4185 3568 4241 in

1914 4260 2384 4323 ordinationibus
2425 4260 2832 4335 episcoporum
2883 4277 3006 4319 esse
3051 4260 3457 4335 praestandum,
3501 4271 3570 4312 ex

1914 4339 2091 4394 veteri
2140 4333 2804 4406 disciplina‘acce‘ptum
2860 4349 2891 4390 a
2935 4349 2994 4390 se
3043 4333 3403 4406 proﬁtentur,
3439 4341 3568 4384 cum

1914 4415 2174 4465 asserant
2202 4409 2566 4477 superiorum
2613 4407 2992 4463 conciliorum
3029 4407 3254 4477 decreta
3291 4416 3323 4456 a
3367 4415 3426 4455 se
3474 4413 3571 4454 re-

1916 4481 2134 4553 novari.
2157 4483 2246 4553 iEt
2280 4475 2700 4553 ‘certei_no_mina
2738 4479 3040 4553 consulum
3091 4475 3297 4553 passim
3329 4484 3572 4553 appone-

1914 4552 2126 4607 bantur
2152 4552 2211 4606 in
2241 4550 2509 4606 Ecclesiis
2525 4549 2995 4605 Occidentalibus
3022 4544 3131 4601 non
3167 4544 3331 4599 modo
3353 4544 3570 4610 episco-

1917 4636 2116 4694 porum
2139 4623 2365 4696 epochae
2397 4621 2787 4696 insepulcris,
2818 4620 2991 4696 uti‘ex
3023 4617 3252 4696 Nolana:
3303 4612 3570 4696 Ecclesia:

1916 4687 2302 4750 monumentis
2331 4687 2568 4746 exhibui
2596 4692 2653 4744 in
2701 4689 3034 4744 Prmfatione
3059 4687 3198 4742 tomi
3244 4687 3414 4755 primi
3455 4696 3571 4738 nu—

1915 4780 2068 4822 mero
2119 4763 2190 4818 29
2250 4763 2399 4832 quod
2459 4774 2678 4830 possem
2734 4759 3002 4832 pluribus
3061 4758 3420 4821 conﬁrmare,
3471 4758 3568 4813 sed

1912 4839 2082 4893 etiam
2135 4835 2194 4888 in
2241 4830 2475 4888 levioris
2528 4832 2795 4887 momenti
2847 4830 3024 4902 gestis
3064 4839 3210 4902 notae
3250 4836 3569 4896 temporum

1913 4905 2367 4981 distinguendis.
2423 4906 2607 4958 Romae
2651 4900 3061 4981 autem'quam
3116 4900 3384 4981 frequens
3429 4913 3570 4981 usus

1916 4973 2475 5036 fuerit'consulatus
2508 4981 2654 5029 nota:
2697 4974 3044 5042 apponenda:
3078 4986 3186 5028 non
3216 4973 3382 5026 modo
3411 4973 3570 5026 viro-

1918 5065 2042 5106 rum
2068 5049 2385 5104 illustrium
2419 5045 2724 5114 sepulcris,
2752 5047 2848 5100 sed
2885 5045 3055 5100 etiam
3080 5044 3402 5114 vulgarium
3435 5055 3572 5113 quo-

1918 5134 2180 5189 rumque,
2204 5126 2258 5174 et
2281 5119 2424 5186 ipsis
2448 5116 2732 5172 infantum
2765 5117 2992 5185 loculis,
3017 5117 3165 5189 apud
3185 5115 3566 5189 Christianos,

1921 5185 2231 5260 martyrum
2259 5185 2582 5245 cmmeteria
2622 5189 2944 5244 luculenter
2969 5187 3298 5244 ostendunt.
3338 5185 3573 5242 Refere—

1917 5259 2128 5319 bantur
2180 5275 2310 5316 vero
2357 5260 2537 5316 multo
2576 5260 2922 5331 diligentius
2972 5260 3030 5316 in
3075 5259 3209 5314 Acta
3259 5264 3568 5331 martyrum

1914 5335 2134 5406 (quales
2163 5339 2299 5388 sunt
2326 5331 2626 5406 pontiﬁces
2651 5330 2721 5386 de
2745 5331 2962 5406 quibus
2993 5330 3307 5406 loquimur)
3337 5337 3569 5406 a_nota-

1917 5401 2024 5462 riis
2052 5401 2523 5493 re'gio‘nariis‘per
2555 5402 2897 5493 Clementem
2932 5402 3242 5484 institutis,
3276 5409 3331 5456 et
3369 5401 3427 5456 in
3449 5415 3573 5493 ‘re-

1915 5484 2071 5550 gesta
2106 5473 2386 5550 Ecclesia},
2413 5481 2534 5531 tum
2559 5474 2953 5550 ordinationes
2973 5473 3395 5550 episcoporum,
3449 5479 3569 5528 tum

1914 5544 2086 5604 etiam
2114 5547 2456 5602 clericorum
2478 5545 2766 5615 cujusque
2800 5545 3026 5600 ordinis
3068 5544 3475 5613 promotiones,
3510 5551 3574 5598 ut

1914 5635 1980 5675 ex
2035 5619 2250 5688 epocba
2301 5617 2532 5672 illorum
2597 5617 2909 5671 ministerii
2955 5615 3187 5685 provehi
3242 5623 3471 5684 possent
3499 5615 3566 5688 ad

1915 5691 2178 5745 altiorem
2202 5689 2438 5760 gradum
2469 5690 2633 5756 juxta
2666 5688 2894 5760 regulas
2921 5689 3171 5760 Patrum.
3209 5687 3324 5742 Prae
3345 5687 3570 5760 caeteris

1916 5775 2045 5817 vero
2070 5774 2182 5815 aera
2210 5758 2339 5816 novi
2365 5759 2982 5832 pontiﬁcisconsulatu
3024 5767 3080 5813 et
3102 5758 3197 5813 die
3228 5765 3350 5832 erat
3375 5759 3568 5832 signi-

1916 5833 2154 5898 ﬁcanda,
2186 5838 2250 5887 ut
2281 5828 2410 5887 inde
2431 5830 2683 5900 judicari
2731 5828 2967 5885 facilius
3002 5836 3191 5899 posset
3227 5830 3298 5886 de
3333 5828 3571 5886 veritate

1914 5903 2308 5976 formatarum,
2332 5901 3126 5973 decretorum,epistolarum,
3159 5916 3287 5973 qua:
3316 5903 3384 5958 ad
3419 5901 3565 5956 alias
