4052 6178
161 266 308 326 4343

965 259 1283 318 HISTORIA
1318 262 1408 318 DE
1449 262 1619 319 VlTlS
1659 261 1825 320 ROM.
1867 262 2067 320 PONT.
2101 293 2171 305 —
2195 263 2256 320 S.
2311 262 2763 319 ZEPHBRINUS.

3429 264 3571 326 4344

159 383 528 463 nitibuslib.
560 397 601 463 i,
626 397 748 455 cap.
772 382 826 455 5,
845 387 958 463 art.
978 382 1033 453 5,
1057 397 1179 463 eam
1207 386 1498 463 tantopere
1520 395 1817 463 commen-
1841 383 1975 445 Aet
2004 384 2361 463 circumacti,
2394 399 2460 444 ac
2503 385 2789 457 suppositi
2822 385 3064 444 luminis
3102 389 3435 463 undequave
3467 399 3562 454 in-

158 459 323 514 dant.
355 456 458 512 Illa
490 453 678 512 autem
700 453 842 512 cura
861 461 917 512 et
937 456 1198 512 anxietas
1227 453 1492 511 Ecclesia
1516 453 1812 512 catholica

159 541 466 600 perennem
516 527 681 600 ﬁdem
728 527 1100 600 comprobant
1146 535 1344 600 contra
1391 526 1667 583 sectarios
1715 540 1815 600 re_-

157 597 354 657 centes
385 600 446 655 in
486 599 809 655 conﬁtenda
848 597 1064 655 Christi
1099 599 1327 653 Domini
1362 600 1664 669 prasentia
1701 597 1810 654 sub

156 671 515 728 consecratis
539 670 860 741 speciebus.
891 690 916 722 α
948 670 1402 726 Constitutiones
1435 671 1585 740 illas,
1618 670 1814 740 inquit

156 743 254 815 (de
274 743 590 799 reverentia
611 757 744 814 erga
774 741 1146 815 sacriﬁcium,
1170 754 1236 797 ac
1255 741 1325 815 de
1351 743 1516 798 modo
1536 742 1809 815 expiandi

159 813 420 870 defectus
450 815 514 869 in
545 816 670 884 ipso
687 813 1100 883 occurrentes),
1133 827 1201 869 ex
1241 813 1508 884 primava
1546 813 1813 869 Ecclesia

159 887 479 942 traditione
507 885 577 940 ad
612 899 716 941 nos
749 886 1072 955 pervenisse
1102 886 1253 941 haud
1295 899 1442 954 agre
1481 883 1814 940 fatebuntur

157 958 298 1028 (ipsi
340 957 572 1012 sectarii
608 957 708 1028 qui
743 958 908 1014 modo
948 959 1172 1028 negant)
1201 957 1250 1012 si
1287 956 1369 1012 vel
1417 957 1708 1013 tantillum
1741 955 1810 1011 ad

160 1028 266 1084 illa
312 1029 658 1084 Tertulliani
709 1028 878 1084 verba
919 1029 978 1084 in
1025 1028 1176 1084 libro
1223 1029 1295 1084 de
1331 1029 1551 1084 Corona
1602 1028 1814 1083 militis

159 1113 288 1170 cap.
318 1098 371 1167 3,
405 1101 661 1155 animum
687 1100 1014 1155 reﬂectant:
1051 1120 1077 1151 α
1107 1099 1319 1156 Calicis
1348 1105 1405 1155 et
1435 1100 1598 1170 panis
1631 1100 1813 1156 nostri

163 1191 191 1223 α
223 1171 448 1242 aliquid
475 1171 668 1227 decuti
697 1173 758 1226 in
785 1177 993 1227 terram
1013 1171 1185 1227 anxie
1211 1173 1481 1242 patimur.
1513 1189 1537 1220 ι)
1559 1171 1671 1227 Nec
1698 1173 1816 1226 mi-

162 1244 290 1298 nori
312 1242 773 1314 consideratione
799 1242 974 1314 digna
993 1248 1130 1299 sunt
1147 1256 1211 1299 ea
1233 1257 1359 1314 qua
1382 1242 1589 1298 scribit
1607 1243 1816 1314 Orige-

161 1327 284 1383 nes,
333 1313 576 1368 homilia
610 1311 676 1370 43
716 1315 775 1370 in
805 1311 1060 1369 Eiodnm
1091 1333 1104 1369 :
1141 1335 1168 1366 α
1200 1311 1415 1382 Nostis,
1461 1315 1675 1384 inquit,
1709 1311 1810 1384 qui

163 1403 190 1436 α
232 1385 454 1440 divinis
480 1385 768 1454 mysteriis
798 1387 1071 1441 interesse
1095 1385 1497 1454 consuevistis,
1527 1386 1811 1456 quomodo

163 1475 191 1507 α
234 1470 363 1512 cum
390 1456 697 1526 suscipitis
721 1470 931 1524 corpus
960 1457 1212 1527 Domini,
1245 1471 1374 1512 cum
1402 1457 1558 1512 omni
1587 1456 1810 1512 cautela

164 1546 193 1578 α
234 1533 291 1583 et
317 1527 681 1583 veneratione
719 1528 979 1596 servatis,
1021 1532 1077 1582 et
1108 1541 1177 1583 ne
1215 1541 1283 1584 ex
1325 1541 1390 1584 eo
1422 1540 1621 1596 parum
1665 1527 1805 1598 quid

173 1618 200 1649 α
241 1598 488 1664 decidat,
520 1611 586 1653 ne
610 1599 926 1654 consecrati
960 1599 1215 1654 muneris
1234 1599 1458 1668 aliquid
1490 1598 1803 1654 dilabatur.

164 1688 192 1720 α
235 1671 378 1741 Reos
406 1669 560 1724 enim
592 1683 690 1726 vos
714 1683 838 1726 esse
866 1670 1124 1737 creditis,
1154 1670 1204 1724 si
1238 1671 1376 1741 quid
1411 1670 1544 1725 inde
1577 1683 1673 1739 per
1703 1683 1808 1725 ne-

1919 456 2259 514 vestigandi.

1989 527 2124 583 Inde
2167 528 2680 607 factumarbitror,
2708 534 2777 607 ut
2805 527 3106 607 aliquibus
3153 534 3442 607 episcopis
3471 543 3566 598 vi—

1920 601 2038 653 trea
2066 602 2332 657 materies
2349 601 2527 658 electa
2547 601 2627 657 sit
2645 602 2816 657 etiam
2843 600 2901 655 in
2924 601 3100 658 calice
3119 600 3563 670 ad'sacri'ﬁcium

1920 670 2264 752 adhibendo,
2314 687 2437 752 non
2457 679 2694 752 tantum
2725 673 2920 729 studio
2974 679 3350 752 paupertatis,
3397 697 3566 752 quam

1921 742 2102 818 anxia
2120 743 2294 818 hujus
2309 744 2732 818 sollicitudinis
2756 758 2950 814 causa,
2977 742 3103 818 qua
3127 742 3347 818 inquiri
3368 742 3570 812 etcon-

1923 814 2075 886 sumi
2095 815 2346 883 postulat
2365 817 2650 886 quidquid
2677 814 3110 872 consecratibne
3131 814 3467 879 conversum
3484 833 3571 882 est

1926 883 1984 964 in
2011 898 2221 964 corpus
2252 894 2307 942 et
2329 883 2949 964 sa’ngui'ueniDomini.
2978 888 3311 964 celebratur
3335 897 3566 964 quidem

1926 953 1983 1009 in
2013 929 2223 1029 ma;
2253 929 2952 1029 ἒῇἷὲίὸῖῖἓῗῆίέὧιῖἱὶιίί
2980 929 3572 1024 Ξᾶ’”ιῖἱι“ἐὶἶὲυ“ἶιὶ“ἔξιίἶ

1923 1027 2190 1110 ctusille
2229 1027 2536 1110 episcopus
2581 1027 2901 1110 Tolosanus
2947 1033 3179 1110 nomine
3219 1036 3566 1110 Exuperius,

1925 1097 2305 1172 plurimarum
2335 1097 2612 1156 virtutum
2640 1101 2932 1171 laudibus,
2956 1103 3052 1158 sed
3079 1097 3385 1172 prasertifn
3409 1097 3570 1166 evan1

1924 1169 2119 1249 gelica
2151 1173 2732 1249 paupertatisstudio
2761 1169 3211 1249 commendatus,
3231 1178 3313 1249 de
3343 1194 3456 1249 quo
3490 1182 3568 1238 ita

1922 1240 2160 1296 scribit:
2193 1262 2218 1314 ᾳ
2244 1240 2336 1314 Nil
2366 1243 2469 1300 illo
2493 1243 2696 1312 ditius,
2721 1245 2822 1314 qui
2846 1258 3056 1314 corpus
3083 1240 3311 1303 Domini
3337 1240 3396 1305 in
3415 1253 3568 1308 cani-

1920 1313 2240 1385 stro‘sumit
2259 1313 2529 1385 vimineo,
2556 1313 2891 1385 sanguinem
2919 1313 3104 1384 portat
3127 1317 3186 1371 in
3210 1320 3378 1376 vitro.
3412 1342 3436 1372 η
3461 1323 3565 1380 Sed

1921 1381 2074 1458 card.
2097 1385 2377 1458 Baronins
2399 1385 2457 1440 in
2485 1381 3052 1458 n'otisilllartyrologii
3075 1389 3142 1443 ad
3167 1390 3316 1445 diem
3340 1405 3416 1448 vn
3437 1395 3491 1449 Id
3504 1411 3570 1451 us

1918 1452 2186 1536 Aug-usti,
2212 1461 2269 1511 et
2287 1457 2602 1536 Severanns
2629 1452 3083 1536 Romasubtérr.
3110 1459 3212 1514 lib.
3235 1475 3314 1536 vi,
3332 1477 3457 1534 cap.
3481 1464 3569 1536 48,

1919 1525 2020 1592 qui
2043 1527 2145 1580 hoc
2162 1527 2487 1596 exemplum
2507 1534 2823 1596 recensent,
2847 1529 3156 1585 ostendunt
3173 1525 3343 1588 etiam
3368 1525 3571 1594 vitreis

1919 1608 2066 1674 sape
2086 1596 2372 1674 calicibus
2397 1603 2508 1652 tam
2531 1599 2823 1674 apostolos
2849 1613 2980 1657 usos
3001 1599 3203 1674 fuisse,
3229 1618 3399 1674 quam
3423 1621 3571 1664 com-

1919 1665 2116 1735 plures
2155 1669 2456 1744 episcopos
2487 1665 2920 1744 tat—sacerdotes
2964 1685 3061 1740 per
3089 1665 3314 1744 aliqu‘ot
3357 1679 3568 1735 sacnla

165 1758 194 1791 α
236 1739 572 1816 gligentiam
601 1741 847 1796 de‘cidat.
880 1759 906 1791 ››
941 1742 1125 1816 Igitur
1152 1755 1216 1796 ex
1248 1739 1605 1816 Tertulliano
1641 1743 1808 1816 anscie
1840 1741 1889 1801 B
1915 1744 2238 1816 consecuta,
2264 1740 2400 1795 licet
2423 1741 2595 1816 etiam
2623 1742 2956 1816 promiscue
2966 1739 3273 1816 uterentur
3301 1751 3568 1816 pretiosis

163 1812 530 1879 patiebantur
579 1825 685 1867 suo
733 1819 1005 1882 tempore,
1052 1812 1156 1868 hoc
1194 1818 1281 1868 est
1325 1812 1558 1868 ineunte
1599 1813 1808 1869 saculo

162 1882 357 1954 tertio,
385 1883 806 1954 Christiani,isi
837 1884 974 1954 quid
1002 1896 1069 1939 ex
1108 1883 1472 1940 Eucharistia
1505 1885 1561 1938 in
1599 1890 1808 1940 terram

159 1953 453 2026 decideret
472 1960 574 2026 ;_et
611 1967 680 2009 ex
716 1953 961 2026 Origene
997 1970 1115 2009 reos
1139 1968 1202 2010 se
1237 1969 1361 2010 esse
1398 1955 1720 2024 credebant,
1754 1960 1810 2011 et

158 2029 302 2078 recte
329 2024 651 2093 credebant,
684 2026 735 2080 si
769 2024 998 2096 quando
1028 2026 1083 2081 id
1127 2040 1226 2096 per
1263 2026 1667 2096 negligentiam
1707 2041 1811 2082 ac—

158 2096 418 2168 cidisset.
447 2097 650 2151 Verum
672 2111 798 2168 qua
820 2098 1045 2152 tandem
1068 2102 1239 2152 tanta
1257 2098 1570 2154 anxietatis
1593 2111 1767 2154 causa
1781 2099 1810 2154 ἵ

157 2165 299 2235 Qua
327 2167 517 2236 culpa,
565 2165 715 2238 quod
747 2170 966 2224 crimen
1009 2183 1126 2223 reos
1155 2171 1552 2239 constitueret,
1587 2176 1642 2225 et
1669 2175 1810 2226 recte

157 2239 572 2311 constitueret,
600 2239 650 2293 si
688 2246 892 2308 prater
924 2252 1119 2309 panem
1162 2245 1219 2296 et
1258 2240 1454 2296 vinum
1487 2254 1810 2311 meramque

161 2309 403 2380 ﬁguram
417 2309 576 2382 aliud
598 2311 748 2365 nihil
768 2312 1136 2382 agnovissent
1154 2312 1211 2366 in
1231 2319 1584 2368 sacramento
1598 2309 1806 2368 ‘IAliud

156 2394 308 2454 ergo
336 2387 399 2454 et
433 2380 887 2454 illudemagnum
932 2383 1157 2452 aliquid
1202 2383 1528 2451 credebant,
1574 2391 1631 2440 et
1667 2385 1806 2454 quid

161 2451 458 2524 illudinisi
494 2452 668 2508 realis
702 2451 759 2508 in
801 2451 1168 2510 Eucharistia
1201 2455 1419 2509 Christi
1462 2451 1810 2524 prasentia?

155 2523 812 2599 Eam_dem_ergaesacram
832 2525 1252 2599 Eucharistiam
1275 2523 1610 2596 religienem
1636 2529 1812 2599 inspi-

158 2601 252 2650 rat
273 2595 1104 2670 CyrillnsAliierosolymitanus
1127 2599 1184 2653 in
1213 2595 1503 2654 Catechesi
1533 2613 1565 2654 v
1595 2595 1814 2670 mysta-

158 2666 383 2737 gogica,
409 2665 506 2721 ubi
529 2665 720 2723 ﬁdeles
739 2665 1166 2737 postacceptum
1188 2670 1244 2723 in
1269 2670 1532 2726 manibus
1548 2665 1807 2728 sanctum

163 2750 386 2811 panem,
438 2738 854 2811 itaadmonet:
892 2759 918 2790 «
951 2740 1092 2794 Cave
1137 2747 1326 2796 autem
1376 2754 1446 2796 ne
1489 2742 1628 2811 quid
1679 2744 1810 2798 inde

163 2829 191 2862 α
236 2807 344 2863 tibi
369 2809 626 2883 excidat:
660 2811 810 2883 quod
837 2812 986 2865 enim
1020 2811 1270 2879 amittas,
1307 2811 1412 2883 hoc
1442 2807 1712 2883 tanquam
1739 2829 1808 2870 ex

162 2901 190 2934 α
238 2880 469 2949 proprio
517 2880 768 2953 membro
810 2883 1096 2937 amiseris.
1139 2883 1280 2938 Nam
1313 2882 1362 2937 si
1404 2885 1536 2953 quis
1561 2880 1678 2940 'tibi
1713 2900 1811 2942 ra—

163 2970 191 3001 α
239 2957 422 3027 menta
450 2963 622 3006 aurea
661 2952 842 3019 daret,
887 2966 1309 3027 nonnemagna
1344 2952 1473 3010 cum
1505 2955 1810 3027 diligentia

164 3043 191 3072 α
239 3021 338 3075 illa
373 3029 610 3095 teneres,
639 3036 842 3078 cavens
868 3038 936 3078 ne
963 3025 1100 3095 quid
1128 3021 1349 3080 ex'illis
1381 3021 1810 3095 periretfdam-

165 3114 191 3144 α
238 3094 489 3169 numque
513 3095 836 3169 sustineres
855 3095 890 3169 ?_
912 3094 1120 3151 Et’non
1156 3097 1334 3150 multo
1369 3094 1548 3169 magis
1577 3105 1632 3153 et
1661 3100 1811 3154 dili-

166 3184 192 3215 α
237 3166 468 3234 gentius
495 3164 565 3238 de
596 3165 893 3238 his,quod
928 3181 1070 3222 auro
1101 3164 1809 3238 gemmisque'pretiosius

164 3255 201 3308 ra,
233 3239 340 3304 est,
376 3247 444 3290 ne
471 3236 616 3291 mica
657 3237 854 3308 aliqua
896 3251 963 3293 ex
1006 3236 1124 3293 illo'
1139 3239 1324 3308 cadat,
1362 3236 1696 3308 providebis
1722 3241 1750 3294 ‘i
1779 3259 1806 3292 ››

160 3307 290 3380 Hac
318 3311 501 3380 autem
528 3307 780 3377 amplius
805 3307 1124 3366 elucescent
1148 3323 1215 3364 ex
1244 3307 1444 3365 ritu’et
1475 3311 1640 3366 modo
1665 3327 1812 3380 sup-

161 3377 359 3447 plendi
384 3376 641 3452 defectus
675 3379 733 3434 in
775 3380 900 3452 ipso
929 3380 1216 3436 sacriﬁcio
1246 3388 1632 3452 occurrentes,
1676 3376 1811 3440 cu'l‘

162 3461 380 3518 pasque
416 3449 473 3503 in
519 3449 784 3505 divinum
823 3451 966 3507 illud
1011 3458 1427 3508 sacramentum
1474 3449 1811 3510 commissas

158 3519 631 3597 expiandi,_quas
664 3521 722 3576 in
753 3522 1032 3592 subjectis
1061 3525 1296 3579 statutis
1339 3522 1508 3580 facile
1537 3527 1810 3597 quisquis

162 3591 570 3662 deprehendet,
611 3611 636 3642 υ
670 3598 779 3647 etc.

236 3661 378 3737 iluic
405 3662 587 3733 igitur
610 3663 936 3734 disciplina
956 3666 1124 3722 anxie
1144 3666 1394 3734 curanti,
1420 3679 1489 3722 ne
1510 3666 1807 3737 quidpiam

161 3733 366 3802 oblati,
393 3743 448 3788 et
473 3733 789 3790 consecrati
821 3737 1077 3793 muneris
1104 3739 1160 3792 in
1197 3733 1404 3792 terram
1429 3733 1804 3805 dilaberetur,

161 3819 294 3860 cum
331 3805 599 3880 studiose
631 3807 949 3880 intenderet
975 3809 1346 3880 Zepherinus,
1378 3808 1606 3865 videtur
1647 3816 1810 3880 pate—

165 3891 269 3931 nas
293 3876 504 3932 vitreas
528 3876 791 3946 praferre
819 3879 1036 3934 idcirco
1048 3876 1319 3937 'volnisse
1335 3876 1564 3936 'cateris
1583 3876 1812 3938 diversa

160 3960 230 4003 ex
265 3948 500 4021 materie
527 3949 848 4021 elaboratis
879 3951 947 4005 ad
985 3953 1420 4021 supponendum
1462 3954 1812 4009 consecratis

161 4018 484 4088 speciebus,
506 4020 640 4075 dum
658 4035 867 4091 corpus
887 4018 1250 4078 Dominicum
1272 4025 1329 4078 in
1349 4023 1634 4080 sacriﬁcio
1655 4023 1815 4080 oﬁer-

163 4097 343 4158 retur,
375 4096 433 4144 et
460 4091 650 4165 oblata
688 4093 874 4165 dona,
895 4093 1002 4148 sub
1035 4093 1249 4164 quibus
1281 4095 1437 4163 latet,
1475 4095 1814 4165 frangeren—

161 4167 303 4233 tur;
333 4162 481 4230 quod
514 4163 739 4218 scilicet
771 4162 1066 4233 pellucida'
1088 4166 1222 4220 vitri
1256 4168 1521 4222 materies
1553 4162 1813 4223 redderet

159 4232 519 4308 evidentiora
551 4232 780 4290 minuta
806 4249 1044 4306 quaque
1085 4236 1400 4308 fragmenta
1428 4256 1440 4290 :
1473 4238 1530 4292 in
1565 4253 1808 4308 quorum

158 4303 418 4381 singulis
447 4317 707 4374 peraque
740 4303 1006 4376 praesens,
1050 4303 1493 4381 cum'fateamur
1524 4303 1809 4381 integrum

158 4375 392 4429 Domini
415 4388 643 4444 corpus,
668 4375 823 4433 tanta
845 4385 1009 4433 erant
1029 4380 1427 4435 sollicitudine
1446 4375 1811 4436 attentevcol-

161 4445 414 4516 ligenda.
436 4448 670 4502 Accedit
690 4449 864 4520 quod,
892 4463 1018 4505 cum
1047 4451 1153 4506 hoc
1180 4456 1429 4519 tempore
1453 4452 1810 4520 persecutio-

161 4503 300 4594 num
330 4531 491 4594 sape
509 4503 734 4594 necesse
745 4503 991 4594 ‘foretvin
1011 4503 1733 4594 cEy'piiéEéhiéiéEidéﬁEn',‘
1745 4503 1808 4579 et
1837 4503 1890 4564 D

139 4587 498 4665 hujusmodi
527 4589 799 4665 obscuris;
816 4605 882 4646 ac
905 4587 1472 4665 subterraneiselocis
1499 4608 1656 4649 sacra
1686 4587 1813 4665 my-

155 4659 340 4744 steria
359 4659 665 4744 celebrare,
687 4676 752 4717 ac
770 4663 1122 4744 distribuere
1144 4659 1813 4744 ﬁdelibu_s_eucharist_ica

152 4729 333 4803 dona,
383 4729 666 4800 ejusmodi
711 4739 925 4803 patena
964 4735 1157 4791 vitrea
1195 4749 1228 4790 a
1258 4735 1630 4792 subdiaconis
1669 4737 1814 4793 atie-

155 4801 459 4878 ren_da,_ac
484 4801 867 4878 perdiaconos
890 4807 1284 4862 ministranda
1307 4807 1633 4878 presbytero
1652 4822 1813 4864 sacra

154 4871 420 4949 facienti,
449 4871 514 4929 ac
542 4875 820 4949 dividenti
849 4876 999 4932 inter
1020 4877 1214 4934 ﬁdeles
1235 4871 1562 4934 accedentes
1582 4879 1651 4934 ad
1677 4893 1814 4949 par-

153 4943 546 5020 ticipandum,
582 4947 893 5003 reddebant
921 4950 1264 5019 conspicuas
1296 4949 1612 5020 particulas
1639 4943 1812 5006 etiam

153 5015 611 5093 minutissimas,
636 5033 761 5093 qua
779 5015 1110 5076 deciderent
1135 5040 1149 5093 ;
1175 5015 1486 5091 prasertim
1513 5023 1562 5077 si
1584 5022 1814 5078 admoto

150 5085 396 5164 iumine
417 5087 605 5164 lances
646 5085 769 5145 ista
799 5093 993 5146 vitrea
1036 5085 1147 5148 non
1175 5085 1345 5149 secus
1374 5107 1440 5149 ac
1480 5093 1718 5164 specilla
1749 5094 1808 5148 in

143 5155 434 5236 fenestris
462 5159 914 5236 illustrarentur.
941 5166 1220 5236 Lavigata
1249 5155 1583 5234 superﬁcies
1606 5165 1813 5220 metal-

145 5228 430 5300 licaruin,
473 5231 689 5301 quibus
732 5233 902 5289 hodie
933 5228 1155 5291 utimur
1185 5228 1436 5293 eamdem
1475 5238 1808 5294 facilitatem

142 5306 394 5382 prastat
418 5302 635 5382 minuta
658 5305 1232 5382 quaequet'ragmenta
1253 5322 1429 5382 supra
1453 5309 1684 5365 illarum
1707 5324 1814 5365 su—

143 5371 451 5449 perﬁciem
481 5371 940 5449 deprehendendi
977 5371 1038 5434 in
1059 5384 1254 5449 aperto
1278 5371 1495 5436 lu'mine
1519 5394 1810 5436 sacrarum

138 5443 370 5525 audiam
403 5461 418 5511 ς
451 5443 640 5500 εθαὶη
677 5448 944 5505 obscuris
985 5443 1326 5525 recessibus,
1362 5454 1421 5506 in
1465 5465 1607 5525 quos
1635 5452 1812 5525 Chri-

138 5515 371 5591 stianis
399 5528 627 5591 necesse
652 5525 772 5574 erat
798 5525 918 5575 tum
949 5523 1222 5591 temporis
1243 5515 1365 5577 sese
1391 5515 1664 5591 recipere,
1691 5522 1808 5576 du—

139 5585 337 5662 bitari
382 5587 619 5662 minime
661 5596 863 5660 potest,
906 5585 1226 5662 quin'vitri
1275 5585 1555 5662 pellucid'a
1605 5585 1809 5650 natura

133 5658 385 5734 capiam
434 5659 709 5734 praberet
751 5658 1220 5734 oppor'tuniorem
1256 5658 1433 5719 micas
1462 5675 1659 5720 omnes
1684 5663 1809 5720 dif—

133 5725 476 5811 fractarum
517 5725 845 5811 specierum
885 5733 1221 5811 colligendi,
1261 5741 1317 5811 et
1343 5735 1808 5811 guttulasetiam

133 5804 450 5872 minimas,
473 5815 505 5859 e
528 5804 708 5862 calice
729 5804 876 5864 forte
898 5804 1191 5879 decussas,
1210 5804 1540 5865 ministerio
1567 5807 1806 5882 admoti,

1915 1808 2198 1883 calicibus
2223 1823 2292 1883 ei;
2312 1812 2518 1880 quovis
2537 1808 2739 1867 ditiori
2769 1812 3018 1883 metallo,
3042 1821 3107 1869 ut
3129 1815 3279 1873 infra
3301 1808 3569 1876 ostende-

1919 1893 2046 1958 mus
2078 1881 2153 1958 in
2198 1881 2422 1958 Urbano
2455 1901 2467 1936 :
2498 1881 3037 1958 donec_{_Decretunz_
3080 1893 3222 1955 part.
3271 1903 3357 1958 in,
3403 1888 3473 1946 44
3514 1899 3570 1948 et

1917 1946 2006 2019 45,
2038 1953 2264 2026 et_apnd
2296 1955 2517 2026 Ivonem
2551 1955 2644 2007 lib.
2677 1953 2712 2026 ι)
2731 1946 2798 2009 ’ἰη
2829 1946 3406 2015 concilio'Rhemen'si
3437 1946 3567 2018 tem?

1920 2023 2261 2096 poreCaroli
2289 2025 2477 2094 Magni
2504 2023 2846 2096 periculum,
2875 2028 3024 2096 quod
3053 2028 3392 2087 imminebat
3417 2032 3566 2090 etfu-

1918 2095 2104 2173 sioneis
2125 2097 2439 2173 sanguinis
2448 2110 2512 2151 ex
2535 2095 2729 2165 fragili
2756 2095 2990 2173 materia
3008 2101 3156 2168 apud
3173 2114 3288 2168 eos,
3305 2104 3402 2173 qui
3421 2119 3569 2161 cras-

1918 2165 2177 2239 sior-ibus
2206 2165 2378 2239 vitris
2414 2166 2657 2239 fortasse
2688 2181 2798 2223 non
2845 2165 3173 2239 utebantur,
3206 2165 3566 2232 occasionem

1918 2236 2142 2292 dederit
2167 2237 2380 2293 vitreos
2409 2238 2620 2294 calices
2655 2241 2890 2295 omnino
2919 2236 3240 2299 removendi
3272 2258 3301 2301 a
3335 2247 3567 2302 sacriﬁ-

1919 2308 2030 2363 cio.
2063 2309 2400 2364 Audiendus
2439 2310 2717 2366 Baromus
2750 2311 2807 2365 in
2842 2311 2995 2366 notis
3025 2313 3094 2368 ad
3126 2314 3277 2370 diem
3312 2330 3390 2372 vn
3430 2318 3567 2374 ldus

1919 2381 2187 2451 Augusti.
2219 2401 2246 2432 «
2269 2381 2314 2435 A
2350 2381 2706 2450 temporibus
2734 2383 3128 2451 apostolorum
3161 2386 3382 2442 vitreus
3411 2389 3565 2445 calix

1921 2453 1980 2506 in
2016 2465 2119 2506 usu
2148 2451 2327 2507 fuisse
2354 2453 2580 2507 videtur
2606 2471 2621 2523 ;
2655 2453 2804 2508 unde
2832 2456 3056 2510 Marcus
3085 2457 3420 2514 haresiarca
3446 2460 3568 2516 illis

1919 2523 2274 2592 temporibus
2308 2524 2624 2592 proximus,
2657 2529 2710 2579 et
2742 2525 2864 2594 ipse
2891 2525 3194 2583 amulatus
3223 2531 3566 2587 catholicam

1923 2594 2252 2672 Ecclesiam,
2295 2600 2460 2649 utens
2489 2595 2667 2672 calice
2699 2596 2877 2651 vitreo
2913 2597 2968 2651 in
3001 2598 3343 2672 suis__sacris
3377 2602 3569 2672 impo-

1919 2675 2081 2743 stura
2107 2665 2476 2743 quadamper
2503 2667 2780 2743 magicam
2807 2673 2980 2743 artem
3005 2669 3264 2743 exhibita
3293 2665 3566 2743 populum

1917 2737 2314 2814 dementabat:
2344 2737 2819 2814 dum_vini_color
2849 2738 3045 2814 albus,
3071 2742 3170 2810 qui
3204 2737 3347 2798 toris
3368 2737 3568 2814 "appa—

1919 2806 2078 2932 relliat
2112 2808 2170 2861 in
2202 2809 2368 2877 vitro,
2405 2808 2752 2878 quibusdam
2794 2806 3106 2882 praestigiis
3148 2806 3478 2871 mutabatur
3510 2817 3568 2873 in

1921 2893 1988 2932 ru
2035 2892 2182 2932 rum.
2218 2897 2244 2928 υ

1921 2892 2182 2934 l‘llDl‘llm.
2218 2897 2244 2928 υ

1994 2952 2199 3004 Prater
2244 2950 2534 3025 decretum
2595 2950 2861 3025 concilii_
2892 2951 3264 3025 Rhemensis,
3326 2958 3566 3025 produci

1921 3025 2105 3097 potest
2132 3021 2515 3097 constitutum
2549 3021 2884 3097 generales.
2913 3024 3116 3097 Leonis
3145 3021 3339 3095 quarti
3366 3045 3379 3082 :
3413 3029 3567 3097 quod

1920 3092 2019 3167 ille
2049 3091 2396 3167 vulgandam
2437 3092 2663 3167 curavit
2696 3093 3131 3167 per_universos
3162 3091 3476 3167 episcopos
3509 3099 3566 3154 in

1916 3162 2266 3218 diacesibus
2299 3162 2586 3230 propriis:
2622 3168 2679 3215 et
2710 3163 2926 3232 legitur
2954 3178 3085 3219 cum
3127 3162 3408 3222 Consiliis
3437 3169 3564 3223 edi-

1916 3237 2040 3290 tum
2069 3231 2320 3287 homilia
2342 3233 2515 3288 titulo
2546 3231 2800 3302 praﬁxo’,
2827 3239 2948 3302 tam
2978 3235 3034 3289 in
3061 3237 3200 3291 edit.
3233 3238 3388 3292 Binii
3416 3245 3568 3296 tomo

1921 3246 2040 3290 tum
2069 3246 2320 3287 nomina
2342 3246 2515 3288 titulo
2587 3246 2800 3302 ranxo,
2835 3246 2948 3289 tam
2978 3248 3034 3289 in
3061 3246 3200 3291 edit.
3233 3246 3388 3292 Binii
3416 3246 3568 3296 tomo

1921 3307 2010 3376 ill,
2060 3309 2205 3373 part.
2255 3317 2295 3371 l,
2341 3308 2476 3376 sect.
2532 3246 2587 3371 3?,
2636 3301 2940 3376 pag._272,
2987 3320 3156 3376 quam
3209 3308 3266 3363 in
3314 3309 3570 3366 editione

1919 3343 2149 3450 ﬁébb‘é‘i;
2167 3343 2503 3450 ’ίριὶίοῖῠῖῑῂ
2534 3343 2940 3447 ’ὄαὲἒὸοῗῗ
2959 3343 3190 3450 snit;
3209 3343 3566 3450 ’ῖηεῖἵιέἶζυῗιῗ

1919 3446 2130 3517 ligneo,
2183 3444 2470 3514 plumbeo,
2515 3444 2846 3502 aut'vitreo
2897 3447 3078 3503 calice
3121 3444 3568 3509 audeat'missas

1917 3531 2166 3594 ageres»
2197 3517 2312 3572 Sub
2349 3517 2896 3594 _initiu_in__ejusdem
2946 3520 3131 3594 octavi
3176 3522 3373 3578 saculi
3415 3525 3566 3594 apud

1915 3590 2212 3660 Aigyptios
2242 3588 2778 3660 pariteradhibitos
2811 3588 2992 3645 fuisse
3023 3591 3235 3648 vitreos
3265 3588 3472 3650 calices
3503 3609 3568 3650 ac

1917 3659 2109 3735 discos
2140 3661 2199 3735 in
2231 3659 2538 3735 sacriﬁcio,
2569 3667 2687 3715 tum
2717 3661 2967 3735 Ecclesia
3007 3662 3391 3720 Alexandrina
3423 3679 3565 3735 spo-

1920 3735 2057 3790 liata
2080 3731 2499 3804 fuissetanreis
2521 3736 2576 3785 et
2597 3733 2911 3804 argenteis,
2935 3746 3079 3802 quos
3103 3739 3268 3790 antea
3296 3731 3569 3804 possede-

1920 3811 2025 3872 rat,
2051 3803 2435 3872 intelligimus
2459 3816 2527 3857 ex
2554 3815 2826 3871 reSponso
2849 3802 3158 3860 Alexandri
3178 3802 3564 3864 Jacobitarum

1961 3874 2464 3932 sendoantistitis:
2517 3874 2617 3944 qui
2668 3875 2989 3943 requisitus
3032 3889 3064 3930 a
3108 3878 3404 3934 monachis
3441 3887 3498 3934 et
3535 3894 3566 3936 a

1943 3948 2110 4016 aicis,
2170 3951 2232 4001 ut
2288 3951 2547 4016 er0garet
2604 3952 2933 4002 consuetam
2994 3945 3362 4016 largitionem
3423 3948 3567 4006 feria

1921 3962 2110 4016 laicus,
2170 3962 2232 4001 ut
2288 3962 2547 4016 erogaret
2604 3962 2933 4002 consuetam
2994 3962 3362 4073 iar‘giuonem
3423 3962 3564 4006 terra

1921 4034 1984 4076 ill
2037 4017 2363 4093 Paschat_is,_
2404 4017 2482 4072 ita
2527 4030 2588 4072 se
2635 4019 2970 4093 eiicusavit:
3008 4037 3033 4070 (ι
3102 4019 3284 4093 uidete,
3339 4020 3564 4093 fratres,

1923 4096 2134 4163 quanta
2164 4089 2536 4163 ecclesiarum
2572 4088 2845 4163 spoliatio
2886 4088 3034 4145 facta
3062 4091 3165 4163 sit,
3198 4092 3339 4163 adeo
3371 4099 3435 4148 ut
3467 4088 3568 4163 pro

1920 4159 2204 4218 calicibus
2231 4159 2426 4216 aureis
2453 4167 2508 4215 et
2536 4161 2845 4231 argenteis,
2881 4162 2940 4216 in
2972 4161 3188 4231 quibus
3220 4159 3569 4221 oﬁ‘erebatur

1919 4233 2160 4304 sanguis
2191 4229 2854 4304 pretiosus,_ifecerimus
2876 4229 3116 4304 vitreos,
3151 4238 3205 4288 et
3234 4235 3428 4291 discos
3469 4251 3568 4292 seu

1921 4302 2154 4376 patenas
2183 4316 2380 4376 sacras
2403 4316 2470 4358 ex
2503 4302 2680 4376 ligno.
2710 4303 2926 4376 nVide
2962 4305 3139 4360 etiam
3179 4307 3473 4363 Renaudot
3507 4309 3567 4363 in

1918 4373 2063 4432 Hist.
2113 4374 2425 4446 patriarch.
2475 4373 3017 4447 Alexandrinorum,
3068 4390 3195 4449 pag.
3239 4375 3359 4448 493,
3411 4383 3568 4434 circa

1918 4460 2133 4502 annum
2160 4443 2288 4502 744.

1917 4460 2133 4504 annum
2160 4460 2288 4502 ⁷114.

1988 4519 2277 4588 Superest,
2302 4518 2453 4573 inter
2471 4529 2631 4572 sacra
2653 4517 2882 4573 cimelia
2902 4517 3274 4587 antiquitatis
3302 4519 3567 4574 Ecclesia

1919 4591 2069 4662 apud
2106 4603 2191 4646 me
2224 4589 2532 4662 custodita,
2569 4589 2756 4662 portio
2785 4589 2954 4662 vitrei
2983 4589 3186 4662 calicis
3213 4589 3567 4659 hemispha-

1922 4658 2053 4745 rici,
2097 4662 2166 4717 ad
2209 4673 2331 4716 eam
2372 4658 2487 4714 fere
2527 4659 2982 4727 magnitudinem
3032 4671 3097 4713 ac
3147 4658 3408 4784 figuram,
3455 4674 3568 4731 qua

1924 4733 2093 4784 hodie
2134 4731 2385 4784 solemus
2432 4743 2593 4784 sacra
2633 4743 2760 4784 ναεί
2811 4734 3076 4784 argentea
3125 4743 3155 4784 e
3201 4744 3423 4784 ormare
3479 4732 3566 4784 vel

1924 4731 2093 4789 hodie
2134 4731 2385 4787 solemus
2432 4743 2593 4784 sacra
2633 4743 2760 4785 vasi
2811 4734 3076 4801 argentea
3125 4731 3423 4786 eﬁormare
3479 4732 3566 4788 vel

1921 4816 2116 4870 aurea,
2148 4816 2272 4874 qua
2297 4801 2531 4872 pyxides
2563 4801 2852 4874 communi
2884 4799 3160 4856 vocabulo
3185 4801 3484 4874 dicuntur,
3512 4809 3570 4858 et

1922 4876 1990 4931 ad
2013 4871 2419 4931 asservandum
2445 4871 2821 4927 Eucharistia
2843 4878 3265 4928 sacramentum
3288 4873 3346 4928 in
3365 4873 3584 4930 altaris

1926 4960 2118 5003 mensa
2156 4945 2533 5001 collocantur.
2576 4943 2853 5014 Spissiori
2902 4956 2971 4998 ex
3012 4943 3162 4999 vitro
3201 4949 3426 5000 constat
3471 4959 3570 5001 vas

1924 5019 2068 5074 illud
2097 5018 2275 5073 nostri
2304 5014 2542 5081 cimelii,
2574 5021 2630 5069 et
2659 5016 2716 5068 in
2748 5028 2812 5069 eo
2837 5013 3032 5086 ﬁgura
3053 5021 3268 5071 stantes
3297 5017 3570 5072 visuntur

1921 5092 2013 5147 SS.
2045 5088 2461 5158 apostolorum,
2499 5086 2704 5158 incisis
2743 5086 2916 5141 etiam
2948 5087 3274 5143 eorumdem
3310 5088 3570 5143 nomini—

1922 5163 2050 5231 bus,
2084 5157 2272 5231 Simili,
2290 5171 2490 5229 genere
2515 5157 2798 5231 calatura
2823 5172 2887 5213 ac
2920 5158 3020 5213 illa
3052 5159 3154 5231 sit,
3175 5173 3298 5228 qua
3322 5173 3419 5229 per
3434 5173 3570 5216 cava

1921 5233 2238 5304 anaglypha
2266 5230 2490 5304 litteras
2508 5236 2679 5304 atque
2703 5230 2982 5304 imagines
3005 5230 3245 5304 exhibete
3265 5232 3320 5285 in
3346 5231 3569 5304 poculis

1921 5246 2238 5304 anaglypna
2266 5246 2490 5286 litteras
2509 5246 2679 5300 atque
2703 5246 2982 5357 imagines
3005 5246 3239 5284 exhibet
3265 5246 3320 5285 ιη
3346 5246 3569 5300 νοοιιιιδ

1921 5320 1987 5361 ex
2016 5303 2288 5360 crassiori
2310 5302 2581 5372 crystallo
2616 5302 2764 5370 apud
2860 5315 3123 5356 ermanos
3142 5301 3473 5370 elaboratis,
3515 5307 3570 5357 et

1919 5377 1988 5432 ad
2016 5390 2116 5432 nos
2139 5375 2392 5444 perlatis.
2421 5373 2719 5427 Barbaries
2740 5379 2866 5444 tum
2893 5372 3176 5428 calatura
3203 5375 3258 5428 in
3285 5373 3568 5444 imagini-

1919 5449 2046 5510 bus,
2066 5453 2184 5502 tum
2208 5444 2582 5512 suripturain
2607 5444 2958 5512 nominibus,
2974 5449 3194 5515 atatem
3216 5445 3566 5515 indicatsep-

1918 5520 2046 5581 timi
2071 5517 2157 5573 vel
2187 5517 2370 5572 octavi
2394 5515 2627 5570 circiter
2648 5515 2866 5584 saculi,
2893 5514 3062 5586 paulo
3083 5521 3214 5570 ante
3240 5529 3411 5586 quam
3439 5514 3571 5572 Leo-

1917 5591 2010 5652 nis
2025 5587 3087 5655 chonstitutionehujnsmodicalices
3101 5587 3563 5657 prohiberentur.

1916 5669 2100 5732 Supra
2127 5657 2862 5732 ﬁguras_apostolorum,cin
2888 5659 3102 5715 nostris
3123 5657 3465 5732 fragmentis
3485 5671 3571 5715 se-

1920 5729 2145 5810 paratas
2173 5729 2542 5810 'singiilatime
2577 5729 3016 5810 per_col_um_nas_
3056 5729 3365 5810 porticum
3391 5730 3569 5810 clior:-

1924 5801 2159 5875 inantes,
2217 5801 2312 5861 ita‘
2347 5802 2625 5876 leguntur
2671 5803 2846 5875 Petri,
2895 5801 3152 5874 Andrea,
3207 5807 3262 5859 et
3309 5801 3567 5873 Philippi
