4052 6178
298 259 441 320 4347

1266 263 1590 322 HISTORIA
1625 266 1716 320 DE
1753 265 1927 321 VITIS
1963 263 2129 320 ROM.
2162 295 2232 306 —-
2259 265 2315 320 S.
2355 265 2717 321 CALIXTUS.

3559 265 3698 326 4348

369 383 644 460 Erigebat
662 388 782 440 tum
805 384 1078 460 temporis
1097 389 1314 460 recepta
1345 385 1611 460 Ecclesia
1631 385 1942 460 disciplina
1964 387 2017 444 A
2051 386 2242 460 clesize
2289 391 2526 456 praeerat
2551 385 2624 456 (is
2662 387 2920 460 creditur
2962 389 3143 445 fuisse
3171 390 3543 460 upherinus)
3564 405 3693 446 cum

295 457 662 527 gravissimis
690 470 756 512 ex
788 457 983 512 causis
1011 457 1346 526 constituta,
1380 461 1445 512 ut
1472 459 1530 511 in
1566 458 1941 512 restituendis
2050 457 2120 513 ab
2142 459 2334 514 eodem
2367 464 2689 512 emanasset
2716 458 3004 514 decretum
3039 457 3320 516 adulteris
3358 467 3413 516 et
3441 457 3695 517 fornica-

293 527 380 599 ad
419 528 880 583 communionem
939 528 1052 583 reis
1106 528 1460 595 huiusmodi,
1494 528 1595 598 qui
1631 528 1940 599 insigniter

290 597 658 669 deliquerant
674 605 729 654 et
754 599 1086 655 scandalum
1106 599 1392 654 universis
1415 597 1682 655 ﬁdelibus
1707 597 1937 655 obtule—

294 677 445 737 rant,
469 675 720 726 extrema
739 684 868 726 cum
891 671 1256 740 precautione
1272 678 1556 741 ageretur,
1583 671 1715 726 licet
1739 685 1937 726 sacra-

295 748 486 796 mento
538 743 891 811 pmnitentia:
951 743 1171 811 expiari
1229 742 1572 810 suppliciter
1620 753 1934 811 poscerent.

290 812 678 884 Quorumdam
719 814 992 868 severitas
1024 813 1175 868 ultra
1209 814 1472 868 Ecclesiae
1499 813 1648 884 leges
1677 819 1733 867 et
1751 819 1938 868 caute-

236 889 238 891 ’
293 882 407 937 lam
437 885 517 939 ita
565 890 916 953 processerat
962 886 1019 939 in
1071 885 1368 952 saevitiem,
1403 892 1465 940 ut
1494 882 1936 940 de’criminibus

293 955 595 1010 nonnullis
639 970 738 1010 nec
784 955 1196 1026 indulgentiam
1228 956 1590 1011 remissionis
1623 956 1936 1011 habendam

291 1031 610 1093 censerent,
648 1027 753 1082 hoc
789 1035 873 1082 est
898 1028 968 1082 de
997 1027 1284 1094 idolatria,
1330 1027 1644 1082 homicidio
1681 1032 1737 1082 et
1761 1028 1936 1082 adul-

292 1097 442 1152 terio
459 1114 472 1160 ;
492 1099 567 1152 ita
588 1104 652 1152 ut
676 1099 1041 1152 admitterent
1058 1098 1287 1167 quidem
1310 1099 1377 1153 ad
1401 1112 1569 1168 opera
1591 1098 1938 1167 paenitentiae

292 1168 608 1223 exercenda
639 1170 966 1224 eorumdem
985 1170 1296 1240 criminum
1331 1183 1489 1240 reos;
1517 1175 1762 1224 attamen
1793 1183 1938 1224 con—

294 1239 592 1294 tenderent
637 1253 751 1294 uon
785 1253 947 1308 posse
980 1239 1183 1294 iisdem
1229 1240 1299 1295 ab
1342 1241 1608 1296 Ecclesiae
1656 1240 1935 1295 tribunali

292 1309 714 1366 absolutionem
763 1311 1147 1380 pronuntiari,
1196 1311 1291 1366 sed
1342 1317 1604 1380 oportere
1637 1316 1700 1366 ut
1738 1313 1804 1365 ad
1833 1313 1933 1366 Dei

287 1380 575 1448 judicium
601 1381 657 1435 in
679 1380 872 1437 futuro
885 1381 1094 1437 saeculo
1115 1381 1378 1437 remissio
1395 1383 1940 1438 reservaretur.Ter-

292 1453 578 1507 tullianus
619 1453 868 1507 Montani
898 1460 1107 1508 sectam
1158 1453 1455 1521 amplexus
1484 1454 1586 1508 hos
1627 1455 1686 1506 in
1713 1466 1936 1508 errores

293 1525 627 1594 impegerat.
658 1524 845 1593 Quare
877 1529 1215 1592 impotenter
1244 1525 1518 1579 excandet
1541 1531 1736 1580 contra
1769 1523 1934 1578 illum

291 1608 361 1649 ex
393 1596 664 1650 Romanis
696 1594 1088 1666 pontiﬁcibus,
1121 1595 1221 1664 qui
1277 1607 1376 1664 per
1405 1609 1526 1651 eam
1575 1600 1792 1650 aetatem
1825 1595 1936 1650 Ec-

1382 1975 1606 2048 XVII.

2049 529 2274 584 toribus
2295 528 2708 598 pcenitentibus
2733 527 3117 585 absolutionis
3137 531 3473 586 beneficium
3504 546 3694 588 conce~

2046 601 2269 673 densa
2300 600 2964 673 Audiogetiamgedictum
2993 614 3117 657 esse
3149 602 3502 671 propositum
3535 605 3694 673 (Ter-

2049 672 2176 740 tul.,
2196 671 2296 726 lib.
2312 671 2575 725 dePudic.
2590 712 2602 739 ,
2620 670 2726 727 sub
2745 671 3208 742 init.)etquidem
3226 670 3689 742 peremptorium.

2047 742 2307 798 Pontifex
2338 743 2561 798 scilicet
2601 743 2902 809 Maximus,
2937 743 3240 814 episcopus
3271 745 3690 814 episcoporum,

2044 815 2224 869 dicit:
2263 817 2374 885 Ego
2403 820 2460 868 et
2516 814 2873 885 mtechiaeet
2928 813 3331 870 fornicationis
3381 814 3546 870 funes
3595 817 3693 870 di—

2051 886 2232 941 mitto.
2269 904 2294 934 »
2353 889 2426 940 Ex
2462 884 2552 938 his
2603 884 2948 940 Tertulliani
2998 886 3187 941 verbis
3230 887 3633 956 dignoscimus
3663 900 3693 940 a

2048 957 2254 1026 primis
2299 956 2562 1012 Ecclesiae
2620 957 2974 1024 temporibus
3015 958 3384 1012 consuevisse
3424 957 3694 1012 Romanis

2046 1028 2334 1098 episcopis
2353 1026 2596 1082 attribui
2627 1027 2859 1098 titulum
2896 1027 3185 1096 pontiﬁcis
3206 1029 3463 1096 maximi,
3483 1033 3539 1084 et
3563 1029 3656 1096 epi
3673 1057 3695 1068 -

2047 1100 2204 1169 scopi
2235 1097 2656 1168 episcoporum.
2688 1097 2845 1166 Quod
2876 1101 2923 1153 si
2953 1100 3330 1154 comendatur
3352 1099 3690 1168 scriptorem

2049 1169 2202 1225 hunc
2230 1171 2593 1225 audaciorem
2634 1181 2700 1223 ex
2731 1169 2932 1225 haeresi
2980 1171 3266 1225 redditum
3307 1170 3526 1224 ironice
3558 1177 3693 1224 tan-

2048 1247 2166 1295 tum
2194 1254 2258 1296 ea
2278 1241 2508 1296 nomina
2533 1253 2688 1309 papae
2712 1241 3139 1296 accommodare
3159 1240 3430 1310 voluisse,
3464 1241 3519 1296 id
3544 1253 3689 1296 sem-

2050 1325 2146 1380 per
2184 1326 2250 1367 ex
2297 1310 2444 1368 facto
2486 1311 2789 1380 verbisque
2818 1312 3076 1378 resultat,
3123 1314 3435 1366 Romanum
3469 1312 3692 1367 scilicet

2045 1384 2376 1452 episcopum
2427 1383 2748 1438 exercuisse
2801 1397 2921 1438 eam
2974 1389 3303 1452 potestatem
3353 1397 3449 1452 per
3478 1383 3692 1451 hujus-

2050 1455 2201 1508 modi
2253 1453 2456 1508 titulos
2514 1454 2844 1519 indicatam,
2885 1460 3076 1523 utpote
3133 1467 3300 1524 quam
3348 1456 3690 1509 auctoritate

2046 1525 2518 1650 cssistibDotmini
2546 1526 2707 1580 Petro
2737 1531 2792 1579 et
2817 1525 3250 1581 successoribus
3270 1525 3533 1581 collatam
3561 1525 3690 1594 jure

2046 1609 2079 1650 ο
2151 1609 2241 1650 me
2284 1609 2354 1650 an
2390 1638 2400 1648 .

2046 1597 2400 1652 obtinebant.

1695 1976 2067 2048 SANCTUS
2145 1971 2602 2046 CALIXTUS.

1435 2202 1617 2247 ANNO
1652 2202 1912 2247 CHRISTI
1939 2188 2080 2261 221,
2106 2202 2469 2247 ELAGABALI
2500 2189 2558 2246 2.

605 2586 735 2648 17.
771 2585 1093 2648 C’aliatus
1121 2584 1397 2647 natione
1417 2586 1782 2659 Romanus,
1814 2600 1893 2644 ea
1928 2585 2130 2663 patre
2159 2581 2451 2644 Domitio
2491 2582 2570 2644 de
2594 2580 2864 2661 regione
2899 2574 3475 2642 Urberaoennatio
3515 2583 3568 2651 δ,
3593 2586 3687 2634 se-

523 2685 621 2746 dit
673 2702 885 2746 annos
949 2702 1086 2763 sex,
1138 2698 1400 2746 menses
1449 2683 1638 2760 duos,
1713 2681 1854 2742 dies
1899 2681 2122 2743 decem
2173 2679 2223 2740 b.
2280 2680 2449 2742 Fuit
2505 2682 2730 2740 autem
2795 2676 3204 2758 temporibus
3261 2671 3565 2736 Macrini
3622 2671 3686 2731 et

527 2783 972 2862 Heliogabali,
1028 2799 1070 2847 a
1125 2781 1486 2846 consulatu
1536 2780 1876 2844 Antonini
1922 2783 1987 2842 et
2021 2778 2406 2842 Alexandri
2458 2789 2522 2838 ο.
2568 2778 2703 2840 Hic
2741 2776 3079 2855 martyrio
3100 2776 3486 2838 coronatur.
3547 2771 3686 2833 Hic

527 2881 887 2947 constituit
905 2881 1264 2960 jejunium
1293 2879 1402 2942 die
1430 2877 1712 2942 Sabbati
1751 2880 1855 2940 ter
1901 2875 1929 2917 ά
1991 2877 2071 2939 in
2101 2893 2279 2938 anno
2304 2875 2465 2954 ﬁeri
2491 2873 2854 2955 frumenti,
2910 2874 3065 2936 cini
3093 2876 3158 2936 et
3205 2871 3337 2934 olei
3387 2883 3413 2911 θ
3439 2885 3687 2932 secun-

447 2987 484 3045 5
516 2984 674 3046 dum
712 2979 1142 3062 prophetiam
1199 2977 1222 3019 ί
1259 2978 1517 3060 quarti,
1544 2976 1821 3057 septimi
1869 2989 1922 3055 ε,
1956 2979 2019 3038 et
2053 2975 2313 3038 decimi.
2349 2974 2473 3034 Hic
2519 2972 2673 3034 fecit
2708 2971 3059 3033 basilicam
3105 2970 3135 3011 ιι
3165 2976 3353 3029 trans
3374 2966 3682 3047 [Tiberim

524 3080 662 3143 Hic
685 3077 852 3160 fecit
883 3077 1350 3140 ordinationes
1379 3076 1678 3157 quinque
1698 3091 1828 3155 per
1863 3089 2149 3136 mensem
2177 3069 2589 3133 Decembrem
2620 3069 2933 3131 diaconos
2992 3071 3309 3147 quatuor,
3342 3064 3683 3160 episcopos

523 3192 638 3259 per
667 3158 931 3237 diversa
992 3175 1136 3237 loca
1185 3177 1348 3236 octo.
1404 3173 1527 3247 Qui
1575 3171 1782 3232 etiam
1811 3171 2114 3250 sepultus
2155 3171 2254 3230 est
2291 3167 2361 3228 in
2415 3165 2783 3228 cmmeterio
2833 3163 3193 3242 Calepodii,
3243 3162 3354 3222 via
3384 3158 3678 3259 Aurelia,

526 3253 844 3337 inilliario
899 3271 1115 3350 tertio,
1173 3271 1387 3352 pridie
1439 3269 1599 3331 Idus
1656 3267 1975 3346 Octobris,
2014 3270 2079 3328 et
2123 3265 2278 3327 fecit
2310 3262 2497 3325 aliud
2550 3260 3000 3324 coemeterium
3063 3258 3218 3320 ivia
3275 3257 3512 3338 Appia,
3565 3253 3679 3316 ubi

527 3371 897 3435 sacerdotes
922 3374 986 3432 et
1005 3373 1332 3450 martyres
1363 3367 1813 3449 requiescunt,
1844 3363 2021 3446 quod
2060 3363 2438 3444 appellatur
2464 3374 2676 3441 usque
2709 3358 2780 3420 in
2807 3357 3206 3420 hodiernum
3231 3356 3411 3419 diem
3439 3368 3683 3417 coeme—

407 3474 484 3534 10
521 3469 765 3533 terium
809 3467 1054 3532 Calixti
1085 3489 1099 3546 ;
1129 3471 1192 3530 et
1210 3467 1493 3531 cessavit
1521 3465 1940 3546 episcopatus
1972 3461 2113 3524 dies
2139 3477 2276 3522 sex.

1439 3665 1933 3731 CATALOGUS
1971 3664 2127 3727 SUB
2159 3661 2517 3724 LIBERIO.

604 3825 936 3890 Callixtus
981 3837 1191 3883 annos
1215 3820 1276 3900 5,
1332 3833 1594 3882 menses
1630 3820 1693 3898 2,
1750 3817 1891 3880 dies
1945 3817 2039 3877 10.
2103 3812 2259 3876 Fuit
2308 3806 2719 3888 temporibus
2749 3805 3032 3869 Macrini
3063 3807 3128 3869 et
3158 3803 3612 3885 Heliogabali,
3644 3822 3684 3866 a

524 3925 878 3989 consulatu
906 3918 1228 3985 Antonini
1249 3919 1314 3981 et
1332 3916 1616 3981 Adventi
1643 3931 1855 3997 usque
1873 3911 2210 3977 Antonino
2235 3911 2329 3972 III
2360 3909 2425 3970 et
2448 3906 2846 3970 Alexandro.

1401 4104 1686 4150 NOTULJE
1736 4101 2034 4146 MARGINA
2044 4100 2156 4144 LES
2207 4098 2560 4142 FABROTTI.

568 4273 628 4336 C,
662 4269 826 4328 urbis
862 4268 1274 4322 Ravennatum.
1330 4259 1360 4301 ι)
1388 4273 1420 4315 a
1462 4259 1522 4323 B,
1556 4269 1650 4312 an.
1703 4251 1761 4324 5,
1797 4266 1869 4308 m.
1921 4249 1970 4320 4,
2004 4249 2060 4306 d.
2091 4246 2176 4305 42.
2241 4249 2331 4315 cB,
2391 4244 2622 4318 Elagab.
2669 4250 2726 4302 et
2776 4244 3113 4336 Alexandri,
3152 4258 3201 4336 _a
3256 4243 3408 4300 Coss.
3447 4242 3681 4336 Anton.

498 4329 652 4432 Aug.
697 4361 744 4415 Il
773 4364 829 4414 et
856 4353 1182 4412 Sacerdotis
1210 4351 1279 4407 ad
1328 4347 1542 4405 Julian.
1570 4349 1626 4401 et
1644 4343 1836 4432 crisp.
1900 4339 1958 4381 d*
1982 4340 2080 4408 CB,
2115 4343 2344 4432 quater.
2406 4348 2433 4378 θ
2460 4336 2572 4393 olei
2622 4335 2808 4407 gratia
2829 4335 2931 4392 CB.
2994 4333 3018 4375 ί
3042 4333 3210 4391 Zach.
3251 4347 3377 4388 vui.
3419 4334 3470 4384 ε’
3497 4329 3675 4401 quin-

499 4452 544 4508 ti
567 4429 615 4490 ιι-
638 4449 738 4517 CB,
775 4447 896 4503 bas.
925 4445 980 4500 S.
1007 4442 1221 4500 Mariae.
1288 4437 1522 4492 iBaron.
1547 4449 1642 4489 an.
1674 4430 1746 4489 26
1775 4431 1841 4486 de
1861 4429 2194 4486 cameteriis.

1659 4639 1884 4698 VARIIE
1924 4635 2313 4694 LECTIONES.

568 4835 738 4908 Apud
761 4833 1076 4890 Fabrottum
1112 4844 1178 4884 ea:
1201 4825 1379 4884 codice
1402 4822 1639 4878 Freheri.

279 5037 297 5094 1
354 4964 518 5089 Νυῗὲ.
576 4957 643 5015 47
686 4961 783 5014 lin.
831 4952 888 5028 7,
935 4955 999 5024 B,
1035 4950 1219 5025 presb.
1266 4945 1352 5005 44.
1383 4947 1504 5003 cad.
1549 4947 1646 5000 lin.
1679 4943 1747 5011 Α,
1779 4939 1924 5013 9,Β,

306 5047 411 5092 oca
518 5073 531 5087 .

306 5047 411 5092 063.
443 5047 531 5089 τῦ.

529 5159 618 5213 Ea:
636 5155 812 5211 codice
840 5152 1018 5220 Regio,
1043 5149 1324 5204 Μαχανίηο
1346 5151 1396 5202 et
1428 5146 1676 5201 Thuano.

354 5284 487 5338 Lin.
548 5279 600 5350 4,
649 5279 720 5350 de
773 5275 1002 5350 regione
1031 5273 1195 5350 urbis
1250 5270 1603 5350 Ravennium
1627 5284 1677 5350 s.
1703 5281 1837 5350 ann.
1868 5266 1922 5350 6,

280 5371 361 5414 m.
397 5352 485 5422 40,
534 5339 600 5407 d.’
644 5348 730 5406 40.
779 5339 1128 5422 Fuitgautem
1156 5341 1514 5422 temporibus
1541 5339 1818 5422 Antonini
1869 5346 1924 5422 et

279 5411 594 5485 Alexandri
623 5436 655 5477 a
693 5433 849 5476 cons.
885 5416 1124 5473 Macrini
1174 5420 1231 5470 et
1259 5411 1609 5485 Heliogabali
1646 5424 1826 5485 usque
1849 5411 1918 5485 ad

283 5481 621 5555 ﬁrmsentem
681 5499 734 5548 et
763 5489 1126 5546 Gallicanum
1163 5481 1451 5541 consules.
1485 5482 1588 5536 Hic
1613 5481 1922 5536 constituit

271 5573 337 5642 ie
359 5569 420 5642 ατ
475 5581 522 5622 s-
554 5567 674 5642 -lfn-
728 5562 784 5632 δ,
812 5558 1411 5642 ίτ³Ε⁸.Ἔίδθνί¹ῐξ.,ίέΨέ
1450 5557 1921 5642 testataque

2035 4815 2184 4870 diac.
2218 4811 2270 4868 4.
2293 4827 2381 4883 ep.
2407 4826 2504 4882 per
2532 4812 2590 4867 d.
2623 4811 2746 4868 loca
2770 4807 2822 4883 8.
2857 4808 2965 4883 Qui
3007 4807 3181 4883 etiam
3214 4805 3488 4883 martyrio
3508 4815 3680 4883 coro-

2038 4891 2206 4941 natus
2218 4876 2666 4954 est,'etsepultus
2686 4883 2743 4937 in
2773 4876 3060 4937 cimiterio
3076 4877 3404 4954 Caleopodii
3429 4876 3515 4930 via
3537 4876 3679 4954 Aur.

2036 4957 2158 5084 an“.
2184 4947 2320 5084 ab
2348 4947 2494 5012 Urbe
2526 4953 2583 5009 Η
2620 4955 2754 5010 Idus
2782 4954 2905 5010 Oct.
2951 4957 3006 5007 et
3033 4949 3276 5007 cessavit
3312 4947 3680 5018 épiscotiatus

2083 5042 2163 5084 tes
2242 5069 2255 5082 .

2083 5042 2163 5084 leS
2201 5042 2255 5084 ο.

2462 5135 2550 5188 Ea:
2582 5131 2756 5188 codice
2791 5130 3017 5185 Thuano
3057 5129 3248 5183 altero.

2108 5247 2225 5299 Lm.
2259 5241 2303 5298 i.
2339 5241 2475 5299 urbe
2499 5238 2932 5296 Ravennatium.
2961 5236 3061 5290 lin.
3093 5233 3147 5303 5,
3174 5232 3549 5304 preplietiam.
3570 5232 3672 5286 Hic

2036 5316 2068 5372 f.
2105 5319 2202 5371 Im.
2230 5317 2283 5385 8,
2315 5314 2577 5383 sepultus
2596 5317 2706 5367 est.

2316 5438 2482 5507 Apud
2515 5435 2856 5489 iiulsteniu—m
2879 5435 2928 5487 et
2952 5429 3392 5486 Schclcslratium

2101 5551 2223 5604 Lin.
2281 5545 2336 5615 3,
2378 5545 2478 5599 cod
2525 5544 2651 5600 Cass
2695 5556 2812 5615 om.
2879 5539 2971 5594 hic
3027 5535 3671 5615 martyrio‘poronatur.

277 5603 522 5706 Ῐςῖἑῖιὶεεῖ
547 5603 1918 5706 n22,a’u;“§.iii:"5,3gaitaaa_pigrae;una
2029 5603 2380 5706 ιξη.,5,¹ζ⁷ιο’ζ;
2410 5615 2566 5706 agis:
2602 5617 2653 5706 εξ
2678 5603 3675 5706 [atl‘om:.nqlljl_rﬂiffelifnjlﬂ‘32:

277 5676 1050 5773 ZiEil’éiiﬁE"lii“’iﬁ§iaf
1388 5676 1402 5679 ’
1423 5676 1918 5773 40,Vcimiteriutnn
2027 5676 2318 5773 cimi.'lin.
2343 5686 2400 5760 8,
2431 5688 2577 5743 Flor.
2607 5682 2664 5758 2,
2689 5682 2964 5754 martyrio
2981 5676 3306 5736 coronatur
3334 5683 3390 5732 et
3411 5676 3675 5745 sepultus

325 5764 520 5840 ante.
553 5779 659 5836 Hic
703 5775 843 5835 fecit
869 5764 1265 5832 ordinationes
1293 5767 1348 5841 5,
1400 5780 1498 5839 per
1526 5780 1594 5823 m.
1635 5767 1696 5837 D,
1732 5780 1786 5835 p.
1832 5764 1915 5837 i6,
2025 5771 2130 5824 est.
