4070 6178
185 245 316 305 4324

1035 247 1356 306 HISTORIA
1391 249 1482 305 DE
1520 249 1694 305 VlTIS
1732 246 1900 304 ROM.
1945 249 2139 305 PON'I‘.
2184 278 2256 290 —
2290 249 2344 305 S.
2386 249 2724 304 CALIXTUS

3435 247 3576 307 4322

184 370 366 444 igitur
402 369 529 444 eju_s
582 369 867 440 martyrii,
902 383 1014 444 non
1055 375 1177 442 ψει
1203 372 1321 427 dies
1375 385 1496 428 xvii
1529 372 1828 444 legendum
1860 373 1913 433 A
1946 374 2003 430 in
2035 375 2227 430 eodem
2259 372 2583 444 coemeterio
2622 370 2855 444 Callisti,
2885 376 2940 444 et
2966 370 3164 428 Idibus
3201 373 3444 444 Augusti
3479 387 3578 430 re—

181 440 452 511 arbitror.
474 440 658 506 Quare
690 442 1024 511 martyrium
1053 440 1353 511 Spectatad
1379 444 1530 500 diem
1566 440 1832 499 Octobris

184 509 272 580 43,
305 513 586 580 extractio
630 525 660 566 e
687 509 857 580 puteo
912 518 969 568 et
1007 509 1194 569 illatio
1228 515 1284 569 in
1342 516 1733 570 coemeterium
1759 515 1825 569 ad

180 579 334 656 diem
367 579 432 636 44
461 601 474 635 :
506 588 568 656 ut
596 579 761 652 plane
781 583 983 638 sintab
999 585 1124 652 ejus
1146 585 1523 640 ordinatione
1543 585 1611 640 ad
1633 591 1833 656 marty-

184 654 336 708 rium
391 653 528 707 anni
598 667 916 726 v,_menses
963 669 1025 721 ll,
1080 656 1206 710 dies
1249 670 1306 726 x,
1339 656 1594 712 omnium
1644 653 1830 712 docu—

186 730 509 797 mentorum
550 723 840 797 Asuﬁ‘ragio
893 726 1243 796 comprobati
1277 723 1302 780 ε’
1350 727 1827 797 quemadmodum

183 796 494 870 signantur
547 795 639 870 in_
659 797 904 870 picturis
934 802 991 852 et
1015 795 1313 853 eodicibus
1353 795 1409 854 et
1456 799 1735 870 catalogis
1761 798 1830 854 de

185 865 403 937 quibus
424 868 576 922 inter
609 865 1011 938 Prolegomena

743 986 896 1028 ΝΟΤιΕ
938 986 1257 1029 HISTORICE.

260 1078 432 1133 Linea
473 1074 524 1131 4.
549 1106 622 1151 -τ
646 1079 878 1134 Natione
931 1080 1223 1142 Romanus,
1277 1095 1345 1134 ea:
1385 1085 1546 1151 patre
1579 1083 1825 1148 Domitio,

185 1149 255 1203 de
279 1151 506 1220 regione
523 1149 656 1220 urbe
707 1152 1065 1204 Bavennatio.
1093 1152 1133 1204 E
1163 1157 1329 1220 gente
1361 1149 1608 1208 Domitia
1632 1158 1828 1207 natum

184 1220 391 1292 asserit
419 1219 723 1292 Callistum
769 1221 838 1275 de
865 1222 1094 1292 regione
1123 1219 1276 1276 urbis
1304 1225 1700 1277 Ravennatium
1721 1237 1833 1292 ap-

186 1291 417 1363 pellata.
443 1292 503 1345 In
538 1291 768 1361 regione
790 1291 953 1346 urbis
977 1305 1073 1346 xiv
1104 1293 1413 1363 Augustea,
1442 1291 1831 1349 Transtiberim

185 1362 367 1436 dicta.
425 1375 551 1436 qua;
583 1368 673 1436 est
718 1367 876 1416 sexta
922 1363 1080 1433 regio
1122 1362 1510 1420 ecclesiastica
1539 1365 1728 1436 (supra
1770 1366 1831 1418 in

188 1431 599 1502 Prolegomenis)
663 1431 857 1487 hortos
917 1431 1143 1487 Domitii
1205 1448 1238 1490 a
1309 1431 1554 1491 Publice
1605 1431 1830 1490 Victore

188 1503 502 1559 collocatos
526 1503 829 1557 observant
857 1505 1090 1574 antiqua
1103 1506 1175 1560 rii
1214 1524 1226 1559 :
1251 1511 1305 1560 et
1335 1511 1518 1560 castra
1549 1509 1828 1563 Ravenna-

187 1577 328 1628 tium
353 1575 411 1627 in
438 1573 630 1628 eadem
663 1574 894 1644 regione
940 1575 1216 1632 similiter
1243 1582 1505 1632 statuunt
1553 1591 1682 1632 cum
1716 1580 1832 1632 Do—

192 1653 325 1719 nato
348 1644 449 1719 lib.
487 1658 549 1698 Ill
581 1645 651 1700 de
678 1645 1032 1719 urbeAR‘oma,
1067 1661 1193 1717 pag.
1225 1645 1350 1715 340,
1371 1648 1621 1719 aliisque
1641 1656 1832 1719 aucto-

192 1715 374 1770 ribus.
395 1713 581 1781 Quare
597 1713 1198 1784 potuitCallistushoc
1215 1713 1386 1774 etiam
1413 1713 1644 1774 nomine
1665 1717 1830 1774 fundi

189 1787 258 1840 ad
294 1792 514 1856 gentem
535 1800 697 1841 suam
722 1788 1028 1842 Domitiam
1064 1790 1403 1856 pertinentis
1419 1790 1676 1846 Titulum
1718 1792 1834 1845 Ro—

193 1869 431 1930 manum
457 1857 515 1910 in
564 1857 665 1930 illo
712 1859 952 1930 erigere,
984 1861 1084 1930 qui
1117 1860 1472 1927 postmodum
1503 1861 1742 1916 basilica
1763 1863 1824 1915 S.

192 1928 830 2001 Mariai'l‘ranstiberim,
846 1928 1139 1986 etCallisti
1155 1932 1494 1987 aconditore
1508 1933 1832 2001 promiscue

192 2005 582 2072 nuncupatur.
614 2000 816 2054 Donati
838 2001 1001 2055 verba
1028 2007 1202 2057 sunt:
1237 2002 1396 2057 «Sub
1429 2000 1553 2072 ipso
1570 2003 1832 2058 Janiculo

192 2082 306 2142 non
350 2070 551 2124 horum
584 2075 802 2126 tantum
838 2072 1274 2128 Vitellianorum
1320 2070 1678 2142 temporariae
1707 2080 1834 2130 sta—

193 2140 402 2209 tiones,
425 2143 517 2196 sed
543 2154 814 2209 perennes
845 2143 1098 2198 militum
1121 2150 1282 2199 erant
1306 2140 1589 2200 institutae
1614 2146 1684 2201 ab
1707 2147 1834 2200 Au-

189 2217 365 2286 gusto
384 2219 565 2286 castra
589 2214 984 2286 Ravennatium
1004 2215 1159 2270 dicta
1191 2234 1204 2283 ;
1226 2229 1423 2286 nempe
1444 2216 1714 2282 militum,
1731 2215 1832 2286 qui

188 2282 438 2337 classem
469 2284 744 2337 Ravennae
775 2283 1110 2340 collocatam
1135 2282 1444 2341 tuebantur
1463 2289 1528 2341 ad
1556 2282 1839 2343 defensio-

191 2353 551 2427 nem__superi
585 2354 1049 2427 lilaris._(S_ueton.
1085 2360 1145 2410 in
1177 2361 1326 2426 Aug.
1363 2371 1414 2412 c.
1444 2354 1549 2427 49).
1584 2359 1650 2412 Hi
1681 2358 1837 2413 clas-

190 2424 368 2479 siarii
402 2426 689 2479 venientes
727 2425 795 2480 ad
830 2425 1031 2481 Urbem
1083 2427 1161 2482 ibi
1211 2424 1419 2483 stativa
1453 2424 1753 2490 habebant,
1785 2432 1840 2483 et

191 2495 268 2550 ad
297 2495 425 2561 hos,
457 2495 576 2550 sive
604 2494 754 2550 alios
775 2496 1023 2550 Taberna
1052 2500 1350 2564 meritoria,
1388 2498 1487 2554 ubi
1509 2512 1660 2554 nunc
1679 2499 1840 2553 Edes

190 2566 256 2621 S.
308 2567 504 2620 Maria
568 2566 961 2620 Transtiberim
1019 2569 1390 2636 pertinebat:
1449 2570 1600 2624 unde
1653 2570 1841 2625 oleum

191 2637 430 2691 abunde
449 2637 516 2690 ad
549 2637 786 2692 ﬂuvium
830 2651 1009 2708 usque
1040 2640 1276 2695 ﬂuxisse
1297 2641 1685 2696 ecclesiastica
1717 2653 1847 2695 mo—

196 2713 476 2782 pumenta
499 2708 800 2782 prodidere
826 2709 1368 2782 :etconstansfama,
1397 2711 1847 2782 designatusque

198 2778 265 2850 in
301 2777 513 2850 templo
541 2780 842 2833 maximam
871 2780 978 2834 sub
1022 2795 1177 2836 aram
1211 2781 1392 2850 locus,
1426 2777 1719 2850 veterique
1742 2777 1848 2836 hoc

198 2849 382 2903 titulo
407 2855 636 2904 notatus
667 2851 801 2903 Fons
827 2851 948 2916 olei,
982 2852 1209 2907 abunde
1237 2849 1541 2908 testantur.
1565 2849 1845 2921 Quoniam

194 2933 344 2992 vero
390 2921 720 2992 principatu
760 2923 1044 2976 Caesarem
1097 2925 1408 2979 rarissimae
1455 2925 1852 2992 expeditiones

197 2990 545 3064 maritimae,
566 2992 914 3064 Ravennates
933 2993 1218 3049 classiarii
1250 2990 1576 3064 frequentes
1605 3000 1765 3050 erant
1793 2994 1852 3048 in

1941 455 2206 501 censetur
2237 445 2504 500 memoria
2547 442 2930 511 depositionis
2953 445 3208 496 Pontiani
3230 442 3568 510 initiallisti;

1985 517 2177 572 uiduo
2217 516 2490 585 martyrio
2512 519 2567 568 et
2593 513 2927 582 pontiﬁcatu
2962 515 3286 582 praecedunt
3312 515 3570 569 Lucium.

1985 531 2177 572 1110υο
2217 531 2490 585 martyrio
2512 531 2567 568 ει
2593 531 2927 582 ponuncatu
2962 531 3286 582 pl‘iBCCGlllll
3312 531 3570 569 LUClllm.

1938 531 2122 655 auare
2147 600 2276 643 cum
2330 586 2676 640 haberentur
2699 585 2812 652 jam
2843 590 2960 639 tum
2989 585 3309 656 complures
3329 585 3574 656 catalogi

1940 659 2141 727 scripti
2171 658 2320 713 circa
2343 657 2588 712 medium
2612 656 2810 710 saeculi
2839 656 3052 726 quarti,
3077 658 3133 710 in
3168 655 3381 725 quibus
3397 669 3579 725 appa—

1941 736 2068 783 rent
2092 727 2660 784 commemorationes
2695 727 2932 782 istorum
2962 733 3271 797 martyrum
3293 733 3347 782 et
3380 727 3578 795 ponti—

1940 799 2108 855 ﬁcum
2141 800 2229 854 his
2254 801 2312 854 in
2344 798 2685 853 ctemeteriis
2710 797 2814 853 diu
2855 804 2986 853 ante
3020 799 3298 853 institutae
3327 815 3342 867 ;
3369 804 3423 852 et
3449 811 3578 852 cum

1939 883 2006 925 ex
2023 871 2234 927 litteris
2245 871 2299 925 S;
2314 870 2581 940 Cypriani
2606 867 2804 924 relatis
2819 869 2876 923 in
2893 871 3043 924 notis
3065 871 3131 924 ad
3147 869 3201 924 S.
3221 868 3577 935 Anacletum,

1942 955 2158 998 necnon
2186 956 2254 997 ex
2269 939 2623 996 Tertulliano
2651 940 2708 994 in
2732 939 2881 995 libro
2906 941 3202 996 deCorona
3227 940 3436 994 militis
3453 953 3582 994 con-

1941 1017 2050 1067 stet
2075 1014 2146 1069 de
2159 1011 2462 1068 vetustiori
2481 1011 2897 1067 consuetudine
2916 1017 3046 1066 ante
3066 1012 3369 1080 imperium
3393 1010 3580 1065 Severi

1941 1085 2186 1155 vigente,
2215 1089 2279 1155 ut
2300 1094 2487 1155 annua
2513 1083 2608 1136 die
2627 1081 3011 1155 recolerentur
3039 1097 3167 1155 cum
3189 1082 3478 1155 oblatione
3497 1082 3582 1155 di-

1941 1151 2060 1210 vini
2093 1154 2364 1210 sacriﬁcii
2414 1153 2699 1206 memoriae
2754 1158 3063 1222 martyrum
3093 1171 3107 1222 ;
3139 1151 3448 1208 infeliciter
3472 1153 3583 1208 ad-

1943 1226 2169 1281 modum
2190 1227 2492 1294 argutatur
2507 1224 2792 1278 Burnetus
2813 1224 2870 1278 in
2890 1224 3153 1294 epistolis
3171 1226 3240 1279 de
3255 1239 3360 1279 suo
3382 1223 3581 1279 Italico

1943 1297 2148 1350 itinere
2175 1293 2386 1364 negans
2414 1294 2532 1348 haec
2561 1295 2881 1349 coemeteria
2914 1293 3093 1350 fuisse
3126 1294 3580 1350 Christianorum

1941 1367 2147 1423 usibus
2168 1367 2439 1435 deputata
2471 1372 2603 1418 ante
2633 1365 2900 1434 quintum
2934 1366 3231 1420 saeculum.
3259 1368 3446 1422 Doctte
3474 1368 3583 1421 Pa—

1938 1439 2020 1507 gii
2057 1443 2201 1494 notae
2228 1437 2407 1491 crassi
2454 1435 2670 1491 erroris
2693 1437 2951 1491 eumdem
2982 1437 3183 1492 merito
3216 1444 3414 1492 notant
3445 1456 3456 1491 :
3489 1437 3581 1492 cui

1941 1509 2302 1568 revincendo,
2333 1507 2710 1578 etevertendo
2730 1509 2872 1561 satis
2887 1508 3380 1578 estquotidianum
3405 1520 3584 1574 expe-

1941 1579 2251 1635 rimentum
2281 1577 2740 1633 Christianarum
2777 1577 3244 1647 inscriptionum,
3278 1581 3335 1634 in
3367 1579 3580 1634 eisdem

1942 1650 2282 1706 cmmeteriis
2309 1648 2734 1704 occludentium
2760 1649 2980 1704 loculos
3008 1649 3407 1705 defunctorum
3439 1667 3451 1703 :
3485 1647 3582 1704 ubi

1863 1741 1911 1802 Β
1944 1719 2150 1802 adsociat
2183 1717 2508 1802 manifestat
2536 1724 2730 1802 aetates
2759 1721 3228 1802 superiores‘per
3249 1721 3584 1802 consulatus
3611 1730 3616 1736 '

1947 1789 2158 1847 ibidem
2222 1790 2562 1859 insculptas.
2617 1789 2934 1846 Mirandum
2987 1789 3236 1859 profecto
3275 1799 3380 1862 est,
3434 1789 3582 1860 quod

1943 1864 2210 1918 oculatus
2232 1861 2340 1916 iste
2357 1863 2556 1927 viator,
2579 1863 2678 1928 qui
2703 1862 3054 1916 eruditionis
3073 1875 3241 1917 causa
3266 1867 3350 1917 tot
3378 1862 3586 1916 itinera

1943 1935 2218 2004 suscepit.
2246 1938 2302 1987 et
2336 1932 2501 1987 hasce
2526 1938 2756 2004 cryptas
2781 1933 3002 2002 ingredi
3026 1945 3091 1988 ac
3116 1933 3463 2000 perlustrare
3487 1945 3590 2004 ve-

1942 2004 2075 2074 luit,
2106 2002 2215 2060 non
2257 2003 2585 2070 attenderit,
2635 2002 2832 2057 saltem
2878 2004 3201 2072 Hieronymi
3237 2003 3588 2074 testimonio,

1941 2072 2090 2145 qoud
2126 2077 2336 2143 inipso
2367 2075 2630 2142 ingressu
2656 2074 3207 2130 cmmeteriiCallisti
3243 2075 3390 2129 intra
3422 2072 3593 2130 eccle-

1943 2147 2084 2201 siam
2113 2147 2167 2202 S.
2200 2145 2519 2201 Sebastiani
2539 2150 2699 2199 extra
2742 2159 2932 2201 muros
2957 2146 3189 2214 provide
3219 2146 3587 2201 incidendum

1943 2224 2228 2273 curarunt
2255 2216 2511 2284 ejusdem
2551 2215 2805 2270 ecclesize
2857 2217 3187 2286 praepositi:
3222 2217 3319 2270 ubi
3356 2224 3594 2272 sanctus

1945 2290 2145 2345 doctor
2174 2287 2422 2342 afﬁrmat
2468 2299 2528 2341 se
2568 2299 2805 2354 puerum
2835 2287 3155 2343 studiorum
3206 2301 3377 2343 causa
3407 2289 3595 2341 Romae

1948 2366 2266 2416 versantem
2304 2358 2477 2429 (quod
2509 2356 2618 2412 sub
2675 2357 2910 2413 initium
2949 2359 3141 2428 quarti
3174 2359 3370 2414 saeculi
3416 2357 3598 2414 fuisse

1950 2429 2192 2499 constat)
2266 2428 2474 2484 diebus
2528 2428 2843 2484 Dominicis
2910 2443 3039 2484 cum
3091 2429 3232 2500 suis;
3277 2429 3598 2500 aequalibus

1953 2503 2071 2556 haec
2120 2498 2281 2556 sacra
2327 2501 2446 2553 loca
2497 2503 2808 2568 martyrum
2865 2498 3359 2568 depositionibus‘
3393 2499 3600 2555 referta

1954 2573 2190 2628 visitare
2216 2568 2601 2628 consuevisse.
2641 2571 2843 2624 Verum
2893 2571 3036 2624 tanti
3069 2583 3178 2625 non
3230 2578 3318 2626 est
3350 2572 3597 2625 Burneto

1957 2645 2013 2698 in
2044 2655 2148 2698 sua
2186 2641 2513 2696 voluntaria
2538 2640 2793 2694 caecitate
2836 2649 3034 2698 contra
3089 2639 3222 2695 facti
3255 2641 3599 2696 evidentiam

1957 2713 2166 2769 saecula
2181 2710 2569 2781 postponenti,
2589 2715 2718 2764 nota
2740 2718 3069 2766 sanctorum
3095 2712 3324 2766 Patrum
3352 2713 3603 2768 testimo~

1960 2785 2075 2848 nia,
2109 2790 2165 2838 et
2189 2781 2498 2853 aequalium
2534 2781 3013 2837 monimentorum
3044 2781 3386 2838 documenta
3414 2783 3602 2837 incla—

1961 2868 2136 2911 mare.

2623 2921 2942 2977 ClACONlI.

2035 2995 2205 3049 Linea
2249 2990 2398 3048 4.-
2429 2993 2528 3047 Hic
2576 2994 2856 3046 constituit
2893 2992 3178 3059 jejunium
3204 2993 3294 3046 die
3357 2993 3608 3048 Sabbati.

197 3061 386 3135 Urbe,
430 3061 698 3135 ludisque
738 3062 863 3135 vela
887 3063 1174 3120 ducebant
1205 3067 1260 3120 in
1315 3061 1553 3121 theatro.
1586 3065 1853 3135 Lampri—
1878 3062 1924 3123 G
1960 3066 2236 3122 Callistus
2268 3062 2544 3135 pontifex“
2568 3064 2623 3117 in
2648 3067 2830 3135 tanta
2854 3076 3041 3135 rerum
3074 3062 3521 3132 perturbatione,
3553 3070 3610 3119 et

197 3133 344 3187 dius
376 3133 435 3186 in
481 3133 790 3206 Commodo
820 3153 889 3206 :_a
920 3136 1173 3201 lrritum,
1239 3137 1450 3206 inquit,
1512 3137 1567 3192 id
1617 3133 1854 3191 credens

195 3202 589 3286 (Commodus)
626 3217 659 3258 a
699 3203 1230 3286 populo_llomano,
1273 3202 1646 3286 a‘militibus
1698 3205 1859 3286 clas-

196 3275 430 3344 siariis,
483 3275 584 3344 qui
628 3275 754 3329 vela
777 3275 1083 3346 ducebant,
1121 3277 1378 3333 interimi
1430 3281 1793 3347 praeceperat.
1828 3294 1854 3326 »

199 3349 340 3401 Haec
362 3347 634 3400 Donatus.

281 3417 915 3489 Missus‘ltapennatium
943 3418 1204 3489 meminit
1245 3419 1552 3489 inscriptio
1597 3419 1659 3472 L.
1696 3415 1857 3473 Furii

203 3489 271 3542 L.
312 3489 371 3541 Ε.
418 3485 530 3556 pal.
568 3488 816 3542 Victoris
855 3490 1005 3557 apud
1053 3488 1151 3544 fol.
1182 3485 1491 3545 Gruterum
1531 3501 1770 3556 ccccxiv,
1805 3491 1862 3542 et

204 3559 565 3631 Panvinium
598 3559 667 3612 de
720 3559 859 3613 urbe
908 3561 1082 3615 Roma
1141 3574 1264 3631 pag.
1318 3557 1442 3630 472,
1492 3561 1590 3631 qui
1640 3560 1861 3631 dicitur

206 3577 565 3612 ranvnnium
598 3577 667 3612 ue
720 3577 859 3613 urbe
908 3577 1082 3615 noma
1141 3577 1206 3630 pa
1253 3601 1264 3614 .
1318 3577 1442 3630 112,
1492 3577 1590 3631 qui
1640 3577 1861 3614 dicitur

199 3633 384 3682 missu
412 3630 807 3684 Ravennatium
837 3636 1167 3699 procurator
1211 3577 1332 3685 Facili
1359 3633 1564 3699 magni.
1601 3628 1862 3684 Afﬁrmat

199 3700 454 3774 Carolus
483 3701 675 3774 Piagaa
716 3701 776 3774 in
827 3702 1122 3774 Hierarch.
1157 3703 1438 3774 cardinal.
1467 3715 1638 3774 agens
1654 3701 1723 3774 de
1756 3700 1862 3774 hoc

201 3770 388 3826 titulo
410 3785 535 3841 pag.
566 3768 690 3825 367.
717 3771 994 3827 Blondum
1019 3774 1274 3829 Flavium
1306 3768 1635 3829 observasse
1661 3772 1718 3826 in
1742 3771 1864 3826 ali—

204 3843 533 3911 quotActis
552 3841 648 3896 SS.
672 3848 982 3911 martyrum
1011 3845 1157 3900 hanc
1181 3844 1475 3899 basilicam
1503 3844 1557 3898 S.
1578 3845 1866 3896 M.Trans-

205 3912 454 3967 tiberim
484 3913 678 3966 vocari
727 3915 1142 3968 Ravennatium.
1193 3917 1250 3969 In
1295 3915 1486 3970 eadem
1516 3926 1740 3983 quoque
1767 3927 1863 3968 re—

201 3985 388 4054 gione
416 3983 831 4038 Transtiberim
855 3986 1160 4040 convenire
1185 3987 1548 4042 consuevisse
1577 3985 1634 4037 Β.
1679 3983 1864 4038 Calli—

199 4061 372 4110 stum
416 4057 478 4107 in
520 4054 674 4107 domo
726 4056 984 4109 Pontiani
1032 4060 1177 4110 circa
1219 4063 1400 4110 castra
1464 4057 1864 4110 Ravennatium

201 4127 662 4196 testanturActa
700 4127 953 4195 ejusdem
989 4129 1270 4196 martyrii,
1302 4127 1590 4182 custodita
1613 4127 1669 4180 in
1697 4125 1861 4180 codi-

195 4196 387 4250 cibus
413 4197 468 4249 S.
496 4195 757 4266 Caeciliae,
791 4203 847 4252 et
872 4198 930 4250 in
958 4195 1407 4267 Vallicellianis,
1445 4211 1568 4267 quae
1602 4196 1868 4252 laudatus

197 4268 415 4321 Piazza
461 4272 718 4339 recenset
776 4282 900 4339 pag.
951 4265 1049 4323 561
1090 4287 1102 4323 :
1142 4290 1167 4320 ar
1200 4268 1281 4323 Ab
1333 4265 1526 4323 eodem
1570 4269 1664 4322 die
1695 4268 1869 4334 C(Bpii.

189 4337 540 4409 Alexander
561 4339 790 4394 curiose
810 4337 1064 4409 quarere
1085 4341 1140 4394 Β.
1175 4339 1483 4394 Callixtum
1510 4339 1862 4407 episcopum,

191 4416 269 4465 et
317 4408 678 4478 divulgatum
725 4408 900 4465 est’ei
935 4413 1083 4479 quod
1143 4417 1292 4465 esset
1343 4409 1757 4464 Transtiberim
1808 4410 1865 4461 in

191 4481 387 4536 domo
406 4481 839 4548 Pontianijuxta
857 4480 1048 4536 urbem
1067 4481 1500 4537 Ravennatium.
1518 4499 1542 4528 ι)
1566 4481 1664 4535 llis
1689 4479 1869 4549 igitur

192 4551 538 4607 observatis
571 4551 884 4606 verisimile
911 4554 1173 4607 redditur
1209 4550 1532 4621 pontiﬁcem
1564 4551 1863 4606 Callistum

189 4622 458 4692 Domitii
498 4621 680 4676 ﬁlium
742 4629 952 4690 partem
985 4623 1235 4692 aliquam
1269 4621 1577 4692 fundarum
1602 4636 1861 4690 suorum,

190 4691 304 4747 vel
332 4692 402 4745 ad
430 4693 671 4761 gentiles
701 4706 840 4748 suos
893 4691 1305 4761 pertinentium
1345 4691 1630 4748 obtulisse
1665 4700 1726 4748 ut
1753 4695 1863 4748 Deo

188 4776 442 4820 sacram
469 4763 694 4830 faceret,
748 4765 1104 4820 constituens
1131 4763 1367 4818 titulum
1407 4763 1720 4833 presbyteri
1746 4765 1866 4818 Ηοα

189 4835 376 4890 mani
405 4833 509 4886 hac
529 4833 774 4906 in_Urbis
791 4841 966 4903 parte,
992 4837 1048 4889 in
1078 4849 1187 4906 qua
1203 4834 1626 4906 fueruntetiam
1651 4834 1864 4889 Princi-

184 4904 767 4977 pemapostolorum
797 4906 1009 4960 Judaeis
1054 4904 1544 4961 Transtiberinam
1574 4906 1861 4976 regionem

180 4974 609 5034 incolentibus
633 4976 924 5032 Christum
947 4979 1339 5033 annuntiasse.
1392 4977 1528 5033 Vide
1569 4974 1864 5031 Baionium

177 5048 282 5104 ad
329 5061 543 5098 annum
563 5043 650 5100 44.

276 5119 468 5172 Linea
505 5115 539 5170 9
567 5123 624 5172 et
668 5113 752 5173 40.
787 5148 856 5157 —
883 5120 1029 5173 Fecit
1073 5122 1123 5172 et
1164 5118 1323 5171 aliud
1363 5120 1719 5173 ccemeterium
1767 5118 1859 5172 via

173 5189 426 5261 Appia,
454 5193 586 5261 etc.,
618 5189 764 5257 quod
791 5190 1278 5259 appellaturusque
1293 5191 1354 5243 in
1369 5190 1689 5245 hodiernum
1708 5190 1861 5261 diem

172 5260 581 5317 eameterium
597 5261 830 5314 Callisti.
853 5261 1149 5330 Depositio
1167 5266 1496 5317 sanctorum
1528 5260 1861 5330 pontiﬁcum

170 5338 246 5390 et.
276 5336 607 5399 martyrum
620 5331 872 5386 reddidit
891 5330 1130 5386 maxime
1145 5331 1364 5387 celebre
1387 5337 1513 5400 post
1530 5333 1861 5388 Vaticanum

170 5401 612 5462 cmmeterium
639 5402 882 5458 Callisti.
912 5402 1199 5472 Opuscula
1228 5405 1417 5472 quarti
1441 5403 1659 5465 saeculi,
1687 5416 1864 5472 supe—

174 5478 348 5532 rius
378 5473 537 5526 edita
588 5473 647 5527 in
704 5475 1127 5538 Prolegomenis
1172 5479 1228 5528 et
1258 5474 1556 5541 Bucherio,
1597 5475 1867 5542 complu-

173 5560 302 5604 res
358 5551 678 5598 memorant
717 5545 1015 5614 pontiﬁces
1044 5551 1099 5599 et
1130 5551 1404 5614 martyres
1437 5543 1517 5598 ibi
1549 5544 1860 5614 depositos.

171 5620 377 5676 Licet
394 5627 530 5669 vero
549 5617 610 5669 in
633 5629 723 5683 eo,
743 5618 836 5672 cui
860 5616 990 5671 titul
1004 5631 1068 5672 us
1087 5622 1174 5672 est
1189 5617 1456 5684 Depositio
1477 5617 1865 5684 episcOporum,

171 5685 683 5755 antiquissimus
697 5701 764 5741 ex
787 5688 866 5742 ibi
890 5689 1191 5743 recensitis
1205 5689 1521 5752 sitLucius;
1543 5692 1788 5741 attamen
1812 5687 1870 5741 in

171 5759 512 5834 proximo,
545 5758 641 5812 cui
677 5759 992 5834 praeﬁgitur
1023 5772 1225 5834 nomen
1251 5760 1520 5834 Depositio
1542 5762 1868 5834 martyrum,

164 5829 538 5890 adnotatur
577 5843 685 5884 xm
718 5829 855 5885 Kal.’
889 5830 1050 5885 Febr.
1081 5831 1208 5886 dies
1231 5830 1615 5900 depositionis
1642 5831 1876 5884 Fabiani

515 5918 754 5975 ernon.
782 5919 1052 5976 CXXVII.

1967 3135 2298 3192 nimioluxu
2321 3132 2918 3202 imperiilleliogabali
2940 3147 3296 3203 nequaquam
3316 3147 3350 3188 a
3378 3135 3610 3204 proprio

1969 3208 2238 3262 instituto
2265 3204 2568 3258 deﬂectens
2585 3204 2807 3272 jejunia
2835 3209 3081 3272 quatuor
3104 3210 3418 3272 temporum
3441 3206 3612 3260 insti-

1970 3280 2104 3345 tuit,
2133 3276 2219 3330 vel
2253 3275 2446 3343 potius
2477 3276 2786 3340 renovavit,
2812 3274 3059 3328 Hebraeis
3076 3274 3213 3329 olim
3248 3276 3529 3344 injuncta.
3555 3276 3612 3330 in

1973 3344 2210 3405 Vernale
2237 3346 2484 3416 scilicet,
2523 3346 2813 3411 Estivale,
2858 3344 3222 3412 Autumnale,
3246 3353 3300 3401 et
3331 3346 3614 3416 llyemale.

1971 3418 2186 3488 quibus
2219 3415 2577 3488 temporibus
2605 3416 2876 3482 deinceps
2898 3418 3058 3488 ratio
3087 3415 3414 3472 sanctorum
3448 3418 3616 3472 ordi-

1974 3487 2108 3544 num
2153 3487 2346 3542 habita
2368 3493 2473 3556 est,
2500 3501 2627 3541 cum
2661 3494 2823 3542 antea
2855 3487 2909 3542 id
2956 3488 3186 3556 quidem
3222 3489 3614 3545 tantummodo

1973 3559 2264 3615 Decembri
2305 3571 2494 3611 mense
2525 3557 2645 3612 ﬁeri
2680 3559 3093 3613 consuevisset.

2043 3631 2210 3684 Linea
2237 3627 2292 3692 5,
2320 3628 2374 3682 6.
2409 3657 2478 3666 -
2501 3630 2600 3681 Hic
2624 3631 2752 3694 fecit
2784 3629 3066 3682 basilicam
3085 3634 3242 3682 trans
3275 3630 3528 3684 Tiberim.
3554 3632 3613 3684 In

1973 3700 2242 3756 honorem
2278 3698 2504 3770 scilicet
2528 3700 2602 3770 ,B.
2650 3699 2906 3770 Virginis
2939 3717 2951 3752 :
2985 3712 3096 3754 non
3127 3705 3311 3755 tamen
3358 3701 3616 3756 creditur

1974 3772 2073 3834 illa
2096 3783 2237 3837 esse,
2273 3782 2399 3835 qua:
2432 3769 2601 3824 hodie
2620 3775 2730 3842 tam
2754 3769 2996 3842 celebris
3022 3778 3077 3825 et
3105 3771 3291 3837 ampla
3313 3773 3572 3826 cernitur
3601 3790 3615 3842 ;

1973 3855 2102 3897 cum
2129 3854 2192 3895 ea
2219 3845 2551 3908 tempestate
2590 3840 2660 3895 ob
2691 3841 2920 3896 crebras
2954 3845 3377 3910 persecutiones
3393 3840 3617 3897 occulta

1971 3918 2164 3968 essent
2208 3914 2401 3982 omnia
2449 3910 2678 3980 sacella,
2711 3919 2882 3982 atque
2920 3912 3112 3966 eadem
3153 3911 3370 3978 abdita,
3410 3918 3464 3968 et
3492 3913 3618 3982 ple‘

1976 3996 2217 4052 rumque
2239 3981 2627 4051 subterranea,
2662 3981 2830 4052 quam
2870 3983 3085 4050 apertis
3118 3982 3174 4035 in
3207 3983 3369 4048 locis,
3403 3998 3466 4038 ac
3500 3983 3616 4052 plu-

1977 4054 2162 4121 ribus,
2201 4053 2416 4107 ﬁerent.
2467 4052 2792 4108 Oratorium
2825 4054 3024 4123 igitur,
3061 4053 3143 4107 vel
3189 4054 3405 4109 humile
3431 4054 3614 4109 sacelc

1978 4125 2116 4192 lum,
2138 4124 2307 4178 initio
2328 4136 2451 4178 esse
2465 4123 2669 4192 potuit,
2695 4124 2842 4192 quod
2864 4125 2929 4177 ad
2963 4124 3612 4179 ministeriaChristiani

1978 4196 2176 4266 p0puli
2209 4196 2534 4266 inserviret,
2583 4207 2692 4266 non
2728 4196 2892 4266 quod
2928 4194 2995 4248 ad
3035 4194 3309 4249 invidiam
3347 4196 3617 4251 Ethnicos

1981 4263 2254 4321 irritaret.
2286 4263 2736 4336 Etforsanillud
2764 4266 2874 4319 fuit
2899 4265 3193 4334 templum.
3215 4268 3366 4334 quod
3400 4267 3618 4336 erigere

1977 4337 2312 4396 Christiani.
2347 4335 2654 4390 Alexandri
2689 4336 2877 4390 Severi
2922 4336 3285 4405 imperatoris
3319 4335 3609 4404 rescripto,

1978 4407 2374 4470 obtinuerunt,
2404 4407 2677 4461 adversus
2717 4420 3014 4476 ganeones.
3048 4407 3149 4475 qui
3176 4407 3500 4476 p0pinasgin
3530 4420 3615 4460 eo-

1900 4462 1952 4522 D
1976 4462 2103 4533 dem
2128 4479 2244 4532 situ
2277 4462 2554 4532 fib'ricare
2584 4462 2866 4545 volebant,
2893 4462 3143 4530 diceniis
3173 4462 3381 4530 melius
3411 4474 3530 4530 fere
3552 4483 3614 4530 ut

1977 4552 2126 4604 Deus
2148 4549 2661 4618 quomodocunque
2690 4546 2790 4601 illo
2824 4547 2946 4600 loco
2968 4545 3270 4612 coleretur,
3308 4560 3475 4670 qiuam
3509 4559 3615 4614 po-

1979 4621 2130 4670 ninis
2178 4617 2618 4670 mancioaretur.
2664 4623 2724 4670 ut
2775 4616 3135 4670 Lampridius
3186 4616 3244 4669 in
3293 4617 3613 4670 Aexandro

1979 4621 2130 4690 pinis
2167 4616 2618 4690 ‘manciparetur,
2664 4623 2724 4671 ut
2775 4616 3135 4690 Lampridius
3186 4616 3244 4690 in
3293 4616 3613 4690 Alexandro

1975 4685 2198 4747 scribit.
2252 4687 2748 4757 Religiosissimus
2803 4688 2993 4756 itaque
3045 4685 3298 4755 pontifex
3338 4688 3612 4743 Callistus

1977 4763 2118 4816 hanc
2131 4759 2436 4830 Ecclesium
2455 4771 2553 4826 pro
2566 4757 2714 4830 votis
2726 4758 3066 4830 construxit,
3084 4757 3338 4826 Deiparae
3357 4759 3614 4830 Virginis

1976 4830 2168 4898 titulo,
2194 4829 2288 4884 ubi
2322 4834 2571 4897 tempore
2595 4828 2842 4900 Augusti
2861 4828 3069 4891 oleum,
3092 4843 3291 4900 magno
3308 4828 3608 4896 miraculo,

1975 4910 2124 4983 terra
2155 4913 2478 4983 erumpens.
2512 4899 2968 4983 copioseﬁuxit,
2992 4900 3049 4953 in
3090 4899 3320 4983 signum
3367 4901 3608 4983 Christi,

1976 4973 2210 5029 humani
2257 4971 2483 5043 generis
2512 4970 2923 5043 Redemptoris,
2955 4971 3014 5025 in
3045 4973 3320 5026 mundum
3363 4970 3609 5042 proximi

1972 5039 2283 5100 adventus:
2322 5043 2548 5097 Sacram
2605 5041 2794 5096 adhuc
2849 5039 3101 5113 foramen
3137 5039 3454 5113 exstat,'ex
3493 5056 3607 5112 quo

1971 5116 2110 5172 olim
2146 5115 2332 5170 oleum
2375 5113 2686 5168 scaturiit:
2727 5118 2877 5169 terra
2928 5111 3174 5170 inferius
3206 5111 3389 5183 posita
3418 5111 3605 5183 adhuc

1970 5186 2092 5243 oleo
2126 5185 2373 5240 madens.
2405 5187 2474 5239 Et
2518 5183 2621 5240 hoc
2652 5183 2765 5240 fuit
2807 5185 3080 5255 templum
3113 5182 3360 5257 primum
3383 5182 3603 5255 Virgini

1974 5257 2200 5329 publice
2245 5257 2518 5312 dicatum.

2627 5325 2956 5382 SOMMIER.

2050 5400 2220 5454 Linea
2252 5395 2306 5454 5.
2331 5428 2384 5436 -
2419 5397 2725 5451 Secundum
2771 5398 3138 5466 prophetiam.
3198 5396 3358 5453 Nihil
3407 5397 3610 5453 admo—

1978 5472 2114 5526 dum
2149 5469 2316 5524 nobis
2348 5469 2990 5538 praeservatantiquitas
3017 5482 3084 5524 ex
3117 5469 3451 5538 pontiﬁcatu
3480 5467 3611 5524 Cal-

1980 5542 2125 5603 listi,
2161 5553 2329 5609 quam
2383 5541 2672 5594 decretum
2704 5540 2774 5593 ab
2825 5541 2948 5609 ipso
2977 5541 3269 5595 conditum
3292 5541 3464 5609 juxta
3486 5556 3616 5610 pro-

1977 5614 2217 5684 phetiam
2261 5611 2330 5665 de
2374 5611 2597 5679 jejunio
2631 5617 2715 5684 ter
2771 5611 2829 5665 in
2882 5624 3031 5684 anno
3071 5611 3427 5684 celebrando,
3461 5620 3516 5668 et
3557 5611 3614 5666 in

1983 5681 2300 5756 gratiarum
2330 5685 2611 5756 actionem
2635 5683 2746 5736 Deo
2771 5696 2802 5736 a
2837 5681 3003 5756 nobis
3033 5681 3316 5738 offerendo
3345 5698 3449 5756 pro
3474 5696 3617 5756 con,-

1983 5753 2161 5811 cessis
2191 5761 2351 5809 terra:
2403 5753 2690 5808 fructibus
2734 5767 2830 5823 per
2858 5754 3049 5808 eadem
3088 5761 3338 5823 tempora
3367 5753 3622 5810 collectis

1986 5824 2260 5883 frumenti
2304 5825 2423 5880 vini
2455 5831 2510 5880 et
2548 5825 2681 5881 olei.
2711 5827 2947 5882 Necesse
2999 5825 3182 5896 igitur
3217 5831 3303 5881 est
3343 5836 3622 5894 recogno—

3311 5912 3379 5969 42
