4070 6178
485 350 621 409 4323

1688 346 2047 402 ANASTASII
2126 344 2671 400 BIBLIOTHECARII

3748 341 3888 397 4324

485 486 658 537 scere,
695 472 804 527 tria
829 471 948 527 hac
974 470 1193 540 jejunia
1229 484 1370 538 esse,
1405 483 1530 540 qua:
1560 474 1800 538 quatuor
1825 475 2122 538 temporum
2153 470 2204 528 A
2224 469 2502 537 jejunium
2531 469 2730 536 quinti,
2763 473 2813 521 et
2833 466 3114 540 jejuninm
3141 469 3375 540 septimi,
3402 472 3454 522 et
3471 467 3766 536 jejunium
3809 466 3890 518 dc-

483 544 867 614 appellantur.
898 539 1469 614 Prophetiaenimde
1493 556 1599 614 qua
1630 541 1723 595 hic
1750 541 2128 614 loquiturest
2236 541 2361 593 oimi
2390 541 2492 592 erit
2524 540 2706 594 domui
2742 539 2888 593 Juda
2928 541 2987 592 in
3023 539 3303 606 gaudium.

485 610 770 672 zachariae
813 627 937 684 cap.
997 610 1120 682 Vm,
1149 626 1315 669 versu
1364 610 1475 667 49:
1513 612 1792 680 Jejunium
1835 613 2040 680 quarti,
2082 615 2130 664 et

1581 936 1838 1008 XVIII.

1930 933 2304 1006 SANCTUS
2379 934 2770 1005 URBANUS
2788 981 2805 999 .

1520 1140 1699 1186 ANNO
1725 1139 1985 1186 CHRISTI
2013 1125 2155 1198 226,
2193 1137 2565 1182 ALEXANDRI
2596 1138 2736 1182 IMP.
2770 1125 2829 1182 4.

1965 1283 2278 1294 ’.η-...οἰ

2279 1283 2373 1290 -ι-

805 1406 918 1469 18
984 1404 1323 1484 Urbanus,
1376 1404 1654 1469 natione
1694 1407 2044 1471 Romanus
2097 1422 2177 1468 ea:
2216 1407 2422 1486 patre
2462 1404 2828 1484 Pontiano,
2889 1403 3060 1467 sedit
3123 1421 3335 1466 annos
3399 1406 3568 1480 octo,
3632 1415 3893 1464 menses.

737 1502 1075 1581 undecim,
1101 1503 1243 1564 dies
1273 1502 1619 1566 duodecim
1644 1514 1674 1546 α
1705 1505 1879 1568 .Hic
1907 1503 2075 1586 fecit
2096 1503 2490 1566 ministeria
2518 1507 2794 1566 sacrata
2825 1503 3051 1566 omnia
3077 1500 3106 1543 δ
3135 1505 3485 1582 argentea,
3513 1504 3582 1564 et
3599 1505 3896 1581 patenas

725 1604 1088 1681 argenteas
1116 1599 1367 1678 viginti
1396 1600 1696 1681 quinque
1725 1601 1972 1682 posuit.
2009 1601 2131 1662 Hic
2178 1616 2376 1684 verus
2407 1599 2739 1662 confessor
2767 1599 3032 1662 exstitit
3062 1597 3470 1677 temporibus
3519 1598 3812 1659 Maximi
3836 1603 3892 1658 et

724 1697 1022 1760 Africani
1053 1699 1404 1760 consulum
1434 1709 1459 1739 ο
1489 1744 1504 1759 .
1532 1698 1670 1761 Hic
1695 1715 1824 1761 sua
1860 1698 2238 1761 traditione
2277 1695 2527 1760 multos
2562 1699 2905 1761 convertit
2945 1699 3035 1760 ad
3065 1697 3477 1778 baptismum
3503 1699 3573 1758 et
3603 1695 3893 1758 creduli-

645 1797 683 1858 5
731 1799 962 1874 tatem,
1005 1795 1212 1859 etiam
1272 1793 1717 1860 Valerianum
1758 1795 1786 1836 ἀ
1837 1794 2329 1857 nobilissimum
2384 1794 2628 1873 virum,
2685 1811 3007 1876 sponsum
3057 1798 3306 1857 sanctae
3361 1792 3673 1871 Caecilia;
3737 1810 3892 1873 quos.

726 1896 932 1968 etiam
959 1911 1170 1975 usque
1201 1893 1285 1955 ad
1315 1893 1622 1974 martyrii
1673 1895 1970 1975 palmam
2020 1892 2353 1972 perduxit,
2401 1896 2465 1956 et
2511 1911 2628 1972 per
2661 1891 2808 1970 ejus
2853 1892 3109 1954 monita
3157 1891 3366 1955 multi
3407 1892 3764 1969 martyrio
3793 1909 3892 1953 co-

729 1993 962 2057 ronati
1006 1995 1195 2055 sunt.
1237 1991 1376 2054 Hic
1421 1989 1589 2071 fecit
1619 1992 2088 2055 ordinationes
2135 1991 2435 2072 quinque
2456 2007 2589 2070 per
2632 2007 2926 2053 mensem
2979 1989 3394 2054 Decembrem
3427 2011 3441 2051 :
3470 1988 3892 2070 Presbyteros

726 2107 990 2169 novem,
1026 2090 1338 2152 diaconos
1388 2089 1708 2170 quinque,
1754 2089 2092 2169 episcopos
2125 2104 2240 2168 per
2278 2086 2542 2150 diversa
2572 2088 2716 2150 loca
2744 2091 2908 2150 octo.
2933 2086 3066 2162 Qui
3118 2092 3324 2150 etiam
3351 2085 3678 2168 sepultus
3704 2091 3805 2148 est
3825 2085 3888 2147 iu.

727 2188 1087 2254 cameter-io
1106 2186 1534 2266 Praetextati,
1551 2187 1668 2249 cia
1679 2185 1934 2266 Appia,
1957 2183 2242 2247 vaal.
2259 2185 2536 2260 Junias,
2567 2187 2633 2248 et
2660 2186 2948 2249 cessavit
2961 2186 3391 2266 episcopatus
3402 2185 3548 2248 dies
3563 2184 3886 2264 triginta.

1613 2302 2102 2365 CATALOGUS
2145 2302 2300 2365 SUB
2373 2302 2732 2364 LIBERIO.

592 2411 905 2478 Urbanus
940 2427 1152 2474 annos
1179 2411 1240 2489 8,
1289 2423 1554 2473 menses
1598 2413 1694 2488 it,
1752 2407 1894 2471 dies
1942 2410 2036 2472 12.
2099 2408 2256 2470 Fuit
2281 2408 2690 2488 temporibus
2734 2407 3170 2472 Alexandria
3219 2409 3572 2472 consulatu
3616 2410 3887 2472 Maximi

487 2514 556 2575 et
578 2509 826 2574 ΕΗαηὶ
863 2523 1079 2590 usque
1105 2505 1416 2587 Agricola
1442 2509 1508 2570 et
1546 2506 1980 2569 Clementino.

1646 2629 1822 2674 NOTU
1831 2629 1927 2671 LE
1956 2627 2368 2672 MARGINALES
2395 2627 2720 2672 FABRO'I‘TI

559 2723 590 2756 II
614 2726 747 2769 ann.
767 2711 824 2782 6,
858 2725 928 2766 m.
961 2707 1017 2780 7,
1040 2711 1096 2766 d.
1123 2708 1175 2765 4.
1208 2710 1396 2766 bVide
1425 2711 1556 2765 Bar.
1589 2722 1722 2765 ann.
1751 2705 1878 2780 233,
1921 2717 1948 2751 c
1971 2706 2283 2765 Alexandri
2314 2707 2450 2778 imp.
2477 2720 2508 2763 a
2539 2721 2686 2764 coss.
2710 2707 2950 2780 Juliani,
2983 2708 3333 2781 etCrispini,
3375 2710 3446 2767 ad
3482 2711 3887 2782 Pompeianum

491 2806 548 2858 et
570 2801 946 2858 Felicianum.
975 2797 1005 2839 ά
1031 2799 1090 2870 C,
1113 2797 1442 2856 Tiburtiutn
1475 2797 1645 2854 etiam
1671 2803 1728 2853 et
1752 2796 1872 2852 Val.

1785 2903 2066 2966 VARIE
2099 2902 2458 2967 LECTION
2465 2903 2581 2966 ES.

736 3013 903 3083 Apud
934 3011 1258 3067 Eabrottum
1295 3025 1362 3065 ea:
1408 3009 1586 3064 codice
1642 3009 1881 3064 Freheri.

558 3105 722 3161 Num.
779 3099 863 3170 48,
897 3101 997 3155 lin.
1037 3098 1092 3163 3,
1136 3098 1238 3169 qui
1277 3097 1463 3170 etiam;
1485 3096 1593 3170 fuit
1621 3097 1813 3170 clarus
1843 3096 2135 3170 confessor

491 3165 861 3245 temporibus
885 3165 1254 3228 Diocletiani.
1307 3170 1406 3224 lin.
1437 3166 1491 3239 9,
1537 3165 1603 3224 44
1632 3169 1753 3224 Kal.
1788 3171 1847 3226 B.
1895 3169 2132 3225 Kalend.

489 3247 620 3303 Jun.
702 3315 992 3370 Ezcodice
1029 3313 1214 3381 Regio,
1265 3312 1551 3366 Mazarino
1581 3315 1632 3366 et
1676 3311 1919 3366 Thuano.

557 3406 683 3460 Lin.
718 3401 768 3474 4,
819 3404 915 3460 sed
948 3415 1078 3458 ann.
1127 3398 1177 3455 4.
1232 3413 1306 3454 m.
1339 3397 1404 3455 40
1465 3398 1521 3453 d.
1561 3396 1778 3474 tQLtIic
1810 3399 1945 3474 fecit
1995 3400 2137 3474 min.

489 3477 684 3531 omnia
737 3467 1003 3545 argentea
1032 3476 1272 3545 sacrata,
1327 3477 1400 3545 et
1429 3483 1481 3545 p.
1525 3484 1576 3524 a.
1631 3467 1751 3545 25.__
1779 3471 1990 3545 posuit.
2027 3471 2140 3545 Ilic

494 3545 607 3616 fuit
628 3540 986 3616 temporibus
1033 3543 1268 3616 Maximi
1295 3545 1350 3595 et
1367 3540 1682 3616 >Afr.ﬁcgns.
1711 3541 1809 3594 tin.
1832 3540 1887 3616 5.
1913 3542 2141 3616 Ceciliae

493 3624 549 3672 et
573 3609 807 3673 fratrem
837 3618 963 3686 ejus
986 3613 1336 3686 Tiburtium.
1356 3614 1458 3686 lin.
1489 3609 1542 3666 9.
1569 3613 1890 3669 Prmtextati
1911 3613 2138 3670 Callisti

492 3689 586 3745 via
615 3690 819 3761 Appia,
845 3679 902 3743 et
931 3700 1072 3742 cess.
1108 3686 1209 3754 Ep.
1236 3683 1318 3738 di.
1352 3679 1439 3738 30.

917 3777 1006 3830 Ea:
1039 3774 1217 3829 codice
1249 3772 1474 3826 Thuano
1497 3771 1689 3826 altera.

574 3872 700 3927 Lin.
741 3864 764 3922 4
797 3878 932 3922 ann.
965 3863 1019 3920 4.
1061 3877 1136 3918 m.
1171 3859 1258 3918 4ο.
1295 3860 1394 3915 (in.
1445 3857 1496 3917 3.
1531 3873 1654 3932 arg.
1681 3858 1772 3917 25.
1805 3861 1938 3919 Fuit
1966 3862 2138 3920 etiam

2165 3013 2216 3073 B
2245 3009 2439 3066 clarus
2497 3007 2791 3081 confessor
2847 3010 3203 3081 temporibus
3236 3009 3603 3067 Diocletiani.
3653 3011 3758 3069 llic
3795 3028 3888 3069 sua

2246 3082 2394 3138 trad.
2427 3083 2534 3138 tin.
2566 3081 2618 3149 9,
2652 3079 2717 3138 44
2747 3079 2984 3138 Kalend“.

2527 3188 2698 3259 Apud
2713 3190 3051 3244 Holstenium
3071 3195 3122 3244 et
3143 3188 3606 3245 Schelest-ratium.

2318 3296 2444 3349 Lin.
2479 3295 2504 3349 1
2534 3297 2676 3350 Flor.
2701 3297 2944 3363 secund.,
2972 3309 3064 3350 an.
3090 3296 3142 3365 4,
3178 3309 3352 3352 mens.
3380 3296 3434 3351 6.
3469 3299 3565 3352 lin.
3591 3297 3648 3360 3.
3675 3301 3734 3353 in
3756 3301 3890 3354 Flor.

2249 3367 2471 3438 secund.
2509 3367 2654 3421 deest
2687 3369 2880 3436 posuit
2907 3370 2958 3421 et
2986 3370 3235 3436 sequitur
3267 3387 3284 3438 ξ
3317 3370 3416 3438 qui
3457 3369 3659 3436 etiam,
3686 3372 3892 3426 claruit

2249 3437 2544 3493 confessor
2570 3446 2822 3508 tempore
2868 3439 3230 3501 Diocletiani,
3268 3437 3362 3492 hic
3391 3454 3518 3504 sua,
3561 3448 3674 3496 etc.
3710 3444 3809 3496 lin.
3842 3443 3890 3498 5.

2249 3510 2449 3576 Regius
2473 3509 2642 3563 codea:
2664 3517 2786 3579 post
2807 3517 3016 3565 sanctae
3051 3509 3296 3564 Caeciliae
3317 3511 3478 3564 addit
3510 3533 3527 3566 :
3548 3526 3682 3566 cum
3728 3513 3892 3568 fratre

2251 3594 2356 3634 suo
2385 3579 2672 3642 Tiburtio,
2705 3586 2756 3635 et
2781 3583 2935 3648 infra
2955 3586 3080 3648 post
3111 3580 3277 3635 multi
3323 3581 3504 3645 addit,
3532 3583 3663 3648 alii,
3700 3585 3798 3636 lin.
3839 3581 3887 3644 Ἰ,

2249 3649 2302 3705 8.
2332 3651 2414 3704 Ft.
2453 3648 2508 3704 2.
2541 3658 2591 3704 et
2618 3653 2771 3720 Reg.,
2826 3648 3011 3721 presb.
3060 3666 3226 3719 xvm,
3254 3651 3534 3709 diaconos
3564 3668 3668 3708 vu.
3713 3658 3809 3707 lin.
3838 3657 3884 3720 9,

2249 3721 2736 3797 Elorynbsecund.
2763 3729 2887 3793 post
2917 3725 3009 3780 via
3027 3723 3214 3795 Appia
3251 3722 3428 3791 addit,
3479 3739 3654 3797 quem
3687 3729 3887 3796 sepeli-

2250 3793 2334 3848 vit
2359 3793 2418 3847 B.
2445 3792 2767 3849 Tiburtius.

1835 4016 2082 4080 NOTE
2119 4017 2585 4080 VARIORUM.

1101 4137 1542 4195 ALTASERRzE.
1933 4206 1935 4208 η

572 4216 746 4272 Linea
774 4212 830 4268 2.
863 4241 936 4253 -
963 4212 1067 4266 Hic
1085 4213 1216 4277 fecit
1254 4212 1564 4264 ministeria
1593 4213 1811 4264 sacrata
1849 4210 2032 4264 omnia
2057 4226 2141 4264 ar-

500 4295 716 4358 gentea.
741 4282 1084 4358 Ministeria,
1121 4281 1176 4358 id
1221 4286 1345 4358 est,_
1378 4294 1509 4358 vasa
1552 4280 2005 4358 sacra__eecle_size
2043 4295 2144 4336 ar-

502 4350 700 4431 igentea
760 4368 902 4421 esse,
960 4353 1248 4431 decretum
1297 4350 1662 4431 ab_U_rbano.
1707 4351 2010 4431 singulare
2057 4359 2144 4408 est

505 4421 952 4502 quodnarratur
971 4424 1044 4502 de
1069 4422 1350 4502 Exuperio
1376 4421 1655 4502 Tolosano
1689 4428 1977 4502 episcopo,
2011 4436 2140 4478 eum

501 4492 856 4558 sacriﬁcasse
889 4498 946 4551 in
973 4494 1138 4548 vitro.
1168 4493 1222 4547 id
1247 4499 1336 4564 est
1361 4493 1540 4564 calice
1570 4492 1771 4548 vitreo.
1814 4493 2139 4564 Hieronym.

502 4573 570 4628 ad
588 4571 885 4627 Rusticum
920 4585 978 4620 τα
1013 4564 1172 4620 Nihil
1201 4563 1516 4629 illoditius,
1553 4563 1650 4632 qui
1681 4577 1892 4633 corpus
1911 4563 2141 4620 Domini

2249 4140 2466 4214 Christi
2490 4139 2738 4205 athletae,
2759 4142 2860 4212 qui
2886 4142 2942 4197 in
2966 4155 3144 4214 agone
3165 4143 3420 4200 viriliter
3445 4144 3880 4206 decertaverant.

2255 4213 2713 4274 honestarentur,
2743 4215 2943 4283 sicque
2962 4213 3020 4268 iu
3043 4213 3313 4271 ﬁdelibus
3333 4217 3694 4273 excitaretur
3721 4218 3880 4276 zelus.

2253 4289 2316 4356 ut
2345 4283 2524 4356 alacri
2550 4283 2744 4338 animo
2773 4285 3087 4339 certamina
3107 4286 3369 4342 subirent
3395 4289 3452 4342 in
3482 4290 3882 4356 persecutioni-

2255 4353 2378 4427 b_us.
2395 4354 2655 4427 Antiqua
2670 4360 2757 4409 est
2781 4356 3094 4411 institutio.
3119 4353 3518 4427 Lugdunensis
3531 4361 3707 4414 etiam
3726 4360 3882 4416 Eccle-

2252 4425 2340 4479 sia
2367 4425 2423 4478 in
2453 4425 2695 4499 epistola
2717 4427 3004 4499 encyclica
3034 4428 3103 4499 de
3135 4425 3486 4499 martyribus
3516 4433 3711 4498 passis
3743 4445 3885 4485 veros

2255 4501 2528 4566 martyres
2561 4497 2929 4569 discriminat
2957 4497 3028 4552 ab
3056 4497 3215 4564 aliis,
3264 4497 3477 4569 eosque
3505 4497 3728 4569 Saepius
3756 4516 3884 4554 rem

2252 4572 2539 4640 martyres,
2576 4571 2626 4620 et
2675 4567 3029 4640 beatissimos,
3065 4584 3128 4622 ac
3170 4567 3503 4634 fortissimos
3537 4567 3880 4640 pronuntiat.

503 4645 757 4698 canistro
774 4638 1054 4696 .vimineo,
1101 4635 1440 4704 sanguinem
1493 4630 1679 4702 portat
1720 4630 1977 4708 in'vitro.
2018 4654 2043 4685 n
2069 4637 2144 4690 Ea
2173 4630 2222 4691 C
2256 4630 2686 4706 insectaturque
2711 4651 2806 4692 eos
2841 4638 2938 4708 qui
2977 4630 3334 4695 corruerant.
3377 4630 3779 4698 Tertullianus
3801 4657 3882 4697 eos

503 4723 687 4768 tamen
722 4711 930 4780 passim
963 4721 1096 4780 vasa
1127 4718 1287 4761 sacra
1322 4712 1570 4780 erantex
1602 4718 1743 4760 auro
1771 4706 1854 4780 vel
1884 4713 2142 4777 argento.

506 4777 813 4853 Augustin.
848 4782 906 4836 in
931 4779 1325 4853 Psalm._cxm,
1350 4777 1668 4853 Simulacra.
1684 4779 1930 4853 gentium
1955 4793 2147 4844 argen.

503 4845 689 4910 tumet
718 4867 916 4906 aurum
951 4869 962 4904 :
999 4871 1023 4899 α
1063 4849 1165 4903 Sed
1191 4852 1340 4902 enim
1383 4852 1439 4901 et
1469 4861 1572 4902 nos
1617 4845 1887 4916 pleraque
1917 4847 2144 4902 instru-

510 4932 695 4981 menta
725 4931 780 4979 et
805 4937 936 4977 vasa
987 4935 1053 4975 ex
1087 4919 1480 4987 hujuscemodi
1519 4917 1750 4972 materia
1787 4918 1870 4972 vel
1919 4919 2144 4974 metallo

510 4999 801 5058 habemus,
836 4994 894 5047 in
927 5004 1090 5046 usum
1130 4989 1594 5044 celebrandorum
1635 4998 2140 5057 sacramentorum,

509 5082 634 5140 quae
659 5068 783 5136 ipso
831 5062 1152 5119 ministerio
1181 5067 1510 5184 gcénsétltﬁtlta
1541 5066 1738 5113 sancta
1783 5059 2080 5115 dicuntur.
2113 5079 2138 5110 υ

1269 5132 1471 5184 NCINI.

575 5209 746 5264 Linea
775 5203 826 5260 3.
851 5205 1041 5256 —Ilic
1067 5216 1225 5255 verus
1264 5204 1538 5266 confessor
1570 5201 1799 5254 exstitit.
1828 5201 2008 5256 Tituli
2037 5201 2146 5257 ho-

509 5293 737 5347 norum,
779 5274 995 5347 quibus
1039 5277 1314 5347 martyres
1344 5270 1872 5347 cohonestabantur
1891 5273 1959 5326 ad
2000 5287 2147 5347 con-

507 5341 835 5416 fessionem,
863 5354 919 5401 et
952 5341 1750 5416 martyrium,plureserant,
1771 5356 1836 5396 ac
1861 5343 2009 5416 inter
2043 5343 2146 5416 hos

503 5427 622 5477 veri
665 5413 1010 5487 confessoris,
1066 5413 1122 5470 et
1173 5415 1229 5468 in
1282 5413 1373 5468 his
1398 5413 1622 5487 dandis
1645 5427 1711 5487 ac
1767 5414 2146 5487 concedendis

506 5493 705 5548 sedula
747 5483 868 5546 erat
925 5487 1226 5556 inspectio,
1281 5492 1336 5539 et
1407 5483 2036 5556 inquisitiotforsitan
2078 5499 2147 5541 ex

509 5564 804 5632 praemisso
842 5553 1113 5628 diligenti
1156 5556 1416 5632 examine
1459 5553 1772 5632 presbyteri
1812 5562 2144 5632 martyrum,

510 5625 631 5688 sive
655 5625 1054 5693 diaconoru'm,
1081 5641 1320 5698 quorum
1357 5625 1828 5696 frequentissimo
1855 5627 1924 5698 ad
1968 5625 2152 5684 carce-

508 5717 600 5761 res
621 5708 936 5757 commeatu
966 5697 1226 5769 poterant
1254 5697 1640 5769 fortitudinis,
1669 5705 1724 5752 et
1751 5697 2060 5769 patientiae,
2085 5713 2150 5754 ac

509 5775 862 5840 reliquarum
878 5768 1157 5826 virtutum
1171 5768 1441 5840 exercitia
1459 5768 1514 5822 in
1531 5775 1730 5840 martyi
1751 5768 2146 5840 ibusagnosci,

510 5850 575 5901 ut
593 5839 801 5898 deinde
822 5840 1072 5908 gloriosa
1089 5839 1448 5894 confessione
1471 5839 1765 5908 conspicui
1791 5839 2007 5896 debitis
2023 5854 2152 5896 con-

505 5909 878 5972 uenientibus
899 5909 1091 5964 titulis
1105 5909 1531 5980 decorarentur,
1561 5916 1613 5965 et
1638 5923 1738 5980 pro
1763 5910 1964 5966 merita
1982 5911 2150 5968 laude

2254 4708 2357 4782 qui
2399 4708 2710 4782 postlatam
2739 4709 3080 4782 sententiam
3109 4710 3226 4778 jam
3252 4712 3323 4766 ab
3359 4715 3705 4782 martyrium
3736 4721 3878 4768 erant

2253 4779 2596 4852 adducendi,
2622 4780 3106 4852 VocatBenedictos
3128 4785 3394 4850 martyres
3407 4779 3747 4851 designatos.
3770 4786 3882 4852 Qna'

2254 4847 2498 4924 formula
2521 4849 2998 4924 sapiusoccurrit
3016 4847 3737 4924 inepisto'lisCypri'anicis
3754 4847 3882 4923 ;§p.-.-

2253 4920 2452 4995 ciatim
2478 4934 2606 4995 cum
2629 4922 2698 4976 de
2741 4921 2912 4976 Paulo
2943 4921 3267 4995 confessore
3307 4920 3514 4981 scribit
3553 4924 3740 4995 (epist.
3759 4920 3878 4988 Et}:

2253 4991 2386 5066 Qum
2409 4991 2714 5066 benedictus
2739 4994 3183 5066 martyrif’aulus
3203 4995 3384 5050 adhuc
3413 4999 3469 5050 in
3496 4991 3725 5066 corpore
3748 5006 3874 5050 esset.

2253 5060 2938 5137 QuandoqueaCypriano
2960 5065 3316 5137 Floridorum
3341 5067 3533 5122 clerus
3562 5060 3877 5137 nuncupan-

2258 5139 2370 5188 tur.
2401 5133 2559 5201 Quod
2602 5133 2856 5188 occurrit
2899 5135 2955 5188 in
3014 5135 3240 5191 laudata
3284 5137 3547 5205 epistula.
3599 5133 3878 5195 ubizt’uu

2254 5218 2417 5275 essem
2438 5209 2486 5256 et
2515 5219 2608 5270 ego
2650 5206 2708 5257 in
2756 5210 2866 5258 tam
2895 5206 3094 5272 florida
3140 5210 3490 5275 confessione,
3547 5225 3680 5266 mox
3705 5210 3877 5264 addit:

2253 5274 2464 5351 Audivi
2501 5276 2642 5327 enim
2667 5281 2715 5329 te
2738 5277 3056 5351 ﬂoridorum
3085 5281 3448 5332 ministerium
3468 5274 3780 5351 percepisse
3799 5301 3815 5334 :
3840 5287 3884 5332 et

2255 5351 2386 5418 ante
2433 5344 2595 5418 tinem
2637 5363 2650 5399 :
2706 5349 2801 5414 qui
2851 5347 3110 5418 laetantur
3150 5344 3485 5415 confessione
3537 5344 3646 5406 tua.
3682 5352 3883 5418 florida.

2254 5416 2389 5470 Erat
2442 5417 2734 5491 l._ucia_nus
2789 5417 3079 5491 presbyter
3125 5428 3456 5491 martyrum,
3507 5429 3564 5476 et
3613 5416 3744 5479 ideo
3773 5435 3884 5477 eua

2257 5490 2417 5542 vocat
2442 5485 2496 5562 !j‘l
2528 5485 2800 5562 ridorum
2818 5485 3169 5562 ministrum,
3201 5485 3599 5562 etpaulo'post
3630 5497 3887 5550 :Etnnuc

2259 5571 2431 5634 super
2450 5558 2604 5634 ipsos
2635 5558 2820 5634 factus
2849 5560 3107 5616 Antistes
3132 5558 3575 5634 Deirecognovit
3607 5566 3760 5621 idem
3789 5563 3890 5618 mi-

2261 5629 2451 5703 nister
2469 5628 2710 5686 forsitan
2737 5633 3099 5703 ministerium
3124 5628 3470 5703 martyribus
3493 5635 3548 5690 in
3568 5636 3891 5692 carceribus

2260 5700 2607 5788 (inhibitum.
2640 5704 2704 5788 In
2753 5702 2943 5788 eadem
2978 5704 3222 5788 epistola
3251 5700 3528 5788 martyres
3563 5707 3892 5788 designatos

2259 5772 2502 5848 dominos
2551 5779 2725 5826 vocat.
2761 5793 2786 5826 α
2819 5775 2973 5848 Rogo
3016 5772 3228 5848 itaque,
3258 5772 3510 5839 domine,
3538 5785 3591 5832 et
3629 5772 3760 5848 peto
3807 5790 3895 5847 per

2259 5843 2562 5924 pominum
2585 5851 2843 5924 nostrum
2869 5843 3058 5924 Jésum
3084 5843 3400 5924 Christum,
3432 5857 3493 5905 ut
3517 5843 3748 5924 cieteris
3776 5843 3898 5924 col-

2262 5912 2404 5983 legis
2457 5913 2596 5980 tuis,
2643 5913 2922 5973 fratribus
2953 5917 3088 5987 tuis,
3143 5925 3198 5974 et
3247 5912 3409 5992 meis,
3457 5923 3603 5977 meis
3643 5919 3901 5978 dominis
