4070 6178
231 327 373 387 4325

1085 328 1405 388 HISTORIA
1440 331 1531 390 DE
1566 301 1742 388 vms
1778 330 1947 387 non.
1988 328 2187 387 rom.
2224 359 2300 375 —
2335 333 2392 389 s.
2433 331 2771 389 URBANUS.

3487 341 3627 402 4326

217 449 453 517 referas,
479 453 535 504 et
564 447 634 526 ab
665 449 750 526 eis
777 453 953 522 petas,
984 455 1063 526 ut
1079 452 1413 526 quicunque
1443 454 1602 523 prior
1626 458 1874 526 vestrum
1905 451 1964 513 A
1990 464 2059 505 ex
2103 465 2385 526 consensu
2441 452 2914 526 documentorum
2966 457 3229 526 exposito
3259 461 3316 513 in
3361 461 3631 526 Prolego—

216 529 533 576 coronatus
564 519 916 586 fuerit,’etc.
941 519 990 572 ⁷»
1023 519 1177 577 Et'in
1206 519 1354 579 tine‘:
1400 545 1426 576 α
1446 519 1569 580 Hoc
1597 525 1747 580 scire
1769 525 1879 580 de-

216 591 315 665 bes
349 606 434 647 me
461 598 520 665 et
550 592 806 665 dominis
829 593 978 665 meis
1006 591 1286 650 fratribus
1331 595 1451 650 tuis
1485 597 1810 665 scripsisse.
1847 613 1873 646 ι)

214 664 310 735 Sic
339 663 630 735 Lucianus
658 663 922 719 Celerino
969 664 1028 718 in
1060 665 1230 734 epist.
1262 665 1426 735 Cypr.
1473 665 1544 721 22
1573 663 1702 722 vero
1732 681 1879 723 con-

215 733 425 790 fessori
459 735 517 788 in
541 734 786 802 epistola
808 733 1142 805 epigraphe,
1173 733 1451 791 Lucianus
1489 737 1732 792 Celerino
1769 739 1873 791 Do-

212 808 384 860 mino.
424 806 555 878 Veri
579 805 937 878 cionfessores
962 807 1416 878 designabantur
1441 821 1473 863 a
1499 809 1790 878 supplicio
1821 812 1877 863 et

217 877 546 933 tormentis.
590 876 686 931 Sic
719 878 1005 933 Lucianus
1050 876 1276 943 ii'sdem,
1310 893 1438 934 cum
1470 876 1640 935 refert
1673 879 1876 935 indul-

253 949 477 1020 entiam
509 960 834 1020 concessam
865 962 898 1003 a
930 948 1298 1020 martyribus,
1332 963 1429 1005 eos
1468 964 1536 1006 ex
1585 950 1875 1020 supplicio

253 964 468 1004 entiam
509 964 834 1003 concessam
865 964 898 1003 a
930 964 1298 1018 martyribus,
1332 964 1429 1005 eos
1468 964 1536 1006 ex
1585 964 1870 1020 suppltcw

214 964 590 1075 ﬁiscriminat
641 1019 934 1091 inquiens,
978 1019 1314 1091 «Quorum.
1345 1022 1570 1077 nomine
1599 1021 1870 1091 subjicio,

215 1091 377 1146 Bassi
412 1091 469 1145 in
501 1090 772 1158 petrario,
801 1089 1105 1162 Mappalici
1131 1091 1190 1145 in
1213 1093 1548 1162 quastione,
1577 1089 1874 1149 Fortunio-

218 1163 314 1217 nis
349 1162 409 1216 in
435 1173 681 1233 carcere,
713 1161 874 1233 Pauli
917 1174 949 1233 a
980 1162 1314 1233 quastione,
1351 1163 1632 1233 Fortuna,
1678 1165 1876 1218 Victo-

218 1233 364 1298 rini,
421 1231 690 1294 Victoris,
733 1231 962 1298 Hereni,
1020 1232 1296 1302 Credula,
1344 1231 1868 1302 Herena,'Donati,

219 1303 420 1372 Firmi,
455 1303 716 1371 Venusti,
753 1303 968 1370 Fructi,
1001 1303 1187 1370 Julia,
1223 1304 1522 1373 Martialis,
1555 1310 1611 1360 et
1640 1306 1870 1360 Aristo—

218 1377 335 1440 nis,
369 1375 492 1444 qui,
526 1376 640 1429 Deo
671 1373 910 1438 volente,
942 1374 1002 1427 in
1034 1387 1259 1429 carcere
1278 1373 1423 1429 fame
1442 1375 1624 1430 necati
1657 1383 1810 1431 sunt.
1841 1393 1866 1425 υ

215 1447 312 1501 Sic
332 1453 604 1514 martyres
625 1445 935 1513 multiplici
963 1444 1324 1516 confessione
1346 1446 1585 1516 gloriosi
1612 1447 1668 1501 in
1692 1453 1871 1502 certa-

217 1519 374 1572 mine
403 1521 699 1571 evaserant
729 1534 744 1585 ;
778 1517 934 1570 sicut
961 1515 1019 1569 in
1067 1515 1224 1570 ludis
1251 1515 1589 1586 Oly’mpicis,
1621 1517 1872 1587 aliisque

215 1588 586 1657 athletarum,
623 1600 898 1642 numerus
927 1587 1301 1641 victoriarum
1352 1587 1678 1655 notabatur,
1705 1589 1789 1644 sic
1817 1593 1874 1642 et

219 1658 561 1727 martyrium
607 1659 788 1712 notati
836 1669 1067 1728 agones,
1099 1665 1272 1727 atque
1320 1657 1390 1712 ab
1418 1658 1563 1727 ipsis
1595 1659 1868 1728 reportati

217 1729 527 1797 triumphi.
562 1728 682 1798 Qua
708 1729 873 1783 laude
901 1727 1202 1783 Cornelius
1231 1728 1485 1798 pontifex
1512 1727 1724 1786 exaltat
1749 1733 1874 1784 Ma—

1992 524 2177 598 menis
2216 524 2529 598 desinunt
2568 525 2632 598 in_
2644 592 2667 598 _
2684 526 2994 598 consulatu
3045 524 3328 598 Agricola
3386 536 3442 586 et
3495 524 3626 592 Cie—

1990 594 2231 668 mentini
2297 594 2533 667 (Christi
2601 592 2726 666 230)
2795 592 3126 668 exordium'
3163 612 3362 668 capere
3419 602 3626 656 debent

1988 665 2309 738 maturius,
2341 681 2509 736 quam
2555 679 2620 721 ex
2638 665 2997 736 consulibus,
3041 665 3264 725 Eliano
3311 677 3367 726 et
3411 673 3623 738 Vetere,

1988 735 2603 806 signantibus’annum
2635 752 2761 793 ara
2789 739 3005 795 Christi
3035 737 3158 796 223.
3201 741 3499 798 Successio
3535 735 3625 796 taé

1987 819 2112 878 men
2136 806 2349 863 Urbani
2376 808 2434 863 in
2478 810 2609 865 sede
2638 810 2948 878 apostolica
2979 819 3128 866 recte
3147 813 3458 868 adnotatur
3481 825 3626 868 con—

1986 877 2180 933 sulatu
2229 879 2528 952 Elianiget
2580 877 2994 952 Veterisgcum
3030 883 3087 937 hi
3139 884 3395 952 proxime
3420 897 3628 940 conse—

1985 954 2240 1025 quantur
2268 950 2536 1025 consules
2561 951 2918 1025 Antoninum,
2939 967 2990 1008 tv
3016 950 3411 1025 (Elegabalum)
3429 962 3483 1010 et
3504 955 3629 1010 Ale-

1986 1019 2287 1095 xandrum,
2305 1021 2518 1095 quibus
2533 1022 2753 1095 signari
2770 1019 3239 1095 contigitann'um
3261 1024 3368 1081 222
3383 1019 3622 1095 Septimi

1987 1091 2280 1166 Paschalis
2308 1105 2339 1166 a
2363 1092 2628 1166 Callisto
2647 1091 2959 1163 celebrati;
2976 1102 3200 1152 mortuo
3260 1091 3471 1166 paucos
3494 1102 3624 1152 ante

1981 1161 2107 1234 dies
2137 1162 2460 1232 Elagabalo,
2511 1169 2567 1218 et
2617 1161 3383 1234 imperium’tenenteex'die
3413 1182 3464 1222 Vl
3494 1172 3625 1223 ante

1980 1231 2116 1286 ldus
2147 1231 2676 1309 MartiiAlexandro
2694 1231 2715 1288 ε’
2729 1242 2785 1290 et
2814 1243 3017 1292 auctor
3034 1238 3276 1309 catalogi
3306 1239 3622 1304 Liberiani,

1981 1305 2544 1378 que‘m_p0s_teriores
2611 1314 2954 1378 sequuntur,
3011 1305 3301 1377 respiciat,
3361 1319 3422 1366 ut
3477 1323 3625 1378 sape

1980 1373 2130 1451 dixi,
2155 1374 2422 1451 Paschale
2450 1373 2746 1451 tempusin
2765 1373 3624 1451 ipontiticum'annisunicuique

1981 1445 2350 1518 assignandis
2401 1452 2457 1502 et
2506 1445 2832 1504 indicandis
2880 1463 2976 1518 per
3004 1451 3358 1508 consulatus.
3403 1445 3623 1508 Idcirco

1981 1515 2117 1568 anni
2149 1528 2270 1583 vnt,
2302 1530 2520 1572 menses
2560 1526 2727 1593 xt,_et
2773 1515 3248 1593 diesduodecim,
3281 1523 3382 1593 qui
3417 1524 3624 1579 termi—

1985 1598 2118 1639 num
2163 1593 2508 1660 postrequ‘m
2541 1589 2822 1660 obtinent,
2879 1591 3144 1660 Agricola
3184 1589 3245 1648 et
3267 1589 3622 1650 Clementino

1981 1669 2154 1732 coss”
2187 1670 2337 1732 anno
2366 1656 2491 1732 239,
2520 1661 2674 1715 circa
2703 1656 3120 1732 depositionem
3152 1663 3300 1719 beati
3328 1665 3564 1732 Urbani,
3589 1678 3621 1719 a

1984 1727 2427 1785 Bibliothecario
2465 1727 2856 1802 consignatam
2883 1733 2978 1802 die
3002 1731 3073 1788 25
3103 1735 3258 1801 Maii,
3309 1727 3619 1791 inchoandi

218 1803 466 1875 ximum,
494 1806 550 1855 et
580 1798 866 1875 Urbanum
901 1799 958 1875 in
987 1800 1241 1875 epistola
1283 1799 1351 1854 ad
1384 1800 1621 1875 Fabium
1666 1802 1872 1856 Antio-
1904 1809 1956 1869 Β
1981 1805 2118 1852 sunt
2143 1811 2210 1852 ex
2238 1802 2617 1856 menseJunio
2637 1798 2932 1875 anni221,
2964 1818 3089 1875 quo
3121 1798 3370 1874 tempore
3395 1808 3464 1862 ad
3491 1807 3623 1875 epi-

216 1873 466 1927 chenum
497 1869 775 1938 scribens,
808 1869 957 1938 apud
987 1869 1190 1924 Euseb.
1229 1869 1266 1924 I.
1300 1885 1376 1933 Vl,
1406 1884 1454 1924 c.
1486 1868 1584 1926 43:
1625 1891 1651 1924 α
1685 1875 1873 1927 Maxi-

218 1957 353 1998 mus
382 1942 646 1996 Ecclesia
671 1948 876 1998 nostra
901 1939 1209 2010 presbyter,
1236 1946 1292 1996 et
1322 1941 1584 1997 Urbanus
1613 1943 1780 1998 ambo
1805 1957 1872 1998 ex

218 2013 356 2069 ﬁdei
411 2011 770 2068 confessione
839 2013 1124 2082 egregiam
1176 2012 1292 2082 jam
1346 2015 1597 2068 secundo
1645 2013 1870 2069 laudem

214 2083 439 2152 adepti.
484 2102 511 2133 ι)
553 2085 623 2137 Et
667 2079 998 2152 Cyprianus
1035 2096 1124 2151 ep.
1181 2079 1253 2136 33
1281 2082 1350 2136 de
1379 2083 1614 2140 Aurelio
1665 2085 1874 2140 lectore

215 2156 514 2212 disserens
545 2154 694 2209 inter
722 2153 975 2223 reliquas
998 2154 1123 2226 ejus
1151 2153 1352 2226 laudes
1377 2160 1690 2223 enumerat,
1720 2157 1871 2226 quod

217 2228 438 2295 gemino
467 2227 553 2279 hic
577 2241 749 2292 agone
787 2227 1013 2278 certavit
1040 2225 1121 2278 bis
1146 2225 1444 2290 confessus,
1481 2231 1532 2280 et
1563 2227 1642 2280 bis
1671 2229 1877 2293 confes-

215 2299 394 2352 sionis
432 2311 545 2350 sua
594 2298 824 2350 victoria
854 2297 1149 2362 gloriosus.
1205 2295 1273 2350 Et
1319 2297 1651 2351 Lactantius
1679 2299 1872 2352 eodem

217 2381 401 2424 sensu
432 2367 489 2422 in
522 2366 625 2422 lib.
653 2367 724 2422 de
745 2367 1024 2422 Mortibus
1057 2372 1483 2435 persecutorum
1509 2387 1526 2422 :
1549 2369 1743 2424 Noeies
1781 2369 1878 2422 ad-

214 2441 540 2494 versarium
582 2439 820 2506 gloriosa
866 2439 1207 2508 confessione
1245 2438 1445 2492 vicisti.
1500 2441 1563 2493 In
1610 2439 1876 2508 passione

217 2511 379 2566 enim
413 2510 505 2565 SS.
539 2507 828 2578 Seraphia
858 2515 916 2564 et
942 2508 1164 2562 Sabina
1193 2507 1208 2577 (
1238 2509 1388 2577 apud
1421 2507 1623 2564 Baluz.’
1658 2515 1793 2564 tom.
1831 2511 1874 2564 lI

217 2581 547 2637 Miscellan.
577 2594 702 2650 pag.
735 2579 873 2650 406),
925 2579 1140 2650 legitur
1176 2580 1406 2634 Herodis
1434 2581 1732 2634 metallarii
1771 2596 1875 2634 cu—

206 2653 469 2722 jusdam,
525 2654 623 2720 qui
678 2652 778 2705 sub
827 2653 1161 2719 VeSpasiano
1209 2650 1460 2722 Augusto
1507 2658 1588 2705 ter
1642 2654 1699 2704 in
1742 2652 1874 2704 urbe

215 2720 396 2780 Roma
440 2722 734 2777 candidam
775 2724 1164 2788 confessionem
1193 2720 1345 2774 dedit
1393 2723 1646 2776 Romanis
1676 2740 1693 2788 ;
1727 2728 1781 2776 et
1813 2723 1872 2776 in

217 2795 374 2850 actis
393 2794 447 2848 S.
485 2793 764 2848 Bonifacii
805 2794 876 2848 de
900 2792 1073 2861 Aglae
1106 2810 1118 2845 :
1153 2792 1277 2844 Hac
1302 2808 1426 2860 ergo
1456 2798 1535 2847 ter
1577 2794 1872 2846 candidam

217 2869 410 2933 egerat
434 2865 586 2934 apud
620 2865 812 2918 Urbem
833 2867 1054 2920 Romam
1082 2878 1149 2915 ea:
1189 2865 1540 2934 praefectura.
1577 2863 1872 2918 Confessio

222 2938 356 3006 ipsa
383 2933 554 3006 titulo
571 2935 873 2990 Gloriosia
893 2934 1216 3001 notabatur,
1242 2933 1313 2987 de
1334 2948 1446 3006 qua
1475 2935 1621 2990 idern
1650 2937 1874 2990 Lactan-

219 3004 352 3062 tius
391 3022 438 3061 c.
490 3004 511 3060 4
551 3024 566 3069 -,
602 3025 627 3058 α
659 3006 898 3062 Audivit
944 3006 1222 3060 Dominus
1259 3005 1544 3060 orationes
1572 3013 1721 3069 tuas,
1755 3008 1874 3060 Do-

221 3085 361 3133 nate
387 3077 746 3142 charissime,
779 3090 931 3147 quas
959 3076 1014 3130 in
1049 3081 1355 3144 conspectu
1387 3076 1512 3147 ejus
1536 3090 1632 3146 per
1677 3089 1872 3130 omnes

1983 1876 2273 1948 scripulum
2317 1880 2611 1948 promotus
2648 1872 2844 1948 fuerit,
2895 1872 2978 1929 vel
2997 1872 3075 1930 fut
3103 1872 3384 1948 vicarium
3427 1872 3621 1948 ageret

1981 1939 2206 2020 Callisti
2239 1941 2296 1995 in
2327 1942 2487 2020 Urbe,
2519 1945 2609 2020 _vel
2641 1939 2967 2020 destinatus
3006 1948 3077 2020 _a_d
3111 1947 3366 2020 aliquam
3397 1939 3618 2020 gentem

1981 2010 2210 2088 Christo
2223 2013 2658 2088 acquirendam.
2687 2015 2744 2088 Si
2771 2017 2897 2088 dies
2922 2010 3310 2088 ordinationis
3340 2010 3617 2088 suvpponao

1985 2087 2080 2158 tur
2103 2083 2669 2158 Dominicasecunda
2697 2087 2852 2141 Junii
2887 2101 3011 2158 qua
3035 2101 3184 2144 anno
3212 2087 3310 2144 224
3337 2083 3619 2145 ειςίἰῐιθνίι

1983 2153 2328 2229 Dominicali
2383 2156 2449 2229 G_
2477 2157 2736 2225 pariatur
2765 2153 2919 2213 cum‘
2953 2156 3018 2214 40
3063 2160 3316 2228 ejusdem
3363 2161 3616 2229 mensis;

1986 2225 2322 2300 martyrium
2363 2226 2720 2300 subsequens
2745 2234 3075 2300 postannos
3093 2225 3224 2300 Vill,
3271 2244 3489 2286 menses
3537 2225 3616 2298 xx,

1983 2295 2111 2372 dies
2167 2309 2278 2372 xtt,
2310 2299 2467 2365 paria
2494 2295 2665 2372 faciet
2693 2295 2819 2354 cum
2851 2297 2922 2355 23
2950 2301 3086 2372 Maii
3107 2295 3232 2357 230⁷.
3284 2303 3462 2357 Biduo
3493 2295 3622 2372 post

1984 2365 2109 2437 ejus
2135 2367 2280 2420 sacri
2302 2370 2563 2437 corporis
2583 2370 2971 2426 humationem
2997 2371 3167 2427 refert
3191 2372 3356 2428 Liber
3380 2365 3622 2428 Pontifi-

1984 2436 2130 2512 calis
2161 2450 2259 2512 per
2278 2450 2341 2492 ea
2363 2436 2531 2512 verba
2557 2459 2570 2494 :
2624 2443 2720 2509 qui
2743 2444 2906 2495 etiam
2947 2445 3190 2512 sepultus
3211 2449 3288 2497 est
3321 2446 3379 2496 in
3427 2459 3620 2498 caeme-

1984 2511 2130 2582 terio
2163 2509 2483 2582 Prateatati
2526 2513 2618 2564 υἰα
2667 2512 2854 2580 Appia
2904 2509 3162 2567 νιιῖΚαι.
3189 2516 3404 2568 Iunias.
3437 2514 3624 2582 Quare

1982 2578 2168 2653 abhis
2196 2579 2558 2653 documentis
2583 2578 2933 2651 percipimus
2951 2585 3371 2640 ordinationem
3394 2578 3625 2653 episco-

1987 2648 2166 2722 palem
2194 2648 2390 2722 fuisse
2414 2648 2826 2722 susceptam'ab
2859 2653 3083 2710 Urbano
3099 2656 3220 2710 sive
3250 2660 3314 2710 ut
3343 2648 3622 2712 vicarium

1981 2720 3628 2808 allietisersretzsivéindestillaremtevieeopussauis

1981 2790 2356 2860 alicujusaut
2386 2795 2713 2863 provincia,
2742 2795 2838 2850 die
2881 2790 3183 2852 Dominica
3211 2794 3276 2852 40
3303 2790 3468 2852 Junii
3493 2795 3618 2852 224.

1983 2863 2144 2936 Anno
2190 2869 2378 2936 autem
2427 2866 2686 2936 proximo
2727 2863 2852 2925 222.
2896 2880 3061 2934 quem
3101 2874 3452 2936 aperuerunt
3480 2881 3625 2923 eon-

1983 2933 2139 3007 sules
2195 2935 2522 2989 Antoninus
2575 2933 3032 3005 Elagabalus’lV,
3061 2943 3118 2992 et
3141 2933 3494 3000 'Alexander,
3523 2939 3623 3007 qui

1981 3004 2174 3076 eodem
2225 3016 2382 3076 anno
2439 3017 2627 3076 mense
2668 3004 2874 3060 Martio
2932 3007 2989 3061 in
3024 3008 3263 3076 imperio
3301 3004 3623 3076 successit;

1981 3087 2110 3127 cum
2139 3073 2414 3146 Callistus
2445 3076 2539 3146 die
2564 3073 2628 3129 43
2657 3076 2923 3131 Octobris
2956 3078 3014 3132 itt
3071 3073 3300 3146 puteum
3330 3073 3626 3134 demersus

225 3151 405 3206 horas
451 3156 568 3204 tota
614 3148 710 3204 die
766 3145 984 3218 fundis,
1015 3152 1462 3218 caterorumque
1491 3146 1730 3202 fratrum
1765 3159 1868 3218 no-_
1901 3153 1948 3216 ρ,
1983 3145 3412 3218 martyriumcomplevisset,acdieproximaillatus
3427 3147 3630 3204 fuisset

218 3229 509 3288 strorum,
537 3219 635 3288 qui
672 3219 922 3289 gloriosa
953 3215 1309 3274 confessione
1331 3215 1731 3285 sempiternam
1761 3216 1874 3271 sibi

217 3304 496 3347 coronam
530 3304 630 3359 pro
652 3289 781 3344 fidei
811 3303 930 3344 sua
963 3289 1184 3344 meritis
1206 3289 1576 3357 quasierunt.
1601 3306 1627 3338 n
1651 3289 1729 3342 De
1748 3289 1875 3343 Dio-

218 3363 510 3417 cletianea
549 3361 942 3430 persecutione
962 3374 1135 3430 agens
1159 3359 1420 3423 Severus,
1452 3373 1563 3428 qua
1585 3366 1878 3430 grassante

221 3445 394 3489 sacro
430 3439 737 3502 martyrum
773 3445 976 3486 cruore
1000 3430 1159 3486 orbis
1201 3431 1523 3502 inundavit,
1570 3430 1606 3485 l.
1647 3443 1698 3502 tt_
1731 3431 1871 3484 Hist.

224 3503 432 3574 inquit
464 3521 476 3557 :
511 3523 535 3555 α
567 3500 836 3557 Certatim
861 3503 1112 3574 gloriosa
1147 3505 1204 3559 in
1231 3501 1544 3574 certamina
1583 3500 1876 3574 ruebatur,

1986 3216 2044 3269 in
2071 3205 2777 3285 eameterium'Calepodii
2812 3235 2823 3270 :
2857 3205 2983 3286 post
3022 3219 3370 3274 vacationem
3399 3221 3624 3276 dierum

1985 3299 2102 3354 sex,
2137 3299 2182 3358 ag
2200 3287 2642 3358 Bibliothecario
2669 3296 3052 3356 memoratam,
3073 3289 3451 3358 apostolicum
3474 3291 3629 3347 thro-

1989 3356 2430 3426 numiimplevit
2486 3357 2766 3426 Urbanus,
2795 3373 2827 3414 a
2859 3359 3013 3415 clero
3062 3356 3277 3416 electus
3327 3375 3625 3418 successor

1986 3426 2082 3482 die
2101 3425 2170 3482 20
2199 3429 2494 3483 Dominica
2535 3430 2705 3484 tertia
2752 3425 3018 3486 Octobris
3059 3432 3250 3486 littera
3286 3434 3445 3488 Dom.
3473 3435 3532 3488 F.
3573 3441 3629 3489 et

1993 3501 2240 3567 primum
2303 3500 2514 3554 Pascha
2553 3501 2645 3555 sui
2699 3501 3067 3568 pontificatus
3127 3503 3436 3558 celebravit
3477 3518 3627 3560 anno

1993 3569 2253 3640 proximo
2287 3583 2412 3624 ara
2430 3571 2646 3625 Christi
2674 3569 2798 3639 223,
2834 3573 3080 3628 Maximo
3101 3586 3136 3627 ll
3166 3574 3464 3630 etzEliano
3485 3589 3623 3630 con-

1993 3641 2241 3708 sulibus,
2275 3648 2423 3696 recte
2455 3643 2660 3714 positis
2686 3643 2743 3714 in
2784 3644 3042 3710 catalogo
3067 3643 3388 3714 Ligberiano.
3413 3647 3632 3714 Supre-

1997 3725 2148 3787 mutu
2182 3726 2312 3787 vero
2339 3712 2669 3787 Paschailli
2717 3712 2892 3787 fuerit
2938 3728 3088 3787 anno
3112 3712 3237 3783 230,
3283 3712 3548 3787 Agricola
3575 3721 3631 3770 et

1993 3783 2349 3838 Clementino
2379 3797 2523 3838 coss.
2560 3783 2639 3838 ibi
2676 3784 2891 3852 pariter
2934 3785 3230 3849 indicatis,
3262 3797 3317 3842 et
3339 3783 3376 3841 Et
3407 3789 3630 3842 cateris

1993 3854 2291 3927 catalo‘gis,
2314 3858 2370 3927 et
2395 3855 2721 3927 codicibus:
2746 3855 2995 3926 denique
3020 3857 3290 3927 martyrio
3325 3863 3633 3914 coronatus

1991 3926 2089 3980 die
2125 3923 2195 3979 23
2242 3925 2398 3986 Maii,
2452 3925 2511 3980 in
2563 3923 2953 3982 coemeteriuin
3007 3923 3232 3984 Callisti
3271 3928 3470 3985 illatus
3522 3929 3635 3984 fuit

1993 3998 2088 4052 die
2116 3993 2186 4051 25
2215 3995 2372 4064 Maii,
2406 4010 2517 4066 qua
2542 3997 2776 4052 colitur.

2531 4081 2680 4127 NOTAE
2714 4081 3035 4124 iliSTOBlCE.

2069 4138 2240 4193 Linea
2276 4134 2329 4191 2.
2371 4139 2558 4192 —Hic
2582 4142 2712 4206 fecit
2735 4142 3040 4194 ministeria
3068 4145 3287 4196 sacrata
3322 4143 3503 4195 omnia
3531 4156 3632 4194 ar-

1999 4215 2208 4276 gentea,
2261 4215 2312 4282 et
2351 4215 2580 4277 patenas
2627 4210 3030 4282 argenteas
3065 4214 3265 4282 posuit.
3321 4215 3630 4267 Numerum

2000 4282 2149 4350 quod
2178 4281 2384 4336 attinet
2417 4295 2545 4346 xxv,
2578 4282 2806 4336 videtur
2845 4281 3200 4338 referendum
3228 4297 3352 4338 esse
3370 4285 3438 4338 ad
3472 4296 3636 4338 sum-

2002 4367 2142 4406 mam
2188 4353 2420 4406 totidem
2477 4353 2802 4407 titulorum.
2859 4355 3145 4408 Materiem
3179 4368 3309 4409 vero
3349 4354 3498 4422 quod
3543 4366 3634 4406 re-

2001 4424 2192 4490 spicit,
2209 4438 2274 4477 su
2287 4423 2676 4492 pradiximus,
2698 4425 2753 4478 in
2773 4424 3079 4492 Zephirino
3092 4432 3341 4494 agentes,
3356 4426 3426 4477 de
3442 4439 3547 4477 usu
3561 4425 3637 4475 vi-

2003 4502 2249 4548 trearum
2284 4499 2635 4560 patenarum,
2664 4496 2906 4562 ejusque
2934 4495 3190 4549 delectus
3221 4508 3414 4549 causa.
3448 4495 3638 4563 Neque

2005 4566 2104 4621 ille
2133 4564 2398 4619 sublatus
2425 4565 2660 4617 omnino
2691 4565 2818 4627 fuit,
2843 4564 3070 4634 etiamsi
3098 4566 3384 4634 argenteis
3411 4578 3638 4634 quoque

2005 4637 2434 4691 ministraretur
2466 4651 2480 4700 ;
2515 4647 2640 4687 nam
2675 4642 2730 4688 et
2763 4633 2930 4688 hodie
2959 4637 3028 4690 ad
3059 4633 3410 4690 sacrificium
3438 4635 3639 4689 vitreis

2006 4707 2252 4764 urceolis
2270 4705 2490 4776 oblatos
2509 4703 2627 4757 vini
2651 4711 2705 4758 et
2724 4717 2886 4774 aqua
2909 4706 3164 4776 liquores
3183 4707 3517 4775 plerumque
3542 4706 3615 4759 mi
3630 4734 3648 4744 -

2007 4781 2340 4835 nistramus.
2388 4775 2524 4829 licet
2547 4781 2949 4844 argenteorum
2979 4775 3063 4832 ’sit
3087 4779 3272 4846 c0pia,
3302 4779 3370 4832 ad
3405 4776 3641 4831 facilius

2003 4847 2446 4905 discernendum
2496 4846 2724 4915 quando
2780 4846 2975 4915 unius,
3016 4855 3117 4903 aut
3152 4849 3394 4903 alterius
3420 4849 3644 4917 species

2005 4919 2286 4999 sacerdoti
2342 4925 2427 4972 est
2477 4917 3092 4999 porrigenda-inirem
3147 4919 3376 4999 calices,
3405 4933 3474 4999 ne
3503 4919 3638 4974 dum

2009 4998 2259 5062 patenas,
2317 5002 2418 5062 pro
2463 4987 2708 5062 arbitrio
2745 4988 3039 5062 abhibitos
3086 5003 3268 5060 usque
3307 4990 3373 5045 ad
3402 4991 3640 5062 Leonem

2006 5058 2282 5132 Quartum
2319 5058 2399 5114 ibi
2432 5058 2695 5132 ostendi;
2742 5059 2922 5115 donec
2947 5058 3335 5130 experimento
3376 5061 3646 5116 constitit

2007 5129 2130 5190 esse
2155 5133 2385 5187 cautius
2409 5129 2792 5187 adhibendam
2835 5129 3032 5186 aliam
3054 5134 3366 5198 materiem,
3399 5145 3464 5187 ea
3488 5132 3558 5186 de
3587 5145 3645 5186 re

2009 5206 2165 5261 edito
2190 5203 2445 5272 ejusdem
2481 5201 2771 5270 pontificis
2803 5202 3046 5257 decreto.
3078 5205 3352 5258 Caterum
3381 5210 3644 5272 argentea

2012 5291 2142 5332 vasa
2196 5275 2344 5330 sacri
2392 5273 2706 5328 ministerii
2754 5273 3034 5342 vdemus,
3075 5287 3139 5329 ac
3167 5273 3444 5328 nonnulla
3474 5274 3646 5328 etiam

2013 5359 2303 5403 servamus
2328 5346 2520 5414 cperis
2548 5357 2614 5398 ac
2638 5343 2924 5399 calatura
2950 5345 3088 5399 adeo
3113 5346 3386 5414 antiqua,
3424 5358 3521 5414 per
3544 5345 3651 5399 ele-

2015 5417 2264 5490 gantiam
2295 5415 2746 5490 anaglyphorum
2806 5415 3204 5490 comprpbata,
3253 5415 3646 5490 ut_rc_ferenda

2018 5486 2211 5559 procul
2226 5487 2404 5542 dubio
2423 5486 2963 5559 sintantesaculum
2980 5487 3362 5559 Constantini.
3382 5486 3652 5559 Urceolus

2015 5557 2316 5631 argenteus
2341 5559 2489 5626 apud
2535 5571 2620 5612 me
2646 5565 2908 5627 superest
2950 5558 3100 5612 inter
3126 5557 3540 5631 sacracimelia
3570 5573 3658 5613 as-

2018 5629 2296 5694 servatus,
2326 5643 2438 5699 quo
2470 5631 2687 5692 vinum,
2717 5634 2818 5684 aut
2840 5643 3047 5699 aquam
3074 5629 3142 5684 ad
3166 5629 3514 5684 sacrificium
3541 5631 3656 5684 mi—

2022 5704 2334 5759 nistrarent
2357 5700 2570 5755 ﬁdeles.
2591 5703 2650 5756 ln
2680 5700 2845 5756 illius
2865 5708 3099 5755 externa
3121 5701 3424 5768 superficie
3453 5703 3660 5770 promi-

2024 5780 2157 5830 nent
2180 5773 2544 5844 anaglyptico
2565 5786 2733 5842 opere
2757 5774 2900 5827 satis
2920 5771 3131 5827 atfabrc
3156 5773 3442 5828 elaborata
3464 5773 3660 5844 sigilla

2023 5843 2404 5923 exprimentia
2424 5844 2639 5923 Christi
2665 5844 2893 5923 D_omini
2911 5845 3216 5923 imaginem
3243 5843 3663 5923 intendisci‘uu-

2027 5915 2113 5974 los
2143 5917 2375 5989 stantis,
2406 5921 2462 5972 et
2482 5915 2757 5972 vertentis
2778 5928 2984 5988 aquam
3013 5917 3073 5972 in
3109 5916 3301 5974 vinum
3334 5915 3402 5970 ad
3434 5915 3668 5980 nuptias

223 3571 530 3646 multoque
565 3574 800 3629 avidius
840 3571 958 3646 tum
991 3576 1262 3646 martyria
1295 3572 1568 3642 gloriosis
1598 3571 1881 3646 mortibus

223 3642 658 3716 quarebantur.
695 3663 720 3694 n
754 3646 815 3698 In
845 3645 990 3699 actis
1034 3642 1291 3714 priorum
1329 3647 1637 3712 martyrum
1671 3642 1884 3711 sapius

223 3723 548 3772 occurrunt
598 3729 783 3783 voces,
813 3716 1049 3782 gloriosa
1085 3716 1370 3784 confessio,
1393 3716 1641 3782 gloriosa
1663 3720 1878 3777 mortes,

220 3789 474 3856 gloriosa
500 3789 816 3850 certamina,
851 3790 1138 3854 martyria,
1174 3801 1390 3854 agones,
1421 3791 1527 3840 etc.
1552 3785 1719 3854 Quali
1753 3797 1883 3838 vero

220 3859 542 3928 diligentia
598 3859 866 3936 Ecclesia
928 3859 1324 3913 incumberent
1377 3871 1474 3925 per
1527 3856 1885 3936 presbyteros

228 3926 575 3999 martyrum.
604 3929 898 3989 diaconos,
939 3943 1006 4000 ac
1038 3939 1350 4000 martyrum
1379 3929 1654 4000 notarios,
1699 3933 1760 3982 ut
1785 3926 1886 3981 di—

221 4007 671 4070 gnoscerentur,
702 3999 799 4070 qui
827 3999 1021 4055 titulis
1045 3999 1234 4056 essent
1258 3999 1598 4070 honorandi,
1629 4003 1685 4052 et
1715 4009 1884 4070 quam

223 4069 582 4141 perantiqua
614 4070 791 4126 fuerit
822 4071 956 4125 talis
985 4072 1343 4136 sollicitudo,
1373 4069 1624 4125 Ecclesia
1649 4069 1886 4137 Lugdu-

220 4143 438 4197 nensis
466 4143 534 4196 ad
563 4141 721 4196 orbis
749 4141 1030 4197 Ecclesias
1068 4144 1200 4198 data
1231 4141 1473 4210 epistola
1499 4141 1884 4205 demonstrat;

226 4213 328 4269 ibi
361 4225 602 4282 namque
629 4215 744 4266 veri
767 4215 1096 4279 confessores
1138 4218 1536 4283 proponuntur
1557 4211 1796 4278 gloriosi,
1841 4214 1889 4262 et

222 4286 491 4338 coronati
511 4293 815 4350 martyres;
847 4283 927 4337 ibi
955 4297 1076 4354 eos,
1104 4285 1376 4354 indigitat
1401 4289 1624 4352 paratos
1651 4286 1699 4354 et
1729 4296 1892 4354 emeri-

225 4356 460 4418 c—itatos,
484 4354 968 4423 discriminatque
993 4371 1024 4409 a
1054 4353 1218 4410 falsis
1238 4351 1297 4410 et
1329 4351 1756 4419 inexercitatis,
1788 4351 1888 4421 qui

223 4428 300 4481 in
339 4425 518 4493 priori
548 4439 858 4494 congressu
875 4425 1217 4481 defecerant.
1249 4424 1739 4481 PoterantUrbani
1765 4430 1891 4477 acta

217 4496 418 4552 titulo
455 4498 570 4549 veri
599 4497 921 4562 confessoris
965 4496 1285 4565 pontiﬁcem
1335 4497 1727 4560 cohonestare,
1759 4507 1886 4548 cum

214 4567 637 4623 Christianum
673 4579 873 4620 nomen
913 4569 1083 4622 Roma
1117 4569 1402 4636 pracipue
1455 4567 1886 4636 propagaverit:

212 4646 290 4694 et
317 4637 677 4692 Valerianum
701 4637 1042 4692 clarissima
1063 4639 1309 4708 virginis
1327 4637 1568 4692 Cacilia
1595 4649 1889 4708 sponsum,

219 4709 557 4780 pluresque
611 4708 836 4780 nobiles
889 4709 1172 4764 Romanos
1198 4710 1370 4780 (inter
1395 4723 1538 4780 quos
1566 4707 1892 4780 Tiburtius,

208 4777 287 4837 ἐι
355 4777 637 4858 Maximus
671 4779 1038 4858 imperatoris
1077 4779 1414 4858 praefectus)
1444 4779 1773 4858 baptizatos
1821 4777 1889 4858 ad

215 4851 510 4920 martyrii
557 4863 823 4904 coronam
880 4847 1308 4906 hortatibnibus
1367 4850 1494 4905 suis
1537 4847 1892 4920 perduxerit,

211 4938 309 4978 cu
326 4918 497 4990 mque
517 4920 651 4976 forti
683 4921 910 4992 demum
935 4924 1129 4976 animo
1151 4923 1459 4992 gloriosam
1480 4918 1896 4977 confessionem

203 4989 420 5052 edens
447 4999 660 5062 martyr
684 4989 858 5047 fuerit
891 4989 1220 5048 coronatus.

781 5081 943 5135 BINII
973 5081 1059 5135 ET
1089 5080 1348 5136 LABBEI.

311 5151 494 5206 Linea
519 5149 572 5206 5.
598 5180 671 5191 -
713 5153 815 5206 Per
843 5152 960 5219 ejus
988 5155 1196 5206 monita
1245 5151 1407 5205 multi
1432 5153 1698 5220 martyrio
1742 5166 1899 5206 coro-

199 5226 368 5282 nati
391 5227 540 5280 sunt.
567 5221 680 5290 Qui
708 5223 1098 5291 Valerianum,
1120 5222 1471 5293 Tiburtium,
1505 5229 1562 5278 et
1590 5223 1898 5278 Maximum

200 5308 378 5354 cum
405 5302 604 5348 sancta
626 5293 855 5348 Caecilia
881 5295 937 5348 in
964 5295 1070 5349 fide
1089 5295 1463 5360 instruxerat,
1493 5294 1900 5359 baptizaverat,

200 5376 280 5427 et
342 5365 626 5420 adversus
661 5365 836 5420 ictum
865 5365 1044 5436 gladii
1091 5365 1320 5420 hortatu
1352 5378 1457 5420 suo
1482 5365 1902 5433 obﬁrmaverat,

201 5437 480 5498 tandem
513 5436 634 5504 ipse
657 5435 891 5505 quoque
928 5436 1107 5491 multa
1154 5442 1384 5506 propter
1429 5435 1739 5491 Ecclesium
1770 5450 1906 5505 pas-

201 5523 353 5568 sus
383 5526 400 5576 ;
431 5506 777 5578 cervicibus,
808 5508 1108 5571 abscissis,
1144 5508 1420 5578 martyrio
1458 5515 1767 5578 coronatus
1794 5513 1902 5576 est,

201 5575 406 5641 anno
430 5577 648 5633 Christi
679 5575 808 5650 233,
859 5579 1170 5634 Alexandri
1228 5575 1594 5650 imperatoris
1628 5575 1714 5650 40,
1741 5575 1906 5649 γὶεθέ

202 5655 406 5712 simo
432 5650 640 5719 quinto
670 5649 768 5705 die
795 5649 955 5705 Maii.

910 5739 1275 5795 BLANCHINI

791 5841 943 5884 NOTE
974 5841 1390 5884 CHRONOLOGICE
1401 5869 1414 5882 .

315 5916 494 5973 Anni
522 5929 648 5986 vni,
676 5933 883 5975 menses
904 5932 960 5974 χι
987 5924 1037 5974 et
1067 5918 1180 5974 dies
1205 5932 1314 5974 xu.
1363 5919 1740 5990 EpiscOpatus
1788 5918 1910 5990 qui,
