4052 6178
233 258 378 318 4329

1090 261 1405 319 HISTORIA
1446 266 1537 323 DE
1580 268 1752 324 VlTlS
1791 267 1959 325 ROM.
2000 267 2199 324 PONT.
2235 295 2312 308 —
2348 267 2405 323 S.
2442 267 2782 325 URBANUS.

3511 269 3536 327 4
3543 271 3647 330 330

231 383 292 462 in
320 383 469 462 Cana
501 381 772 462 Galilaete.
807 383 1116 462 Historiam
1151 385 1296 440 hanc
1321 387 1700 462 evangelicum
1745 394 1875 456 apte
1910 388 1966 446 A
1991 387 2130 462 bulo
2163 391 2560 462 ingerendum,
2597 390 2814 462 haecad
2844 404 3049 460 aquam
3080 395 3214 448 vino
3245 393 3507 450 stillatim
3540 396 3640 450 in-

231 455 294 508 in
340 454 500 528 hisce
538 453 792 528 vasculis
836 456 1226 528 consignatam
1267 453 1568 527 arguimus
1599 474 1664 514 ex
1693 453 1876 528 argu—

232 531 423 580 mento
453 524 654 594 Cyrilli
692 539 816 579 mox
845 524 1147 592 aﬁ‘ere'ndo,
1191 533 1252 582 ut
1285 524 1610 586 ﬁrmaretur
1637 524 1876 585 adstan-

227 596 375 651 tium
404 595 542 650 ﬁdes
572 596 638 650 ad
661 597 1033 652 conﬁtendam
1059 601 1483 656 conversionem
1518 601 1634 656 vini
1668 602 1722 655 in
1755 613 1878 656 san-

226 668 462 741 guinem
495 667 722 741 Domini
755 668 944 741 eadem
981 669 1177 741 divina
1206 673 1455 738 potentia
1480 673 1874 741 peragendam,

228 752 346 820 qua
366 738 771 822 olimOini‘t'ium
796 737 1005 822 fecerat
1025 737 1579 822 signorum-suorum
1602 737 1879 822 aioonveré

225 809 393 864 sione
427 809 563 883 huic
586 808 740 883 aﬁini
763 823 925 883 aquae
956 811 1016 883 in
1048 808 1263 866 vinum.
1296 815 1499 868 Eodem
1533 819 1684 870 certe
1713 827 1878 883 argu-

229 879 866 954 mentoANeOphytornm
898 881 1060 936 ﬁdem
1089 886 1299 954 excitat
1320 885 1373 937 S.
1402 885 1654 954 Cyrillns
1685 879 1878 939 l‘lte'ro-

225 951 688 1026 solymitanusin
706 959 908 1026 quarta
930 953 1219 1008 Catechesi
1247 951 1628 1026 mystagogica
1642 956 1876 1011 dicens:

230 1043 259 1074 α
293 1022 514 1094 Aquam
547 1022 685 1077 olim
721 1021 779 1077 in
812 1024 1008 1078 vinum
1039 1021 1320 1080 convertit
1347 1029 1402 1081 in
1433 1021 1581 1081 Cana
1605 1027 1876 1094 Galil-asas,

224 1093 378 1162 quod
405 1092 574 1148 habet
597 1094 897 1168 quamdam
916 1109 1043 1150 cum
1062 1097 1342 1168 sanguine
1357 1098 1840 1168 propinquitatem
1864 1092 1876 1150 ἐ

222 1169 280 1218 et
301 1177 428 1236 eum
445 1178 650 1236 parum
669 1165 905 1235 dignum
930 1165 1415 1236 existimabimus,
1435 1165 1527 1224 cui
1555 1165 1874 1236 credamus,

224 1235 378 1304 quod
405 1235 602 1290 vinum
623 1237 680 1291 in
704 1237 1041 1306 sanguinem
1069 1240 1467 1294 transmutarit
1487 1241 1514 1294 ‘I
1541 1240 1622 1294 Ad
1646 1253 1742 1294 eas
1764 1253 1877 1294 nu-

226 1307 380 1379 ptias
401 1306 616 1376 quibus
631 1321 874 1379 corpora
896 1309 1243 1379 copulantur
1270 1317 1504 1366 vocatus
1527 1317 1729 1379 praeter
1755 1310 1876 1377 opi-

224 1378 456 1432 nionem
487 1378 744 1433 omnium
769 1378 873 1433 hoc
901 1377 1033 1434 fecit
1061 1381 1402 1436 miraculum
1426 1399 1436 1434 :
1462 1377 1659 1436 etnon
1695 1379 1874 1436 multo

227 1449 410 1521 magis
443 1450 526 1521 sic
559 1463 685 1504 eum
732 1463 940 1518 corpus
984 1453 1403 1521 etsanguinem
1433 1467 1600 1507 suum
1634 1450 1871 1507 fruenda

225 1518 398 1574 nobis
425 1520 670 1574 donasse
703 1534 1037 1588 persuasum
1069 1518 1310 1576 ﬁrmiter
1332 1523 1691 1588 habebimus,
1726 1530 1786 1579 ut
1809 1535 1872 1577 ea

220 1603 356 1664 cum
373 1593 528 1646 omni
553 1593 901 1664 certitudine
929 1601 1197 1664 tanquam
1222 1608 1432 1662 corpus
1455 1595 1640 1663 ipsius
1665 1599 1718 1648 et
1749 1607 1875 1648 san-

222 1662 457 1731 guinem
498 1663 845 1718 sumamus?
874 1664 1008 1717 Nam
1050 1662 1108 1718 in
1142 1666 1328 1734 specie
1371 1662 1532 1734 panis
1576 1666 1674 1720 dat
1704 1665 1872 1719 nobis

221 1746 457 1802 corpus,
487 1738 543 1788 et
575 1734 862 1808 inspecie
901 1735 1017 1789 vini
1050 1735 1146 1789 dat
1197 1736 1362 1790 nobis
1394 1737 1772 1808 sanguinein:
1809 1741 1871 1791 ut
1901 1735 1954 1796 B
1982 1735 2184 1791 litata:

219 1818 354 1878 eum
379 1806 714 1878 sumpseris,
741 1811 935 1875 gustes
952 1819 1164 1878 corpus
1195 1814 1247 1860 et
1267 1806 1606 1878 sanguinem
1625 1807 1866 1874 Christi,

221 1873 412 1948 [actus
439 1873 1000 1948 ejusdemdcorporis
1047 1873 1103 1931 et
1142 1873 1446 1946 sanguinis
1487 1878 1798 1948 particeps.
1841 1873 1866 1927 )5

215 1945 362 2000 Cum
390 1947 530 2001 hanc
548 1946 750 2016 Cyrilli
773 1947 1091 2002 doctrinam
1118 1945 1366 2003 Ecclesia
1393 1945 1675 2004 catholica
1702 1945 1868 2003 nobis

218 2018 538 2072 constituat
578 2017 892 2089 quotannis
918 2019 1268 2074 recitandum
1297 2021 1353 2074 in
1384 2027 1578 2076 octava
1609 2020 1868 2088 corporis

219 2089 462 2157 Christi,
485 2102 649 2157 quam
684 2091 902 2159 priores
927 2103 1153 2159 quoque
1181 2090 1394 2158 Cyrillo
1414 2091 1605 2147 ﬁdeles
1631 2092 1786 2146 hisce
1810 2091 1868 2145 in

217 2160 564 2231 anaglyphis
609 2167 1049 2232 expresserunt;
1095 2161 1277 2228 placet
1327 2162 1562 2232 ﬁguram
1613 2161 1868 2230 argentei

217 2232 439 2285 vasculi
459 2233 535 2285 ita
548 2231 732 2287 caelati
752 2233 843 2286 hic
859 2231 1127 2286 exhibere
1141 2233 1206 2286 ad
1228 2231 1531 2288 illusiraud
1546 2247 1635 2288 um
1652 2239 1866 2287 textum

221 2301 680 2364 Bibliothecarii,
714 2309 769 2358 et
813 2303 880 2357 ad
929 2303 1406 2371 comprobandam
1451 2305 1867 2359 catholicorum

222 2373 533 2441 praesulum
551 2388 744 2428 curam
763 2374 821 2429 in
843 2374 968 2429 ﬁdei
989 2383 1195 2428 nostris
1215 2374 1870 2430 luminibusexcitandis

217 2448 277 2499 et
303 2445 874 2509 eXprimendisetiam
900 2446 955 2498 in
981 2448 1336 2501 ornamentis
1356 2447 1505 2501 sacri
1533 2447 1867 2500 ministerii.

290 2514 465 2570 Aliud
494 2516 786 2587 vasculum
817 2515 998 2571 simili
1027 2516 1205 2585 ﬁgura
1233 2518 1531 2585 praeditum
1550 2532 1616 2572 ex
1637 2523 1870 2587 argento

223 2587 440 2654 pariter
487 2586 724 2643 ductum
755 2587 1154 2642 asservabatur
1189 2602 1397 2657 paucos
1435 2594 1567 2644 ante
1601 2586 1781 2644 annos
1812 2589 1870 2642 in

225 2670 440 2713 musazo
463 2659 815 2714 nobilissimi
841 2659 1104 2730 praesulis
1129 2660 1330 2714 Leonis
1350 2660 1559 2714 Strozzi
1584 2658 1698 2730 (cui
1731 2673 1869 2728 pau-

214 2741 320 2783 cos
341 2735 470 2783 ante
485 2730 609 2784 dies
628 2730 889 2799 piissime
905 2729 1018 2783 vita
1036 2728 1598 2786 functoeruditorum
1613 2731 1868 2786 omnium

213 2800 416 2854 studia
443 2800 757 2870 parentant)
783 2803 950 2866 cujus
972 2800 1188 2856 iconem
1220 2815 1286 2856 ex
1306 2803 1613 2871 archetypo
1639 2801 1866 2855 ductam

215 2884 336 2926 non
367 2872 694 2996 adjungum,
732 2872 877 2942 quod
906 2872 1022 2925 alio
1053 2879 1404 2940 asportatum
1437 2873 1773 2942 intelligam.
1805 2872 1868 2925 In

217 2942 327 2996 illo
355 2942 560 2996 exhibe
601 2949 733 2996 atur
764 2944 953 2996 imago
984 2943 1198 2996 Christi
1233 2943 1484 2996 Domini.
1519 2943 1682 2996 beato
1709 2945 1868 2996 Petro

210 2942 327 3013 illo
355 2942 733 2998 exhibebatur
764 2944 953 3013 imago
984 2943 1198 2997 Christi
1233 2943 1484 3011 Domini,
1519 2943 1682 2998 beato
1709 2945 1869 2997 Petro

211 3012 406 3068 claves
424 3014 722 3079 tradentis,
742 3019 797 3068 et
819 3015 878 3068 in
897 3012 1078 3082 pallio
1099 3015 1459 3083 deponentis,
1477 3015 1670 3070 eodem
1697 3013 1869 3069 ferme

1989 458 2333 515 fundend'am
2362 462 2417 530 in
2441 461 2848 530 praeparatione
2869 458 3341 519 sacriﬁcii.Card.
3359 467 3638 523 Baronius

1986 531 2053 585 ad
2095 545 2308 586 annum
2354 529 2474 600 433,
2512 529 2671 587 num.
2702 531 2751 596 i,
2789 532 3111 587 observata
3141 535 3418 602 Gregorio
3447 537 3636 593 Turo-

1989 602 2147 656 nensi
2177 603 2246 657 de
2269 602 2464 658 Gloria
2486 608 2795 672 martyrum
2817 617 2945 672 cap.
2984 602 3071 667 38,
3098 603 3311 660 litteris
3346 606 3631 671 proditum

1987 673 2057 728 de
2085 674 2372 740 argenteis
2407 674 2614 741 urceis,
2664 680 2721 728 et
2757 674 3086 741 hujusmodi
3120 675 3276 729 vasis
3303 678 3371 731 ad
3405 678 3636 732 sacriﬁ—

1988 743 2144 798 cium
2167 745 2538 817 adhibendis,
2569 759 2694 814 qua:
2727 752 2945 817 reperta
2966 752 3103 817 sunt
3130 746 3186 799 in
3216 747 3632 817 eademcrypta

1988 815 2294 870 coemeterii
2319 815 2593 870 Priscillae
2613 817 2702 870 via
2722 815 2962 872 Salaria.
2990 815 3087 870 ubi
3111 817 3373 882 deposita
3401 815 3636 874 fuerunt

1988 887 2346 959 corporaSS.
2384 892 2692 959 martyrum
2720 885 3063 959 Chrysantbi
3088 894 3143 940 et
3174 888 3376 959 Dariaz.
3407 889 3506 944 His
3532 889 3640 959 igi-

1989 961 2086 1010 tur
2112 956 2329 1011 similia
2360 970 2493 1012 vasa
2525 957 2955 1029 ministerialia,
2982 964 3192 1029 praeter
3210 958 3416 1013 calices
3445 965 3501 1014 et
3528 956 3636 1029 pa-

1990 1033 2150 1082 tenas
2179 1041 2246 1082 ex
2281 1034 2515 1098 argento
2551 1028 2835 1096 paraverit
2863 1027 3147 1093 Urbanus,
3184 1028 3500 1098 imperante
3529 1027 3634 1086 Se—

1991 1111 2121 1152 vero
2169 1098 2528 1162 Alexandro;
2579 1100 2747 1168 cujus
2776 1113 2907 1169 erga
2937 1098 3301 1154 Christianos
3328 1106 3460 1156 nota
3494 1114 3634 1168 pro-

1991 1169 2189 1237 pensio
2217 1169 2485 1224 reddebat
2518 1171 2711 1225 minus
2744 1171 3015 1238 impedita
3045 1171 3405 1226 sacerdotum
3435 1172 3632 1227 studia

1991 1241 2048 1294 in
2079 1240 2236 1294 hisce
2266 1241 2619 1310 ornamentis
2640 1242 2839 1296 divino
2869 1241 3052 1296 cultui
3082 1242 3503 1310 comparandis.

2060 1312 2231 1366 Linea
2277 1309 2330 1366 5.
2381 1341 2454 1352 --
2498 1314 2680 1366 Etiam
2729 1313 3089 1368 Valerianum
3118 1309 3513 1367 nobilissimum
3539 1312 3635 1365 υἱ-

1985 1397 2128 1443 rum,
2170 1398 2423 1450 sponsum
2469 1383 2526 1437 S.
2572 1384 2821 1450 Caecilia,
2870 1388 2981 1438 etc.
3037 1383 3261 1437 Callisti
3313 1382 3633 1439 decessoris

2026 1453 2318 1524 ervigilem
2362 1467 2556 1508 curam
2608 1455 2663 1508 in
2711 1453 3141 1509 Transtiberina
3174 1453 3408 1524 regione
3438 1453 3632 1510 ﬁdeli—

2028 1538 2092 1578 us
2109 1522 2522 1594 frequentanda
2543 1531 2766 1580 anctam
2799 1525 2978 1580 fuisse
3001 1522 3298 1580 nobilibus
3323 1526 3630 1580 incremen-

1985 1594 2062 1648 tis
2102 1594 2211 1650 sub
2241 1595 2506 1660 pontiﬁce
2532 1596 2761 1651 Urbano
2789 1596 3188 1650 demonstrant
3222 1596 3352 1650 Acta
3385 1597 3476 1652 SS.
3508 1597 3630 1651 Cte—

1981 1665 2134 1720 cilize
2156 1671 2210 1720 et
2230 1665 2542 1733 Valeriani,
2567 1681 2880 1736 eorumque
2903 1667 3110 1720 domus
3140 1667 3417 1736 martyrio
3457 1666 3637 1723 nobi—

2235 1751 2405 1806 quam
2447 1738 2763 1792 Romanum
2813 1737 3048 1792 titulum
3081 1737 3339 1806 ejusdem
3388 1737 3633 1794 Camillae

1983 1813 2184 1877 rogatu
2215 1807 2520 1862 dedicavit.
2550 1809 2607 1863 Si
2641 1808 2776 1878 quis
2797 1816 2988 1862 autem
3018 1807 3282 1874 miretur,
3305 1808 3414 1862 sub
3448 1809 3634 1878 impe—

1983 1879 2070 1934 rio
2093 1879 2282 1933 Severi
2313 1879 2644 1944 Alexandri,
2683 1879 2967 1948 principis
2998 1893 3126 1948 erga
3159 1879 3523 1935 Christianos
3555 1879 3636 1934 ita

1983 1950 2272 2019 propensi,
2307 1955 2371 2004 ut
2417 1950 2474 2003 in
2525 1951 2650 2019 ejus
2700 1950 2828 2005 Vita
2869 1950 3235 2018 Lampridius
3283 1951 3536 2006 ostendit
3565 1963 3634 2006 ex

1984 2020 2251 2090 pluribus
2283 2020 2461 2075 dictis
2493 2034 2557 2075 ac
2598 2022 2792 2089 gestis,
2830 2023 3074 2076 miretur
3103 2022 3160 2074 in
3194 2030 3362 2090 quam
3395 2020 3634 2076 simula

1981 2090 2386 2146 nobisadmitti
2403 2092 2505 2146 ded
2519 2093 2795 2147 icationes
2809 2092 3113 2148 titulorum
3127 2091 3444 2147 Christiani
3461 2092 3636 2161 ritus,

1981 2168 2037 2217 et
2064 2162 2335 2231 martyria
2362 2176 2580 2230 eorum,
2608 2164 2707 2233 qui
2727 2164 2947 2218 easdem
2975 2164 3173 2218 domos
3205 2161 3532 2218 obtulerant
3559 2162 3637 2216 ﬁ-

1981 2233 2198 2289 delium
2221 2234 2636 2294 conventibus:
2669 2235 2993 2289 meminerit
3025 2234 3296 2294 martyria
3325 2233 3414 2288 SS.
3450 2233 3636 2288 Caeci-

1984 2304 2076 2358 lia:
2125 2318 2190 2359 ac
2219 2305 2508 2359 sociorum
2554 2305 2662 2360 sub
2695 2305 2994 2360 Almachio
3045 2303 3309 2374 prmfecto
3358 2303 3550 2372 Urbis,
3579 2310 3640 2358 et

1984 2375 2153 2444 paulo
2188 2381 2313 2444 post
2342 2382 2706 2431 consecutam
2753 2377 3077 2445 passionem
3123 2377 3178 2429 S.
3221 2374 3432 2429 Urbani
3479 2388 3633 2444 papa:

1983 2445 2355 2502 referricirca
2385 2460 2599 2502 annum
2635 2447 2863 2516 imperii
2896 2460 3107 2502 nonum
3133 2445 3300 2501 illius
3323 2445 3635 2516 principis,

1982 2519 2209 2586 quando
2240 2523 2505 2585 suscepta
2538 2519 2596 2572 in
2639 2513 2835 2574 Persas
2863 2517 3228 2587 expeditione
3258 2515 3405 2571 Urbe
3437 2513 3631 2587 profe-

1981 2596 2109 2642 ctus
2133 2588 2445 2644 tribunitia
2477 2594 2755 2658 potestate
2790 2586 3048 2659 nonalut
3079 2587 3301 2643 nummi
3326 2587 3532 2642 docent
3553 2586 3630 2642 si-

2020 2660 2136 2714 nati
2169 2674 2258 2714 ra.
2290 2660 2346 2713 P.
2380 2673 2525 2714 vnn.
2574 2671 2684 2714 cos.
2718 2674 2802 2714 ιιι.
2832 2674 2883 2714 p.
2928 2673 2978 2715 ι).
3030 2665 3087 2714 et
3134 2659 3190 2712 in
3226 2664 3383 2726 parte
3435 2669 3632 2713 aversa

2010 2731 2196 2786 itteris
2222 2743 2520 2786 rnorscrio
2567 2744 2692 2786 auc.
2745 2745 2790 2786 s.
2836 2729 2906 2799 c.)
2955 2743 3053 2799 per
3093 2729 3393 2786 biennium
3419 2728 3539 2798 egit
3570 2727 3629 2782 in

1981 2801 2219 2856 oriente.
2277 2802 2437 2858 Tunc
2465 2814 2598 2857 vero
2626 2802 2880 2871 Trajani,
2915 2801 3176 2870 Adriani,
3204 2799 3632 2871 etAntonino-

1983 2886 2110 2927 rum
2138 2871 2365 2942 legibus
2395 2886 2689 2942 nunquam
2731 2869 3030 2942 revocatis,
3057 2871 3129 2942 de
3160 2869 3376 2942 quibus
3401 2869 3630 2939 egimus

1983 2888 2110 2927 rum
2138 2888 2187 2927 te
2233 2888 2365 2927 lDllS
2395 2888 2689 2942 nunquam
2731 2888 3030 2938 revocatis,
3057 2888 3128 2925 ae
3160 2888 3376 2939 quibus
3401 2888 3625 2939 egimus

1981 2888 2280 3020 pag._i§8,
2333 2945 2448 3020 imo
2493 2950 2546 3020 et
2594 2941 3020 3020 recentioribus
3049 2939 3625 3020 a_Caracalla_contra

1980 3009 2083 3068 nos
2128 3009 2275 3068 latis
2297 3013 2531 3068 excitati
2575 3013 2857 3068 delatores
2895 3016 2950 3066 et
2975 3011 3203 3079 judices
3243 3009 3532 3078 supplicia
3562 3011 3621 3065 in

214 3087 354 3152 typo
387 3085 503 3158 (sed
532 3084 694 3158 valde
724 3079 1062 3158 elegantiori
1088 3079 1406 3158 sculptura)
1431 3079 1546 3158 quo
1574 3085 1866 3158 visiturin
1899 3091 1948 3158 ρ,
1977 3084 2366 3158 Christianos
2394 3085 2644 3158 exerceri
2701 3097 2802 3152 pro
2833 3081 3024 3158 lubitu
3073 3079 3470 3158 decernebant,
3515 3081 3628 3136 ab-

211 3156 570 3225 sarcophago
588 3157 746 3211 Junii
779 3157 956 3221 Bassi,
985 3157 1169 3211 inciso
1189 3156 1297 3211 sub
1310 3156 1615 3212 consulatu
1635 3155 1868 3210 Eusebii

210 3231 269 3280 et
318 3227 567 3296 Hypatii,
620 3227 834 3282 Christi
875 3225 999 3295 360,
1047 3228 1356 3295 spectando
1397 3228 1456 3282 in
1495 3227 1869 3282 subterranea

210 3296 524 3352 basilicas.
547 3299 688 3353 Petri
707 3304 904 3353 contra
917 3297 1094 3353 altare
1107 3297 1515 3353 Confessionis.
1532 3297 1702 3351 Aliud
1720 3310 1870 3365 quo-

211 3381 331 3437 que
352 3369 580 3438 signum
624 3369 1018 3436 Redemptoris
1051 3369 1232 3424 nostri
1267 3369 1551 3438 prominet
1584 3369 1640 3422 in
1671 3367 1866 3422 eodem

210 3439 472 3506 vasculo,
510 3454 676 3494 usum
717 3439 1012 3495 oculorum
1061 3440 1374 3495 tribuentis
1421 3453 1569 3494 caeco
1610 3445 1759 3494 nato.
1807 3440 1865 3492 In

213 3510 398 3595 priori
418 3510 850 3595 ﬁguraoppory
863 3526 927 3595 ne
943 3511 1038 3595 innd
1049 3511 1130 3593 ica
1140 3518 1234 3595 tur
1259 3517 1504 3595 potestas
1521 3509 1802 3595 sacerdoti
1813 3509 1835 3595 ir
1846 3527 1863 3595 A:

212 3583 278 3636 in
295 3581 545 3636 secundi)
559 3582 724 3652 signo
737 3581 1196 3637 eﬁectusChristi
1214 3588 1531 3637 contactus.
1551 3581 1678 3636 Alia
1692 3581 1865 3636 etiam

212 3653 450 3707 vascula
475 3651 759 3723 argentea,
783 3667 1049 3708 eorumve
1072 3651 1386 3719 fragmenta
1403 3653 1546 3712 vidi.
1577 3665 1702 3721 quae
1729 3651 1868 3706 aliis

210 3723 496 3793 symbolis
514 3731 570 3779 et
589 3724 1045 3780 characteribust
1062 3725 1346 3778 :hristiani
1371 3724 1562 3779 cultus
1586 3723 1866 3794 insignita

211 3800 375 3850 sunt.
424 3795 817 3851 'l'ertullianus
849 3795 1212 3860 memorabat,
1263 3796 1569 3866 imaginem
1612 3795 1866 3850 Pastoris

213 3867 354 3921 boni
376 3868 557 3921 nostri
584 3869 640 3922 in
655 3867 938 3923 calicibus
955 3867 1200 3936 exprimi
1217 3868 1603 3929 consuevisse,
1631 3866 1862 3936 quidem

215 3937 280 3992 in.
302 3938 514 4006 pateris
543 3939 1004 4006 recognoscimus
1033 3938 1182 4006 apud
1219 3938 1531 3992 Boldettum
1555 3937 1611 3991 in
1640 3936 1860 3992 observ.

215 3953 280 3992 ID.
302 3953 514 4006 pateris
543 3953 668 3992 reco
714 3953 1004 3993 nosetmus
1033 3953 1182 4006 apuu
1219 3953 1531 3992 uotueuum
1555 3953 1611 3991 ιιι
1640 3953 1860 3992 onserv.

210 4008 445 4063 Cmmet.
489 4023 614 4079 pag.
640 3953 765 4076 ὧι),
800 4009 1024 4079 etapud
1055 4009 1242 4064 Senat.
1279 4010 1576 4065 Bonarroti
1601 4007 1714 4062 tab.
1746 4023 1778 4060 v
1807 4013 1865 4062 ut

211 4093 270 4133 v1
320 4079 390 4134 de
419 4081 622 4135 vitreis
651 4081 902 4136 vasculis
945 4081 1422 4136 cmmeteriorum.
1462 4079 1604 4134 Oves
1635 4092 1863 4148 quoque

211 4151 500 4206 Dominici
526 4153 715 4222 gregis
735 4158 954 4207 contem
967 4151 1266 4221 plamurin
1295 4157 1488 4206 nostro
1513 4149 1762 4222 urceolo,
1790 4151 1859 4204 ad

212 4222 440 4291 Agnum
475 4221 865 4292 reSpicientes,
915 4237 1014 4292 pro
1046 4228 1238 4278 nostra
1287 4223 1471 4277 salute
1499 4221 1775 4284 oblatum,
1808 4228 1865 4275 et

214 4293 495 4347 occisum.
521 4295 752 4349 Accedit
781 4294 1101 4362 explicator
1121 4295 1376 4364 mysterii
1399 4295 1860 4362 Chrysostomus,

217 4363 304 4436 ita
335 4364 694 4436 interrogans
721 4366 958 4420 homilia
979 4378 1086 4420 Lx:
1128 4385 1151 4416 (ι
1179 4363 1322 4434 Quis
1351 4371 1542 4434 pastor
1566 4379 1695 4436 oves
1727 4376 1863 4432 ιιι-ου⁴

215 4434 348 4503 prio
380 4434 577 4503 pascit'
615 4449 818 4491 cruore
842 4437 870 4490 ‘l
923 4438 990 4490 Et
1021 4437 1159 4505 quid
1207 4436 1336 4490 dico
1391 4435 1631 4503 pastor?
1658 4435 1864 4488 Matres

1980 3160 2137 3209 sente
2185 3155 2481 3223 principe:
2541 3150 2713 3221 cujus
2764 3153 3062 3222 przesentis
3104 3150 3530 3223 indulgentiam
3570 3159 3630 3207 et

1979 3221 2304 3294 aequitatem
2332 3221 2496 3295 nobis
2515 3221 2842 3293 paratam’et
2862 3236 3194 3292 propensam
3215 3221 3477 3276 inanium
3499 3221 3626 3280 deo-

1980 3310 2103 3350 rum
2136 3295 2452 3350 sacriﬁculi
2501 3295 2931 3350 aversabantur.

2047 3367 2369 3421 Conciliare
2387 3367 2568 3437 igitur
2589 3367 2721 3437 jure
2742 3376 3137 3437 possumusac
3160 3361 3435 3437 debemus
3456 3361 3628 3431 prin-

1977 3437 2126 3505 cipis
2153 3433 2463 3492 Alexandri
2495 3433 2626 3506 erga
2656 3433 3018 3506 Christianos
3049 3433 3458 3506 benignitatem
3493 3445 3622 3506 cum

1977 3504 2215 3563 veritate
2243 3514 2531 3578 gestorum
2558 3504 2590 3561 :1
2619 3508 2712 3562 SS.
2744 3504 3092 3576 martyribus
3113 3504 3221 3560 sub
3241 3505 3494 3578 ejusdem
3524 3504 3627 3578 im-

1979 3580 2138 3646 perio
2169 3574 2351 3647 passis
2396 3586 2450 3634 et
2480 3579 2793 3644 coronatis,
2830 3574 3117 3647 praecipue
3143 3590 3274 3647 vero
3311 3575 3403 3647 SS.
3437 3574 3623 3630 Caeci—

1977 3650 2088 3709 liae.
2121 3646 2374 3706 Tiburtii
2420 3657 2476 3704 et
2505 3650 2792 3704 Valeriani
2817 3646 2841 3702 z’
2865 3662 2992 3719 quae
3030 3651 3186 3719 gesta
3213 3646 3452 3719 uberius
3483 3659 3623 3719 pro—

1977 3723 2244 3791 sequitur
2276 3723 2556 3776 Baronius
2590 3721 2647 3774 in
2683 3720 2836 3775 notis
2878 3717 2946 3773 ad
2979 3717 3528 3791 martyrologiumet
3559 3717 3618 3791 in

1975 3787 2317 3858 Annalibus,
2342 3793 2475 3846 licet
2497 3792 2750 3859 ejusdem
2773 3790 3145 3859 chronologia
3164 3802 3291 3844 cum
3305 3787 3430 3843 atra
3446 3787 3623 3842 Chri-

1975 3865 2050 3919 sti
2084 3871 2409 3932 comparata
2436 3863 2671 3918 biennio
2701 3861 2929 3918 diﬁ'erat
2956 3874 2988 3916 a
3018 3865 3233 3926 nostra,
3267 3865 3333 3915 ut
3369 3859 3619 3914 adnota-

1975 3937 2056 3990 vit
2076 3935 2520 3989 Schelestratius
2550 3947 2724 4003 supra
2753 3933 2987 4000 relatus,
3016 3937 3241 4003 servato
3263 3937 3452 4003 tamen
3476 3942 3620 3984 con-

1956 4020 2165 4073 sensu,
2198 4007 2255 4060 in
2285 4019 2433 4060 nono
2459 4002 2687 4075 imperii
2717 4005 3026 4060 Alexandri
3050 4015 3199 4057 anno
3233 4002 3436 4057 iisdem
3465 4013 3620 4056 mar—

1971 4079 2140 4148 tyriis
2165 4077 2534 4148 assignando.

2044 4151 2250 4203 Prteter
2273 4143 2558 4203 musivum
2586 4161 2618 4201 a
2643 4145 2901 4202 Paschali
2933 4144 3116 4214 primo
3137 4147 3532 4199 constructum
3561 4143 3618 4197 in

1972 4219 2171 4275 abside
2203 4220 2362 4275 tituli
2390 4220 2445 4274 S.
2476 4218 2741 4284 Caeciliae,
2774 4217 2867 4272 ubi
2892 4215 3156 4271 versibus
3180 4215 3351 4270 etiam
3382 4227 3619 4282 expres-

1974 4292 2052 4345 sit
2085 4293 2309 4346 inventa
2331 4296 2385 4345 et
2415 4296 2667 4345 extracta
2694 4304 2722 4344 a
2748 4302 2807 4343 se
2835 4287 3016 4343 fuisse
3043 4287 3370 4342 eorumdem
3401 4290 3620 4356 marty-

1976 4377 2098 4417 rum
2116 4375 2355 4432 corpora
2371 4362 2429 4416 in
2445 4361 2768 4417 cmmeterio
2789 4359 3036 4425 Callisti,
3061 4365 3115 4413 et
3140 4359 3197 4411 in
3215 4356 3616 4432 hunctitulum

1975 4426 2272 4504 translata,
2321 4434 2379 4488 in
2413 4447 2525 4503 quo
2576 4433 2848 4503 religiose
2894 4437 3196 4504 servantur
3224 4426 3617 4504 et_coluu_tur_§

215 4485 595 4574 {sanguis},
620 4485 1572 4577 Qui;50's.Bathydaiaies’nias'
1591 4485 1740 4560 an;
1752 4485 1864 4560 ira:
1898 4485 1948 4544 Β
1974 4485 2487 4577 magniﬁcam“
2500 4485 2935 4577 «deﬂuam
2964 4512 3113 4577 pone
3131 4497 3388 4577 absidem
3435 4485 3617 4577 Tituli

212 4577 363 4631 dunt
409 4577 758 4633 nutricibus.
808 4580 921 4634 Hoc
968 4585 1156 4633 autem
1193 4579 1312 4647 ipse
1345 4591 1455 4632 non
1495 4584 1578 4632 est
1621 4591 1860 4646 passus;

211 4648 316 4702 sed
347 4648 469 4720 ipse
512 4663 615 4704 nos
648 4651 880 4718 proprio
912 4650 1191 4720 sanguine
1223 4649 1426 4718 pascit,
1458 4655 1513 4703 et
1546 4663 1643 4717 per
1672 4649 1865 4720 omnia

213 4731 324 4773 nos
345 4719 459 4774 sibi
483 4727 858 4790 coagmentat.
883 4738 906 4769 ιο
935 4722 995 4775 In
1017 4719 1134 4775 alio
1156 4720 1384 4774 vasculo
1401 4727 1688 4790 argenteo,
1712 4719 1863 4787 apud

210 4789 299 4844 Cl.
337 4790 526 4846 virum
551 4789 622 4845 Ml
655 4793 965 4846 Antonium
999 4791 1372 4845 Sabbatinum
1401 4789 1588 4845 Romae
1617 4791 1860 4845 custodi-

212 4867 340 4916 tum
367 4862 424 4914 in
452 4861 764 4918 Iectissimo
789 4877 894 4918 suo
921 4862 1337 4931 cimeliarchio,
1366 4868 1565 4930 printer
1587 4861 1867 4930 imagines

208 4931 434 4986 Christi
456 4934 683 4988 Domini
705 4940 759 4988 et
780 4933 1190 5001 apostolorum,
1218 4946 1434 4987 necnon
1454 4932 1709 4987 oviculas
1732 4945 1867 5002 gre-

211 5004 308 5074 gis
329 5005 422 5058 sui
457 5004 565 5059 sub
594 5005 698 5060 hoc
718 5006 947 5060 Pastore
973 5004 1311 5073 dispositas.
1332 5017 1576 5074 superne
1594 5004 1868 5056 visuntur

208 5072 500 5147 columbae
527 5089 656 5130 cum
689 5077 954 5144 apposito
980 5072 1174 5147 crucis
1203 5075 1385 5147 signo.
1405 5072 1577 5147 ,Vasis
1602 5074 1781 5147 ﬁgura
1812 5079 1869 5147 et

207 5146 486 5202 cmlatura
508 5143 1068 5211 indicar’e’videntur,
1092 5146 1233 5202 illud
1257 5143 1580 5202 adhibitum
1604 5143 1780 5200 fuisse
1796 5143 1864 5197 ad

210 5231 445 5272 sacrum
479 5218 731 5274 chrisma
752 5219 1185 5274 continendum.
1216 5217 1366 5273 Ordo
1393 5220 1680 5273 Romanus
1709 5215 1868 5271 anti-

210 5289 562 5359 quissimus,
623 5295 750 5359 post
804 5290 1154 5358 llittorpium
1205 5288 1396 5343 editus
1449 5287 1864 5359 alilabillognio,

212 5356 347 5430 pag.
380 5356 432 5426 4,
468 5356 637 5415 num.‘
671 5360 724 5423 3,
776 5356 1031 5417 ostendit
1060 5373 1288 5416 sacrum
1325 5361 1577 5414 chrisma
1613 5357 1866 5430 prazt‘erri

209 5429 586 5486 consuevisse
610 5432 867 5500 pontiﬁci
900 5433 969 5487 ad
1005 5431 1304 5486 stationem
1337 5431 1670 5484 solemniter
1695 5429 1870 5498 equi-

211 5502 366 5556 tanti
410 5516 507 5571 per
527 5503 854 5572 acolythum
875 5502 1308 5558 stationarium.
1351 5523 1374 5548 «
1401 5500 1558 5555 Unus
1587 5508 1774 5554 autem
1800 5512 1866 5552 ex

210 5572 506 5642 acolythis
529 5571 910 5629 stati’onarius
934 5572 1198 5642 praecedit
1224 5571 1481 5638 pedester
1499 5583 1708 5642 equum
1742 5583 1873 5638 pon.

217 5643 422 5716 tiﬁcis.
470 5650 698 5716 gestans
741 5641 965 5700 sacrum
997 5643 1248 5716 chrisma
1292 5655 1460 5695 manu
1515 5641 1570 5716 in
1606 5641 1872 5716 mappula

220 5712 641 5771 involuta'cum
673 5716 948 5786 ampulla.
992 5733 1020 5764 »
1053 5714 1433 5769 Asservantur
1462 5712 1786 5786 etiamtum
1813 5712 1874 5786 in

221 5800 442 5842 musaeo
454 5782 788 5856 Sabbatino,
805 5795 926 5844 tum
952 5785 1011 5841 in
1028 5791 1244 5853 nostro,
1267 5791 1532 5855 argentea
1554 5782 1877 5856 cochlearia

219 5865 349 5914 tum
381 5858 588 5927 solida,
616 5854 785 5930 quam
811 5857 1114 5929 perforata,
1145 5856 1244 5912 illa
1266 5854 1656 5913 ad’incensum
1680 5854 1878 5911 thuri-

1971 4565 2446 4630 S.'Pudentianaz
2481 4565 2787 4642 spectanda
2841 4573 2899 4626 in
2944 4565 3154 4642 sacello
3196 4565 3618 4642 interiori,__ubi

1975 4648 2283 4720 parietinae
2300 4646 2488 4720 adhuc
2513 4637 2855 4720 superstites
2875 4640 3184 4720 ostendunt
3214 4638 3421 4720 fontem
3452 4637 3616 4720 illum

1972 4709 2286 4772 Christiani
2329 4709 2601 4784 baptismi
2632 4729 2662 4768 a
2711 4715 2806 4769 Pio
2840 4710 3106 4784 pontiﬁce
3157 4709 3332 4784 hujus
3363 4709 3618 4784 nominis

1980 4790 2162 4857 primo
2190 4781 2598 4857 constitutum,
2628 4787 2697 4840 de
2729 4781 2851 4855 quo
2891 4784 2949 4837 in
2991 4781 3145 4836 notis
3175 4782 3244 4857 ad
3276 4781 3401 4857 ejus
3429 4781 3616 4857 Y_it_a_m

1978 4850 2169 4915 fusius
2199 4859 2287 4928 egi
2343 4871 2467 4983 pag.
2499 4855 2617 4939 .423.
2640 4862 2696 4911 et
2735 4850 2890 4925 seqq.
2940 4867 3122 4923 usque
3151 4853 3223 4935 ad
3268 4850 3387 4907 4‘26.
3447 4850 3616 4908 lbid..

1978 4944 2104 4983 nae.
2132 4927 2251 4983 1'26.
2272 4929 2378 4983 col.
2450 4971 2462 4983 .
2497 4927 2822 4983 indicabam
2845 4937 3143 4983 superesse
3171 4929 3453 4983 uicturam
3474 4935 3616 4983 apo—

1978 4944 2104 5001 pag.
2132 4927 2251 4996 1'26,
2272 4929 2378 5001 col.
2409 4927 2462 4994 2,
2497 4927 2822 5001 indicabant
2845 4927 3453 5001 superesse_p_ict_uram
3474 4935 3621 4991 apo—

1975 4993 2255 5057 stolorum
2289 4993 2570 5068 baptiSma
2587 4993 3118 5053 administrantinm
3144 4993 3412 5068 ﬁdelibus
3436 4994 3493 5048 in
3519 5007 3622 5068 ea_-

1975 5073 2099 5127 dem
2159 5063 2434 5126 Pudentis
2471 5071 2661 5131 domo,
2715 5070 3049 5138 impressam
3099 5072 3155 5122 et
3184 5065 3500 5138 eXpositam
3550 5063 3620 5138 ab

1980 5143 2066 5198 ill.
2103 5142 2343 5211 praesule
2371 5145 2582 5198 Joanne
2610 5135 2972 5210 Ciampinio:
3007 5139 3176 5211 eique
3211 5137 3524 5211 proximam
3559 5135 3620 5190 in

1978 5208 2116 5270 arcti
2145 5214 2417 5284 contiguo
2450 5226 2747 5284 superesse
2774 5208 3078 5283 imaginem
3122 5209 3174 5264 S.
3201 5208 3422 5284 Urbani
3467 5219 3623 5276 papae

1981 5279 2385 5356 prmmittcntis
2428 5285 2496 5340 ad
2526 5279 3163 5356 'martyriumfsanctos
3198 5279 3529 5356 Tiburttum
3569 5284 3625 5356 et

1984 5349 2371 5419 Valerianum,
2405 5349 2707 5425 expressis
2724 5354 3086 5426 singulorum
3139 5349 3494 5426 nominibus,
3526 5349 3621 5404 sed

1981 5430 2106 5497 ejus
2135 5427 2322 5499 angeli
2349 5421 2550 5495 ductu,
2591 5429 2758 5496 cujus
2787 5421 3124 5499 conspectus
3162 5437 3198 5499 a
3228 5421 3456 5499 Caecilia
3485 5435 3624 5491 pro—

1985 5494 2198 5554 missus
2218 5494 2446 5553 occasio
2475 5494 2869 5553 conversionis
2897 5495 3028 5552 fuit.
3053 5495 3278 5550 Visitur
3306 5494 3500 5563 itaque
3515 5507 3626 5547 an—

1983 5570 2144 5641 gelus
2177 5571 2498 5638 praecedens
2524 5569 2852 5641 Tiburtinum
2878 5574 2933 5622 et
2963 5566 3347 5641 Valerianum,
3382 5571 3437 5619 et
3456 5578 3629 5641 corc-

1987 5637 2114 5695 nam
2159 5637 2456 5709 imponens
2503 5641 2680 5709 capiti
2735 5640 2847 5694 sibi
2897 5639 3155 5708 proxime
3200 5637 3624 5707 consequentis,

1985 5712 2325 5768 succedente
2375 5712 2603 5767 Urbano
2651 5725 2812 5782 papa,
2847 5711 2947 5780 qui
2999 5709 3208 5782 tertius
3250 5709 3316 5782 ad
3359 5721 3624 5782 coronam

1987 5783 2160 5861 venit.
2193 5783 2408 5861 ibidem
2440 5779 2762 5861 observavi,
2786 5779 3239 5861 comprobariex
3269 5779 3370 5861 hac
3403 5780 3627 5861 pictura

1992 5855 2048 5911 id
2063 5855 2213 5926 quod
2243 5853 3126 5926 inlibrislectionariisejusdem
3151 5851 3622 5917 titulirecitatur,
