4070 6178
392 211 521 272 4334

1551 183 1554 186 ’
1590 203 1948 262 ANASTASII
1987 203 2532 266 nrauomecann

3661 201 3805 260 I332

391 330 756 394 consuevisse
784 329 1009 386 scilicet
1036 326 1352 396 Urbanum,
1387 326 1628 397 ejusque
1656 305 2033 397 successores,
2062 323 2123 385 A
2151 323 2403 397 qui_solo
2427 322 3367 397 Evaristointermediosuccessor
3383 323 3644 380 Anacleti
3667 322 3810 388 fuit,

391 409 448 464 et
477 401 820 459 nominatim
855 401 910 456 B.
946 399 1296 468 Stephanum
1327 395 1369 464 Ι,
1419 398 1478 452 in
1513 395 1835 468 hocieodem
1863 395 2037 468 titulo

391 471 649 544 exemplo
678 473 764 528 Pii
798 467 1139 544 decessoris,
1180 476 1235 544 et
1259 469 1591 544 antiquiore
1617 467 1709 544 SS.
1743 467 2040 544 apostolo—

394 559 522 606 rum
557 538 847 612 hospitum
870 544 925 599 S.
958 541 1262 597 Prudentis
1276 538 1527 596 solemne
1552 538 1834 609 baptisma
1859 538 1917 593 in
1946 539 2042 593 Pa-

395 616 591 678 schate
623 615 976 670 ministrare.

474 687 644 742 Linea
673 684 728 753 8,
772 684 827 740 9.
858 715 929 726 —
951 686 1017 738 In
1041 683 1334 737 cmmeterio
1364 682 1684 753 Praetextati
1709 681 1802 734 via
1832 680 2034 753 Appia.

401 750 725 816 Praetextati
738 755 1123 812 coemeterium
1150 754 1228 808 ita
1244 753 1566 822 proximum
1587 751 1700 808 fuit
1716 750 2041 807 cmmeterio

400 829 650 895 Callisti,
681 835 740 884 ut
769 828 964 882 aditus
995 839 1061 880 ex
1107 838 1219 880 uno
1267 825 1324 879 in
1351 824 1593 895 alterum
1642 828 1874 895 pateret.
1903 824 2040 895 Cum

403 902 570 958 Bosio
599 893 656 954 in
681 900 834 953 notis
849 898 916 953 ad
941 897 1126 951 Vitam
1145 897 1200 950 8.
1224 895 1436 950 Urbani
1464 895 1519 950 id
1544 894 1804 949 observat
1827 893 2042 949 Boldet-

403 982 498 1030 tus
520 971 591 1026 de
614 971 768 1025 Sacr.
805 974 1006 1024 coemet
1061 967 1163 1022 lib.
1195 980 1257 1032 ll,
1289 979 1413 1034 cap.
1449 964 1535 1034 48,
1567 980 1622 1032 p.
1654 963 1796 1021 554:
1829 986 1853 1016 α
1879 963 2039 1032 Quod

405 1045 610 1100 attinet
635 1042 702 1096 ad
749 1039 1134 1096 cmmeterium
1167 1038 1513 1105 Praetextati,
1553 1037 1637 1091 ait
1669 1036 1891 1105 Bosius,
1924 1039 2043 1089 erat

405 1115 494 1169 via
527 1113 728 1182 Appia,
765 1112 833 1167 ad
867 1111 1016 1182 quod
1046 1114 1168 1164 erat
1195 1109 1518 1182 communis
1538 1108 2044 1182 a_ditusiin_cmme~

406 1185 552 1241 terio
575 1178 820 1246 Callisti,
841 1178 925 1237 vel
958 1184 1148 1251 potius
1169 1186 1288 1235 erat
1311 1193 1441 1250 pars
1465 1178 1729 1251 ipsius.»
1749 1179 2042 1251 indicatur

404 1257 575 1312 etiam
630 1255 688 1309 in
748 1249 970 1309 litteris
1009 1249 1324 1306 Paschalis
1355 1250 1530 1305 Primi
1580 1249 1814 1319 perinde
1849 1249 2037 1304 vocari

409 1327 743 1389 Praetextati,
829 1337 895 1379 ac
957 1325 1116 1388 Statii,
1191 1329 1246 1377 et
1311 1322 1386 1375 ad
1449 1326 1691 1375 sanctam
1771 1320 2045 1374 Caeciliam

404 1412 524 1453 eam
587 1402 800 1465 partem
859 1401 1182 1463 cryptarum
1255 1392 1453 1465 subter
1503 1391 1796 1465 ecclesiam
1851 1389 2041 1445 Sancti

405 1462 725 1525 Sebastiani
780 1462 1191 1520 extra’muros
1245 1464 1337 1518 via
1411 1462 1614 1532 Appia,
1667 1475 1792 1532 quae
1852 1475 2046 1517 asser—

408 1546 502 1596 vat
529 1539 812 1604 hodieque
846 1535 1155 1604 inscriptas
1201 1534 1471 1589 marmori
1523 1533 1908 1588 indicationes
1954 1533 2048 1589 lo-

409 1623 630 1667 corum.
666 1607 760 1664 ubi
799 1612 1018 1675 reperta
1049 1610 1184 1661 sunt
1214 1618 1452 1674 corpora
1486 1605 1806 1660 illustrium
1831 1611 2050 1674 marty-

2148 397 2184 448 8
2241 394 2551 464 Quirinum
2595 394 3001 466 TribunumS.
3034 395 3286 452 Balbinze
3335 401 3814 466 patremimarty-

2150 466 2300 522 rium
2322 465 2630 538 pertulisse
2649 465 2756 522 sub
2778 465 2891 521 Had
2903 465 3085 538 riano.
3108 474 3164 522 et
3183 465 3510 538 depoSitum
3537 465 3730 522 fuisse
3757 466 3812 538 in

2149 536 2475 608 caemeterio
2496 538 2815 608 Prwteatati
2858 538 2952 592 via
2981 537 3186 607 Appia,
3219 536 3604 608 consequitur
3635 543 3701 592 ut
3743 537 3809 591 ad

2151 609 2398 678 priorem
2415 607 2580 663 illum
2596 606 2796 664 referri
2813 607 3038 677 quidem
3050 606 3360 678 appellatio
3385 606 3591 678 possit,
3613 614 3816 677 utpote

2149 681 2492 734 anteriorem
2517 678 2873 748 temporibus
2894 679 3168 734 Hadriani
3188 698 3204 747 ;
3222 681 3291 736 ad
3315 680 3639 735 secundum
3659 691 3813 744 vero,

2151 750 2251 820 qui
2282 750 2451 804 annis
2483 748 2656 805 ferme
2686 748 2786 806 450
2820 756 2946 818 post
2971 751 3325 806 Hadrianum
3353 765 3560 820 passus
3587 757 3700 807 est.
3725 750 3820 804 de-

2153 821 2472 876 nominatio
2511 821 2821 877 cremeterii
2869 820 2977 876 sub
3012 823 3298 878 Hadriano
3339 823 3397 877 in
3442 821 3816 892 depositione

2151 891 2406 963 Quirini,
2430 895 2487 947 et
2505 891 2613 947 sub
2637 892 2840 948 Severo
2865 892 3188 949 Alexandro
3215 894 3272 948 in
3304 891 3677 963 depositione
3704 893 3816 946 Ur-

2153 962 2310 1031 bani,
2327 966 2399 1018 de
2421 977 2533 1030 quo
2553 964 2800 1033 agimus,
2826 965 3114 1034 pertinere
3137 962 3615 1034 minime’possit;
3644 964 3697 1018 si
3722 976 3818 1030 per

2155 1034 2442 1104 integrum
2466 1034 2735 1090 saeculum
2771 1037 2830 1089 in
2864 1050 2975 1090 usu
2999 1033 3114 1091 fuit
3142 1042 3276 1091 ante
3299 1033 3624 1092 secundum
3651 1034 3815 1090 illum

2153 1106 2555 1162 Praetextatum
2601 1107 2877 1177 martyrio
2907 1112 3244 1162 coronatum
3271 1106 3378 1163 sub
3424 1107 3809 1162 Maximiano.

2816 1215 3138 1272 CIACONII.

2223 1322 2395 1378 Linea
2420 1319 2474 1377 5.
2500 1351 2573 1394 έ
2609 1323 2962 1377 Valerianum
2990 1323 3388 1378 nobilissimum
3411 1325 3616 1389 uirum,
3644 1339 3820 1394 spon~

2153 1410 2270 1450 sum
2301 1399 2502 1447 sanctae
2539 1392 2784 1448 Caecilia.
2816 1394 3231 1451 Sanctissimus
3262 1395 3519 1464 pontifex
3548 1392 3820 1452 Urbanus

2159 1464 2390 1538 multos,
2440 1465 2745 1538 sanctitate
2792 1465 2940 1538 vitm,
2990 1472 3047 1520 et
3075 1466 3338 1538 doctrina
3383 1467 3712 1538 singulari,
3750 1469 3820 1523 ad

2158 1537 2330 1608 tidem
2358 1537 2638 1608 traduxit.
2672 1535 2972 1608 lnterhos,
3004 1536 3394 1607 Valerianum,
3432 1535 3628 1593 vi'rum
3670 1535 3825 1608 prae-

2160 1606 2602 1667 stantissimum.
2627 1606 2804 1678 beatae
2823 1607 3065 1663 Caecilia:
3085 1606 3460 1678 sponsum,et
3478 1606 3821 1666 Tiburtium

409 1694 535 1738 rum
559 1679 818 1753 Caeciliae,
849 1691 914 1753 ae
943 1677 1258 1753 sociorum.
1280 1677 1591 1753 Panvinius
1625 1675 2049 1753 putatrinditam
2081 1691 2136 1753 Β
2161 1677 2415 1753 ejusdem
2443 1677 2732 1753 Vfaleriani
2765 1676 3022 1753 fratrem,
3047 1686 3103 1734 et
3119 1675 3440 1736 Maximum
3482 1681 3821 1750 praefectum

409 1751 846 1823 appellationem
872 1747 1279 1823 Przeteartatiab
1297 1747 1804 1823 ejus_c_ognomenti
1831 1747 2059 1817 presby-

409 1817 553 1880 tero.
583 1823 905 1892 Cognomen
938 1826 1122 1892 tamen
1158 1818 1312 1892 illud
1350 1817 1732 1892 nobilitarunt
1779 1823 2055 1892 martyres

410 1897 526 1952 duo
555 1888 1401 1964 praa'caeterisChristianisab
1432 1889 1715 1964 Aringhio
1741 1889 2050 1964 memorati

413 1966 520 2022 lib.
555 1957 618 2020 in
647 1966 835 2019 Romae
857 1962 1103 2017 subterr.
1137 1973 1260 2032 pag.
1299 1958 1405 2016 458
1431 1966 1485 2014 et
1513 1957 1634 2015 476.
1666 1959 1891 2032 Primus
1924 1974 2057 2028 per—

412 2038 559 2093 tinet
587 2036 655 2092 ad
689 2041 908 2090 aetatem
952 2029 1421 2100 Anacleti’papaa,
1473 2044 1504 2085 a
1543 2044 1656 2100 quo
1704 2029 2055 2100 baptizatum

416 2107 597 2165 fuisse
624 2120 734 2162 una
762 2119 891 2161 cum
913 2104 1138 2174 virgine
1157 2102 1378 2158 illustri
1398 2102 1610 2174 Lucina
1638 2103 2058 2174 sorore,regiis

417 2177 708 2235 natalibus
738 2189 928 2233 secum
960 2173 1082 2230 orta
1107 2180 1440 2230 recensetex
1474 2173 1633 2228 Actis
1651 2173 1707 2228 S.
1738 2173 1966 2235 Sophia:
1999 2174 2057 2228 in

416 2254 640 2305 vetusto
670 2250 865 2304 codice
888 2247 944 2301 8.
969 2246 1231 2302 Caeciliae.
1266 2245 1521 2300 Alterius
1549 2245 1871 2299 Praetextati
1903 2257 2060 2299 mar—

417 2321 630 2392 tyrium
652 2319 968 2392 contigitin
991 2317 1101 2392 ﬁne
1123 2314 1978 2392 tertiisaeculi‘subblaximiang
1996 2329 2058 2392 ut

421 2386 552 2448 ldus
581 2386 929 2455 Decembris,
968 2395 1028 2443 ut
1057 2389 1115 2442 in
1143 2386 1548 2458 Martyrologio
1573 2387 1898 2458 adnotatur.
1934 2387 2058 2442 Utri

416 2477 612 2520 eorum
642 2460 952 2531 appellatio
977 2457 1614 2515 caemeterii'tribuenda
1647 2459 1744 2531 sit,
1765 2457 2065 2531 licetdeti-

421 2535 534 2589 niri
562 2529 850 2589 certe'non
877 2531 1096 2600 possit;
1120 2543 1182 2584 ea
1205 2535 1391 2584 tamen
1419 2529 1702 2584 sententia
1725 2529 1952 2584 videtur
1976 2543 2067 2598 po-

421 2606 555 2674 tior,
590 2617 718 2674 quae
758 2615 963 2674 nomen
1005 2601 1311 2674 deductum
1364 2604 1648 2674 rep_utata
1699 2601 1879 2674 priori
1914 2602 2065 2674 Prte—

426 2669 661 2742 textato,
691 2672 1080 2728 Christianam
1134 2670 1315 2742 ﬁdem,
1342 2669 1609 2742 professor
1637 2669 1744 2725 sub
1785 2670 2067 2742 _Anacleto

424 2759 586 2818 papa.
607 2740 747 2800 Cum
765 2745 918 2798 enim
937 2743 1193 2813 legamus
1211 2743 1269 2798 in
1291 2741 1451 2798 Actis
1469 2740 1525 2804 8,
1547 2740 1856 2796 Alexandri
1886 2754 2066 2813 papae,

1851 2899 2064 2907 ..ο--ρ--ιου

2071 2900 2248 2909 -——_~.

2161 1749 2434 1805 cubiculo
2467 1748 2877 1818 imperatorio:
2927 1750 3028 1820 qui
3070 1757 3263 1819 postea
3300 1748 3644 1820 martyrium
3679 1767 3824 1808 con-

2163 1820 2339 1894 stanti
2369 1820 2585 1894 animo,
2629 1820 2886 1894 ejusdem
2923 1821 3168 1894 hortatur
3195 1822 3597 1894 pertulerunt;
3651 1838 3821 1894 quam

2164 1891 2550 1946 conditionem
2566 1891 2734 1946 etiam
2753 1892 2914 1961 virgo
2938 1893 3060 1960 ipsa
3084 1892 3286 1960 subiit,
3305 1893 3546 1948 indomo
3565 1891 3826 1962 paterna.

2161 1964 2277 2032 jam
2308 1968 2903 2036 antea,_suo_rogatu,
2937 1962 3008 2017 ab
3041 1963 3264 2036 urbano
3302 1965 3414 2020 Deo
3444 1965 3663 2032 dicata,
3701 1981 3824 2036 qua:

2169 2039 2295 2106 post
2324 2033 2697 2106 spiculatoris
2727 2039 2868 2106 tres_
2891 2034 3044 2090 ictus
3093 2035 3345 2090 inﬂictos
3377 2036 3578 2092 triduo
3610 2033 3823 2106 super-

2168 2103 2388 2176 vivens,
2414 2117 2539 2172 quae
2567 2104 2671 2176 Dei
2691 2111 2830 2158 sunt
2854 2103 3116 2176 loquens,
3150 2106 3496 2162 conﬁrmans
3524 2103 3823 2164 adstantes

2172 2177 2230 2230 in
2259 2174 2476 2248 Christi
2523 2175 2778 2248 nominis
2822 2174 3203 2248 confessione,
3237 2192 3366 2248 quae
3395 2178 3626 2248 reliqua
3662 2187 3822 2234 erant

2169 2260 2288 2302 sua:
2317 2245 2677 2319 substantiae,
2709 2247 3018 2302 distribuit
3050 2261 3148 2317 per
3177 2245 3468 2304 Urbanum
3517 2245 3729 2319 papam
3768 2253 3822 2306 in

2171 2330 2468 2388 pauperes.
2502 2317 2721 2389 l-lisisic
2761 2319 3089 2388 dispositis,
3121 2333 3187 2375 ac
3216 2321 3389 2374 Deum
3438 2317 3694 2389 precata,
3743 2323 3825 2377 vi-

2173 2390 2386 2468 gesima
2413 2388 2661 2468 secunda
2682 2389 3043 2468 bimembris,
3086 2391 3417 2468 martyrium
3442 2388 3698 2468 consum
3709 2407 3823 2468 mai

2171 2459 2274 2514 vit.
2307 2461 2438 2514 Eam
2487 2459 2634 2514 idem
2682 2459 2947 2516 Urba'nus
2981 2475 3119 2530 papa
3150 2462 3208 2516 in
3237 2459 3571 2518 cremeterio
3601 2464 3824 2519 Callisti

2175 2530 2456 2601 sepelivit,
2491 2529 2588 2586 ubi
2625 2529 3331 2601 Valerianus,’Tiburtius,
3364 2541 3420 2588 et
3445 2535 3741 2591 Maximus
3763 2536 3829 2590 ab

2176 2600 2302 2676 ipso
2327 2601 2498 2676 primi
2525 2601 2736 2676 sepulti
2757 2600 3017 2676 fuerant,
3032 2603 3307 2676 locusque
3324 2605 3521 2660 dictus
3545 2607 3606 2661 in
3641 2620 3834 2662 caeme-

2175 2673 2592 2800 éeritoupositus
2641 2673 2710 2729 ad
2749 2673 2805 2728 8.
2855 2674 3177 2731 Caeciliam:
3214 2673 3328 2747 'qui
3359 2677 3536 2732 hodie
3566 2678 3829 2749 signatus

2211 2759 2316 2800 χε·
2371 2785 2382 2797 .

2211 2759 2382 2800 χειειι.

2249 2901 2763 2912 *κο-..ο--ς-ς-
2777 2906 2790 2912 -
2802 2905 2917 2912 μ-ο-.
2928 2906 3176 2914 ---νο--.ροσ-

3199 2904 3622 2916 ——-——.—_____

3629 2907 3810 2918 ————-.

1531 3021 1732 3092 XIX.
1814 3020 2190 3093 SANCTUS
2254 3023 2638 3096 ANTERUS
2703 2968 2708 2973 Ι

1460 3225 1642 3272 ANNO
1674 3226 1936 3273 CHRISTI
1975 3211 2117 3286 237,
2151 3204 2488 3275 'MAXIMINI
2529 3231 2672 3276 IMP.
2719 3219 2776 3277 1.

1915 3369 2321 3382 —-————

746 3498 855 3560 19
887 3497 1167 3561 Anteros
1194 3505 1225 3539 ι
1249 3494 1524 3559 natione
1547 3495 1844 3573 Graecus,
1872 3508 1955 3558 ex
1994 3495 2184 3574 patre
2209 3498 2510 3580 Romulo,
2547 3500 2721 3564 sedit
2747 3519 2962 3565 annos
2993 3502 3367 3583 duodecim,
3411 3521 3653 3578 mense
3682 3520 3825 3577 uno,

663 3595 901 3660 diebus
931 3593 1280 3657 duodecim
1308 3592 1337 3636 ι)
1366 3640 1378 3654 .
1404 3592 1724 3674 Martyrio
1749 3593 2126 3656 coronatur.
2162 3595 2322 3657 Fuit
2343 3599 2569 3662 autem
2594 3601 3008 3682 temporibus
3028 3601 3407 3666 Maximini
3429 3605 3498 3664 et
3517 3600 3829 3683 Africani

663 3694 1018 3762 consulum
1046 3705 1072 3735 ο
1106 3741 1118 3754 .
1153 3693 1292 3757 Hic
1319 3695 1512 3774 gesta
1540 3695 1934 3771 martyrum
1965 3691 2342 3773 diligenter
2364 3712 2407 3759 a
2438 3699 2737 3763 notariis
2761 3701 3160 3782 acquisivit,
3191 3704 3256 3764 et
3285 3701 3363 3764 in
3393 3700 3718 3764 Ecclesia
3746 3713 3829 3760 γε·

667 3792 996 3870 condidit,
1020 3794 1310 3872 propter
1339 3791 1516 3871 quod
1540 3805 1583 3853 a
1603 3789 1901 3852 Maximo
1932 3789 2251 3872 praefecto
2277 3797 2616 3875 martyrio
2643 3802 3006 3862 coronatus
3049 3802 3170 3862 est.
3206 3798 3334 3861 Hic
3374 3797 3536 3861 fecit
3566 3797 3827 3860 ordina-

586 3893 626 3953 5
668 3891 920 3952 tionem
947 3905 1156 3950 unam
1180 3903 1296 3966 per
1325 3902 1622 3949 mensem
1653 3885 2058 3967 Decembris,
2093 3890 2477 3972 episcopum
2502 3911 2715 3957 unum
2743 3894 2771 3936 ἀ
2805 3942 2817 3955 .
2857 3896 2989 3970 Qui
3025 3895 3342 3977 sepultus
3383 3899 3480 3958 est
3506 3896 3588 3958 in
3617 3911 3831 3959 carme-

670 3987 840 4051 terio
875 3985 1159 4065 Catia-ti,
1181 3985 1300 4050 cia
1323 3983 1584 4066 Appia,
1614 4001 1686 4046 III
1722 3985 1905 4051 Non.
1937 3986 2278 4052 Januarii
2307 4011 2332 4069 ,ο
2361 3993 2425 4054 et
2471 3993 2761 4058 cessavit
2788 3993 3218 4076 episcopatus
3241 3994 3386 4058 dies
3414 3993 3756 4058 tredecim.

1588 4195 2082 4262 CATALOGUS
2120 4200 2276 4265 SUB
2316 4203 2673 4269 LIBERIO.

513 4313 793 4377 Anteros
829 4323 1059 4375 mense
1089 4327 1246 4390 uno,
1284 4308 1521 4374 diebus
1560 4310 1784 4373 decem
1815 4330 1828 4370 :
1855 4309 2193 4378 dormitm
2217 4335 2433 4382 nonas
2476 4321 2811 4402 Januarii,
2846 4322 3219 4386 Maximino
3244 4324 3308 4385 et
3338 4319 3652 4383 Africano
3676 4335 3829 4382 con-

436 4410 721 4474 salibus.

1583 4523 1856 4568 NOTULIE
1887 4527 2302 4577 MARGINALES
2331 4533 2677 4580 FABRO'I‘TI.

504 4649 527 4676 ⁸
551 4638 613 4692 Βο
644 4635 916 4692 Αηίεηινη
944 4635 1094 4691 docet
1127 4639 1253 4707 Ροδτ
1288 4636 1603 4707 Ponendum
1653 4636 1947 4702 Ροηιίαηο.
1977 4641 2006 4684 b
2029 4644 2090 4709 B,
2136 4642 2229 4698 vix
2265 4655 2381 4699 uno
2430 4657 2640 4700 mense.
2665 4656 2690 4687 ο
2717 4645 2781 4708 B,
2813 4644 3003 4701 Severi
3036 4647 3092 4702 et
3120 4642 3480 4715 Quinctiani,
3509 4654 3578 4696 ac
3607 4637 3824 4706 Maxim,

435 4729 578 4800 Aug.
613 4731 670 4783 et
696 4724 980 4782 Africani.
1009 4723 1034 4763 δ
1061 4724 1165 4790 CB,
1193 4726 1250 4781 in
1283 4726 1518 4784 civitate
1543 4729 1766 4789 Fotidis
1791 4732 2127 4806 Campaniae.

1725 4905 2011 4967 VARIIE
2055 4905 2413 4970 LECTION
2419 4908 2537 4971 ES.

719 5021 892 5094 Apud
916 5021 1234 5079 Fabrottum
1258 5039 1325 5080 ea:
1352 5024 1530 5081 codice
1556 5027 1794 5082 Freheri.

507 5117 670 5172 Num.
723 5110 808 5180 49,
859 5113 957 5167 lin.

711 5115 808 5196 .45.),
859 5115 1295 5196 lin..upraeponit.
1317 5115 1658 5196 Pontianum.
1699 5117 2079 5196 ᾼηίιξω·ο,ηιίη,ζ

433 5186 491 5255 2,
547 5188 622 5254 Α,
667 5184 874 5242 diebus
926 5181 1142 5239 45ilin‘.
1191 5185 1314 5239 ead.
1345 5186 1462 5252 AB,
1512 5187 1868 5244 Maximiani.
1908 5181 2004 5242 ‘lin
2049 5185 2083 5244 3

2631 5034 2718 5089 Ea:
2747 5031 2924 5088 codice
2948 5032 3172 5087 Thuano
3201 5031 3392 5087 altero.

2263 5174 2386 5229 Lin.
2451 5171 2499 5243 4,
2549 5176 2854 5245 Pontianus
2911 5177 3266 5245 anteponitur
3318 5178 3546 5236 Antero,
3582 5175 3678 5228 lin.
3713 5172 3824 5245 ead.

437 5244 490 5314 et
516 5255 568 5324 4,
602 5244 651 5313 A
682 5263 739 5313 et
774 5262 1001 5330 propter
1026 5257 1325 5330 quemdam
1371 5244 1750 5330 Maximinum
1784 5258 2084 5330 presbyte—
2193 5245 2458 5302 Anterus.
2495 5247 2602 5330 lin.
2624 5244 2676 5314 4,
2712 5244 3299 5330 τεθοηᾱοίᾱηιξτοριθτ
3324 5246 3629 5317 quemdam
3655 5244 3831 5302 Maxi—

438 5343 566 5386 rum
596 5329 869 5399 martyrio
899 5334 1235 5384 coronatum
1269 5329 1326 5384 in
1366 5329 1610 5385 ecclesia
1638 5329 1984 5387 recondidit.
2016 5332 2076 5397 B,

437 5404 668 5471 prapter
698 5399 998 5472 quemdam
1049 5399 1462 5472 Maximianum
1516 5401 1926 5472 presbyterum,
1978 5402 2080 5472 qui

440 5469 732 5540 inartyrio‘
754 5475 1065 5528 coronatus
1112 5476 1216 5527 est.
1258 5473 1358 5526 lin.
1398 5469 1454 5540 5,
1499 5473 1562 5534 B,
1597 5469 1697 5529 hic
1735 5471 1873 5529 fecit
1903 5469 2081 5529 tinum

435 5541 764 5615 episcopun
794 5544 849 5599 in
881 5541 1117 5598 civitate
1141 5541 1340 5599 fundis
1359 5543 1680 5613 Campaniae
1708 5558 1806 5615 per
1835 5557 2081 5601 mensem

436 5611 816 5669 Decembrem.

687 5701 771 5753 Ea:
793 5701 971 5757 codice
996 5704 1174 5772 Regio,
1202 5703 1487 5758 Mazarino
1517 5706 1567 5758 et
1586 5703 1831 5759 Thuano.

480 5799 482 5801 '
508 5789 630 5846 Lin.
667 5784 718 5859 4,
747 5787 802 5840 8.
838 5788 1112 5845 Anterus.
1149 5792 1390 5846 Anterus
1421 5795 1767 5861 postponitur
1790 5793 2076 5848 Pontiano.

2195 5332 2350 5374 mum
2382 5317 2797 5389 presbyterum,
2833 5319 2932 5391 qui
2967 5326 3130 5376 mart.
3157 5334 3212 5372 c.

2192 5500 2363 5572 Apud
2394 5501 2736 5556 Holstenium
2773 5503 2822 5554 et
2855 5499 3324 5625 rSrchiziestratium,
3368 5497 3466 5550 ubi
3500 5496 3832 5566 praeponitur

2900 5585 2966 5624 on
2995 5584 3179 5625 ianus.

2900 5584 3179 5625 onttanus.

2263 5719 2386 5774 Lin.
2440 5715 2490 5785 4,
2544 5729 2728 5773 annos
2764 5711 2850 5782 42,
2883 5715 2962 5769 ita
3001 5714 3061 5768 in
3091 5727 3220 5768 mss.
3271 5713 3398 5785 Vat.
3448 5715 3499 5765 et
3524 5710 3653 5776 Reg.
3715 5707 3827 5785 Var.

2193 5791 2340 5846 deest
2396 5777 2577 5846 annos
2635 5785 2720 5842 42.
2778 5777 2927 5843 Deest
2965 5800 3178 5855 quoque
3219 5786 3278 5837 in
3315 5783 3554 5839 Florent.
3609 5777 3831 5835 secundo
