4070 6178
219 273 241 328 l
251 270 361 329 333

213 469 364 534 gius.
409 467 642 539 Propter
694 468 991 536 quemdam
1053 468 1422 539 Maximinum
1461 467 1874 539 presbyterum,

215 539 318 608 qui
363 538 634 606 martyrio
655 545 962 593 coronatus
991 545 1094 603 est,
1131 541 1208 592 lin
1253 537 1306 601 5,
1338 545 1456 609 post
1480 541 1606 593 verb
1633 537 1643 539 ἡ
1673 553 1872 608 unum,

214 610 432 663 addunt
451 623 631 662 omnes
643 625 770 664 mss.
787 610 944 665 codd.
966 610 1020 665 in
1045 609 1279 666 civitate
1300 612 1517 667 Fundis
1533 612 1870 682 Campania.

1067 270 1383 331 HISTORIA
1421 276 1510 332 DE
1547 273 1721 329 VITIS
1760 276 1924 331 ROM.
1970 272 2163 330 PONT.
2204 304 2274 316 --
2311 275 2367 331 S.
2415 276 2753 332 ANTERUS.

213 391 332 476 fuit
357 401 570 476 autem.
615 395 693 449 lin
747 392 798 462 4,
831 397 981 476 Cass.
1014 397 1502 476 ﬂorent-secund,
1544 399 1748 476 Vatet
1771 398 1881 451 Re—
1905 419 1961 476 Α

3512 273 3636 334 1333

2311 419 2481 486 Apud
2503 421 2726 473 Peniam
2757 435 2824 472 ea:
2851 421 3028 475 codice
3058 421 3310 476 Cavensi.

2060 489 2180 542 Lin.
2226 485 2279 555 2,
2319 485 2446 544 dies
2478 504 2580 547 xu.
2629 491 2727 544 lin.
2774 488 2826 559 3,
2869 496 2926 544 et
2984 489 3234 546 Africani
3267 491 3627 548 consulibus.

1988 556 2091 638 lin,
2132 564 2182 627 Ii,
2234 567 2465 638 pr0pter
2496 562 2793 631 quemdam
2817 556 3209 618 Maximinum
3241 563 3626 632 presbyterum

1992 633 2094 698 qui
2130 633 2404 701 martyrio
2433 638 2742 688 coronatus
2772 639 2882 688 est.

1603 713 1807 769 NOTAE
1857 719 2238 782 VARIORUM.

776 797 941 852 BlNIl
969 809 1034 852 ΕΤ
1069 797 1324 852 LABBEI.

290 888 458 942 Linea
490 884 541 942 3.
597 915 662 926 —
700 888 799 940 Hic
825 892 979 952 gesta
1021 892 1346 954 martyrum.
1391 887 1525 957 Qua
1560 895 1688 946 acta
1724 908 1883 950 mar-

215 965 405 1030 tyrum
434 960 601 1030 jussu
654 957 963 1013 Clementis
996 971 1093 1027 per
1141 959 1398 1030 notarios
1451 959 1709 1018 ﬁdeliter
1737 979 1882 1022 con-

212 1029 431 1104 scripta
455 1029 700 1095 fuerant,
741 1042 804 1104 ea
842 1033 1089 1104 Anterus
1122 1029 1373 1104 pontifex
1400 1031 1710 1104 diligenter
1741 1051 1888 1092 con—

215 1102 482 1171 quisivit,
505 1105 558 1155 et
581 1113 648 1155 ne
670 1100 754 1155 vel
789 1102 1111 1166 interirent,
1142 1101 1226 1156 vel
1253 1101 1322 1157 ab
1344 1100 1598 1160 ethnicis
1617 1119 1888 1164 corrum—

216 1178 507 1241 perentur,
529 1173 587 1226 in
604 1172 844 1227 ecclesia
867 1171 1192 1227 recondidit

856 1277 1246 1334 BLANCHINI.

734 1379 889 1423 ΝΟΤΛΕ
947 1379 1385 1424 CHRONOLOGICE.

292 1458 456 1512 Anno
515 1453 640 1526 235,
683 1456 884 1512 Severo
943 1461 1000 1512 et
1036 1456 1382 1526 Quinctiano
1421 1472 1592 1528 coss.,
1623 1475 1750 1517 cum
1779 1463 1888 1520 de-

215 1527 456 1584 functus
483 1536 633 1583 esset
666 1528 732 1599 in
768 1529 977 1583 Bucina
1009 1529 1199 1583 insula
1233 1543 1405 1599 prope
1434 1531 1759 1588 Sardiniam
1790 1535 1885 1590 die

209 1599 285 1655 30
340 1599 608 1655 Octobris
664 1598 863 1654 beatus
915 1600 1248 1668 Pontianus,
1311 1598 1526 1669 perlato
1577 1604 1632 1658 in
1679 1605 1879 1660 Urbem

209 1673 467 1740 ejusdem
502 1672 698 1726 obitus
735 1670 960 1746 nuntio,
993 1670 1142 1746 cieri
1163 1672 1400 1746 Romani
1432 1672 1728 1746 suﬁ'ragiis
1759 1677 1882 1732 ele-

1996 815 2130 868 anni
2166 829 2355 872 mense
2393 819 2586 886 unico,
2616 823 2672 873 et
2708 816 2914 873 diebus
2949 817 3162 873 decem.
3189 817 3292 874 Sed
3319 817 3639 888 descriptor

2001 888 2368 959 posteriorem
2396 889 2670 958 syllabam
2697 892 2785 944 Nl
2817 890 3008 944 minus
3039 889 3189 944 clare
3217 904 3284 945 ex
3314 891 3636 959 pavimento

1997 952 2237 1014 fortasse
2256 952 2442 1014 visam
2458 960 2628 1014 vertit
2660 961 2717 1015 in
2751 974 3049 1015 numerum
3078 973 3159 1014 χι.
3187 952 3332 1016 idem
3369 961 3532 1030 plane
3557 975 3642 1017 er-

1999 1041 2092 1098 ror
2105 1031 2558 1098 potuitsuboriri
2572 1044 2638 1085 ex
2655 1032 2874 1087 codicis
2891 1031 3222 1087 vetustioris
3237 1032 3448 1087 litteris
3465 1032 3644 1088 obso-

1999 1096 2130 1172 lctis
2143 1115 2241 1156 set;
2263 1101 2746 1170 maledisjunclis,
2764 1108 2896 1172 puta
2919 1103 3258 1172 siscriptum
3274 1102 3633 1158 fuissetSED.

1995 1170 2228 1244 ANNI.
2258 1174 2330 1226 Μ.
2373 1175 2413 1244 I.
2460 1174 2522 1227 D.
2560 1173 2630 1228 X.
2694 1170 2864 1244 quam
2918 1170 3220 1243 perioc'hen
3279 1175 3336 1230 in
3381 1175 3637 1230 dictione

1996 1241 2212 1296 ANNI
2253 1244 2372 1298 sive
2399 1243 2650 1299 hiantem
2696 1241 2816 1300 sive
2845 1241 3110 1300 detritam
3155 1246 3212 1300 in
3253 1245 3501 1301 secunda
3534 1245 3642 1301 lit-

1997 1315 2115 1365 tera
2146 1315 2193 1366 N
2223 1327 2333 1369 non
2360 1328 2613 1388 secusac
2639 1317 2763 1371 VII
2795 1319 3016 1388 numeri
3048 1317 3390 1373 duodenarii
3411 1318 3640 1388 signum

1998 1395 2077 1436 xu
2096 1385 2785 1443 vetustateiabefactatum
2805 1387 3071 1442 arbitrati
3094 1389 3214 1442 sint
3237 1387 3278 1443 ii
3308 1388 3406 1457 qui
3431 1385 3641 1443 déscri-

2000 1461 2235 1522 pserunt
2287 1471 2387 1512 xu.
2462 1459 2565 1513 Sed
2624 1459 3002 1528 undecunque
3060 1459 3381 1528 provenerit
3425 1460 3642 1514 erroris

1995 1529 2623 1598 causa,addictionem
2673 1542 2953 1584 annorum
2988 1530 3228 1586 resecari
3272 1536 3535 1598 Oportere
3569 1529 3638 1584 ab

1999 1596 2073 1651 iis
2102 1597 2402 1671 codicibus
2427 1601 2839 1669 posterioribus
2861 1600 3126 1671 Eusebio,
3159 1596 3642 1670 etantiquissimo

1995 1667 2251 1742 catalogo
2273 1667 2459 1726 atatis
2484 1673 2795 1727 Liberiana
2824 1673 3057 1728 unicum
3081 1667 3321 1726 mensem
3346 1667 3640 1742 assignan-

210 1748 344 1798 (tus
363 1749 447 1797 est
479 1755 776 1798 successor
803 1742 1071 1796 Anterus.
1103 1741 1385 1798 Eusebius
1433 1744 1535 1798 lib.
1577 1739 1654 1814 vi,
1687 1761 1736 1802 c.
1769 1746 1873 1802 29:
1913 1745 1963 1806 Β
1997 1739 2154 1814 tibiis
2197 1739 2464 1814 coarguit
2513 1743 2979 1814 ipse,_contextus
3009 1743 3281 1798 sectionis
3315 1739 3643 1798 Bibliothe-

215 1834 243 1864 α
289 1816 514 1869 Mortuo
547 1814 840 1886 Pontiano,
880 1814 978 1883 qui
1011 1827 1108 1869 sex
1156 1815 1326 1869 annis
1364 1816 1754 1886 episcopatum
1790 1825 1882 1875 te-

214 1891 440 1946 nuerat,
479 1884 740 1940 Ecclesia
771 1886 1035 1940 Romana
1082 1884 1646 1942 administrationem
1677 1904 1881 1946 susce-

214 1958 303 2025 pit
330 1957 598 2027 Anteros.
639 1957 739 2011 ilic
770 1956 921 2027 intra
951 1956 1126 2012 unius
1168 1958 1379 2011 mensis
1407 1961 1658 2027 spatium
1685 1974 1883 2017 sacer-

209 2030 375 2082 dotio
422 2025 759 2102 perfunctus
789 2026 1098 2083 Fabianum
1134 2025 1519 2102 successorem
1553 2030 1812 2102 reliquit.
1851 2051 1876 2082 u

209 2103 486 2153 Anterutn
532 2098 746 2153 sedisse
801 2110 988 2153 mense
1019 2111 1152 2166 uno,
1207 2099 1412 2154 diebus
1439 2101 1652 2168 decem,
1681 2098 1880 2159 'tradit

205 2171 512 2240 catalogus
556 2168 915 2224 Liberianus.
952 2170 1364 2240 Bergomensis,
1411 2177 1464 2226 et
1511 2172 1879 2232 Coibertinus

207 2237 496 2310 septimus
529 2253 717 2295 mense
766 2253 899 2308 uno,
957 2237 1162 2295 diebus
1223 2237 1305 2295 l7.
1353 2237 1595 2312 'Reiiqui
1649 2258 1716 2300 ex
1758 2248 1878 2300 Ita-

211 2313 350 2366 licis
415 2312 780 2382 antiquiores
850 2312 910 2365 in
982 2312 1406 2382 Prolegomenis
1483 2327 1674 2371 mense
1736 2330 1872 2379 uno,

205 2383 425 2456 diebus
482 2380 582 2456 [2,;
624 2382 1101 2456 quemadmodum
1155 2380 1232 2456 'et
1276 2383 1600 2456 catalogus
1672 2387 1876 2443 Felicis

205 2453 438 2524 Quarti.
484 2453 585 2509 Sed
635 2454 780 2509 idem
848 2453 1150 2526 catalogus
1201 2453 1524 2511 Feiicianus
1576 2459 1876 2526 pramittit

208 2538 398 2580 annos
447 2539 542 2579 xi:
596 2532 711 2580 tres
758 2524 944 2579 Italici
995 2537 1176 2579 annos
1241 2539 1344 2580 xu.
1405 2524 1874 2585 Additamentum

212 2596 372 2650 istud
424 2609 725 2662 annorum,
772 2595 918 2670 quod
971 2596 1029 2649 in
1071 2597 1402 2670 ‘vetustiore
1448 2599 1707 2670 catalogo
1763 2615 1875 2656 non

212 2670 530 2736 invenitur,
607 2673 661 2722 et
733 2664 882 2722 unde
958 2664 1272 2734 profectum
1343 2670 1422 2725 sit
1490 2664 1667 2736 paulo
1728 2671 1879 2728 infra

208 2740 568 2808 ostendetur,
627 2739 1240 2814 expungendumesse
1317 2739 1615 2814 manifeste
1661 2757 1882 2814 cogno-

215 2814 407 2866 scitur
449 2825 515 2866 ex
579 2811 920 2867 consulibus
969 2809 1262 2865 indicatis.
1319 2813 1512 2881 Neque
1572 2809 1879 2870 enim'aiii

213 2885 485 2939 consules
538 2889 925 2938 memorantur
974 2884 1034 2938 in
1088 2884 1301 2952 epocha
1357 2886 1580 2954 Anteri,
1629 2899 1801 2956 quam
1836 2887 1878 2942 ii

214 2957 326 3028 sub
357 2956 571 3028 quibus
590 2956 857 3028 decessit.
877 2958 1110 3028 Anteros
1125 2957 1339 3025 (inquit
1365 2958 1614 3026 scriptor
1633 2959 1879 3028 catalogi

213 3027 324 3082 sub
379 3026 851 3092 Liberiolymense
895 3043 1022 3086 uno,
1064 3027 1253 3081 diebus
1317 3028 1512 3082 decem.
1570 3032 1780 3085 Dormit
1810 3026 1874 3086 ιῖι

213 3101 402 3155 Nonas
443 3102 725 3172 Januarii
745 3100 1050 3172 Maximino
1090 3103 1139 3153 et
1169 3100 1434 3172 Africano
1463 3116 1620 3164 coss.,
1682 3115 1880 3172 nempe

209 3171 430 3226 Christi
465 3184 613 3225 anno
661 3168 787 3239 236,
819 3171 914 3225 die
957 3167 991 3224 3
1025 3171 1310 3225 Januarii.
1372 3173 1428 3226 in
1460 3174 1631 3227 veteri
1684 3167 1878 3228 tabula

214 3255 528 3297 marmorea
563 3241 721 3297 tituli
754 3243 808 3296 S.
837 3241 1097 3314 Silvestri
1135 3243 1191 3296 in
1225 3243 1411 3314 capite
1445 3243 1694 3299 incisum
1727 3245 1877 3314 legi-

207 3322 342 3368 tur:
398 3314 580 3367 Mense
635 3315 902 3367 Januario
947 3313 1034 3366 die
1086 3313 1405 3384 natalz'sAS1
1449 3315 1644 3368 Anteri
1693 3313 1873 3384 papa,

209 3388 292 3440 Ex
325 3385 426 3439 illa
453 3386 634 3456 igitur
662 3385 757 3440 die
785 3385 819 3441 3
845 3383 1100 3439 Januarii
1135 3387 1271 3438 anni
1302 3381 1426 3451 23⁸1,
1474 3381 1784 3442 recedendo
1815 3387 1874 3442 in

203 3457 499 3511 anteriora
533 3470 628 3525 per
661 3469 902 3511 mensem
940 3469 1138 3520 unum,
1167 3462 1224 3510 et
1251 3457 1378 3511 dies
1403 3457 1614 3526 decem,
1651 3458 1738 3512 illi
1770 3458 1874 3512 tri-

206 3529 384 3583 butos
429 3541 459 3581 a
496 3528 754 3598 catalogo
804 3529 1103 3583 Liberiano
1152 3528 1409 3583 omnium
1457 3529 1871 3599 vetustissimo,

206 3599 424 3654 incidit
452 3597 836 3654 ordinationis
864 3599 960 3654 die
989 3601 1044 3653 in
1075 3599 1427 3654 Dominicam
1450 3597 1522 3654 22
1540 3597 1879 3656 Novembris

203 3673 348 3726 anni
398 3667 539 3725 9335:
598 3685 763 3740 quam
806 3670 1230 3739 Papebrochius
1261 3685 1388 3725 cum
1443 3672 1729 3741 admittat,
1766 3685 1876 3727 non

203 3741 375 3797 video
402 3757 506 3797 cur
533 3741 663 3796 inde
693 3741 950 3813 colligat,
986 3743 1129 3796 hanc
1160 3741 1431 3813 epocham
1466 3757 1716 3813 pugnare
1747 3757 1876 3799 cam

207 3821 391 3868 morte
420 3814 740 3868 decessoris
771 3812 1064 3879 Pontiani;
1093 3813 1140 3866 si
1169 3814 1285 3868 hac
1318 3812 1598 3869 referatur
1622 3815 1688 3869 ad
1723 3815 1875 3870 diem

203 3885 278 3941 30
302 3884 570 3939 Octobris
598 3884 851 3952 ejusdem
884 3885 1020 3938 anni
1053 3881 1176 3951 235,
1204 3884 1406 3940 Severo
1445 3892 1498 3940 et
1529 3886 1877 3954 Quinctiano

203 3971 360 4011 coss.
385 3957 536 4010 Satis
562 3957 714 4010 enim
749 3957 1023 4024 temporis
1071 3961 1331 4023 superest
1375 3957 1442 4011 ad
1481 3956 1875 4022 perferendum

203 4043 271 4081 ex
301 4029 572 4083 Sardinia
601 4029 874 4082 nuntium
911 4027 1112 4082 mortis
1143 4028 1430 4093 Pontiani,
1461 4035 1516 4082 et
1545 4028 1612 4082 ad
1641 4042 1878 4084 succes-

203 4113 395 4154 sorem
430 4099 615 4153 Roma
645 4098 995 4168 eligendum,
1028 4111 1095 4152 ex
1113 4099 1220 4168 die
1244 4096 1313 4154 30
1343 4099 1596 4154 octobris
1623 4099 1690 4154 ad
1721 4099 1874 4155 diem

207 4169 277 4224 :22
310 4169 662 4237 Novembris,
696 4167 764 4224 ad
815 4181 981 4239 quam
1036 4167 1340 4225 referimus
1391 4171 1589 4225 Anteri
1633 4171 1878 4226 ordina-

205 4243 422 4296 tionem
469 4241 798 4313 testimonio
828 4242 1322 4313 documentorum,
1353 4255 1383 4296 a
1414 4242 1671 4313 catalogo
1703 4241 1876 4296 Libe—

207 4313 376 4367 riano
397 4326 503 4366 non
530 4311 982 4381 discrepantium
1013 4324 1110 4380 per
1137 4313 1414 4382 integram
1444 4311 1870 4372 hebdomadam.

202 4385 306 4440 sed
361 4384 572 4454 exigua
627 4396 937 4452 paucomm
991 4384 1215 4438 dierum
1270 4383 1616 4452 differentia,
1676 4384 1760 4438 vel
1805 4398 1872 4440 ex

201 4457 646 4544 amanuensium
677 4467 893 4544 ‘er‘rore
943 4455 1001 4508 in
1045 4467 1308 4544 numero)
1333 4456 1734 4544 describenda,
1787 4455 1870 4538 vel
1902 4483 1955 4544 D

207 4528 266 4581 in
315 4527 632 4581 revocando
663 4526 858 4580 Anteri
906 4527 1208 4580 exordium
1243 4525 1309 4580 ad
1352 4527 1504 4581 diem
1547 4527 1870 4595 electionis,

201 4600 357 4668 quod
411 4598 703 4667 catalogus
747 4604 932 4667 petere
984 4598 1212 4652 videtur
1249 4611 1280 4652 a
1323 4598 1418 4652 die
1465 4599 1872 4654 ordinationis.

203 4670 675 4724 Additamentum
693 4682 971 4722 annorum
997 4670 1316 4739 xt,aliquot
1345 4672 1401 4723 in
1416 4669 1718 4725 codicibus
1741 4685 1874 4738 pra-

205 4743 450 4795 missum
496 4747 690 4794 contra
717 4747 910 4808 aperta
962 4741 1290 4795 testimonia
1325 4741 1576 4809 Eusebii,
1609 4754 1675 4795 ac
1718 4749 1875 4796 vete—

201 4826 331 4867 rum
358 4812 856 4874 documentorum,
881 4817 934 4865 et
961 4813 1244 4880 potiorum
1265 4812 1549 4876 codicum,
1571 4812 1730 4868 nullo
1747 4826 1874 4868 con-

196 4884 499 4938 sulatuum
532 4882 750 4937 indicio
770 4882 824 4936 id
861 4889 1216 4954 suggerente,
1244 4880 1873 4954 refundendumjudico

197 4956 259 5010 in
283 4959 729 5009 amanuensium
762 4953 1156 5023 supinitatem,
1187 4955 1308 5009 sive
1341 4954 1397 5008 in
1420 4953 1872 5010 imbecillitatem

189 5025 504 5082 oculorum
536 5025 594 5078 in
625 5026 1023 5081 describendis
1054 5027 1310 5081 numeris
1339 5039 1369 5080 e
1403 5025 1648 5095 picturis
1679 5025 1874 5081 Basili-

189 5111 424 5152 carum.
481 5095 616 5164 Qua
656 5096 789 5152 sola
833 5103 1146 5165 supersunt
1173 5097 1379 5152 littera
1427 5096 1483 5152 in
1518 5097 1757 5153 basilica
1800 5097 1862 5152 S.

193 5169 363 5224 Pauli
393 5168 538 5221 satis
580 5167 878 5223 ostendere
929 5181 1037 5222 non
1087 5175 1326 5237 possunt
1371 5169 1713 5224 evidentiam
1765 5183 1872 5224 su-

184 5239 382 5310 specti
417 5241 657 5294 erroris.
684 5239 812 5295 Hac
839 5237 990 5294 enim
1024 5239 1299 5295 elementa
1328 5241 1582 5296 nominis
1623 5245 1871 5296 tantum-

189 5313 368 5366 modo
381 5310 1375 5383 supersuntqualitterisquadratis
1387 5325 1486 5368 seu
1505 5311 1863 5383 majusculis,

192 5391 264 5439 ut
293 5388 509 5438 vocant
537 5381 781 5438 exhibeo
963 5389 1064 5437 ant
1093 5383 1265 5437 ERVS

961 5453 1129 5508 SED

979 5525 1088 5578 AN

991 5595 1084 5651 Nl

960 5680 1034 5721 m.
1070 5665 1118 5721 l.

958 5745 1018 5794 et
1063 5735 1148 5795 40.

174 5813 408 5869 Catera
439 5808 793 5866 minusculis
817 5809 1249 5867 characteribus
1281 5808 1374 5864 hic
1404 5821 1670 5879 expressa
1700 5813 1859 5865 vetu-

175 5892 314 5944 stas
340 5881 575 5938 delevit.
633 5881 1007 5952 Signiﬁcasse
1037 5882 1305 5938 videntur
1344 5881 1618 5937 Anterum
1650 5879 1864 5938 sedisse

1994 1811 2137 1884 carii
2164 1829 2176 1864 :
2214 1813 2272 1866 in
2304 1811 2417 1884 quo
2446 1827 2573 1869 cum
2597 1812 2928 1881 aﬁirmetur,
2959 1814 3185 1869 unicam
3218 1814 3639 1869 ordinationem

1992 1881 2063 1936 ab
2091 1881 2706 1950 Antero‘ceiebratam,
2750 1897 2986 1955 eamque
3027 1885 3204 1940 unius
3245 1885 3639 1941 tantummodo

1991 1955 2245 2025 episcopi
2272 1968 2460 2011 mense
2489 1956 2803 2025 Decembri,
2831 1969 2992 2011 nemo
3017 1961 3319 2024 prasumet
3350 1955 3514 2011 illum
3543 1969 3639 2011 se-

1990 2024 2147 2096 disse
2178 2039 2231 2080 vi
2271 2027 2441 2082 annis
2465 2027 2548 2082 vel
2582 2041 2688 2096 xu,
2721 2024 2813 2082 sed
2851 2027 3127 2096 intelligit
3153 2025 3276 2082 solo
3314 2039 3501 2082 mense
3524 2028 3640 2082 De-

1990 2095 2204 2169 cembri
2237 2099 2372 2151 anni
2401 2096 2525 2162 235,
2557 2095 2880 2168 pontiﬁcem
2914 2095 3114 2169 fuisse,
3148 2111 3261 2168 quo
3290 2098 3527 2154 unicum
3559 2097 3639 2154 il-

1992 2166 2110 2223 ium
2141 2169 2474 2239 episcopum
2507 2166 2814 2226 ordinavit.

2554 2287 2706 2330 ΝΟΤΒ
2748 2285 3069 2330 ιιιετοιιιως.

2059 2360 2232 2416 Linea
2260 2360 2312 2417 3.
2359 2391 2427 2402 —
2447 2365 2550 2417 Hic
2583 2368 2735 2431 gesta
2758 2368 3064 2431 martyrum
3090 2377 3126 2415 a
3147 2363 3390 2419 Notaru's
3432 2361 3636 2431 exqui—

1986 2432 2134 2499 sivit,
2163 2435 2293 2486 etin
2315 2435 2538 2488 ecclesia
2562 2435 2886 2488 recondidit.
2911 2435 3079 2489 Gesta
3105 2438 3413 2503 martyrum
3431 2432 3501 2487 ab
3528 2432 3637 2488 An-

1986 2508 2108 2557 tero
2136 2504 2395 2560 studiose
2429 2506 2758 2575 conquisita
2787 2511 2844 2560 et
2872 2505 3111 2560 collecta
3141 2504 3320 2560 fuisse
3347 2509 3424 2559 ita
3450 2504 3617 2572 explo

1990 2579 2172 2628 ratum
2195 2583 2302 2643 est,
2333 2583 2393 2630 ut
2423 2590 2453 2630 a
2481 2576 2781 2632 nonnullis
2813 2577 3030 2632 idcirco
3062 2576 3295 2631 habitus
3328 2575 3636 2632 fueritau-

1990 2649 2113 2718 ctor
2157 2647 2368 2714 prioris
2415 2652 2597 2717 partis
2656 2649 2992 2702 vetustioris
3033 2647 3638 2718 catalogipquemad—

1993 2717 2220 2771 modum
2281 2718 2544 2774 observat
2590 2718 3034 2774 Schelestratius
3084 2719 3142 2773 in
3215 2717 3638 2788 Prolegomenis

1991 2791 2376 2860 qquAtamen
2442 2790 2521 2844 ita
2565 2790 2793 2859 judicat
2842 2789 3265 2859 accipiendum,
3323 2794 3384 2844 ut
3439 2788 3638 2844 beatus

1993 2858 2249 2931 pontifex
2331 2858 2614 2931 paraverit
2681 2858 2986 2917 materiam
3043 2861 3270 2917 uberem
3334 2873 3441 2915 non
3475 2861 3641 2916 modo

1991 2935 2234 3006 catalogi
2265 2935 2628 2991 decessorum
2664 2933 2932 3002 pluribus
2961 2933 3323 2987 documentis
3371 2945 3642 3001 compro-

1994 3012 2190 3079 bandi,
2223 3011 2318 3066 sed
2346 3010 2518 3064 etiam
2555 3008 2813 3062 historia
2841 3008 3154 3062 attexenda
3182 3007 3316 3062 dum
3351 3012 3507 3077 gesta
3535 3006 3646 3062 coi-

1912 3069 1958 3129 C
1992 3086 2143 3156 ligit,
2164 3069 2296 3139 etin
2319 3081 2557 3156 scriniis
2581 3079 2843 3156 Ecclesia
2863 3079 3258 3134 recondittum
3276 3069 3640 3147 superiorum

1991 3151 2252 3211 Romana
2283 3153 2438 3208 sedis
2484 3151 2836 3216 antistitum,
2871 3156 2990 3204 tum
3040 3158 3375 3205 caterorum
3423 3156 3642 3221 marty-

1991 3242 2139 3294 rum,
2168 3241 2199 3281 a
2233 3224 2478 3280 n0tariis
2509 3235 2606 3291 per
2628 3221 2969 3294 Clementem
3006 3222 3315 3294 institutis,
3350 3228 3405 3275 et
3433 3235 3640 3294 conse-

1990 3292 2190 3372 quenti
2233 3295 2442 3372 sacuio
2475 3307 2574 3372 per
2602 3293 2827 3372 eosdem
2868 3293 3360 3372 suosdecessores
3391 3292 3638 3372 subinde

1988 3363 2214 3428 allectis
2244 3381 2339 3438 per
2356 3364 2617 3438 singulas
2638 3370 2836 3438 atates
2859 3363 3121 3438 mandata
3145 3363 3379 3438 litteris.
3403 3364 3640 3421 Videtur

1991 3434 2959 3513 proinde'referenda_ad__Anterum
2995 3435 3182 3513 imago
3211 3434 3310 3513 illa
3365 3435 3642 3513 inter}?

1989 3505 2176 3570 iustas
2207 3507 2519 3567 cameterii
2548 3507 2772 3561 Callisti
2803 3507 2883 3577 (in
2915 3521 3028 3576 quo
3062 3507 3361 3571 depositus
3387 3506 3484 3561 ille
3507 3505 3639 3578 fuit)

1989 3580 2456 3656 spectandaapud
2475 3579 2818 3656 Aringhium
2839 3578 3637 3656 Romasubterraneatomo‘l,

1992 3647 2113 3728 p'ag.
2151 3653 2274 3728 439,
2311 3647 2370 3707 in
2395 3665 2505 3728 qua
2530 3647 2774 3718 pontifex
2813 3649 3016 3728 sedens
3047 3649 3503 3728 interadstantes
3526 3647 3641 3728 ini-4

1991 3720 2206 3784 nistros
2233 3720 2380 3780 duos
2414 3720 2738 3790 (diaconum
2775 3727 2910 3790 puto
2948 3727 3004 3774 et
3047 3720 3488 3789 subdiaconurn,
3522 3722 3643 3778 sive

1987 3801 2133 3855 duos
2180 3797 2478 3861 diaconos,
2537 3799 2598 3847 ut
2651 3791 2969 3846 hodiernus
2998 3791 3188 3863 etiam
3239 3804 3358 3846 mos
3403 3793 3554 3863 viget
3605 3807 3638 3848 a

2030 3872 2170 3925 rima
2207 3866 2469 3922 Ecclesia
2498 3869 2660 3918 atate
2697 3861 3012 3930 derivatus)
3050 3862 3120 3917 de
3150 3876 3296 3933 genu
3327 3861 3513 3931 ipsum
3547 3863 3641 3918 al-

2012 3938 2364 4011 oquentibus
2392 3937 2528 4011 aliis
2555 3935 2718 4002 viris,
2749 3933 3088 4011 etpluteum
3119 3933 3516 4011 voluminibus
3546 3947 3642 3990 re-

1988 4004 2196 4068 fertum
2222 4006 2627 4064 offerentibus:
2671 4011 2733 4061 ut
2765 4005 2929 4075 plane
2956 4004 3260 4060 videantur
3290 4005 3500 4060 notarii
3540 4019 3638 4075 per

1986 4098 2083 4140 eos
2112 4081 2383 4146 indicari,
2409 4077 2623 4148 quibus
2647 4090 2816 4148 manu
2842 4076 2994 4148 inter
3013 4075 3416 4146 alloquendum
3447 4083 3640 4133 exerta

1990 4157 2230 4211 innuere
2259 4158 2314 4207 et
2333 4147 2606 4222 gniﬁcare
2632 4147 3022 4222 intelligitur,
3041 4147 3137 4202 ubi
3161 4148 3280 4222 sint
3312 4149 3635 4222 reponenda

1985 4225 2280 4282 volumina
2315 4217 2414 4290 pro
2445 4219 2685 4289 pedibus
2711 4217 2843 4274 suis
2870 4218 2928 4272 in
2971 4217 3165 4290 pluteo
3194 4218 3476 4287 deposnta.
3510 4221 3639 4275 1co-

1988 4312 2110 4353 nem
2139 4289 2514 4351 exhibendam
2540 4291 2758 4354 curavi,
2785 4296 2838 4345 et
2873 4289 3202 4344 sociaudam
3229 4303 3356 4345 curn
3398 4290 3510 4344 alia
3541 4305 3638 4346 ve—

1986 4374 2140 4425 tusta
2177 4366 2425 4435 imagine
2455 4363 2689 4435 esacris
2718 4361 3062 4418 cameteriis
3085 4367 3344 4435 extracta
3365 4361 3421 4435 in
3455 4363 3638 4418 vitreo

1985 4438 2248 4496 orbiculo
2278 4432 2430 4491 v—asis
2475 4434 2812 4506 fragmento,
2845 4446 2977 4506 cum
3017 4437 3241 4506 cateris
3287 4432 3638 4506 Christianis

1986 4512 2140 4567 edito
2175 4523 2272 4579 per
2291 4520 2437 4576 sape
2465 4503 2758 4579 laudatum
2789 4517 2916 4559 can.
2951 4503 3312 4579 Boldetutum
3344 4504 3401 4556 in
3434 4506 3635 4579 obser-

1987 4590 2098 4637 vat.
2127 4569 2195 4636 ati
2237 4569 2458 4634 cam'et.
2508 4577 2598 4630 SS.
2650 4578 2957 4643 Martyrum
3009 4587 3132 4643 pag.
3169 4571 3296 4641 201,
3340 4586 3392 4626 n.
3451 4569 3536 4639 l7,
3574 4574 3632 4630 in

1986 4668 2098 4724 quo
2118 4650 2342 4707 Callisti
2367 4660 2565 4724 nomen
2579 4653 2633 4701 et
2658 4647 2783 4724 i_cun
2805 4647 2862 4698 in
2887 4643 3200 4724 Ap_o_stoiici
3230 4643 3632 4724 morisamictu

1988 4715 2310 4793 pontificem
2342 4719 2601 4793 eumdem
2632 4717 2862 4793 videtur
2887 4715 3138 4783 reddere,
3162 4728 3194 4770 a
3217 4715 3518 4793 quo‘sacri
3535 4716 3633 4772 hu-

1979 4787 2079 4865 ius
2117 4790 2426 4848 cameterii
2456 4787 2851 4865 denominatio
2899 4797 3124 4865 sumpta
3172 4793 3284 4865 est1
3325 4787 3546 4865 Ante_ri,
3577 4793 3631 4842 et

1988 4857 2365 4937 plurimorum
2385 4867 2596 4937 sancta
2618 4859 2882 4917 Romana
2901 4857 3056 4914 sedis
3087 4857 3424 4928 pontiﬁcum
3447 4859 3630 4929 depo-

1983 4930 2196 4993 sitione
2219 4930 2588 4989 venerabilis.

2057 5026 2226 5081 Linea
2256 5020 2304 5078 4.
2340 5051 2408 5060 -
2435 5020 2662 5089 Propter
2683 5017 2828 5088 quod
2852 5034 2887 5072 a
2915 5019 3155 5073 Maaimo
3179 5021 3436 5088 praefecto
3476 5034 3633 5072 mar-

1983 5100 2124 5166 tyrio
2177 5097 2466 5166 coronatus
2503 5096 2598 5166 est.
2654 5089 3227 5166 Sulpici_us_S_ever_us
3272 5091 3415 5166 satis
3437 5091 3632 5166 jejune

1980 5160 2276 5225 adnotavit
2303 5164 2388 5236 (ut
2411 5163 2627 5236 Pagius
2651 5161 2731 5236 in
2765 5163 2941 5236 notis
2970 5161 3064 5217 hic
3093 5160 3399 5236 afferendis
3424 5161 3628 5216 obser—

1981 5240 2091 5310 vat)
2142 5233 2593 5310 persetmtionem
2632 5233 2968 5310 ‘Maximini,
3022 5247 3147 5310 qua
3198 5233 3496 5310 interjecta
3543 5236 3632 5288 est

1981 5303 2156 5368 inter'
2181 5309 2442 5380 quintam
2477 5305 2584 5362 sub
2623 5304 2851 5380 Severo,
2885 5311 2941 5360 et
2989 5305 3289 5380 septimam
3323 5303 3626 5380 immanem

1979 5383 2088 5440 sub
2119 5376 2308 5443 Decio,
2332 5378 2468 5434 dum
2499 5377 2829 5447 annisocto
2853 5382 2912 5431 et
2941 5377 3182 5447 triginta
3217 5381 3521 5447 utramque
3549 5376 3633 5447 di-

1979 5451 2326 5511 rimentibus
2350 5462 2536 5518 pacem
2572 5446 2839 5503 Ecclesia
2861 5446 3145 5502 turbatam
3176 5446 3406 5518 quidem
3429 5446 3636 5503 scribit

1978 5541 2008 5582 a
2044 5517 2374 5585 Maximino,
2408 5520 2507 5576 sed
2555 5520 2613 5574 in
2641 5518 2940 5574 nonnullis
2979 5517 3205 5574 tantum
3242 5517 3537 5586 Ecclesiis,
3572 5519 3633 5574 in

1979 5597 2194 5669 quibus
2231 5594 2475 5650 clericos
2502 5590 2747 5669 vexavit.
2800 5589 3064 5669 Eamderu
3101 5589 3404 5669 Maximini
3439 5603 3638 5660 perse—

1977 5659 2267 5724 cutionem
2298 5664 2629 5731 expressius
2648 5659 3328 5725 adumbravitEusebius,
3351 5661 3410 5716 in
3442 5659 3638 5719 Sacros

1978 5739 2208 5810 quidem
2238 5736 2551 5810 ministros
2585 5747 2696 5804 pra
2734 5732 2958 5788 cateris
2997 5732 3474 5810 savientem,_sed
3521 5747 3634 5810 non

1977 5802 2058 5866 ita
2098 5808 2252 5864 brevi
2298 5802 2684 5862 Ecclesiar'um
2730 5816 2969 5860 numero
3022 5802 3104 5859 vel
3139 5805 3416 5874 temporis
3446 5805 3635 5874 spatio

1976 5886 2318 5950 contentam,
2363 5877 2493 5934 licet
2522 5891 2630 5934 non
2667 5875 2846 5932 fuerit
2880 5875 3260 5932 universalis:
3299 5884 3361 5933 ut
3394 5875 3637 5946 proinde
