4070 6178
448 274 586 336 4335

1683 269 2043 327 ANASTASII
2087 271 2194 328 BIB
2202 268 2582 327 LIOTECARII

3716 272 3852 331 4336

447 403 618 456 sexta
636 397 1055 470 persecutionis
1075 409 1277 470 nomen
1296 395 1448 470 apud
1467 394 1872 452 ecclesiastica
1895 393 2085 470 Histoe
2108 390 2164 452 A
2188 397 2388 470 posita,
2444 397 2699 470 protinus
2736 397 2921 452 eadem
2964 401 3272 453 sanctorum
3314 412 3542 470 corpora
3602 398 3671 452 de
3719 400 3846 466 ipsis

451 472 552 526 ria
594 468 891 526 consultos
937 470 1144 524 merito
1190 468 1463 530 obtineat,
1501 480 1596 536 per
1635 479 1816 520 annos
1844 471 1977 536 tres,
2025 469 2089 520 ut

449 541 718 612 pluribus
736 554 805 596 ex
829 535 1768 612 Origenistestinrnoniisconﬁrmat
1785 535 2084 612 Eusebius,

452 606 528 667 ita
561 612 820 668 scribens
843 606 1055 680 libfvr,
1078 624 1204 680 cap.
1228 609 1332 664 28:
1374 629 1398 659 ‹‹
1427 611 1639 663 Interea
1671 621 1815 662 caso
1836 606 2089 680 Alexan-

448 684 554 738 dro
588 685 927 753 imperatore
966 677 1065 751 qui
1117 677 1386 736 tredecim
1419 681 1589 753 annis
1630 683 1978 753 regnaverat,
2029 677 2087 730 in

445 755 572 824 ejus
594 749 778 809 locum
809 749 1064 824 succedit
1089 752 1452 824 Maximinus.
1476 751 1583 824 Qui
1608 751 1770 824 gravi
1798 749 1928 805 odio
1951 762 2092 824 suc-

447 818 653 880 census
691 825 964 880 adversus
1003 822 1281 878 familiam
1313 818 1644 887 Alexandri,
1697 822 1755 876 in
1805 833 1916 890 qua
1966 818 2092 888 ple-

453 898 616 966 rique
641 895 1166 962 erantChristiani,
1205 894 1600 963 persecutione
1643 892 1908 966 excitata,
1937 891 2090 966 solos

447 961 831 1022 Ecclesiarum
860 961 1161 1020 antistites
1207 961 1411 1034 utpote
1437 963 1775 1034 evangelica
1805 961 2089 1034 pradica-

449 1039 625 1093 tionis
667 1045 950 1104 auctores,
984 1036 1229 1092 interﬁci
1277 1031 1470 1104 jussit.
1507 1031 1630 1103 Qn'o
1671 1041 1920 1102 tempore
1950 1031 2089 1104 _0ri-

450 1123 617 1179 genes
646 1109 856 1164 librum
878 1102 947 1165 de
971 1107 1244 1177 martyrio
1265 1102 1607 1179 composuit,
1643 1118 1808 1179 quem
1840 1102 2089 1179 Ambro-

446 1174 553 1250 sio,
573 1185 627 1235 et
643 1186 954 1250 protocteto
973 1174 1343 1235 Casa‘riensis
1363 1177 1625 1232 Ecclesia
1650 1174 1975 1250 presbytero
1987 1174 2086 1229 de-

443 1247 789 1308 dicavit:eo
843 1251 989 1322 quod
1041 1250 1366 1322 uterquein
1415 1262 1478 1302 ea
1537 1247 2083 1322 pe_rsecuti_one__no_n

447 1324 730 1380 mediocre
800 1316 1110 1378 discrimen
1163 1316 1438 1375 subierat.
1497 1316 1550 1368 ››“
1586 1318 1737 1374 Satis
1809 1316 2087 1386 intelligit

448 1395 868 1465 unusquisque,
898 1407 1009 1448 non
1036 1391 1414 1465 levemfuisse
1435 1389 1886 1465 persecutionem
1918 1387 2088 1465 sMa-

443 1457 666 1520 ximino
697 1457 1024 1532 excitatam,
1060 1476 1185 1532 qua
1219 1463 1344 1531 ipso
1373 1457 1715 1532 imperatore
1745 1461 1802 1513 in
1835 1457 2002 1532 Italia
2029 1462 2086 1512 et

444 1537 504 1591 in
535 1536 836 1591 Germania
861 1530 1060 1603 agente
1078 1530 1196 1589 ‘non
1225 1530 1529 1588 Romanam
1561 1531 1727 1586 modo
1748 1530 2081 1603 Ecclesiam,

440 1614 496 1664 et
525 1601 1068 1662 occidentaleshuic
1101 1604 1409 1674 proximas,
1442 1604 1536 1658 sed
1578 1604 1748 1658 etiam
1777 1601 2086 1674 orientales

443 1677 501 1732 in
544 1678 844 1733 Palaestina
874 1672 1112 1733 vexavit;
1143 1676 1525 1746 Sanguinaria
1558 1672 1944 1746 veronindoles
1978 1673 2086 1746 ho-

443 1751 619 1805 minis
659 1747 871 1803 eﬁ'erati

437 1821 721 1892 expressit
757 1821 810 1874 in
839 1815 964 1888 ejus
994 1819 1116 1892 Vita
1163 1819 1544 1892 Capitolinus,
1582 1815 1898 1892 ita__de_illo
1929 1815 2083 1869 scri—

438 1887 611 1949 bens:
657 1912 682 1942 «
715 1892 848 1946 Tam
871 1887 1140 1946 crudelis
1180 1887 1313 1957 fuit,
1343 1895 1406 1945 ut
1439 1889 1601 1943 illum
1631 1888 1732 1942 alii
1761 1887 2082 1956 Cyclopem,

434 1964 538 2019 alii
590 1964 934 2024 Busiridem,
967 1962 1071 2016 alii
1097 1961 1442 2030 Scirronem,
1474 1959 1738 2014 nonnulli
1774 1957 2081 2020 Phalarim,

439 2035 605 2091 multi
650 2035 992 2106 Typhonem,
1048 2032 1144 2106 vel
1191 2033 1736 2106 Gygemuvocarent,
1785 2036 1890 2106 etc.
1951 2030 2084 2083 Erat

433 2108 585 2162 enim
613 2108 664 2162 ei
695 2102 1054 2176 persuasum,
1091 2104 1205 2158 nisi
1241 2102 1586 2176 crudelitate
1635 2102 1940 2176 imperium
1970 2113 2082 2176 non

434 2179 637 2232 teneri.
687 2171 714 2226 ἦ
769 2178 976 2232 Mirum
1017 2176 1212 2245 itaque
1244 2187 1356 2228 non
1403 2178 1507 2245 est,
1543 2173 1592 2227 si
1653 2172 1940 2245 principis
1986 2171 2085 2225 in-

435 2251 603 2319 genio
651 2248 970 2318 obsequens
1019 2243 1303 2301 Maximus
1338 2243 1667 2319 _prafectns
1722 2244 1879 2305 Urbi,
1930 2243 2082 2296 intra

441 2317 684 2376 mensem
734 2317 1101 2387 episcopatus
1141 2317 1476 2383 secundum,
1533 2317 1632 2387 qui
1681 2321 1804 2370 erat
1838 2319 2082 2387 quartus

433 2390 662 2461 imperii
692 2385 1014 2461 Maximini,
1047 2391 1319 2461 Anterum
1353 2386 1672 2456 pontiﬁcem
1706 2385 2009 2442 necaverit.

502 2460 675 2519 Linea
704 2460 756 2517 5.
790 2491 858 2501 -
887 2463 987 2514 Hic
1017 2462 1148 2526 fecit
1184 2460 1584 2514 oi-dinationem
1612 2473 1780 2512 unam
1808 2472 1905 2526 per
1923 2471 2080 2509 men-

430 2549 539 2589 sem
572 2534 890 2598 Decembris,
948 2535 1254 2601 episc0pum
1283 2546 1472 2584 unum.
1501 2531 1560 2584 ln
1594 2531 1746 2601 notis
1775 2526 2078 2601 chronolo-

433 2606 580 2674 gicis
628 2607 744 2675 jam
803 2600 1122 2670 observavi,
1168 2602 1304 2675 hinc
1334 2601 1507 2675 etiam
1556 2600 1908 2675 conﬁrmari,
1940 2611 2080 2675 spa—

430 2669 574 2730 tium
609 2669 1011 2730 brevissimum
1067 2669 1437 2742 pentiﬁcatus
1484 2671 1704 2738 Anteri,
1732 2683 1851 2742 _per
1891 2669 2076 2724 solum

433 2746 659 2802 scilicet
704 2758 948 2800 mensem
1003 2740 1330 2798 Decembris
1380 2747 1676 2797 extensum
1722 2740 1922 2806 fuisse,
1966 2753 2078 2807 quo

435 2818 670 2873 unicum
714 2816 1046 2885 episcopum
1089 2814 1458 2869 consecravit.
1497 2813 1555 2867 Si
1588 2814 1739 2885 enim
1775 2825 1871 2880 per
1900 2824 2082 2885 annos

435 2888 696 2944 undecim
743 2881 1009 2952 sedisset,
1065 2897 1212 2955 quos
1245 2890 1540 2940 menstruo
1580 2883 1762 2955 illius
1811 2881 2080 2955 regimini

438 2957 1016 3030 perperamiadjecit
1048 2953 1210 3011 error
1257 2953 1694 3030 amanuensium
1747 2953 1804 3007 in
1859 2953 2086 3030 aliquot

433 3023 1287 3098 exeinplaribus'catalogorum.
1310 3033 1367 3081 et
1384 3026 1520 3081 libri
1541 3023 2043 3098 hujuspontiﬁcali
2068 3041 2084 3093 ς

435 3096 760 3170 complures
786 3099 1036 3170 profecto
1056 3096 1356 3167 episcOpos
1383 3098 1653 3170 ordinare
1670 3096 1993 3170 debuisset,
2023 3100 2088 3150 ut

438 3167 728 3243 repararet
785 3167 869 3227 tot
897 3171 1119 3243 sedium
1164 3168 1580 3243 episcopalium
1631 3167 1990 3243 viduitatem,
2025 3179 2090 3221 ac

438 3238 838 3310 solitudinem,
880 3255 913 3297 a
963 3238 1277 3297 Maximino
1337 3241 1654 3296 inductam.
1701 3238 2087 3310 Ecclesiarum

439 3316 732 3371 antistites
757 3309 872 3369 sua
902 3312 1321 3383 persecutionis
1342 3325 1575 3383 scopum
1611 3309 2091 3383 pracipuum‘de-

441 3387 724 3458 signante.
751 3385 848 3440 ubi
882 3379 1214 3458 audivimus
1238 3383 1307 3437 ab
1330 3379 1894 3458 Eusebio.‘Dccessor
1925 3379 2091 3458 illius

445 3450 742 3527 pr'oximus
757 3450 2088 3527 Pontianusintraquinquenniumepiscoposﬁ,

445 3521 742 3584 Successor
773 3527 1059 3582 Fabianus
1092 3527 1240 3580 intra
1259 3521 1440 3580 annos
1463 3521 1484 3578 4
1497 3522 1527 3578 4
1556 3523 1850 3594 episcopos
1875 3537 1932 3578 χι
1955 3537 2090 3578 con-

446 3599 727 3667 secravit;
777 3597 1079 3653 Cornelius
1111 3604 1304 3652 utrum
1350 3609 1706 3665 consequens
1739 3595 1890 3667 intra
1921 3595 2094 3650 bien-

449 3671 604 3726 nium
632 3666 845 3742 legitur
887 3670 1186 3726 ordinasse
1217 3669 1516 3742 episcopos
1548 3673 1788 3742 septem.
1836 3666 2091 3742 ordinas-

450 3743 635 3797 tiones
677 3737 823 3796 duas
857 3742 1006 3796 intra
1040 3741 1503 3810 quinquennium
1548 3738 1862 3792 Pontianus
1890 3737 2093 3810 habuit

449 3813 658 3868 creatis
707 3809 1072 3881 presbyteris
1111 3809 1227 3877 sex,
1285 3809 1592 3881 Fabianus
1631 3810 1888 3881 quinque
1940 3809 2092 3863 intra

451 3896 630 3939 annos
681 3878 747 3936 44
801 3878 961 3936 dedit
1017 3881 1372 3950 presbyteros
1425 3878 1512 3934 22.
1569 3878 1869 3936 Cornelius
1940 3881 2092 3935 intra

453 3953 751 4008 biennium
805 3952 941 4007 bina
997 3951 1363 4007 ordinatione
1418 3950 1774 4020 presbyteros
1819 3957 2088 4021 quatuor.

451 4023 696 4080 Solusne
725 4024 972 4078 Anterus
1005 4036 1103 4092 per
1141 4035 1322 4077 annos
1363 4022 1628 4078 undecim
1674 4021 1847 4077 semel
1903 4021 2094 4076 habita

454 4095 818 4150 ordinatione
837 4094 1060 4150 nullum
1092 4093 1326 4149 omnino
1354 4093 1742 4162 presbyterum
1773 4098 1874 4148 aut
1896 4092 2098 4147 diaco-

457 4178 591 4219 num
619 4164 938 4220 suffecisset
960 4170 1042 4220 tot
1062 4164 1183 4219 illis
1200 4164 1594 4219 sacerdotibus
1614 4178 1678 4218 ac
1703 4165 1932 4232 Levitis,
1953 4177 2098 4233 quos

456 4236 670 4291 directa
702 4237 760 4289 in
787 4237 1000 4290 clerum
1033 4235 1352 4304 persecutio
1374 4233 1715 4289 auferebat?
1747 4237 1899 4290 Itane
1923 4234 2098 4290 fuerit

456 4308 526 4363 de
545 4306 706 4362 Actis
739 4312 1048 4375 martyrum
1095 4305 1440 4376 colligendis
1492 4305 1802 4370 sollicitus,
1834 4306 1904 4361 de
1931 4319 2099 4375 repa-

462 4377 642 4434 rando
672 4383 858 4432 autem
893 4390 1130 4431 numero
1162 4377 1560 4431 ministrorum
1589 4377 1930 4447 negligens?
1959 4377 2101 4446 Quis

462 4463 574 4505 non
619 4449 808 4504 videat
847 4448 1266 4518 providentiam
1296 4448 1504 4501 Antero
1544 4460 1654 4502 non
1695 4447 1969 4517 defuisse,
2003 4449 2098 4504 cui

921 1753 1196 1820 quantum
1245 1744 1497 1820 c'adibus
1547 1744 1888 1820 indulgeret,
1941 1744 2086 1820 satis
2118 1760 2170 1820 Β
2202 1745 2421 1820 ratione
2451 1744 2935 1820 altariumhanno

2197 466 2396 520 dirutis
2425 468 2654 522 abstulit
2679 471 3008 524 caemeterit's.
3038 471 3166 536 Quae
3193 485 3313 522 cum
3342 469 3558 537 hymnis
3587 474 3638 522 et
3668 472 3846 522 canti-

2197 538 2272 590 cis
2301 539 2644 606 spiritalibus
2684 542 2741 593 in
2770 541 2910 596 hanc
2939 542 3208 594 civitatem
3237 542 3532 594 Romanam
3587 540 3848 593 introdu-

2196 623 2334 673 cens,
2383 610 2497 662 alia
2520 626 2701 664 eorum
2731 627 2832 680 per
2871 613 3072 676 titulos,
3109 627 3169 665 ac
3194 611 3472 665 diaconias
3501 627 3599 665 seu
3628 627 3848 665 monas-

2199 680 2356 744 teria,
2388 684 2438 734 et
2475 682 2716 750 reliquas
2738 684 3005 736 Ecclesias
3053 681 3359 736 condecenti
3382 683 3603 736 studuit
3634 682 3850 736 recondi

2199 750 2416 804 honore.
2436 751 2640 807 Narrat
2660 753 2870 808 ibidem
2887 753 3390 820 Bibliothecarius,
3416 754 3475 807 in
3501 753 3850 809 monasterio

2198 819 2289 902 SS.
2321 821 2590 902 Stephani
2613 826 2909 902 _martyris
2935 829 3128 902 atque.
3158 819 3469 902 pontiﬁcis,
3497 831 3555 902 et
3583 825 3848 902 Silvestri

2201 893 2334 965 item
2369 893 2681 965 pontiﬁcis,
2726 893 3185 963 et’confeséoris,
3232 897 3469 965 ejusque
3503 896 3559 950 in
3610 896 3850 951 ecclesia

2221 976 2347 1036 qua
2370 964 2539 1020 hodie
2563 966 2770 1022 titulus
2799 967 3019 1022 dicitur
3042 967 3096 1021 S.
3129 964 3387 1021 Silvestri
3425 967 3482 1021 in
3509 967 3735 1036 Capite}
3764 980 3851 1035 per

2243 1035 2548 1103 tephanum
2593 1037 2717 1106 ejus
2744 1039 2997 1093 nominis
3038 1040 3110 1092 ΙΙΙ
3149 1037 3379 1092 fratrem
3409 1039 3568 1092 Pauli
3598 1035 3624 1092 Ι
3655 1051 3686 1092 a
3717 1040 3851 1092 fun-

2198 1104 2656 1178 damentisdomi
2685 1123 2801 1163 sua
2833 1109 3118 1176 inchoata,
3150 1122 3182 1163 a
3215 1109 3386 1164 Paulo
3416 1122 3549 1163 vero
3575 1108 3847 1178 perfecta.

2197 1176 2490 1257 complura
2517 1192 2752 1257 corpora
2779 1186 2835 1234 et
2857 1181 3134 1257 reliquias
3159 1185 3485 1257 sanctorum
3518 1193 3550 1234 a
3576 1176 3853 1257 eamete—

2198 1248 2307 1302 riis
2339 1248 2917 1307 indicatis'extractas
2942 1248 3200 1306 eumdem
3249 1250 3483 1305 Paulum
3521 1251 3851 1319 pontiﬁcem

2195 1319 2559 1375 condidisse:
2605 1335 2847 1390 quarum
2877 1323 3194 1392 praecipuas
3224 1321 3468 1391 legimus
3500 1327 3625 1376 tum
3665 1324 3724 1376 in
3755 1335 3854 1376 ve-

2197 1394 2353 1476 taste
2373 1404 2666 1476 marmore
2695 1395 3121 1476 et_Eortologio
3157 1394 3485 1476 eorumdein
3520 1399 3851 1476 sanctorum

2197 1463 2428 1516 nomina
2459 1476 2524 1517 ac
2578 1463 2841 1519 natalitia
2893 1463 3242 1533 continente,
3294 1470 3412 1518 tum
3455 1466 3514 1518 in
3565 1464 3852 1518 tabulario

2197 1534 2492 1587 memorati
2529 1536 2862 1590 monasterii
2891 1542 2946 1591 et
2975 1536 3266 1599 Ecclesia,
3315 1534 3662 1590 subsecutas
3697 1548 3851 1589 reco-

2196 1603 2486 1684 gnitiones
2539 1607 3032 1684 ac__repos_itiones
3079 1606 3404 1684 earumdem
3464 1605 3852 1684 reliquiarum

2200 1674 2499 1748 indicante
2522 1674 2774 1745 publicis
2797 1677 3037 1732 Actibus
3065 1691 3128 1732 ea
3153 1678 3223 1732 de
3255 1690 3313 1732 re
3334 1676 3580 1748 signatis
3601 1674 3671 1748 in
3693 1691 3856 1748 repa-

2978 1749 3289 1817 prasertim
3326 1744 3482 1815 4267,
3516 1749 3616 1802 die
3643 1745 3716 1802 30
3749 1747 3854 1802 Oc-

2198 1817 2399 1889 tobris,
2433 1825 2488 1872 et
2519 1831 2670 1873 anno
2700 1817 2855 1882 4604,
2888 1820 2984 1874 die
3011 1817 3078 1874 43
3107 1820 3265 1887 Maii,
3295 1833 3420 1889 qua
3450 1833 3561 1874 suo
3607 1819 3741 1874 loco
3769 1817 3850 1873 af-

2197 1886 2453 1944 ferentur
2480 1889 2536 1943 in
2570 1889 2697 1944 Vita
2723 1890 2880 1945 Pauli
2914 1891 3089 1945 Primi
3113 1891 3178 1945 ad
3209 1886 3503 1959 prafatum
3528 1903 3846 1945 numerum.

2267 1963 2590 2015 Marmorea
2613 1974 2743 2016 vero
2770 1961 3000 2030 tabula,
3025 1962 3339 2017 indicantis
3364 1961 3595 2016 nomina
3619 1968 3680 2015 et
3711 1969 3850 2015 nata-

2196 2029 2324 2086 litia
2349 2038 2698 2100 sanctorum,
2721 2047 2963 2101 quorum
2988 2029 3289 2102 Corporum
3317 2039 3504 2102 partes
3531 2032 3848 2101 praecipua,

2196 2104 2318 2157 sive
2339 2114 2468 2157 ossa
2499 2102 2770 2173 pleraque
2799 2105 3008 2159 ibidem
3042 2111 3178 2159 sunt
3211 2103 3528 2169 recondita,
3553 2110 3738 2173 caput
3761 2117 3851 2158 oc—

2193 2178 2364 2243 cupat
2384 2174 2441 2227 Β.
2475 2172 2744 2238 Anterus,
2779 2175 2991 2244 quippe
3017 2176 3186 2244 cujus
3218 2175 3429 2229 natalis
3453 2174 3583 2229 dies
3617 2177 3681 2229 in
3713 2172 3747 2229 3
3771 2176 3848 2227 Ja-

2195 2244 2388 2300 nuarii
2443 2244 2651 2300 cadens
2679 2247 2947 2314 pracedit
2989 2247 3045 2300 in
3095 2246 3428 2301 Kalendarii
3460 2246 3850 2314 dispositione

2193 2316 2318 2372 dies
2365 2316 2664 2372 natalitios
2694 2323 3052 2373 caterorum.
3079 2319 3159 2372 lta
3189 2330 3320 2372 vero
3346 2317 3753 2387 consignatur.

2262 2389 2324 2443 In
2359 2387 2588 2442 nomine
2629 2389 2882 2443 Domini.
2930 2390 3050 2442 Hac
3082 2391 3170 2443 est
3217 2389 3422 2443 notitia
3456 2387 3848 2443 natalitiornm

2333 2457 2668 2530 Sanctorum
2702 2459 2797 2514 hic
2843 2461 3348 2530 requiescenttum.

2332 2529 2522 2584 Mense
2541 2530 2812 2585 Januario

2261 2599 2364 2654 Die
2391 2601 2465 2655 Ill
2495 2600 2714 2656 Natalis
2734 2601 2787 2656 S.
2819 2600 3014 2656 Anteri
3039 2601 3219 2670 Papa,
3247 2605 3353 2656 etc.

2261 2672 2382 2727 Non
2415 2671 2621 2727 dubito
2649 2673 2791 2742 quin
2821 2672 2877 2728 S.
2914 2672 3126 2726 Paulus
3159 2673 3218 2726 in
3268 2671 3651 2740 repartitione
3677 2685 3849 2728 sacro-

2195 2756 2319 2798 rum
2357 2743 2658 2814 pignorum
2693 2757 2790 2812 per
2833 2743 3006 2799 Urbis
3030 2743 3252 2810 titulos,
3300 2743 3628 2811 diaconias,
3655 2749 3713 2798 et
3740 2757 3854 2797 mo-

2195 2814 2466 2880 nasteria,
2512 2820 2699 2883 partes
2742 2815 2919 2870 unius
2947 2815 3210 2883 corporis
3261 2814 3534 2869 diviserit
3575 2815 3635 2869 in
3671 2815 3852 2884 plures

2195 2884 2486 2952 ecclesias,
2519 2885 2777 2955 exemplo
2815 2886 3076 2941 Silvestri
3112 2886 3191 2940 ita
3231 2885 3540 2952 partientis
3575 2885 3852 2955 reliquias

2195 2955 2287 3010 SS.
2333 2955 2723 3024 apostolorum
2760 2957 2906 3012 Petri
2944 2961 3000 3011 et
3031 2955 3188 3011 Pauli
3231 2956 3289 3010 in
3337 2956 3533 3024 plures
3560 2955 3847 3012 basilicas.

2196 3026 2354 3082 Unde
2394 3024 2608 3083 factum
2655 3033 2742 3082 est
2792 3033 2856 3083 ut
2907 3028 3232 3083 eorumdem
3279 3033 3612 3082 sanctorum
3662 3039 3850 3098 magna

2199 3098 2290 3170 sui
2323 3103 2478 3170 parte
2503 3098 2593 3153 hic
2614 3099 3032 3170 quiescentium
3051 3098 3404 3170 (testimonio
3423 3105 3670 3153 vetusta
3703 3099 3852 3153 illius

2200 3168 2429 3239 tabula)
2469 3176 2656 3238 partes
2687 3169 2942 3239 reliquas
2980 3168 3314 3224 enumerent
3344 3168 3474 3224 alia
3500 3171 3655 3224 ades
3689 3183 3852 3224 sacra

2203 3241 2262 3295 in
2294 3240 2418 3295 suis
2448 3240 2711 3312 antiquis
2740 3241 3124 3312 documentis.
3146 3241 3298 3312 Quin
3321 3240 3493 3294 etiam
3524 3240 3767 3312 colligo,
3800 3243 3849 3293 in

2201 3317 2441 3368 veterem
2487 3311 2722 3367 titulum
2751 3312 2805 3366 S.
2839 3312 2990 3367 Sixti
3033 3311 3100 3366 ad
3137 3311 3445 3374 Piscinam,
3502 3311 3702 3379 utpote
3750 3324 3854 3381 pra

2201 3383 2424 3438 cateris
2453 3384 2772 3451 proximum
2806 3389 2979 3451 porta
3000 3383 3196 3452 Appia
3219 3396 3285 3437 ac
3314 3384 3667 3437 eameteriis
3690 3382 3853 3446 Sixti,

2201 3454 2527 3524 Zephyrini,
2548 3463 2602 3509 et
2619 3455 3017 3522 adjacentibus
3044 3455 3271 3508 ruinam
3293 3453 3678 3522 minantibus,
3701 3467 3852 3509 com-

2203 3531 2424 3595 portata
2449 3525 2697 3594 primum
2726 3524 2908 3581 fuisse
2934 3525 3126 3579 eadem
3145 3537 3403 3593 corpora,
3431 3534 3558 3593 qua
3579 3525 3850 3594 deponere

2204 3601 2396 3664 postea
2411 3597 2664 3652 decrevit
2692 3597 2902 3666 potiori
2923 3596 3122 3650 saltem
3155 3609 3223 3650 ex
3249 3601 3406 3664 parte
3427 3595 3484 3649 in
3511 3595 3844 3651 monasterio

2201 3679 2267 3722 ac
2296 3667 2466 3723 titulo
2496 3669 2586 3723 SS.
2619 3667 2891 3738 Stephani
2928 3681 3083 3736 papa
3107 3671 3163 3722 et
3201 3666 3473 3738 martyris
3501 3680 3568 3722 ac
3598 3666 3844 3722 Silvestri

2202 3753 2359 3808 papa
2396 3752 2428 3793 a
2455 3753 2513 3793 se
2539 3744 2890 3804 constructo,
2924 3739 3118 3793 statim
3151 3751 3216 3792 ac
3237 3737 3485 3792 absolvit
3512 3738 3661 3793 illud
3691 3739 3842 3793 eccle-

2203 3809 2304 3864 sia
2351 3809 2698 3880 aediﬁcium;
2746 3824 2876 3866 cum
2909 3809 3218 3879 utrobique
3252 3815 3642 3864 memorentur
3674 3811 3728 3864 in
3757 3823 3843 3862 ve-

2203 3880 2380 3936 tustis
2437 3883 2819 3936 marmoribus
2877 3882 3141 3951 reliquia
3224 3880 3482 3951 insignes
3531 3881 3840 3935 eorumdem

2205 3957 2555 4006 sanctorum.
2583 3953 2642 4006 In
2668 3952 2857 4020 lapide
2882 3953 3122 4022 antiquo
3145 3951 3570 4022 tituli_S.ﬁSixti
3593 3953 3664 4005 ad
3691 3951 3846 4005 Pisci-

2209 4035 2337 4076 nam
2368 4023 2521 4078 edito
2573 4036 2670 4092 per
2715 4019 3100 4078 Martinellum
3137 4035 3263 4092 pag.
3304 4019 3412 4078 306
3451 4024 3643 4078 Romae
3668 4035 3844 4080 sacra.

2207 4101 2262 4148 et
2299 4107 2394 4162 per
2409 4093 2669 4162 Crarolum
2696 4093 2828 4148 abb.
2863 4095 3058 4149 Piazza
3083 4095 3140 4148 in
3165 4093 3460 4149 Hierarch.
3491 4093 3844 4149 cardinalitia

2210 4161 2318 4235 pag
2362 4161 2465 4219 454
2496 4174 2864 4220 recensentur
2906 4179 2936 4220 e
2969 4164 3340 4234 pontiﬁcibus
3381 4165 3847 4235 martyribusle—

2208 4235 2510 4360 Bhyrinus,
2544 4237 2808 4292 Anterus.
2842 4241 2898 4292 et
2926 4237 3138 4305 Licius,
3169 4249 3235 4291 ex
3261 4235 3399 4290 aliis
3425 4234 3556 4291 vero
3590 4234 3837 4306 martyri-

2253 4321 2318 4360 us
2345 4306 2647 4360 Calocerus
2677 4313 2732 4360 et
2762 4307 3105 4360 Parthenius
3136 4325 3149 4360 :
3185 4307 3284 4360 aui
3316 4308 3486 4360 etiam
3516 4319 3837 4360 enumeran-

2253 4321 2318 4361 us
2345 4306 2647 4362 Calocerns
2677 4313 2732 4362 et
2762 4307 3105 4363 Parthenius
3136 4325 3149 4360 :
3185 4307 3284 4363 aui
3316 4308 3486 4361 etiam
3516 4319 3845 4362 enumeran-

2210 4384 2306 4432 tur
2336 4377 2392 4432 in
2425 4391 2701 4434 marmore
2735 4378 2984 4434 indicato
3015 4377 3243 4434 titulis.
3274 4377 3536 4433 Silvestri
3567 4379 3625 4432 in
3657 4379 3826 4446 capite

2210 4448 2437 4503 Divisas
2467 4450 2639 4504 etiam
2685 4448 2851 4504 fateri
2884 4455 3107 4518 oportet
3153 4449 3226 4503 ab
3257 4448 3416 4504 hisce
3447 4449 3642 4504 titulis
3678 4456 3844 4518 partes

458 4520 765 4591 diligentia
789 4533 1082 4575 sacrorum
1109 4519 1443 4591 martyrium
1473 4518 1676 4591 intulit
1696 4518 1844 4574 ‘?Sed
1878 4526 2103 4588 tempus
2129 4525 2184 4587 D
2214 4519 2595 4590 reliquiarum
2619 4526 2737 4574 tum
2760 4527 3087 4576 sanctorum
3114 4519 3341 4590 aliquot
3364 4520 3445 4574 ibi
3472 4521 3840 4581 conditorum,

461 4589 862 4648 brevissimum
887 4592 1268 4662 quadraginta
1299 4589 1530 4645 circiter
1558 4589 1804 4662 dierum,
1839 4599 1903 4646 ut
1929 4593 2102 4646 Euse-

460 4663 576 4729 bio,
607 4671 662 4718 et
684 4660 1094 4719 vetustissimis
1110 4660 1824 4732 catalogiscomprobatur,
1851 4663 2104 4732 plurium

463 4733 894 4790 ordinationum
927 4734 1370 4790 exercendarum
1399 4747 1581 4804 neque
1597 4735 1849 4804 spatium
1868 4733 2100 4807 obtulit,

463 4818 646 4875 neque
686 4807 1097 4875 necessitatem.

2215 4595 2335 4646 tum
2365 4592 2702 4646 nominatim
2733 4593 2790 4645 B.
2822 4592 3016 4646 Anteri
3041 4593 3111 4646 de
3135 4606 3250 4660 quo
3277 4604 3464 4646 sermo
3492 4599 3600 4657 est,
3633 4593 3691 4646 in
3713 4603 3842 4644 non—

2215 4661 2408 4717 nullos
2435 4663 2582 4718 alios
2615 4663 2816 4718 titulos
2839 4669 2894 4718 et
2913 4662 3183 4718 ecclesias
3203 4662 3392 4717 Urbis.
3415 4663 3712 4731 Siquidem
3739 4664 3842 4731 An—

2215 4734 2322 4788 teri
2359 4747 2513 4803 papa
2542 4748 2834 4790 sacrorum
2864 4735 3167 4804 pignorum
3203 4741 3415 4802 partem
3448 4729 3673 4788 obtinet
3700 4729 3837 4804 tituli

2212 4804 2266 4859 S.
2297 4802 2587 4873 Prax’edis,
2635 4810 2697 4861 ut
2725 4819 2792 4860 ex
2823 4802 3064 4860 vetustis
3089 4804 3365 4873 catalogis
3403 4805 3558 4872 apud
3591 4802 3840 4859 sacellum

539 4874 708 4932 Linea
733 4874 784 4931 6.
816 4906 890 4916 —
931 4878 1186 4946 Sepultus
1216 4881 1295 4931 est
1319 4878 1379 4930 in
1433 4875 1734 4932 Cameterio
1773 4878 1988 4933 Callisti
2015 4881 2105 4933 via
2209 4875 2268 4931 Β.
2297 4878 2538 4933 Zenonis
2571 4890 2849 4932 marmore
2876 4877 3082 4931 incisis
3110 4874 3336 4932 abunde
3365 4881 3613 4932 constat.

461 4948 666 5019 Appia.
703 4947 833 5004 Inde
857 4945 1324 5020 vero’extractum
1357 4945 1539 5004 fuisse
1584 4961 1805 5004 sacrum
1837 4951 1961 5020 ejus
1988 4963 2106 5004 cor-

467 5035 574 5091 pus
593 5032 703 5075 una
724 5032 851 5074 cum
879 5019 1145 5090 pluribus
1167 5023 1225 5075 in
1254 5033 1316 5075 ea
1339 5029 1495 5089 parte
1515 5022 1822 5076 coemeterii
1854 5021 2108 5077 recondi-

465 5094 561 5158 tis,
593 5103 760 5161 quam
808 5091 992 5147 ruina
1025 5091 1338 5160 proximam
1383 5091 1867 5148 animadvertitS.
1895 5094 2103 5149 Paulus

463 5175 603 5232 papa
617 5163 741 5230 ejus
764 5164 1016 5218 nominis
1029 5163 1270 5232 primus,
1285 5161 1663 5233 colligiturex
1677 5164 1928 5232 ejusdem
1951 5164 2100 5232 Vita,

464 5233 564 5288 ubi
600 5233 716 5287 hac
749 5233 1056 5305 leguntur:
1097 5235 1246 5289 Unde
1285 5249 1505 5288 cernens
1529 5235 1775 5302 plurima
1801 5237 2104 5290 earumdem

460 5311 772 5359 sanctorum
800 5308 1217 5361 caemeteriorum
1243 5306 1356 5360 loca
1385 5306 1626 5373 neglecta
1669 5320 1731 5359 ac
1758 5307 1971 5362 desidia
1995 5323 2105 5360 an-

461 5378 733 5449 tiquitatjs
756 5380 998 5434 matrima
1024 5378 1382 5444 demolitione,
1413 5382 1575 5446 atque
1592 5377 1716 5446 ja-m
1736 5381 1917 5434 vicina
1937 5381 2114 5433 ruinae

2873 4983 3190 5040 CIACONII.

2286 5093 2457 5148 Linea
2488 5089 2536 5147 4.
2573 5122 2642 5133 -
2669 5093 2899 5149 Natione
2919 5090 3155 5146 Gracus.
3182 5091 3422 5146 Sanctus
3451 5089 3720 5155 Anterus,
3752 5099 3836 5142 na;

2213 5164 2370 5221 tione
2420 5167 2671 5230 Gracus,
2717 5164 2900 5233 patria
2961 5163 3297 5230 Petilianus,
3343 5175 3409 5216 ex
3477 5161 3679 5217 Petilia
3723 5157 3844 5214 urbe

2216 5236 2498 5308 quondam
2523 5239 2734 5308 Magna
2759 5235 3012 5308 Gracia,
3040 5247 3190 5290 nunc
3209 5233 3488 5290 Calabria
3515 5233 3845 5302 dictajuxta

2211 5306 2916 5363 Bellicastrum‘civitatem
2947 5306 3081 5361 sita.
