4052 6178
999 335 1002 342 “
1110 349 1422 407 HlsronIA
1465 352 1554 406 DE
1594 347 1770 405 vms
1808 346 1976 401 non.
2023 346 2222 402 rom.
2263 375 2337 387 —
2363 346 2420 402 s.
2463 348 2866 404 romanus.

294 477 1894 492 —.———————.——————.——_.—,—.———————

1625 476 3162 487 ——___—______—.—_——.__...
3181 482 3225 487 ..-

1368 595 1504 667 XX
1523 642 1542 660 .
1628 591 2006 664 SANCTUS

3552 349 3691 408 4338

3247 478 3671 488 Μ

2083 591 2564 662 PONTIANUS
2583 639 2600 656 .

1282 789 1459 834 ANNO
1505 787 1765 833 CHRISTI
1804 771 1947 843 233,
1987 787 2352 831 ALEXANDRI
2387 789 2526 832 IMP.
2587 772 2683 832 40.

606 1048 717 1110 20
745 1047 1158 1125 Pontianus,
1188 1045 1465 1110 natione
1493 1047 1858 1122 Romanus,
1889 1061 1970 1108 ea
1995 1050 2195 1128 patre
2233 1047 2640 1130 Calpurnio,
2675 1047 2847 1111 sedit
2877 1066 3089 1111 annos
3118 1047 3441 1129 quinque,
3472 1063 3696 1112 mem—

529 1162 632 1208 ses
688 1144 876 1223 duos,
930 1144 1066 1205 dies
1133 1143 1320 1205 duos.
1369 1143 1716 1221 Martyrio
1773 1147 2158 1206 coronat-ur.
2221 1145 2391 1208 Fuit
2448 1147 2672 1207 autem
2739 1145 3147 1226 temporibus
3197 1144 3604 1224 Aleaandri,
3652 1162 3693 1209 a

525 1241 886 1306 consulatu
912 1239 1315 1321 Pompeiani
1344 1243 1406 1302 et
1428 1238 1773 1303 Feliciani
1801 1249 1831 1281 ει
1863 1286 1877 1300 .
1908 1241 2161 1304 Eodem
2193 1245 2482 1322 tempore
2512 1243 2903 1304 Pontianus
2933 1242 3286 1324 episcopus
3327 1245 3390 1304 et
3429 1243 3691 1323 Hippo-

527 1339 722 1419 lytus
763 1339 791 1381 δ
808 1338 1171 1420 presbyter
1216 1337 1423 1400 exilio
1465 1341 1631 1400 sunt
1686 1336 1763 1398 ab
1814 1335 2206 1401 Alexandro
2274 1340 2354 1401 in
2403 1339 2811 1402 Sardiniam
2854 1341 2933 1402 in
2976 1340 3276 1402 insulam
3330 1340 3690 1417 Bucinam,

457 1437 496 1500 5
533 1436 776 1500 Severo
837 1439 900 1499 et
951 1435 1328 1510 Quintiano
1381 1433 1792 1497 consulibus.
1851 1437 1942 1497 In
1989 1437 2215 1499 eadem
2258 1435 2498 1499 insula
2557 1435 2912 1499 defunctus
2955 1439 3055 1499 est
3102 1438 3303 1500 tertio
3341 1436 3696 1500 Kalendas

521 1533 868 1600 Novemb.c
896 1536 963 1596 et
1005 1533 1077 1594 in
1108 1533 1253 1612 ejus
1291 1533 1510 1594 locum
1554 1531 1904 1594 ordinatus
1954 1536 2053 1595 est
2091 1537 2384 1596 Anterus
2426 1533 2453 1575 ά
2480 1553 2526 1596 II
2565 1534 2854 1597 Kalend.
2903 1534 3305 1598 Decembris.
3348 1535 3487 1598 Hic
3530 1533 3697 1615 fecit

526 1632 995 1696 ordinationes
1038 1632 1212 1694 duas
1262 1645 1386 1710 per
1435 1647 1727 1692 mensem
1787 1630 2202 1693 Decembrem
2251 1656 2270 1692 .-
2326 1631 2747 1711 presbyteros
2793 1647 2933 1710 sex,
3005 1633 3320 1696 diaconos
3371 1634 3689 1717 quinque,

536 1730 873 1812 episcopos
901 1747 1024 1809 per
1069 1729 1343 1792 diversa
1372 1725 1516 1791 loca
1561 1744 1834 1790 numero
1871 1745 2009 1791 seu.
2059 1729 2263 1803 Quem
2300 1729 2532 1792 beatus
2569 1728 2968 1792 Facianus°
3011 1730 3306 1792 adduait
3349 1748 3500 1793 cum
3525 1733 3695 1794 clero

524 1842 643 1907 per
671 1826 922 1902 navim,
977 1829 1040 1889 et
1073 1824 1393 1907 sepelivit
1423 1825 1501 1886 in
1527 1825 1886 1888 cameterio
1939 1824 2224 1904 Caliwti,
2265 1826 2385 1890 via
2434 1824 2688 1908 Appia,
2753 1829 2818 1888 et
2869 1826 3154 1890 cessavit
3184 1827 3604 1908 episcopatus
3654 1849 3694 1892 a

412 1927 485 1988 10
527 1923 962 2006 dispositione
1006 1922 1150 2002 ejus
1177 1921 1319 1984 dies
1349 1921 1574 1985 decem
1604 1920 1628 1962 ί
1662 1969 1675 1983 .

1444 2057 1937 2121 CATALOGUS
1985 2056 2141 2122 SUB
2181 2059 2520 2122 LIBERIO

365 2165 736 2229 Pontianus
767 2181 980 2227 annos
1014 2162 1336 2243 quinque,
1375 2178 1636 2225 menses
1675 2163 1865 2240 duos,
1900 2164 2043 2227 dies
2101 2167 2376 2243 septem.
2410 2165 2565 2229 Fuit
2593 2163 3006 2246 temporibus
3034 2165 3398 2228 Alexandri
3453 2183 3494 2227 a
3521 2182 3687 2228 con-

284 2267 519 2328 sulatu
561 2261 948 2342 Pompeiani
1002 2263 1066 2324 et
1095 2261 1504 2340 Peligniani.
1535 2264 1626 2323 Eo
1655 2263 1946 2340 tempore
1978 2262 2350 2325 Pontianus
2395 2265 2743 2344 episcopus
2789 2266 2854 2327 et
2892 2263 3296 2344 Hippolytus
3342 2263 3690 2344 presbyter

281 2365 551 2429 exsules
594 2364 751 2424 sunt
792 2358 1116 2438 deportati
1159 2358 1230 2419 in
1266 2357 1563 2420 insulam
1601 2359 1905 2421 nocivam
1937 2359 2342 2439 Sardiniam,
2385 2363 2621 2425 Severo
2663 2365 2729 2424 et
2767 2362 3083 2437 Quintino
3120 2360 3510 2423 consulibus
3557 2379 3572 2421 :
3620 2361 3691 2423 in

281 2461 520 2524 eadem
559 2459 783 2521 insula
813 2457 1178 2520 discinctus
1226 2458 1325 2518 est
1368 2474 1434 2517 1v
1481 2457 1631 2518 Kal.
1703 2457 2020 2534 Octobris,
2056 2460 2122 2522 et
2177 2459 2317 2522 loco
2357 2459 2502 2538 ejus
2549 2460 2902 2522 ordinatus
2943 2461 3044 2521 est
3101 2461 3380 2522 Anteros
3435 2476 3501 2520 x1
3530 2459 3685 2521 Kal.

288 2557 670 2622 Decembris
709 2555 1098 2620 consulibus
1129 2554 1626 2637 suprascriptis.

1407 2681 1687 2726 NOTULJE
1752 2680 2178 2725 MARGINALES
2241 2682 2407 2726 FABR
2415 2680 2565 2726 OTTI
2575 2708 2590 2727 .

365 2775 482 2840 aB,
534 2785 716 2842 usque
754 2771 822 2827 ad
869 2770 1134 2827 Severum
1183 2775 1237 2827 et
1280 2769 1692 2840 Quinctianum
1735 2782 1884 2825 coss.
1915 2767 1946 2810 δ
1977 2767 2079 2838 CB,
2127 2768 2414 2840 Philipus.
2442 2781 2467 2810 ο
2499 2769 2557 2840 C,
2640 2782 2746 2826 χιιι
2801 2768 2923 2825 Kal.
2972 2768 3266 2827 Decembr.
3316 2772 3378 2842 B,
3440 2767 3508 2826 49
3554 2770 3695 2828 Νον-

323 2861 350 2903 d
380 2865 520 2918 Hinc
543 2863 712 2932 liquet
736 2862 1006 2916 Anterum
1027 2876 1140 2916 esse
1159 2875 1514 2942 successorem
1545 2861 1823 2913 Pontiani.
1855 2870 1881 2900 ο
1908 2859 1966 2930 C,
1994 2857 2303 2915 Fabianus.
2336 2858 2362 2900 ί
2390 2858 2492 2930 CB,
2524 2857 2610 2915 43.

1573 2983 1861 3046 VARIIE
1924 2985 2414 3048 LECTIONES.

580 3084 751 3156 Apud
775 3085 1085 3139 Fabrottum
1109 3098 1176 3137 em
1204 3082 1383 3137 codice
1410 3082 1649 3138 Freheri.

357 3162 519 3231 Num.
556 3171 647 3243 ρο,
701 3175 798 3228 lin.
830 3171 884 3239 3,
931 3173 1042 3243 AB,
1081 3170 1383 3239 peliniani,
1431 3170 1531 3243 ιίῃ,
1563 3168 1935 3243 ᾕᾳηιξοιμε,

285 3246 544 3304 fustibus
571 3240 909 3306 maceratus,
937 3241 1243 3298 defunctus
1263 3248 1348 3296 est
1388 3254 1449 3295 III
1479 3240 1603 3295 Kal.
1637 3240 1935 3296 Novembr.

283 3325 344 3375 et
376 3319 432 3373 in
464 3318 591 3386 ejus
623 3316 747 3372 loco
777 3315 1099 3372 ordinatus.

524 3426 611 3478 Ea:
636 3423 815 3478 codice
839 3423 1020 3489 Regio,
1046 3421 1328 3474 Mazarinc
1366 3423 1415 3474 et
1447 3419 1692 3472 Thuano.

353 3515 484 3568 Lin.
541 3509 592 3580 4,
647 3511 998 3580 Calphurnio
1050 3512 1114 3564 Β.
1165 3509 1355 3577 (Μαίη
1413 3507 1741 3580 Calburino)
1785 3508 1937 3564 sedit

278 3598 416 3640 ann.
457 3581 512 3648 9,
559 3578 633 3638 ιιι.
665 3580 718 3651 5,
747 3582 803 3637 d.
836 3579 916 3650 2;
954 3579 1067 3634 fuit
1095 3578 1760 3651 autemtemporibusiA.
1793 3593 1845 3634 a.
1880 3594 1930 3635 c.

279 3657 476 3724 Pomp,
501 3647 558 3710 et
586 3647 800 3724 Pelagii
832 3647 956 3708 eod.
984 3651 1086 3724 lin.
1113 3647 1164 3724 4,
1197 3651 1263 3724 in
1278 3647 1506 3724 Sardin.
1527 3650 1789 3724 insulam
1819 3652 1937 3706 Bu—

277 3720 526 3795 cianam,
576 3731 632 3781 et
683 3720 746 3780 in
769 3724 960 3779 eadem
1010 3722 1289 3795 insulaid.
1325 3727 1411 3776 est
1443 3720 1562 3795 Kal.
1597 3721 1935 3795 No._Severo

279 3805 338 3854 et
361 3792 560 3867 Quint.
595 3809 752 3852 cons.
805 3795 874 3867 in
894 3795 1019 3863 ejus
1049 3807 1182 3867 vero
1209 3792 1393 3867 locum
1423 3793 1546 3867 0rd.
1577 3792 1937 3867 estAnteros

284 3883 324 3924 ιι
349 3863 472 3924 Kal.
505 3871 634 3924 Dec.
667 3879 832 3937 quem
863 3865 1064 3920 beatus
1093 3864 1380 3937 Fabianus
1400 3864 1645 3937 adduxit
1669 3863 1726 3937 in
1746 3865 1932 3937 navim

281 3955 410 3997 cum
444 3939 618 4002 clero,
647 3933 702 3994 et
731 3952 850 4006 sep.
878 3937 934 3992 in
967 3937 1101 3992 cim.
1125 3935 1578 4006 via‘Appiasﬂic
1609 3933 1745 3990 fecit
1775 3936 1934 4006 ordi-

284 4013 550 4067 nationes
574 4011 720 4066 duas
757 4004 852 4078 per
884 4021 957 4062 m.
993 4008 1055 4061 D.
1095 4021 1177 4076 pr.
1207 4004 1260 4073 9,
1294 4007 1426 4078 diac
1449 4005 1504 4077 5,
1538 4007 1599 4062 Ε.
1636 4021 1688 4075 p.
1721 4007 1778 4062 d.
1809 4006 1847 4061 l.
1881 4005 1935 4062 6.

281 4089 338 4140 et
362 4097 507 4139 cess.
537 4084 634 4153 Ep.
666 4095 698 4137 a
725 4075 998 4150 martyrio
1020 4075 1144 4148 ejus
1173 4078 1298 4134 dies
1331 4075 1417 4134 40.

1963 3084 2024 3144 Α

2472 3082 2561 3135 Ea:
2598 3081 2774 3136 codice
2821 3082 3046 3136 Thuano
3080 3080 3268 3135 altero.

2118 3171 2243 3224 Lin.
2276 3167 2326 3236 4,
2362 3199 2435 3210 —
2469 3168 2849 3238 Calphurnio,
2881 3169 3030 3224 sedit
3058 3181 3190 3223 ann.
3225 3165 3279 3235 9,
3326 3180 3396 3221 m.
3424 3164 3479 3222 5.
3513 3167 3615 3238 (in.
3643 3166 3698 3236 5,

2047 3240 2408 3307 consulibus,
2441 3236 2747 3295 defunctus
2767 3236 2852 3295 est
2879 3254 2932 3293 Iv
2964 3240 3033 3292 K.
3074 3241 3140 3293 N.
3164 3244 3218 3294 et
3250 3239 3308 3293 in
3334 3251 3381 3293 e.
3414 3251 3474 3293 ο.
3503 3251 3553 3293 e.
3575 3236 3702 3292 An-

2047 3318 2201 3367 teros
2228 3325 2267 3364 II
2291 3311 2412 3365 Kal.
2445 3312 2542 3364 Im.
2571 3309 2626 3381 8,
2648 3324 2884 3366 numero
2915 3309 2969 3379 6,
2998 3311 3098 3380 qui
3121 3310 3293 3365 etiam
3327 3308 3592 3380 sepultus
3613 3315 3702 3365 est

2049 3384 2105 3438 in
2139 3382 2425 3438 cimiterio
2449 3382 2509 3436 C.

2329 3471 2498 3540 Apud
2519 3471 2859 3524 Hosltenium
2890 3475 2941 3525 et
2962 3469 3424 3525 Schelestratium.

2117 3563 2182 3615 In
2212 3560 2375 3615 editis
2405 3561 2635 3614 habetur
2654 3561 2740 3614 hic
2773 3562 2812 3613 .4
2828 3565 3032 3629 ntcrus,
3062 3560 3157 3613 sed
3180 3559 3386 3613 codices
3417 3561 3542 3625 Reg.
3571 3559 3698 3612 Vat.

2049 3635 2246 3687 minor.
2284 3637 2333 3686 et
2380 3633 2524 3686 Flor.
2575 3631 2683 3684 duo
2735 3636 2858 3701 post
2914 3632 3191 3686 Urbanum
3234 3631 3430 3683 habent
3470 3631 3704 3701 Pontia—

2045 3721 2196 3758 num.
2256 3704 2356 3763 lin,
2406 3701 2459 3768 5,
2531 3700 2748 3756 codices
2788 3717 2915 3756 mss.
2963 3703 3151 3768 legunt
3208 3701 3538 3767 Bucianam,
3601 3700 3701 3753 lin.

2047 3776 2175 3829 ead.
2221 3780 2344 3844 post
2369 3773 2677 3844 defunctus
2715 3779 2843 3828 est..
2879 3773 3116 3826 Addunt
3153 3773 3306 3825 Flor.
3342 3771 3469 3824 duo.
3512 3772 3696 3844 Vatia.

2048 3852 2097 3899 et
2126 3838 2274 3913 Red,
2309 3844 2597 3915 Afﬂictus,
2627 3843 2884 3900 fustibus
2911 3848 3246 3909 maceratus,
3286 3849 3518 3913 martyr.
3544 3843 3623 3898 lin
3647 3838 3701 3911 8,

2053 3919 2200 3972 Flor.
2225 3916 2531 3972 Fabianus.

2053 3919 2200 3974 Flor.
2225 3919 2531 3972 Fabianus.

2363 4005 2535 4074 Apud
2554 4007 2779 4060 Peniam
2822 4020 2890 4059 ea:
2929 4004 3107 4059 codice
3135 4004 3386 4059 Cavensi.

2121 4077 2248 4131 Lin.
2277 4075 2331 4134 3.
2366 4076 2671 4134 consulatu
2705 4076 3037 4146 Pompeiani
3070 4081 3124 4131 et
3155 4074 3400 4131 Peliani.

1603 4201 1848 4266 NOTz’E
1898 4203 2363 4265 VARIORUM.

797 4302 843 4358 A
879 4301 1421 4358 SCHELESTRATE.

353 4393 438 4450 Ab
495 4393 603 4450 hoc
643 4392 908 4448 Pontiani
962 4391 1296 4460 pontiﬁcatu
1342 4390 1609 4460 antiquio
1667 4403 1782 4445 rem
1832 4404 1935 4445 ca-

282 4465 537 4537 talogum
605 4464 722 4520 alio
779 4461 1464 4537 auctore_conscriptum
1521 4475 1643 4537 esse
1701 4461 1938 4530 putabat

282 4533 702 4598 Henéchenius,
775 4547 840 4589 eo
909 4535 1056 4604 quod
1128 4533 1293 4602 plura
1357 4538 1480 4587 acta
1546 4533 1936 4603 adjungantur

282 4609 434 4679 quod
461 4607 736 4679 tamenin
768 4604 1012 4679 Anthero
1037 4605 1167 4679 ejus
1184 4617 1513 4679 successore
1547 4604 1813 4679 pontifice
1845 4604 1938 4660 lo-

279 4675 412 4735 cum
439 4692 551 4733 non
574 4677 760 4746 habet,
784 4692 910 4734 cum
938 4677 1016 4732 ibi
1049 4675 1207 4730 nulla
1237 4675 1465 4744 penitus
1481 4681 1604 4729 acta
1625 4675 1934 4732 addantur.

358 4750 552 4806 Videri
588 4756 831 4818 possunt
853 4749 920 4804 ad
949 4747 1393 4803 elucidationem
1427 4746 1683 4818 historia:
1710 4746 1771 4818 S.
1803 4747 1940 4803 Pon-

285 4822 432 4876 tiani
474 4834 538 4876 ea
589 4817 715 4889 qua:
752 4819 1196 4889 Schelestratius
1234 4817 1529 4889 adnotavit
1558 4818 1611 4889 in
1645 4817 1934 4889 Antiquit.

286 4893 497 4948 Eccles.
532 4886 763 4947 dissert.
795 4904 996 4960 II,cap.
1018 4888 1068 4946 5.
1105 4895 1214 4944 art.
1242 4886 1295 4955 3,
1325 4902 1539 4944 necnon
1561 4888 1631 4960 de
1651 4888 1854 4960 ordine
1873 4903 1939 4945 ac

283 4963 648 5034 temporibus
673 4964 926 5033 ejusdem
945 4958 1010 5016 ‘et
1031 4961 1123 5017 SS.
1158 4960 1396 5015 Antheri
1422 4964 1479 5014 et
1499 4958 1755 5014 Fabiani.

821 5052 986 5106 BINll
1018 5052 1102 5105 ET
1145 5050 1386 5105 LABBEI
1397 5089 1410 5103 .

355 5141 530 5198 Linea
564 5137 618 5196 4.
645 5171 717 5182 —-
752 5142 1076 5195 Pontianus.
1125 5139 1258 5193 Post
1290 5138 1682 5209 interregnum
1713 5133 1783 5192 30
1808 5135 1942 5192 die-

281 5227 411 5270 rum
455 5219 652 5269 octavo
689 5212 812 5267 Kal.
864 5211 1029 5278 Julii,
1082 5223 1231 5265 anno
1269 5209 1487 5265 Christi
1514 5206 1656 5278 ⁷233,
1693 5209 1942 5264 Alexan-

275 5285 375 5340 dri
401 5285 763 5354 imperatoris
797 5282 882 5351 40,
913 5282 1229 5338 Pontianus
1255 5281 1481 5336 Urbano
1499 5279 1866 5352 subrogatur.

354 5353 528 5412 Linea
575 5353 630 5411 3.
677 5384 750 5395 —
795 5354 997 5408 Eodem
1061 5358 1293 5422 tempore
1346 5353 1670 5414 Pontianus,
1721 5358 1829 5406 etc.
1880 5353 1941 5405 in

275 5428 537 5482 cmsilium
580 5426 650 5480 ab
699 5426 1039 5481 Alemandro.
1091 5424 1249 5493 Quod
1308 5437 1418 5479 non
1465 5429 1577 5478 tam
1639 5423 1940 5494 religionis

273 5511 476 5562 causa,
494 5511 662 5568 quam
683 5497 798 5552 alia
811 5494 1353 5568 potiuscalumniaa
1369 5493 1942 5568 gentilibuscircum-

1967 4301 2018 4360 Β
2120 4301 2200 4355 Ex
2232 4298 2407 4371 (ΕΑΒ.)
2453 4299 2606 4371 linea
2645 4297 2701 4355 5.
2733 4329 2808 4338 —
2851 4299 2917 4353 In
2956 4298 3141 4355 eadem
3179 4299 3365 4355 insula
3413 4301 3709 4368 defunctus

2047 4377 2144 4439 est,
2171 4379 2491 4429 maceratus
2519 4370 2792 4428 fustibus.

2679 4459 3066 4515 BLANCHINI.

2603 4562 2755 4603 ΝΟΤΕ
2781 4561 3173 4603 CHRONOLOGIB
3245 4596 3250 4599 .

2117 4639 2460 4694 Pontianum
2504 4642 2651 4691 recte
2681 4636 2982 4706 praemittit
3025 4634 3435 4706 Anteroicodey
3475 4635 3708 4695 Anasta-

2047 4709 2250 4766 sianus
2281 4708 2426 4763 alter
2473 4705 2840 4762 bibliothecae
2883 4708 2944 4759 S.
2994 4706 3168 4760 Marci
3207 4705 3507 4764 Florentia:
3539 4723 3570 4766 a
3622 4724 3708 4766 me

2047 4785 2336 4850 spectatus
2384 4791 2618 4850 ;7quem
2673 4776 3275 4850 ita_pra:mittendum
3329 4777 3494 4850 docet
3561 4795 3707 4837 con-

2049 4847 2240 4906 textus
2261 4850 2383 4918 ipse
2408 4847 2692 4904 dictorum
2723 4862 2753 4903 a
2775 4847 3221 4904 bibliothecario
3263 4848 3318 4902 in
3343 4849 3448 4905 hoc
3472 4865 3709 4908 numero

2052 4921 2314 4978 Pontiani
2343 4934 2506 4976 versu
2539 4919 2590 4985 6,
2629 4919 2726 4974 ubi
2761 4925 2889 4989 post
2920 4925 3155 4974 mortem
3188 4919 3451 4976 Pontiani
3486 4935 3548 4977 III
3581 4923 3704 4978 Kal.

2049 4991 2386 5049 Novembris
2413 4991 2738 5046 ordinatum
2779 4989 3023 5045 atﬁrmat
3062 4990 3122 5044 in
3152 4991 3278 5060 ejus
3321 4990 3508 5048 locum
3535 4993 3706 5050 Ante-

2055 5079 2178 5121 rum
2210 5077 2246 5118 II
2280 5061 2404 5117 Kal.
2437 5061 2784 5117 Decembris.

2124 5133 2651 5202 Urbanumexcepit
2672 5132 3006 5199 Pontianus,
3032 5132 3168 5188 utin
3196 5133 3443 5202 picturis
3459 5136 3513 5190 S.
3540 5136 3704 5192 Pauli

2051 5207 2442 5263 demonstrant
2462 5205 2738 5260 elementa
2771 5204 2956 5272 prima
2977 5205 3103 5272 ejus
3124 5203 3379 5260 nominis
3401 5207 3534 5261 PON
3555 5221 3707 5263 non—

2051 5279 2186 5332 dum
2218 5284 2557 5345 consumpta
2601 5282 2881 5331 vetustate
2937 5276 3084 5330 Idem
3126 5275 3383 5348 ostendit
3411 5277 3706 5348 catalogus

2055 5349 2413 5411 Liberianus,
2443 5354 2562 5402 tum
2589 5360 2655 5402 ex
2671 5348 3004 5417 continuata
3026 5347 3174 5401 serie
3194 5347 3548 5417 pontiﬁcum,
3584 5347 3704 5405 tum

2051 5434 2118 5475 ex
2144 5418 2634 5490 consulibusanni
2655 5416 2753 5473 234
2781 5418 2945 5490 illius
2965 5418 3201 5472 exordio
3223 5417 3482 5486 tributis,
3508 5433 3708 5490 nempe

2049 5493 2396 5558 Pompeiano,
2457 5495 2513 5544 et
2545 5489 2841 5562 Feliciano,
2879 5488 3015 5562 licet
3045 5502 3246 5562 nomen
3286 5490 3534 5562 _secundi
3570 5488 3700 5562 per-

273 5539 930 5638 ἷὲἦῖιῖἳξῖἱόιῖιῖἶιῖἶιίί
943 5539 1940 5638 "Aleti;iidé?_}3fé§ave"riﬁ'3653s
1969 5539 2018 5603 Ο
2049 5539 3706 5638 istast"stagnata;ia'pénn’a‘aaadsumtis

272 5654 414 5712 erga
438 5634 1162 5712 Christianosiaﬂjectustet
1192 5636 1414 5712 familia
1443 5634 1796 5712 Christianis
1830 5635 1937 5712 ho;

276 5703 542 5768 minibus
568 5709 774 5766 referta
806 5709 1046 5764 indicat.
1068 5703 1276 5764 Euseb.
1301 5705 1403 5769 lib,
1435 5720 1507 5768 v1,
1535 5705 1677 5776 Hist.
1700 5719 1823 5775 cap,
1843 5703 1933 5776 24,

270 5783 350 5840 ob
389 5783 541 5853 quod
586 5780 834 5851 facinus,
870 5783 979 5837 Deo
1019 5780 1266 5853 vindice,
1299 5793 1330 5833 a
1372 5775 1661 5833 militibus
1684 5775 1939 5853 Alexan-J-

270 5850 446 5911 drum
484 5854 885 5921 imperatorem
935 5852 1189 5909 occisum
1221 5863 1524 5921 ess_e,_non
1556 5861 1698 5921 vana
1736 5850 1940 5920 conje-

272 5934 447 5984 ctura
470 5917 589 5981 dici
625 5925 857 5996 poterit.
895 5924 1095 5979 Baron.
1133 5935 1267 5978 ann.
1298 5917 1424 5978 237.
1458 5933 1616 5977 num.
1651 5918 1704 5974 4.

2052 5640 2209 5688 textu
2241 5631 2506 5687 Anastasi
2538 5635 2790 5702 correcte
2818 5629 3032 5700 legitur
3071 5636 3315 5702 uterque
3342 5633 3564 5702 consul,
3600 5635 3707 5690 sub

2050 5718 2163 5775 quo
2197 5704 2450 5775 primum
2465 5701 2565 5775 sui
2589 5701 2960 5775 pontiﬁcatus
2988 5701 3198 5775 Pascha
3215 5701 3543 5759 celebravit.
3565 5705 3705 5760 Cum

2049 5770 2209 5832 enim
2230 5787 2392 5846 anno
2422 5771 2548 5837 234,
2595 5770 2802 5846 Severo
2831 5770 3457 5846 etiQuinctianorcossq
3487 5782 3706 5846 marty-

2050 5844 2419 5902 riumfecerit
2436 5860 2501 5901 III
2527 5845 2650 5901 Kal.
2682 5844 3038 5915 Novembris,
3053 5846 3220 5914 juxta
3250 5845 3614 5902 Anastasium
3639 5844 3697 5900 in

2048 5917 2316 5975 Sardinia
2345 5917 2558 5991 insula,
2586 5931 2701 5990 quo
2727 5916 3279 5989 tueratdeportatus,
3297 5925 3464 5989 etper
3478 5929 3702 5974 annosv
