4052 6178
368 273 505 332 i339

1507 297 1520 308 ο
1609 278 1964 336 ANASTASII
2006 283 2543 341 BIBLIOTHECARII

3641 289 3661 342 l
3674 287 3781 344 340

367 410 584 478 menses
628 409 696 478 tt,
739 402 796 452 et
847 396 974 478 dies
1019 397 1256 478 totidem
1283 398 1514 478 sedisse
1552 399 1816 454 tradatur
1865 413 2010 454 con-
2034 401 2086 458 A
2123 403 2430 462 Fabianum
2459 408 2810 463 successisse
2832 406 3060 473 Antero,
3086 420 3256 478 quam
3281 408 3783 478 huncneglexisse

365 468 522 540 cordi
569 468 900 540 testimonio
938 469 1199 524 codicum
1243 476 1298 524 et
1343 468 1728 539 catalogorum
1761 484 1826 524 ex
1861 485 2008 540 pra:-

365 539 558 608 cipuis
617 539 791 623 italiae
837 553 1016 623 supra
1069 540 1344 623 videndis
1387 541 1536 594 inter
1588 539 2007 623 Prolegomena,

363 611 738 680 consequitur
794 615 858 666 ut
913 612 1038 679 ejus
1096 611 1387 666 ordinatio
1447 618 1668 680 peracta
1728 611 1806 666 sit
1857 627 2007 669 anno

361 678 488 746 930,
545 678 809 752 Agricola
865 678 1322 737 et’Clementino
1386 678 1558 745 coss,
1611 682 1707 737 die
1765 681 1836 738 29
1882 684 2006 739 Au-

364 752 540 876 fusti,
583 767 712 822 qua:
752 759 882 836 apte
914 753 1122 835 incidit
1160 754 1216 835 in
1250 753 1726 836 Dominicamtut
1755 755 2007 810 ostendit

393 828 557 876 ittera
605 824 982 876 Dominicalis
1023 824 1084 876 C.
1125 824 1306 876 eidem
1351 837 1502 876 anno
1547 826 1892 876 assmnanda
1937 840 2003 876 ex

393 824 557 894 ittera
605 823 982 894 Dominicalis
1023 824 1084 894 C,
1125 824 1306 878 eidem
1351 837 1502 878 anno
1547 825 1892 894 assignanda
1937 840 2003 880 ex

363 893 522 962 cyclo
553 893 716 964 solis.
746 894 1006 949 Urbanus
1053 893 1194 964 papa
1228 901 1440 964 martyr
1467 893 1786 950 decesserat
1810 897 2003 952 eodem

362 977 512 1019 anno
537 965 630 1019 die
657 963 728 1020 93
749 965 906 1033 Maii,
935 971 995 1020 ut
1021 963 1194 1035 supra
1221 963 1473 1021 vidimus
1493 966 1550 1020 in
1584 967 1708 1033 ejus
1729 969 2002 1022 sectione.

361 1036 669 1090 Trimestre
703 1037 880 1106 igitur
907 1037 1155 1105 spatium
1178 1037 1492 1092 vacationis
1508 1038 1662 1092 sedis
1691 1038 1761 1092 ab
1794 1038 2004 1094 Urbani

365 1107 638 1176 martyrio
671 1107 1124 1164 interserendum
1169 1114 1255 1164 est
1283 1108 1349 1163 ad
1384 1108 1804 1164 ordinationem
1856 1112 2002 1164 Pon-

362 1177 528 1231 tiani.
582 1176 1066 1233 Bibliothecarius
1115 1184 1411 1235 enumerat
1469 1186 1687 1234 tantum
1737 1181 1862 1236 dies
1912 1178 2000 1246 30,

363 1248 602 1303 fortasse
625 1249 693 1303 ad
729 1249 1080 1304 electionem.
1111 1251 1214 1306 Sed
1243 1250 1313 1304 ab
1341 1250 1618 1305 electione
1661 1250 1726 1305 ad
1762 1252 2006 1306 ordina-

363 1319 572 1374 tionem
613 1319 760 1374 duos
805 1335 1024 1376 menses
1063 1320 1430 1388 interpositos
1467 1319 1647 1376 fuisse
1685 1322 1780 1376 vix
1808 1323 2002 1377 credi-

359 1390 542 1444 derim
586 1391 957 1460 opinandum,
1006 1392 1119 1447 nisi
1151 1392 1293 1447 forte
1323 1391 1526 1446 absens
1557 1392 1770 1448 electus
1796 1393 1889 1448 sit.
1928 1394 2004 1448 De

360 1461 548 1530 spatio
573 1462 890 1516 vacationis
911 1463 1065 1517 sedis
1095 1463 1256 1532 plura
1286 1476 1394 1517 non
1429 1464 2006 1531 suppetunttestimo.

361 1533 485 1586 nia.
548 1533 624 1586 De
666 1533 1045 1597 successione,
1081 1547 1146 1588 ac
1193 1534 1499 1588 duratione
1542 1535 1697 1589 sedis
1740 1535 2000 1589 Pontiani

359 1603 502 1657 satis
528 1603 846 1672 perspicua,
879 1610 933 1658 et
963 1610 1114 1658 certa
1151 1604 1520 1674 protulimus,
1548 1605 1728 1660 eidezn
1753 1605 2006 1660 tribuen-

358 1680 442 1729 tes
489 1687 668 1728 annos
706 1687 760 1738 v,
813 1688 1032 1729 menses
1077 1689 1139 1737 ll,
1187 1689 1253 1730 ac
1289 1676 1416 1730 dies
1447 1676 1704 1742 totidem,
1758 1676 2004 1732 inclusis

356 1745 647 1811 extremis,
674 1759 742 1800 ex
774 1746 867 1801 die
899 1747 1192 1801 Dominica
1221 1747 1611 1802 ordinationis
1633 1762 1749 1803 sua:
1783 1745 1855 1803 29
1879 1748 2004 1802 Au-

356 1815 511 1886 gusti
551 1829 702 1872 anno
730 1814 835 1872 230
872 1817 939 1872 ad
984 1817 1136 1873 diem
1171 1815 1242 1874 3O
1271 1817 1524 1874 octobris
1563 1832 1712 1874 anno
1740 1816 1866 1888 235,
1899 1820 2004 1874 Se-

357 1899 487 1942 vero
517 1893 572 1941 et
599 1888 948 1955 Quinctiano
973 1901 1122 1943 coss.

431 1957 854 2030 Papebrochius
912 1960 1202 2028 opinatur,
1270 1959 1328 2014 in
1385 1959 1643 2030 catalogo
1696 1959 1997 2016 vetustiori

358 2028 676 2101 significari
721 2029 1139 2086 abdicationem
1185 2031 1445 2085 Pontiani
1491 2028 1712 2086 exsulis
1755 2045 1852 2101 per
1899 2031 1998 2086 illa

357 2099 524 2172 verba
554 2119 568 2172 ι
616 2103 676 2155 In
701 2102 909 2172 eadem
953 2103 1137 2154 insula
1165 2102 1470 2172 (Sardinia)
1494 2099 1786 2157 discinctus
1817 2107 1895 2157 est
1943 2115 1996 2156 tv

355 2171 634 2224 Kalendas
682 2171 945 2234 Octobris,
982 2178 1031 2226 et
1075 2174 1185 2226 loco
1235 2173 1354 2240 ejus
1396 2171 1685 2227 ordinatus
1707 2176 1996 2238 Ant/aeros,

356 2241 550 2311 Neque
584 2241 684 2313 illi;
707 2242 886 2310 placet
917 2243 1237 2299 emendatio
1276 2244 1535 2313 catalogo
1577 2244 1900 2300 adhibenda
1930 2258 1998 2300 ex

359 2318 517 2385 textu
567 2311 1022 2377 Bibliothecarii,
1065 2316 1164 2384 qui
1228 2315 1410 2370 nitide
1456 2311 1595 2385 legit
1640 2334 1652 2369 :
1701 2317 1765 2369 In
1817 2316 2003 2369 eadem

358 2383 540 2438 insula
597 2385 888 2450 defunctus
939 2391 1017 2439 est
1063 2383 1221 2439 tertio
1270 2383 1548 2440 Kalendas
1589 2387 1918 2452 Novembris,
1955 2393 2004 2440 et

355 2457 414 2507 iu
469 2455 587 2523 ejus
627 2456 800 2509 locum
846 2456 1134 2510 ordinatus
1177 2462 1256 2510 est
1312 2459 1589 2511 Antherus
1635 2471 1673 2511 ιι
1726 2459 2004 2512 Kalendas

356 2526 675 2599 Qecembris,
708 2534 996 2599 praeeunte
1017 2527 1071 2581 in
1097 2527 1264 2583 verba
1282 2529 1451 2582 etiam
1476 2530 1726 2583 secundo
1747 2529 2003 2599 catalogo

359 2595 564 2668 Felicis
590 2597 654 2668 ιγ
671 2595 736 2652 ex
761 2597 1109 2653 bibliotheca
1131 2599 1339 2668 regina:
1358 2600 1574 2654 Sueciaa
1593 2600 1658 2653 ad
1688 2613 1771 2652 ms
1807 2595 2002 2654 exem-

361 2667 482 2738 plar
517 2667 907 2722 Colbertinum
955 2676 1152 2724 exacto
1190 2667 1339 2738 apud
1381 2670 1847 2724 Schelestratium
1881 2688 1892 2723 :
1938 2672 2002 2723 In

356 2737 542 2790 eadem
587 2740 793 2800 insula,
847 2741 1105 2806 afﬂictus,
1153 2737 1395 2806 fustibus
1433 2747 1758 2806 maceratus,
1792 2742 2002 2807 defun-

353 2813 470 2860 ctus
495 2813 573 2862 est
609 2821 670 2863 ιιι
712 2809 837 2862 Kal.
864 2811 1176 2865 Novembris
1209 2828 1222 2863 :
1258 2810 1407 2865 nihil
1438 2812 1744 2866 admodum
1783 2824 2001 2866 memo-

356 2879 622 2951 rantibus
672 2879 1116 2936 Bibliothecario
1172 2888 1225 2936 et
1271 2881 1551 2951 catalogis
1604 2882 1674 2936 de
1726 2883 2000 2940 Pontiano

353 2950 632 3017 discincto,
666 2957 766 3006 aut
795 2951 1104 3006 abdicante.
1129 2952 1361 3006 Praestat
1387 2950 1568 3022 igitur
1588 2966 1834 3007 errorem
1855 2967 2000 3007 ama-

355 3022 594 3094 nuensis
627 3035 1030 3094 recOgnoscere
1059 3023 1116 3078 in
1149 3022 1267 3078 illis
1295 3024 1484 3094 verbis
1515 3025 1810 3078 discinctus
1842 3029 1919 3079 est
1947 3038 2000 3078 iv

352 3093 493 3178 Kal.
514 3092 942 3178 Octobris.un
975 3093 1530 3178 reddendafuerant
1562 3095 1813 3178 ﬁdelius,
1847 3097 1998 3178 utin
2033 3116 2082 3178 ρ

350 3163 608 3235 catalogo
641 3165 844 3220 Felicis
878 3167 941 3220 IV
970 3173 1026 3221 et
1065 3166 1122 3220 in
1174 3172 1331 3220 textu
1361 3167 1675 3232 Anastasii,
1709 3167 1998 3234 defunctus

349 3239 429 3288 est
474 3249 537 3289 ιιι
577 3237 859 3290 Kalendas
895 3239 1228 3294 Novembris.
1274 3238 1351 3292 De
1396 3238 1762 3294 ordinatione
1799 3238 1997 3294 Anteri

350 3317 585 3376 agemus
616 3321 853 3364 numero
875 3309 1157 3379 sequenti.

919 3429 1073 3470 NOTE
1102 3427 1428 3472 ιιιετοῐιιωε.

423 3520 596 3578 Linea
637 3519 688 3578 4.
733 3552 808 3564 -
841 3524 908 3577 1η
951 3522 1270 3577 Sardiniam
1316 3524 1374 3576 in
1423 3524 1664 3577 insulam
1715 3525 2000 3578 Bucinam.

349 3593 586 3662 Bucina,
610 3607 710 3650 seu
739 3594 986 3650 Buccina
1025 3596 1234 3665 exigua
1263 3594 1452 3649 insula
1474 3596 1694 3664 adjacet
1723 3596 2004 3651 Sardinia:

348 3665 421 3736 ad,
461 3678 616 3720 oram
663 3667 996 3722 orientalem
1029 3673 1226 3721 contra
1273 3667 1544 3736 oppidum
1605 3669 1771 3721 Terra
1803 3683 1998 3733 nuova,

349 3735 488 3790 olim
519 3738 852 3792 Phanasiam
898 3737 1116 3803 urbem,
1163 3743 1304 3793 teste
1345 3735 1702 3801 Baudrando,
1739 3738 2006 3806 appella—

351 3813 484 3878 tam.
519 3809 643 3876 Ipsa
691 3809 911 3864 dicitur
963 3809 1256 3878 indigenis
1306 3811 1450 3862 Isola
1488 3809 1576 3862 del
1624 3810 1898 3874 Tavolato,
1945 3810 2002 3864 in

353 3877 587 3949 longum
635 3885 864 3934 extensa
909 3877 1167 3949 quinque
1199 3880 1433 3933 circiter
1476 3878 1794 3948 milliariis,
1829 3887 1883 3934 et
1913 3882 2002 3935 via

350 3949 579 4004 duobus
613 3949 669 4004 in
696 3950 872 4004 latum
907 3963 1112 4019 :quam
1137 3950 1369 4018 quidam
1393 3949 1496 4019 (ait
1520 3951 1667 4006 idem
1706 3952 2001 4006 Baudran-

352 4019 463 4074 dus
514 4020 571 4074 in
624 4020 823 4075 Lexico
857 4021 1258 4090 geographico)
1288 4022 1594 4075 Hermazam
1637 4034 1668 4075 a
1702 4022 1999 4077 Ptolemaao

351 4090 471 4162 dici
505 4091 743 4146 volunt:
777 4090 875 4145 ubi
905 4098 1175 4146 memorat
1206 4091 1474 4148 laudatus
1499 4093 1748 4162 scriptor
1777 4093 2001 4162 relega-

353 4160 509 4214 tione
538 4168 821 4233 acmorte
859 4163 916 4216 S.
964 4163 1225 4217 Pontiani
1262 4177 1416 4232 papae
1448 4169 1501 4218 et
1535 4160 1822 4233 martyris,
1860 4160 2005 4218 illu-

352 4237 524 4302 strem
541 4232 842 4287 redditam.
859 4235 917 4288 1n
940 4234 1132 4288 eodem
1161 4233 1609 4302 paralleilojacet
1633 4232 1761 4289 cum
1793 4235 2006 4289 insulis

353 4301 575 4357 Pontiis
614 4320 626 4356 :
664 4317 808 4373 quas
862 4305 1077 4372 pariter
1128 4303 1379 4358 celebres
1429 4301 1736 4360 effecerunt
1794 4305 2004 4361 exsilia

352 4373 660 4429 Domitilla:
706 4375 952 4446 virginis
999 4381 1055 4430 et
1087 4376 1358 4446 martyris
1398 4375 1508 4430 sub
1554 4376 1901 4446 Domitiano,
1939 4385 2001 4432 ut

351 4450 573 4516 constat
615 4460 682 4502 ex
725 4444 858 4502 hist.
909 4446 1137 4502 Eusebii
1187 4445 1287 4500 lib.
1339 4459 1423 4516 lli,
1466 4460 1587 4514 cap.
1644 4444 1728 4513 li,
1779 4461 1996 4502 necnon

2121 487 2220 542 per
2247 490 2428 533 annos
2459 493 2513 532 xi
2563 479 2840 549 reliquias
2877 479 3136 533 Pontiani
3181 492 3247 533 ex
3288 480 3478 535 insula
3523 482 3782 536 Buccina

2119 549 2560 621 transvehendas
2581 563 2803 615 curare,
2827 556 2882 604 et
2914 551 3063 604 inter
3083 559 3408 606 sanctorum
3433 552 3718 621 pontiﬁcu
3746 567 3778 606 ιι

2115 620 2349 674 exuvias
2373 621 2654 689 deponere
2678 622 2735 676 in
2763 621 3090 677 clemeterio
3113 622 3384 677 Romano.
3417 620 3518 677 Sed
3549 623 3782 678 brevis-

2115 689 2298 762 simus
2329 693 2526 747 Anteri
2570 692 2938 762 pontiﬁcatus
2967 693 3033 747 ad
3069 691 3340 748 bimestre
3364 701 3622 761 Spatium
3664 709 3777 750 non

2117 761 2465 834 pertingens,
2498 761 2977 832 quemadmodum
3011 765 3276 834 sequenti
3309 778 3548 820 numero
3583 767 3780 822 mani—

2115 828 2468 905 festum—fiet,
2498 828 2725 904 copiam
2770 835 3018 904 pnebere
3051 828 3160 890 non
3209 836 3397 904 potuit
3435 837 3777 905 asportandi

2115 914 2180 956 ex
2228 903 2736 975 insulaSardiniaa
2772 903 3102 960 adharrenle
3129 903 3442 962 ad’Urbem
3490 903 3779 975 reliquias

2119 986 2300 1042 nuper
2340 973 2595 1032 defuncti
2637 978 2728 1032 sui
2778 977 3119 1043 decessoris,
3157 977 3404 1047 hyberna
3452 973 3777 1046 praisertim

2119 1049 2467 1114 tempestate,
2490 1054 2545 1101 et
2575 1048 2705 1103 odio
2738 1049 3033 1103 Maximini
3077 1050 3345 1103 saeviente
3375 1056 3575 1104 contra
3596 1051 3778 1104 libri-

2116 1116 2338 1172 stianos
2386 1118 2676 1188 praesules.
2722 1119 2860 1174 Vide
2901 1127 3067 1175 notas
3097 1120 3166 1175 ad
3194 1127 3526 1191 sequentem
3560 1135 3773 1177 nume-

2118 1200 2261 1242 rum.

2777 1277 3098 1334 CIACONII.

2185 1380 2455 1456 Linea_2.
2507 1414 2576 1424 —-
2623 1387 2888 1453 Martyrio
2930 1391 3242 1439 coronatur.
3301 1386 3382 1442 Ob
3436 1394 3773 1456 perpetuam

2115 1467 2315 1529 nempe
2349 1454 2477 1510 fidei
2503 1457 2726 1529 tuenda:
2747 1459 3151 1525 constantiam,
3182 1458 3376 1529 odium
3403 1454 3611 1529 ingens
3630 1472 3778 1529 gen-

2114 1525 2307 1598 tilium
2336 1528 2696 1582 sacerdotum
2731 1529 3055 1596 contraxit;
3091 1543 3289 1598 quare,
3322 1525 3492 1584 falsis
3517 1525 3778 1585 delatio—

2115 1595 2307 1658 nibus,
2341 1599 2489 1664 apud
2539 1599 2922 1653 Alexandrum
2972 1595 3394 1668 imperatorem,
3439 1608 3775 1663 accusatus,

2113 1669 2553 1740 cumrPhilippo
2599 1669 2924 1739 presbytero
2958 1670 3102 1724 Urbe
3133 1673 3368 1740 ejectus,
3420 1674 3475 1726 in
3521 1673 3774 1727 insulam

2111 1738 2459 1813 Sardiniam,
2494 1738 2854 1813 Bucinariam
2883 1738 3279 1812 cognomento,
3316 1738 3601 1813 relegatus
3629 1753 3719 1798 est
3760 1762 3773 1809 ;

2116 1810 2314 1879 ibique
2343 1811 2598 1880 martyrii
2636 1813 2875 1881 palmam
2908 1810 3166 1881 adeptus.

2183 1881 2488 1937 Ciaconius
2513 1883 2790 1940 Pontiano
2817 1887 3093 1938 Anterum
3121 1885 3413 1955 postponit

2841 1991 2998 2047 PAGI
3009 1992 3045 2045 l.

2179 2094 2233 2149 S.
2272 2094 2613 2167 Pontianus,
2668 2096 2900 2152 natione
2951 2098 3258 2166 Romanus,
3315 2111 3382 2154 ex
3436 2104 3599 2167 patre
3639 2101 3773 2156 Cal—

2115 2166 2342 2234 purnio,
2385 2167 2480 2221 die
2523 2167 2800 2238 vigesima
2850 2169 3101 2224 secunda
3153 2171 3367 2224 mensis
3409 2166 3569 2226 Junii
3629 2175 3770 2228 anni

2111 2238 2493 2310 ducentesimi
2556 2239 2844 2309 trigesimi
2903 2240 3192 2295 Romanus
3265 2240 3520 2310 pontifex
3573 2243 3772 2299 dictus

2113 2315 2218 2372 est,
2257 2309 2352 2362 sed
2386 2308 2582 2378 aliqua
2635 2308 2848 2378 potius,
2899 2318 2958 2365 ut
3005 2308 3278 2377 creditur,
3313 2312 3610 2367 calumnia
3650 2317 3774 2369 cir-

2113 2385 2474 2451 cumventus,
2523 2394 2690 2449 quam
2727 2381 3070 2436 Christiana:
3103 2383 3408 2451 religionis
3456 2398 3659 2450 causa,
3705 2386 3772 2440 ab

2111 2450 2435 2527 Alexandro
2464 2450 2829 2527 imperatore,
2870 2466 2980 2507 una
3020 2467 3153 2527 cum
3193 2450 3498 2527 Hippolyto
3527 2456 3774 2527 presby-

2115 2527 2242 2596 tero
2261 2523 2316 2596 in
2343 2521 2928 2596 insulamSardiniam
2954 2521 3382 2596 relegatus,'die
3403 2521 3595 2580 xxviii
3630 2521 3772 2596 Sep-

2114 2591 2509 2667 tembrisanni
2688 2591 3426 2663 pontificatum'abdicavit,
3465 2591 3769 2667 postquam

2114 2664 2564 2738 sedissetannos
2595 2667 2871 2738 quinque.
2905 2680 3124 2722 mens-es
3157 2675 3271 2722 tres
3296 2664 3507 2738 etdie’s
3533 2664 3770 2738 septem.

2110 2735 2274 2790 Tum.
2325 2735 2560 2790 Maximi
2615 2735 2978 2805 imperatoris
3024 2738 3310 2804 mandato,
3345 2735 3613 2796 fustibus
3639 2755 3771 2796 ver-

2115 2804 2346 2861 beratus
2396 2804 2731 2876 martyrium
2776 2812 3196 2864 consummavit
3232 2811 3328 2865 die
3365 2810 3596 2866 decima
3629 2826 3770 2867 nona

2113 2878 2328 2953 mensis
2343 2877 2678 2953 Novembris
2701 2879 2955 2948 ejusdem
2978 2883 3136 2953 anui,
3161 2883 3330 2950 cujus
3347 2895 3564 2950 corpus
3579 2891 3772 2953 postea

2109 2961 2140 3003 a
2171 2949 2416 3004 Fabiano
2451 2962 2590 3018 papa
2617 2951 2844 3005 Romam
2870 2951 3211 3007 translatum
3236 2949 3340 3018 est,
3376 2959 3431 3006 et
3455 2949 3528 3008 in
3555 2949 3771 3010 cmme—

2111 3021 2256 3076 terio
2283 3019 2508 3075 Callisti
2537 3021 2844 3090 sepultum.
2877 3025 3028 3078 Duas
3057 3037 3246 3079 mense
3275 3024 3575 3080 Decembri
3604 3027 3774 3080 ordi—

2110 3093 2372 3147 nationes
2421 3091 2643 3164 habuit,
2701 3093 3157 3164 presbyterorum
3214 3109 3331 3154 sex,
3385 3096 3768 3152 diaconorum

2110 3164 2388 3234 quinque.
2421 3163 2820 3235 episcoporum
2859 3163 2959 3235 per
2989 3167 3214 3221 diversa
3240 3167 3361 3221 loca
3391 3169 3772 3222 sex.Pontia-

2111 3248 2184 3310 no
2209 3234 2662 3310 decretalesduai
2689 3234 3082 3310 ascribuntur,
3104 3252 3230 3306 quae
3250 3252 3380 3293 cum
3408 3251 3476 3294 ex
3499 3240 3768 3310 Gregorii

2112 3307 2300 3380 Magni
2329 3313 2384 3360 et
2407 3307 2558 3380 Sixti
2587 3309 2901 3380 praesertim
2933 3309 3432 3364 laciniisconsuta:
3458 3311 3602 3380 sint,
3627 3307 3772 3365 viris

2111 3379 2298 3434 doctis
2327 3378 2714 3446 supposititize
2745 3385 3100 3448 reputantur.

2185 3450 2384 3503 Severo
2436 3449 2776 3521 imperatore
2811 3457 3053 3510 mortuo,
3087 3451 3438 3506 Christianis
3485 3467 3595 3521 pax
3630 3453 3769 3508 red-

2113 3520 2236 3576 dita
2263 3527 2367 3593 est,
2408 3528 2466 3575 ut
2500 3519 2665 3575 habet
2693 3520 2981 3592 Sulpitius
3010 3525 3269 3587 Severus,
3294 3526 3394 3592 qui
3431 3519 3528 3578 ubi
3556 3525 3629 3579 de
3656 3526 3779 3593 ejus

2117 3597 2297 3646 morte
2329 3591 2558 3646 locutus
2605 3599 2709 3658 est,
2761 3591 2884 3647 ait:
2926 3614 2950 3645 (ι
2994 3591 3326 3663 ΙιιῐθιἹΘοιὶέ
3357 3595 3573 3650 deinde
3611 3591 3783 3650 annis

2115 3676 2213 3718 vtit
2270 3669 2324 3717 et
2371 3677 2504 3730 xxx,
2541 3677 2647 3730 pax
2679 3664 3030 3719 Christianis
3072 3663 3206 3728 fuit,
3244 3666 3358 3720 nisi
3393 3667 3547 3734 quod
3594 3668 3782 3721 medio

2117 3740 2368 3803 tempore
2408 3734 2758 3789 Maximinus
2803 3736 3209 3791 nonnullarum
3253 3737 3646 3792 Ecclesiarum
3680 3738 3784 3792 cie

2117 3807 2269 3860 ricns
2317 3806 2557 3862 vexavit.
2608 3823 2632 3855 ι)
2667 3805 2738 3859 ab
2783 3821 2932 3862 anno
2975 3815 3163 3862 autem
3196 3805 3322 3874 2H,
3359 3808 3551 3862 Severi
3586 3823 3780 3863 emor-

2117 3875 2282 3944 tuali,
2316 3876 2384 3931 ad
2408 3890 2620 3931 annum
2649 3874 2774 3945 2i9,
2801 3892 2915 3947 quo
2947 3880 3154 3933 Decius
3185 3881 3486 3946 septimam
3522 3893 3780 3948 persecu-

2118 3948 2329 4003 tionem
2369 3949 2736 4012 instauravit,
2759 3949 2894 4002 anni
2927 3949 2996 4004 38
3029 3951 3490 4018 interjiciuntur.
3523 3952 3653 4005 Ideo
3672 3965 3780 4005 au-

2119 4029 2227 4074 tem
2269 4019 2559 4088 Sulpitius
2601 4027 2713 4073 tam
2738 4019 2934 4088 jejune
2964 4021 3033 4074 de
3080 4023 3479 4090 persecutione
3521 4035 3554 4076 a
3589 4023 3780 4076 Maxi-

2117 4091 2272 4146 mino
2302 4092 2642 4159 imperatore
2670 4090 3232 4160 excitata,|oquitur.
3263 4093 3398 4161 quia
3431 4105 3492 4146 ea
3519 4107 3632 4146 non
3672 4092 3782 4148 fuit

2119 4161 2485 4223 universalis,
2509 4161 2622 4233 sed
2654 4168 2875 4233 tantum
2924 4163 3125 4216 Iocalis
3157 4180 3172 4233 ;
3214 4163 3597 4218 Firmilianus
3624 4167 3779 4218 enim

2115 4234 2378 4288 Caesarem
2409 4234 2464 4305 in
2493 4231 2848 4305 Cappadocia
2873 4231 3179 4302 episcopus
3212 4234 3270 4288 in
3299 4234 3544 4302 epistola
3574 4237 3647 4289 ad
3672 4236 3784 4305 Cy-

2120 4305 2408 4372 prianum,
2444 4303 2684 4374 loquens
2719 4303 2790 4358 de
2822 4305 3118 4374 alaxiinini
3155 4306 3578 4374 persecutione,
3619 4314 3680 4360 et
3713 4303 3783 4361 de

2117 4374 2385 4446 fidelibus
2404 4373 2695 4446 hucatque
2715 4374 2856 4429 illuc
2875 4373 3251 4445 fugientibus.
3270 4377 3377 4431 ait:
3407 4397 3432 4426 (ι
3451 4377 3783 4431 Erattrans-

2115 4446 2290 4501 eundi
2320 4444 2582 4517 facultas,
2607 4444 2681 4501 'eo
2721 4447 2870 4516 quod
2922 4444 3244 4514 persecutio
3273 4447 3375 4502 illa
3405 4462 3517 4502 non
3553 4462 3655 4517 per
3687 4456 3782 4504 to-

350 4515 579 4588 Silverii
628 4531 782 4586 papae
830 4518 939 4573 sub
979 4517 1308 4573 Justiniano
1337 4509 1995 4588 ex'Lib'erato’diacono,
2030 4509 2084 4570 D
2117 4523 2233 4573 tum
2271 4509 2581 4584 mundum,
2614 4517 2707 4571 sed
2738 4509 2952 4572 'localis
2985 4517 3211 4574 fuisset.
3249 4536 3274 4567 υ
3311 4521 3369 4572 In
3403 4533 3468 4572 ea
3503 4509 3781 4588 persecu—

351 4586 449 4661 qui
475 4588 822 4661 Palmarium
845 4590 1040 4658 (unam
1054 4603 1121 4644 ex
1135 4588 1376 4661 Pontiis)
1405 4586 2000 4660 illiusdeportationis

356 4657 604 4714 insulam
638 4662 916 4716 nominat.

423 4730 593 4785 Linea
641 4729 677 4786 8
713 4738 769 4786 et
810 4729 864 4786 9.
911 4762 978 4771 —
1022 4732 1185 4798 Quem
1237 4733 1422 4787 beatus
1452 4732 1732 4788 Gavianus
1762 4733 2002 4786 addumit

349 4815 471 4873 cum
509 4803 648 4856 clero
684 4819 781 4871 per
808 4819 1016 4870 nauem,
1055 4809 1104 4858 et
1143 4805 1386 4873 sepelivit
1432 4807 1490 4858 in
1538 4806 1828 4858 eameterio
1865 4804 1999 4859 Cal-

353 4872 497 4925 limti.
538 4873 680 4928 Ilinc
713 4873 952 4930 fortasse
991 4872 1274 4942 escriptor
1313 4876 1601 4930 Anastasii
1637 4877 1993 4931 occasionem

348 4943 603 5015 arripuit
655 4945 1034 5015 pervertendi'
1063 4946 1321 5002 ordinem
1363 4947 1511 5001 inter
1550 4948 1888 5001 Pontianum
1943 4951 1998 5001 et

353 5013 803 5088 Anterumeum
833 5019 984 5072 enim
1013 5017 1267 5088 legereta
1300 5018 1548 5088 Faviano
1567 5025 1828 5072 curatum
1861 5031 1998 5072 cor-

353 5099 460 5153 pus
475 5087 1092 5146 Pontianidecessorisl
1108 5095 1162 5144 et
1183 5087 1574 5144 aliundefalso
1589 5089 1996 5158 assumpsissei

353 5168 450 5224 per
477 5170 660 5215 annos
691 5159 952 5215 undecim
976 5161 1196 5214 sedisse
1219 5160 1491 5214 Anterum
1515 5173 1582 5214 ex
1609 5160 1998 5215 vitiosaChro-

354 5227 581 5298 nologia
611 5243 782 5300 quam
803 5230 1151 5302 sequebatur
1182 5248 1197 5297 ;
1226 5231 1578 5298 opinandum
1615 5231 1807 5299 potius
1827 5231 1998 5286 duxit

2114 4589 2269 4644 tione
2293 4590 2607 4643 Pontianus
2630 4589 2918 4644 Romanus
2939 4589 3192 4657 pontifex
3211 4592 3550 4660 martyrium
3568 4591 3777 4659 subiit,

2117 4661 2329 4740 ultjam
2359 4661 2581 4740 dictum
2609 4666 2712 4740 est.
2749 4660 3052 4740 legendus
3078 4661 3362 4717 Eusebius
3386 4661 3486 4740 lib.
3526 4676 3603 4716 vi.
3649 4676 3778 4730 cap.

2110 4729 2201 4796 28,
2238 4730 2334 4785 ubi
2357 4729 2581 4797 scribit,
2617 4729 2989 4785 Maximinum
3025 4731 3169 4788 hanc
3192 4735 3649 4801 persecutionem
3672 4729 3780 4787 ex-

2112 4804 2340 4858 citasse.
2386 4802 2543 4872 gravi
2594 4801 2726 4856 odio
2771 4815 3109 4858 succensum
3166 4805 3442 4858 adversus
3482 4804 3771 4858 familiam

2111 4873 2418 4928 Alexandri
2455 4872 2836 4944 imperatoris.
2874 4873 2932 4927 in
2967 4887 3078 4943 qua
3112 4874 3370 4944 plerique
3401 4883 3570 4930 erant
3600 4875 3776 4930 Chri—

2111 4946 2312 5007 stiani,
2353 4951 2410 5000 et
2439 4953 2628 5015 postea
2665 4943 2908 5016 subdit:
2957 4946 3070 5010 Quo
3113 4943 3346 5016 tempore
3385 4947 3652 5013 Origenes
3698 4948 3775 4999 li-

2113 5017 2269 5070 brum
2313 5017 2384 5072 de
2443 5015 2713 5084 martyrio
2769 5019 3084 5084 composuit.
3156 5015 3320 5086 quem
3369 5018 3668 5071 Ambrosio
3723 5025 3771 5071 et

2109 5090 2404 5142 Prototecto
2443 5087 2790 5142 Cassariensis
2818 5087 3084 5150 Ecelesiw,
3108 5089 3421 5157 presbytero
3469 5089 3767 5143 dedicavit.

2112 5157 2277 5234 Liber
2310 5158 2407 5214 ille
2431 5157 2698 5234 Qrigenis
2726 5157 2796 5213 de
2826 5159 3222 5234 exhortatione
3246 5160 3316 5216 ad
3363 5162 3707 5234 martyrium
3736 5173 3769 5219 a

2113 5231 2311 5299 paucis
2339 5231 2508 5285 annis
2545 5229 2776 5283 Basilea:
2813 5230 3046 5298 prodiit.

1937 5561 1946 5574 ⁴
1961 5549 2205 5582 νᾸ“οτεὝ--
2225 5559 2250 5580 -ὶ
