4070 6178
260 287 393 348 4344

1113 289 1426 348 HISTORIA
1462 292 1551 348 DE
1589 291 1765 348 VITIS
1803 289 1967 347 ROM.
2012 291 2210 348 PONT.
2240 320 2315 332 —
2349 292 2406 348 S.
2448 292 2800 349 FABIANUS.

3523 292 3665 352 1342

3337 425 3653 434 w

1361 584 1553 652 XXI.
1623 584 1998 653 SANCTUS
2075 585 2258 652 FABI
2273 586 2372 654 ΔΝ
2383 582 2484 652 US
2501 627 2520 650 .

1285 818 1466 862 ANNO
1525 817 1777 863 CHRISTI
1821 802 1958 874 238,
2014 817 2331 862 MAXIMINI
2371 817 2511 860 IMP.
2557 801 2616 860 2.

1855 987 2066 996 ————.—_

572 1102 672 1164 21
709 1101 1091 1175 Fabianus,
1126 1101 1402 1166 natione
1431 1104 1798 1178 Romanus,
1832 1121 1912 1167 ea
1943 1107 2152 1186 patre
2173 1105 2388 1170 Facio
2417 1115 2446 1147 ι
2470 1105 2648 1170 sedit
2679 1121 2896 1169 annos
2922 1105 3450 1188 guatuordecim,
3481 1121 3658 1167 men-

491 1217 595 1264 ses
625 1200 861 1278 decem,
893 1200 1036 1263 dies
1060 1201 1372 1264 undecim
1397 1200 1445 1262 δ.
1475 1201 1823 1280 Martyrio
1849 1207 2238 1268 coronatur.
2280 1203 2450 1266 Fuit
2477 1207 2710 1267 autem
2743 1203 3153 1285 temporibus
3179 1202 3556 1266 Maximini
3595 1206 3658 1264 et

491 1297 818 1380 Africani
849 1315 1058 1378 usque
1087 1299 1179 1363 ad
1217 1299 1496 1363 Decium
1521 1311 1546 1341 ο
1594 1301 1963 1364 secundum
1991 1304 2057 1364 et
2089 1301 2516 1375 Quadratum
2546 1301 2597 1380 ἀ,
2627 1306 2688 1365 et
2698 1318 2954 1384 passus
2977 1306 3077 1365 est
3106 1320 3173 1363 Iv
3196 1300 3491 1365 Kalend.
3525 1301 3661 1362 Fe-

491 1395 832 1460 bruarias.
861 1396 998 1460 Hic
1025 1398 1332 1478 regiones
1344 1397 1592 1462 divisit
1614 1398 2031 1476 diaconibus,
2055 1402 2120 1462 et
2143 1397 2310 1480 fecit
2337 1403 2588 1482 septem
2609 1400 3072 1476 subdiaconos,
3108 1399 3228 1481 qui
3251 1403 3502 1480 septem
3532 1415 3662 1462 no—

411 1497 448 1557 5
492 1495 703 1558 tariis
730 1493 1188 1573 imminerent,
1236 1499 1317 1560 ut
1345 1501 1538 1577 gesta
1568 1499 1960 1576 martyrum
2010 1496 2083 1558 in
2143 1497 2409 1575 integro
2474 1497 2877 1579 colligerent
2909 1521 2934 1577 ,ο
2963 1501 3028 1560 et
3065 1499 3319 1559 multas
3367 1496 3661 1564 fabricas

491 1610 608 1673 per
671 1591 1047 1654 coemeteria
1111 1592 1256 1660 ﬁeri
1309 1595 1643 1674 praecepit.
1703 1606 1728 1636 θ
1774 1597 1874 1658 Et
1916 1597 2074 1676 post
2127 1595 2519 1676 passionem
2580 1597 2756 1676 ejus,
2819 1599 3088 1675 Mog/ses
3167 1599 3232 1659 et
3305 1597 3662 1662 Maximus

480 1688 890 1771 presbyteri,
940 1693 1005 1753 et
1031 1691 1476 1755 Nicostratus
1515 1692 1842 1755 diaconus
1865 1690 2322 1774 comprehensi
2363 1695 2529 1756 sunt
2561 1695 2625 1755 et
2655 1691 2727 1754 in
2765 1709 3097 1756 carcerem
3147 1693 3344 1756 missi
3388 1699 3555 1758 sunt
3612 1694 3655 1754 ί.

491 1787 738 1851 Eodem
804 1790 1097 1868 tempore
1161 1789 1548 1868 supervenit
1612 1792 1914 1853 Novatus
1965 1807 2045 1852 ex
2096 1787 2344 1870 Africa,
2401 1791 2466 1853 et
2547 1789 2886 1869 separavit
2939 1790 3020 1852 de
3081 1791 3378 1854 Ecclesia
3442 1795 3659 1856 Nova—

488 1885 775 1963 tianum,
848 1889 915 1946 et
970 1885 1295 1965 quosdam
1347 1887 1773 1966 coufessores,
1857 1890 2215 1967 postquam
2296 1890 2565 1966 Mog/ses
2644 1886 2991 1968 presbyter
3053 1888 3133 1950 in
3211 1904 3474 1951 carcere
3541 1891 3661 1952 de—

371 1985 444 2046 lO
479 1981 769 2064 functus
807 1987 928 2062 est,
963 1984 1084 2064 qui
1109 1983 1257 2065 fuit
1276 1983 1374 2048 ibi
1420 2002 1675 2048 menses
1702 2003 1790 2064 xI,
1839 1985 2012 2048 sicut
2040 1988 2104 2049 et
2130 1985 2328 2047 multi
2360 1983 2632 2048 fuerunt
2683 1996 2734 2045 ε.
2783 1987 2924 2050 Hic
2973 1985 3136 2064 fecit
3189 1985 3660 2048 ordinationes

485 2081 784 2163 quinque
801 2097 933 2161 per
969 2099 1254 2144 mensem
1284 2082 1661 2146 Decembris
1695 2104 1707 2144 :
1734 2082 2169 2164 presbyteros
2197 2083 2462 2164 viginti
2490 2083 2677 2160 duos,
2710 2081 3026 2144 diaconos
3072 2085 3348 2162 septem,
3395 2083 3662 2162 episco—

483 2196 600 2259 pos
644 2195 759 2261 per
787 2178 1051 2242 diversa
1075 2181 1218 2242 loca
1248 2195 1524 2244 numero
1567 2181 1897 2244 undecim.
1951 2182 2083 2257 Qui
2107 2181 2312 2244 etiam
2339 2179 2657 2263 sepultus
2679 2183 2778 2244 est
2822 2181 2902 2244 in
2954 2181 3314 2244 caemeterio
3365 2179 3652 2246 Calidii.

485 2278 602 2342 eia
646 2276 900 2359 Appia,
941 2295 1054 2340 xxv
1076 2276 1373 2342 Kalend.
1417 2277 1807 2343 Februarii.
1851 2281 1949 2343 Et
1973 2280 2264 2344 cessaoit
2298 2279 2728 2361 episcopatus
2757 2278 2906 2342 dies
2951 2281 3204 2360 septem
3240 2277 3292 2322 ιι-

1415 2409 1910 2474 CATALOGUS
1959 2412 2116 2474 SUB
2169 2412 2527 2474 LIBERIO.

327 2516 671 2581 Fabianus
702 2533 916 2579 annos
954 2514 1480 2598 quatuordecim,
1514 2532 1812 2580 mensem
1850 2533 2085 2597 unum,
2139 2516 2281 2580 dies
2325 2517 2574 2581 decem.
2620 2517 2776 2580 Fuit
2819 2516 3232 2600 temporibus
3261 2515 3644 2596 Maximini,

243 2619 310 2678 et
349 2614 798 2701 Gordianihet
823 2613 1147 2693 Philippi,
1183 2632 1224 2676 a
1275 2615 1631 2677 consulatu
1675 2613 2030 2677 Maximini
2061 2616 2126 2678 et
2148 2613 2471 2696 Africani,
2526 2633 2742 2696 usque
2790 2616 2988 2678 Decio
3023 2634 3072 2679 II
3110 2618 3176 2678 et
3222 2617 3452 2678 Grato.
3481 2617 3642 2677 Pas-

244 2731 364 2774 sus
416 2730 533 2774 xm
566 2711 849 2774 Kalend.
903 2711 1323 2775 Februarias.
1362 2711 1485 2774 Hic
1515 2712 1825 2790 regiones
1873 2711 2103 2773 divisit
2157 2711 2576 2792 diaconibus,
2621 2715 2687 2776 et
2734 2715 2988 2776 multas
3029 2712 3321 2776 fabricas
3363 2729 3481 2791 per
3518 2729 3657 2775 coe—

250 2810 531 2872 meteria
560 2809 705 2871 ﬁeri
737 2809 964 2888 jussit,
998 2812 1146 2889 post
1189 2810 1569 2889 passionem
1598 2809 1746 2889 ejus
1775 2811 2036 2891 Moyses
2070 2813 2137 2872 et
2164 2810 2502 2873 Maximus
2528 2810 2919 2892 presbyteri,
2953 2814 3018 2874 et
3050 2811 3467 2876 Nicostratus
3506 2809 3660 2874 dia-

248 2925 459 2971 conus
509 2908 963 2987 comprehensi
1009 2910 1188 2988 sunt,
1253 2911 1318 2971 et
1374 2907 1444 2970 in
1485 2923 1814 2972 carcerem
1863 2911 2022 2971 sunt
2058 2908 2252 2972 missi
2289 2931 2300 2972 :
2347 2923 2422 2972 eo
2470 2911 2766 2991 tempore
2824 2910 3209 2989 supervenit
3238 2912 3535 2973 Novatus
3578 2924 3660 2973 ex

246 3006 494 3087 Africa,
537 3009 602 3069 et
646 3006 981 3085 separavit
1012 3005 1092 3069 de
1121 3005 1416 3071 Ecclesia
1454 3006 1929 3087 Novatianum,
1977 3010 2042 3070 et
2073 3006 2397 3089 quosdam
2436 3007 2864 3087 coufessores,
2898 3010 3254 3089 postquam
3284 3009 3545 3089 Moyses
3586 3007 3656 3069 in

244 3120 506 3168 carcere
538 3102 889 3166 defunctus
921 3106 1020 3167 est
1051 3103 1166 3186 qui
1197 3103 1324 3166 fuit
1356 3103 1450 3167 ibi
1487 3120 1752 3168 menses
1781 3104 2114 3184 undecim,
2147 3104 2291 3168 dies
2317 3103 2650 3167 undecim.

1415 3221 1693 3266 NOTULA‘Z
1717 3221 2134 3268 MARGINALES
2175 3221 2496 3265 FABRO'I‘TI

315 3302 534 3359 'Fabio
565 3302 663 3358 CB.
696 3300 726 3344 δ
775 3304 838 3365 Β,
869 3315 962 3358 an.
990 3300 1076 3374 15,
1105 3303 1168 3359 d.
1194 3299 1248 3358 4.
1270 3313 1296 3344 c
1325 3303 1388 3369 B,
1417 3301 1716 3369 Gordiani,
1738 3299 1995 3370 Philippi
2027 3305 2083 3356 et
2110 3299 2269 3356 Decii
2301 3313 2333 3356 a
2365 3313 2514 3356 coss.
2547 3299 2782 3354 Maxim.
2811 3299 2956 3372 Aug.
2987 3305 3044 3356 et
3071 3299 3266 3356 Africa
3299 3300 3368 3357 ad
3417 3300 3650 3357 Decium

240 3398 302 3449 et
329 3391 691 3450 Hetruscum.
719 3393 749 3437 ά
774 3394 829 3450 C.
877 3407 972 3450 xiv
1003 3393 1106 3448 Kal
1137 3404 1163 3434 ο
1199 3393 1336 3447 Vide
1371 3393 1574 3447 Baron.
1624 3405 1717 3445 an.
1765 3390 1949 3445 eodem
1993 3387 2122 3453 253,
2165 3406 2221 3460 p.
2259 3386 2383 3446 424.
2414 3387 2438 3430 ἰ
2475 3388 2614 3446 Vide
2647 3389 2778 3444 Bar.
2822 3406 2917 3444 an.
2949 3387 3075 3446 254.
3106 3389 3217 3462 KC,
3250 3395 3308 3447 et
3353 3390 3441 3448 sic
3486 3389 3652 3448 multi

239 3481 566 3539 Christiani
595 3482 887 3556 fugerunt.
919 3482 950 3526 ιι
980 3483 1020 3539 C
1049 3495 1168 3538 sex.
1197 3483 1241 3536 B
1271 3495 1362 3538 an.
1397 3485 1454 3538 et
1483 3480 1634 3552 plus.

1553 3613 1835 3676 VARIZE
1872 3611 2357 3676 LECTIONES.

511 3741 683 3812 Apud
721 3741 1038 3798 Fabrottum
1069 3755 1138 3796 ea:
1175 3739 1353 3795 codice
1384 3739 1621 3794 Freheri.

316 3831 479 3885 Num.
524 3827 615 3894 21,
663 3831 740 3884 lin
768 3828 818 3886 1.
853 3830 1140 3886 Fabianus
1170 3842 1235 3884 ex
1283 3834 1442 3898 patre
1464 3825 1772 3898 Fabio._A,
1800 3840 1892 3882 an.

247 3899 331 3956 13.
366 3902 464 3954 lin.
499 3898 600 3955 1et
635 3900 687 3967 2,
727 3904 771 3958 Α
810 3915 884 3956 In.
928 3910 973 3964 I,
1005 3902 1060 3957 d.
1096 3898 1182 3962 10,
1232 3895 1298 3962 Β,
1329 3914 1401 3952 m.
1451 3896 1534 3964 11,
1578 3899 1633 3954 d.
1674 3895 1759 3952 11.
1795 3900 1893 3952 lin.

238 3972 298 4042 2,
327 3972 416 4027 ΑΒ
450 3973 700 4028 Maximi.
746 3974 845 4026 lin.
873 3969 990 4042 ἔξει
1038 3970 1090 4037 4,
1117 3973 1183 4042 Β,
1213 3968 1278 4026 43
1322 3970 1534 4042 Kalend
1583 3969 1894 4042 FebrLlin.

240 4039 296 4106 4.
346 4045 409 4105 Β,
442 4051 497 4098 et
523 4042 660 4099 fecit
706 4045 856 4100 diac.
887 4039 942 4098 7.
1002 4044 1100 4097 lin.
1155 4040 1207 4108 5,
1259 4043 1316 4112 Β,
1376 4040 1623 4097 ﬁdeliter
1655 4040 1900 4112 collige—

241 4121 392 4171 rent.
421 4115 521 4168 lin.
544 4112 627 4181 10,
657 4116 719 4186 B,
741 4114 908 4172 multi
932 4113 1230 4170 Manichaei
1256 4111 1529 4185 fugerunt
1549 4125 1648 4182 per
1671 4111 1896 4168 diversa

243 4187 392 4242 loca.

477 4276 563 4330 Em
591 4275 770 4330 codice
794 4275 974 4343 Regio,
1017 4274 1302 4329 Mazarino
1328 4276 1379 4328 et
1416 4273 1662 4328 Thuano.

315 4367 434 4420 Lin.
472 4363 519 4418 1.
549 4365 838 4420 Fabianus
863 4377 917 4418 n.
947 4363 1010 4417 Β.
1055 4375 1122 4417 ex
1155 4369 1314 4432 patre
1339 4361 1512 4432 Fabio
1539 4377 1587 4416 s.
1619 4374 1674 4416 a.
1704 4358 1788 4420 44.
1823 4375 1897 4416 In.

242 4433 333 4504 11,
365 4436 426 4490 d.
462 4434 544 4490 11.
581 4437 918 4492 Fuitautem
951 4440 991 4489 t.
1028 4431 1282 4504 Maximi.
1314 4435 1410 4487 lin.
1439 4431 1494 4495 3,
1521 4434 1896 4504 Quadratum.

239 4501 349 4562 llic
379 4509 640 4577 regiones
669 4507 726 4562 (1.
758 4506 1046 4572 diaconis,
1076 4511 1132 4559 et
1156 4503 1194 4577 1'.
1225 4501 1586 4577 7Adiacon9s.
1620 4505 1718 4577 lin:
1753 4502 1808 4573 5,
1840 4505 1898 4559 in

243 4573 471 4648 integré
496 4593 544 4634 c.
578 4579 764 4650 (Maz.,
795 4578 852 4634 in
888 4576 1195 4650 integrum)
1226 4575 1358 4650 ;hic
1385 4588 1458 4650 I_n.
1493 4573 1532 4629 f.
1551 4577 1664 4650 Δ11η.
1687 4574 1741 4638 6,
1767 4589 1902 4650 prae-

237 4642 414 4719 cepii.
446 4642 924 4720 Post'passionem
947 4642 1078 4704 vero
1107 4642 1239 4716 ejus
1260 4647 1358 4701 lin.
1385 4642 1441 4720 7,
1460 4647 1605 4720 etAin
1633 4661 1683 4703 c.
1712 4642 1894 4702 missi.

236 4715 367 4776 eod.
398 4721 496 4775 lin.
525 4721 581 4785 8,
603 4715 616 4720 ’
636 4721 940 4790 separavit.
993 4715 1157 4784 Mazi,
1187 4731 1357 4790 separ
1375 4719 1476 4790 (in.
1519 4715 1571 4783 9,
1612 4724 1793 4790 postq.
1823 4720 1896 4773 M.

238 4792 299 4846 in
331 4794 560 4849 carc.d.
593 4786 810 4854 lin.'10,
843 4791 998 4847 sicut
1025 4796 1081 4845 et
1112 4786 1286 4859 multi
1308 4789 1411 4845 alii
1441 4787 1478 4844 f.
1529 4786 1626 4843 lin.
1661 4786 1901 4859 11,'pre-

236 4862 392 4933 sbyt.
439 4862 528 4920 12.
563 4866 729 4929 Man,
765 4860 856 4918 22.
891 4863 968 4916 lin
998 4859 1085 4924 12,
1119 4861 1240 4917 loca
1269 4858 1352 4930 11,
1384 4860 1484 4930 qui
1525 4861 1696 4933 etiam
1733 4858 1899 4933 Amar-

237 4928 396 5004 tyrio
425 4928 736 4992 coronatus
767 4938 872 5001 est,
901 4939 959 4989 et
983 4947 1101 5001 sep.
1133 4933 1192 4988 in
1216 4928 1352 4988 cim.
1383 4928 1482 4987 lin.
1522 4928 1606 5003 13,
1630 4931 1688 4988 d.
1721 4930 1776 4987 6.

685 5024 773 5078 Ea:
801 5022 982 5077 codice
1011 5022 1237 5076 Thuano
1271 5022 1463 5076 altero.

301 5113 430 5167 Lin.
463 5111 511 5180 1,
541 5111 736 5168 Fabio.
765 5112 864 5166 lin.
889 5107 940 5180 1,
967 5108 1022 5174 2,
1043 5124 1114 5166 In.
1139 5106 1224 5165 11.
1249 5111 1349 5164 lin.
1369 5109 1424 5180 2,
1445 5109 1701 5167 Maximi.
1722 5110 1819 5164 lin.
1843 5107 1898 5165 3.

1921 3739 1976 3798 A
2007 3735 2244 3792 Kalend.
2273 3737 2411 3791 Jam.
2443 3735 2543 3806 lin.
2569 3733 2624 3798 5.
2661 3735 3029 3806 inintegrum
3053 3750 3103 3791 c.
3137 3735 3236 3790 lin.
3269 3735 3323 3805 9,
3356 3738 3574 3802 Moyses
3597 3735 3654 3792 in

2006 3821 2156 3863 carc.
2180 3809 2235 3863 d.
2271 3821 2315 3861 c.
2353 3808 2455 3861 lin.
2489 3804 2574 3874 10,
2606 3821 2678 3862 m.
2715 3804 2799 3876 11,
2829 3804 2914 3890 sic
2943 3814 3000 3862 et
3024 3807 3546 3935 multiélhristiani
3575 3807 3658 3865 fu-

2007 3885 2232 3935 gerunt.
2268 3879 2366 3932 Im.
2402 3875 2488 3933 13.
2519 3891 2625 3934 ιιι(
2653 3877 2778 3934 Kal.
2810 3879 2909 3932 lin.
2943 3879 3088 3935 ead..
3122 3879 3177 3935 d.
3250 3920 3262 3933 .

2007 3885 2232 3950 gerunt.
2268 3879 2366 3932 Im.
2402 3875 2488 3933 13.
2519 3891 2625 3934 ιιι(
2653 3877 2778 3934 Kal.
2810 3879 2909 3932 lin.
2943 3879 3088 3946 ead.,
3122 3879 3177 3935 d.
3211 3875 3262 3935 6.

2269 4005 2440 4075 Apud
2477 4005 2818 4060 Holstenium
2843 4009 2894 4059 et
2921 4004 3390 4062 Schelestratium.

2076 4129 2252 4203 Lucas
2289 4129 2480 4203 _Holst_.
2531 4149 2546 4184 :
2585 4129 2724 4203 ‘Vita
2777 4128 2893 4203 haec
2937 4128 3208 4203 habetur_
3239 4130 3462 4203 integra
3507 4130 3657 4203 apud

2007 4200 2552 4271 Momhritium._lin.
2577 4198 2624 4267 1,
2661 4201 2908 4268 Mombr.,
2937 4215 3118 4257 annos
3149 4199 3236 4271 13,
3269 4198 3396 4258 sine
3417 4198 3656 4259 mensib.

2008 4280 2065 4328 et
2091 4271 2246 4327 dieb.
2282 4273 2382 4326 lin.
2423 4269 2479 4334 2,
2507 4287 2688 4326 omnes
2737 4273 2893 4326 codd.
2952 4288 3104 4338 mss.,
3138 4269 3393 4341 maximi,
3453 4275 3554 4328 lin.
3603 4272 3657 4340 3,

2008 4345 2176 4418 Flora,
2213 4343 2366 4418 Cass.
2392 4348 2454 4418 et_
2473 4345 2626 4418 Vat_.,
2649 4343 2912 4418 multa).
2937 4345 3033 4398 lin.
3062 4342 3122 4418 ὅ,
3149 4346 3655 4418 1η-1ηιεςιυο,ίιίε9.,

2014 4416 2140 4469 Vat.
2173 4420 2224 4468 et
2249 4417 2392 4471 Flor.
2422 4412 2474 4480 2,
2507 4415 2643 4469 add.
2671 4424 2726 4470 et
2753 4414 3020 4471 ﬁdeliter.
3057 4415 3156 4468 lin.
3187 4415 3241 4479 6,
3268 4422 3323 4471 et
3355 4412 3654 4482 MaXimus,

2008 4486 2208 4540 Momb.
2253 4486 2385 4540 add.
2434 4492 2491 4542 et
2534 4487 2844 4542 Proximus
2887 4487 2988 4539 lin.
3047 4483 3131 4549 10,
3166 4487 3428 4547 Floreat,
3471 4493 3528 4541 et
3573 4487 3660 4540 sic

2012 4556 2178 4612 multi
2202 4556 2525 4627 Christiani
2557 4556 2830 4627 fugerunt
2869 4570 2968 4626 per
2996 4556 3225 4627 diversa
3252 4556 3394 4612 loca.
3417 4558 3505 4610 Ita
3531 4571 3662 4626 quo-

2007 4644 2112 4755 ?{wi
2150 4629 2387 4682 Floreat.
2437 4626 2490 4693 2,
2525 4632 2575 4681 et
2609 4626 2734 4682 Vat.
2787 4643 2850 4681 ac
2883 4630 3013 4693 Reg.
3057 4626 3156 4680 lin.
3189 4627 3314 4693 ult.,
3373 4627 3494 4682 Vat.
3551 4640 3654 4682 xm

2057 4711 2087 4754 8
2118 4738 2132 4752 .

2325 4786 2496 4857 Apud
2521 4787 2742 4842 Peniam
2771 4801 2839 4841 ea:
2867 4786 3046 4842 codice
3090 4786 3336 4843 Cavensi.

2076 4894 2200 4948 Lin.
2251 4889 2299 4960 1,
2341 4906 2561 4949 menses
2589 4907 2670 4954 xl,
2719 4893 2776 4948 d.
2837 4906 2916 4948 xI.
2969 4894 3067 4947 lin.
3124 4891 3176 4961 2,
3227 4893 3460 4950 Maximi
3494 4893 3659 4950 Afri-

2007 4965 2295 5036 cani.ilir..
2321 4962 2374 5032 8,
2409 4965 2504 5020 sed
2538 4965 2732 5021 eodem
2765 4971 3018 5036 tempore
3046 4967 3376 5036 supervenit
3406 4968 3659 5022 Novatus

2008 5051 2076 5093 ex
2106 5035 2319 5105 Africa,
2347 5041 2404 5092 et
2455 5037 2742 5105 separavit
2765 5037 2836 5093 de
2881 5035 3134 5094 Ecclesia
3163 5037 3568 5104 Novatianum,
3602 5042 3660 5094 et

2010 5109 2285 5180 quosdam
2326 5105 2700 5165 confessores.

1572 5247 1818 5310 NOTE
1855 5243 2320 5308 VARIORUM.

758 5370 804 5428 Α
839 5369 1379 5428 SCHELESTRATE.

308 5480 486 5536 Linea
521 5476 568 5532 1.
600 5509 674 5518 —
701 5477 1120 5544 Consulendus,
1152 5482 1217 5534 ut
1244 5483 1376 5533 ante
1403 5477 1682 5544 diximus,
1714 5477 1896 5534 Sche-

233 5553 402 5609 lestr.
429 5555 550 5606 toto
577 5549 765 5619 capite
792 5564 823 5604 ν
849 5556 904 5605 et
925 5563 999 5619 vI,
1031 5549 1462 5606 dissertationis
1492 5549 1755 5604 secundae
1783 5562 1896 5604 an-

237 5623 444 5695 quuit.
477 5621 763 5677 Ecclesiae.

840 5709 1282 5766 ALTASERRE.

309 5799 486 5856 Linea
516 5796 568 5855 4.
593 5828 666 5840 -
697 5799 799 5854 Hic
837 5800 1080 5867 regiones
1109 5799 1298 5854 divisit
1322 5797 1664 5854 diaconibus.
1714 5799 1832 5854 Jam
1861 5810 1894 5854 a

228 5872 529 5929 Clemente
551 5871 690 5928 urbs
715 5871 913 5938 Roma,
947 5885 1072 5942 quae
1097 5870 1285 5926 divisa
1313 5874 1434 5927 erat
1467 5871 1524 5926 in
1553 5871 1890 5942 qu’atuorde-

1923 5369 1976 5432 B
2006 5368 2120 5443 cim
2148 5368 2429 5443 regiones,
2450 5369 2677 5443 redacta
2693 5373 2814 5427 erat
2847 5371 2906 5427 in
2935 5374 3172 5441 septem,
3194 5377 3250 5428 et
3278 5371 3530 5443 singulis
3562 5388 3656 5432 re-

2007 5439 2281 5512 gionibus
2309 5441 2568 5511 impositi
2598 5443 2810 5498 notarii
2838 5443 2939 5513 qui
2964 5439 3128 5498 erant
3150 5457 3218 5499 ex
3242 5439 3446 5500 ordine
3473 5443 3657 5504 lecto-

2007 5527 2154 5584 rum,
2187 5513 2289 5584 qui
2320 5520 2631 5584 martyrum
2687 5520 2842 5584 gesta
2881 5515 3250 5583 exciperent:
3306 5519 3429 5570 tum
3459 5529 3490 5571 a
3542 5518 3650 5576 Fa-

2005 5582 2178 5638 biano
2201 5583 2432 5658 diaconi
2460 5583 2640 5639 divisi
2659 5582 2776 5658 per
2805 5582 3028 5658 septem
3061 5586 3322 5658 regiones
3364 5587 3558 5657 Urbis,
3591 5597 3656 5648 ut

2005 5653 2358 5728 martyribus
2385 5654 2739 5728 incustodia
2767 5653 3102 5728 alimoniam
3127 5653 3554 5728 ministrarent,
3597 5668 3654 5719 et

2003 5739 2100 5799 eos
2137 5724 2406 5782 docerent
2435 5724 2505 5781 de
2533 5725 2625 5799 his
2654 5741 2780 5797 quae
2813 5727 3172 5799 pertinebant
3199 5731 3268 5786 ad
3318 5729 3505 5787 ﬁdem.
3537 5724 3653 5791 Hoc

2003 5797 2156 5874 enim
2194 5801 2560 5874 eratmunus
2585 5797 2962 5857 diaconorum
3020 5806 3297 5874 martyres
3329 5803 3387 5859 in
3420 5816 3650 5861 carcere

1951 5899 1960 5903 -
2005 5870 2258 5940 visitare,
2283 5867 2373 5925 eis
2390 5867 2665 5928 alimenta
2693 5885 2946 5946 erogare,
2979 5878 3034 5929 et
3058 5867 3507 5932 eos'instruere.
3537 5875 3652 5944 Cy-
