4070 6178
419 316 556 376 4343

1632 314 1985 370 ΑΝΑετΑςιι
2029 311 2339 369 BIBLIOTH
2350 311 2578 368 ECARII

3671 311 3813 370 1344

415 440 599 510 prian.
647 439 822 510 (epist.
851 437 952 510 ll).
1000 459 1026 490 α
1058 441 1126 495 Et
1151 439 1501 494 credideram
1551 435 1779 506 quidem
1812 436 2050 503 presby—
2078 430 2135 490 A
2163 431 2306 487 sime
2349 435 2725 510 conqueritur
2755 435 2808 490 S.
2864 435 3203 504 Cyprianus,
3245 435 3345 505 qui
3397 449 3503 510 suo
3549 435 3814 510 exemplo

412 518 564 567 teros
589 516 645 566 et
668 511 959 579 diaconos,
985 512 1084 579 qui
1116 510 1239 564 illic
1298 513 1598 578 praesentes
1627 511 2048 579 sunttmonere

416 594 517 638 nos
547 588 602 638 et
634 583 920 638 instruere
950 575 1317 650 'pl'enisssime
1339 581 1492 635 circa
1524 576 1817 650 Evangelii
1846 575 2045 646 legem,

413 653 568 708 sicut
600 654 657 708 in
689 647 1038 722 praeteritum
1071 665 1290 721 semper
1317 651 1424 706 sub
1452 647 1912 705 antecessoribus
1940 659 2051 700 no-

414 725 555 779 stris
576 723 784 779 factum
808 730 913 790 est,
939 730 1001 779 ut
1020 723 1249 778 diaconi
1273 723 1339 778 ad
1365 734 1644 776 carcerem
1668 723 2048 790 commeantes

415 795 702 851 desideria
740 788 1006 850 consiliis
1035 795 1160 850 suis
1189 800 1244 849 et
1289 794 1717 861 Scripturarum
1753 788 2049 861 praeceptis

418 867 819 937 gubernarent.
875 885 900 915 ››
934 867 1250 937 Augustin.
1288 865 1344 918 in
1375 860 1655 937 Brevicuj.
1689 861 1888 916 Collat.
1926 880 1949 909 ‹‹
1989 860 2051 913 Et

419 931 716 993 recitatum
747 942 833 992 est
873 950 904 990 a
951 931 1185 992 Do'natis
1227 936 1548 991 Concilium
1599 931 1774 987 ferme
1817 937 2051 996 septua—

418 1008 575 1078 ginta
603 1009 1001 1078 episcoporum
1033 1014 1224 1062 contra
1254 1006 1618 1061 Czecilianum
1648 1003 1796 1073 apud
1829 1001 2057 1078 Cartha:

417 1071 604 1150 ginem
625 1071 772 1134 faetu
786 1071 857 1143 rh,
879 1079 976 1150 ubi
1001 1092 1128 1134 eum
1143 1078 1427 1133 absentem
1447 1077 1572 1131 dam
1586 1071 1878 1150 paverunt,
1905 1071 2055 1150 quod

417 1143 482 1205 ad
515 1164 611 1205 eos
641 1150 834 1206 venire
863 1149 1115 1206 noluerit
1139 1156 1407 1218 tanquam
1430 1162 1459 1201 a
1483 1145 1864 1201 traditoribus
1893 1143 2061 1218 ordi-

420 1228 605 1282 natus.
637 1227 692 1277 et
732 1223 889 1291 quia.
934 1235 1061 1276 cum
1109 1214 1586 1291 esset'diaconus,
1619 1219 1832 1291 victum
1859 1214 2059 1291 afferre

417 1287 767 1417 giatrtyribus
790 1294 848 1348 in
875 1292 1137 1348 custodia
1164 1290 1500 1347 constitutis
1527 1288 1894 1359 prohibuisse
1911 1287 2060 1340 dice-

455 1375 484 1417 a
521 1378 602 1417 ur.
649 1382 674 1413 to

455 1368 602 1418 atur.
649 1382 674 1413 ιο

485 1437 554 1488 Et
595 1437 725 1501 fecit
761 1438 958 1504 septem
1013 1433 1391 1498 subdiaconos,
1445 1433 1777 1504 quiiseptem
1826 1428 2057 1504 notariis

413 1499 774 1559 imminerent.
811 1499 880 1560 Ut
909 1510 1064 1576 gesta
1119 1510 1430 1574 martyrum
1451 1499 1530 1558 _in
1562 1503 1782 1572 integro
1812 1499 2058 1570 collige-

414 1581 560 1642 rent,
595 1576 851 1632 Clemens
874 1575 1133 1631 instituit.
1153 1575 1413 1646 singulos
1441 1575 1694 1630 notarios
1723 1586 1823 1646 per
1841 1577 2054 1637 septem

415 1649 676 1772 regiones
726 1647 910 1714 Urbis,
968 1648 1070 1717 qui
1139 1644 1446 1715 martyrum
1497 1652 1652 1716 gesta
1705 1644 2054 1712 exciperent.

415 1718 483 1772 Fa
531 1719 731 1772 ianus.
761 1733 828 1772 ne
859 1719 1070 1772 notarii
1103 1718 1224 1772 sine
1250 1724 1389 1772 teste
1414 1722 1624 1772 essent.
1655 1717 1741 1771 eis
1787 1713 2054 1772 apposuit

413 1713 731 1785 Fabianus,
761 1733 828 1774 ne
859 1713 1070 1774 neta'rii
1103 1718 1224 1773 sine
1250 1713 1389 1773 teste
1414 1713 1624 1785 essent,
1655 1717 1741 1771 eis
1787 1713 2058 1783 apposuit

2161 516 2289 576 cum
2332 518 2362 560 a
2413 506 2761 575 martyribus
2812 512 3021 574 peteret
3072 520 3262 573 preces
3307 521 3405 576 pro
3456 508 3638 573 lapsis
3682 521 3816 560 mu-

2162 573 2425 642 lieribus,
2459 573 2723 646 designat
2755 573 2917 632 veros
2949 573 3322 641 confessores;
3355 592 3442 645 ep.
3473 576 3564 642 2i,
3598 578 3703 646 qui
3757 578 3812 630 in

2159 647 2372 701 actuali
2406 648 2696 717 supplicio
2723 649 3051 714 existentes,
3086 649 3304 703 veniam
3341 649 3716 719 largirentur.
3755 653 3815 702 ut

2160 730 2332 784 supra
2365 719 2583 773 dictum
2618 726 2702 773 est
2735 733 2801 774 ex
2848 721 2904 773 S.
2938 720 3240 788 Cypriano.
3276 721 3350 774 De
3389 719 3816 774 consuetudine

2161 789 2402 858 antiqua
2418 790 2728 844 aantandi
2749 789 3158 846 confessiones.
3179 791 3486 859 supplicia,
3509 797 3564 845 et
3585 791 3816 859 reliqua

2166 867 2477 932 martyrum
2504 861 2799 929 exercitia,
2834 875 2961 931 quae
2995 863 3202 916 notarii
3237 862 3607 932 colligebant,
3662 861 3815 915 etde

2165 930 2650 986 subliaconcrum
2685 930 3133 1001 praeminentia,
3185 946 3290 987 seu
3343 930 3680 987 assistentia
3719 933 3815 985 in-

2165 1001 2356 1074 ducta,
2380 1016 2447 1057 ne
2468 1001 2628 1057 fraus
2650 1004 3037 1071 interveniret,
3056 1012 3257 1073 praeter
3271 1005 3538 1074 Cypriani
3565 1002 3814 1074 laudatis

2171 1073 2228 1126 in
2258 1072 2402 1128 locis
2430 1074 2830 1130 adnotationes
2863 1072 3325 1130 exslatcelebris‘
3361 1076 3520 1130 locus
3551 1073 3808 1138 Eusebii,

2168 1144 2267 1213 qui
2323 1146 2680 1200 commendat
2730 1146 3028 1214 epistolam
3104 1146 3368 1201 Ecclesiis
3418 1146 3692 1200 directam
3746 1145 3814 1198 de

2170 1217 2443 1285 martyrio
2469 1218 2520 1269 S.
2550 1216 2737 1271 Pionii
2765 1218 3215 1286 etconscriptam
3244 1231 3311 1272 ex
3338 1217 3646 1288 diligentia
3669 1214 3815 1288 facta

2171 1300 2268 1355 per
2298 1293 2624 1356 exceptores
2666 1288 2736 1342 ab
2787 1288 3041 1343 Ecclesia
3073 1286 3552 1344 constitutos/In
3585 1300 3651 1341 ea
3686 1286 3820 1339 bre-

2169 1358 2318 1412 viter
2359 1359 2558 1414 recolit
2589 1359 2870 1414 Eusebius
2929 1374 3053 1428 qua:
3105 1361 3437 1429 plerumque
3483 1372 3516 1413 a
3569 1358 3818 1429 notariis

2173 1429 2535 1484 notabantur.
2569 1429 2663 1484 Sic
2688 1432 2838 1485 enim
2868 1425 3072 1485 scribit
3105 1425 3142 1485 Ι.
3179 1445 3250 1499 tv,
3283 1425 3455 1496 c.'l5,
3485 1443 3613 1500 pag.
3666 1425 3770 1482 135
3803 1446 3814 1480 :

2172 1519 2196 1552 ‹‹
2260 1501 2437 1569 Cujus
2481 1501 2743 1571 singulas
2790 1500 3199 1564 confessiones,
3263 1516 3329 1556 ac
3379 1499 3704 1555 libertatem
3761 1499 3818 1552 in

2165 1571 2408 1627 dicendo
2447 1578 2618 1642 atque
2654 1586 2854 1642 coram
2910 1573 3154 1642 p0pulis,
3202 1587 3268 1628 ac
3322 1571 3668 1642 praesidibus
3721 1583 3820 1638 pro

2177 1643 2301 1698 ﬁdei
2331 1641 2536 1697 nostrae
2566 1641 2897 1699 defensione
2930 1645 3291 1714 probaverit;
3327 1641 3631 1699 Conciones
3686 1641 3818 1695 item

2165 1714 2234 1768 de
2268 1715 2637 1769 institutione
2665 1715 2817 1783 fidei,
2875 1722 3139 1782 prteterea
3166 1715 3611 1779 cohortationes,
3644 1720 3819 1781 atque

414 1791 646 1845 totidem
680 1789 1062 1846 subdiaconos
1104 1790 1203 1860 qui
1236 1789 1322 1844 eis
1354 1784 1740 1855 imminerent,
1766 1785 1819 1840 id
1848 1792 1936 1860 est
1951 1797 2054 1858 eos
2087 1800 2138 1860 Β
2170 1785 2558 1860 invitationes,
2588 1787 2654 1841 ad
2685 1800 2780 1860 eos
2808 1787 2907 1856 qui
2943 1787 3639 1860 persecutionis‘tempore
3672 1784 3818 1851 lapsi

411 1860 794 1933 observarent,
823 1875 937 1933 quo
977 1857 1137 1932 gesta
1165 1867 1475 1933 martyrum
1511 1862 1578 1933 in
1608 1857 1939 1933 integr_o.__id
1968 1862 2055 1933 est

413 1931 632 2001 integra
690 1927 798 1988 fide
841 1927 1279 2002 'colli'gerentur.
1313 1927 1478 1986 'Hinc
1525 1931 1664 1985 dicti
1713 1927 2054 2002 subdiaconi

414 2004 746 2073 regionarii.
800 2001 1060 2058 Anasta’s.
1114 2003 1171 2058 in
1228 2003 1485 2073 Viglio:
1538 2022 1564 2073 ct
1631 2001 1926 2056 Imminere
1962 2003 2059 2073 est

413 2070 664 2145 aliquem
723 2075 1040 2130 observare.
1099 2092 1125 2124 υ
1205 2070 1440 2145 Grégor,
1509 2072 1609 2127 lib.
1671 2085 1839 2145 Vltl,_
1885 2070 2054 2138 epist.

410 2142 532 2198 29E
584 2165 610 2196 α
659 2147 728 2201 Ut
772 2146 934 2201 fratri
983 2153 1038 2201 et
1080 2142 1418 2214 coepiscopo
1470 2151 1663 2198 nostro
1715 2143 1882 2214 Decio
1927 2147 2058 2195 stu—

411 2215 542 2270 deat
593 2215 909 2272 imminere.
971 2236 995 2267 »
1051 2215 1113 2284 Q.
1171 2213 1469 2272 Curt.’lib
1521 2228 1573 2270 Vl
1628 2232 1640 2268 :
1702 2234 1728 2264 «
1785 2213 1878 2267 Sic
1956 2224 2058 2284 ego

417 2286 658 2358 imperio
686 2254 834 2356 quod
861 2254 1538 2358 “dedig‘r‘torrui‘mmineo.
1595 2305 1618 2334 ι)
1659 2285 1930 2358 Ambros.
1990 2254 2060 2336 ac

412 2355 567 2412 Ofﬁc.
599 2354 792 2429 Ιὶὺζιι,
825 2373 946 2429 cap.
970 2354 1076 2414 2T:
1106 2380 1131 2411 α
1160 2361 1347 2431 Agens
1369 2361 1424 2414 in
1455 2358 1624 2413 rebus
1654 2354 2056 2412 imminebat.»

1091 2467 1382 2521 BENCINI.

488 2574 657 2630 Linea
690 2571 738 2628 4.
781 2603 854 2615 -—
889 2573 1099 2644 Septem
1141 2574 1526 2630 subdiaconos.
1572 2572 1817 2644 Urgente
1861 2569 2064 2644 Domi—

416 2645 562 2700 tiani
596 2641 990 2713 persecutione
1041 2646 1217 2700 sicuti
1248 2645 1506 2699 Clemens
1535 2641 1746 2712 septem
1806 2641 2064 2713 instituit

413 2712 712 2781 diaconos,
739 2721 797 2770 ut
829 2716 1261 2784 quatuordecim
1290 2720 1593 2784 praeessent
1622 2714 1786 2769 urbis
1821 2712 2066 2783 regioni-

417 2786 545 2853 bus,
604 2786 855 2856 singulis
924 2786 1104 2845 binas
1143 2786 1465 2856 assignans,
1518 2792 1694 2854 utque
1751 2791 2061 2856 martyrum

423 2855 790 2927 praecipue’in
823 2857 1146 2913 carceribus
1170 2855 1525 2911 inclusorum
1549 2869 1742 2927 curam
1769 2855 2067 2927 specialia-

419 2926 536 2984 rem
576 2929 937 2998 susciperent
969 2947 982 2982 :
1019 2930 1098 2983 ita
1146 2927 1429 2982 Fabianus
1458 2926 1696 2997 septima
1725 2926 1983 2998 Deciana,
2012 2930 2069 2980 et

417 3001 650 3071 quidem
681 2997 993 3056 savissima
1013 3005 1135 3056 orta
1152 3000 1562 3069 persecutione,
1585 3005 1795 3071 septem
1819 2997 2067 3053 subdia-

417 3070 591 3128 conos
615 3073 894 3138 instituit,
921 3073 1019 3143 qui
1044 3079 1232 3126 essent
1258 3071 1478 3143 proprii
1493 3070 1758 3143 Ecclesiae
1777 3070 2061 3143 Romanae.

415 3144 718 3199 Cornelius
751 3139 983 3198 Fabiani
1007 3147 1155 3211 apud
1182 3139 1386 3197 Euseb.
1422 3142 1522 3196 lib.
1558 3156 1632 3206 vt,
1661 3155 1709 3196 c.
1736 3139 1822 3204 43,
1850 3154 2068 3196 succes-

418 3228 513 3271 sor
563 3214 723 3270 factte
757 3216 1165 3285 institutionis,
1219 3221 1275 3268 et
1301 3213 1712 3282 perseverantis
1743 3227 1881 3268 usus
1907 3213 2069 3268 testis

417 3291 502 3342 est
535 3286 594 3342 in
620 3287 788 3356 epist.
819 3288 890 3342 ad
933 3287 1192 3350 Fabium,
1226 3285 1455 3355 quando
1486 3285 1699 3340 clerum
1751 3285 2067 3340 Romanum

419 3364 693 3428 recenset,
724 3362 778 3413 et
802 3359 1054 3426 ejusdem
1102 3357 1367 3412 Ecciesize
1415 3356 1735 3411 ministros.
1789 3376 1814 3407 α
1861 3358 1922 3410 In
1958 3369 2068 3424 qua

420 3435 605 3485 tamen
638 3429 853 3484 sciebat
1091 3428 1446 3498 presbyteros
1500 3428 1728 3496 quidem
1759 3441 1880 3482 esse
1921 3441 2068 3496 qua-

421 3506 555 3556 tuor
579 3506 634 3555 et
663 3501 1062 3571 quadraginta,
1102 3506 1318 3571 septem
1357 3504 1561 3571 autem
1594 3499 1888 3564 diaconos,
1924 3498 2071 3571 toti-

419 3569 693 3643 demque’
719 3569 1103 3643 subdiaconos
1137 3588 1150 3624 :
1200 3569 1494 3638 acolythos
1532 3569 1767 3643 duoset
1813 3569 2072 3643 quadra-

421 3640 615 3715 ginta,-
646 3644 982 3710 exorcistas,
1007 3649 1063 3697 et
1087 3642 1325 3715 lectores
1353 3655 1478 3715 cum
1499 3640 1760 3695 ostiariis
1780 3641 2067 3715 quinqua-

422 3711 581 3784 ginta
603 3715 768 3770 duos.
799 3734 824 3764 »
848 3715 916 3769 Hi
950 3721 1135 3769 tamen
1155 3713 1338 3768 solum
1362 3711 1576 3767 clerum
1603 3713 1831 3784 proprie
1848 3712 2068 3784 dictum

420 3783 734 3842 Romanum
770 3786 1046 3842 conflasse
1075 3785 1366 3847 videntur,
1401 3797 1526 3838 cum
1567 3783 1895 3838 exstiterint
1934 3783 2071 3837 aliis

422 3858 624 3913 iisdem
658 3857 965 3912 ordinibus
997 3855 1247 3910 initiatis
1275 3874 1286 3908 :
1316 3854 1564 3908 Ecclesia
1582 3856 1733 3908 enim
1765 3854 2064 3923 Carthagio

421 3930 618 3982 nensis
666 3940 731 3982 ex
791 3926 1146 3995 tresbyteris
1198 3934 1253 3980 et
1307 3925 1571 3980 diaconis
1619 3927 1878 3992 conﬂata,
1908 3933 2070 3980 extra

420 4013 630 4067 corpus
662 3998 808 4053 illud
850 3997 1204 4067 presbyteros
1260 3996 1500 4050 habebat
1531 3995 1699 4063 alios,
1735 3997 1832 4067 qui
1865 3997 2071 4051 deinde

422 4069 494 4125 ob
527 4070 728 4124 merita
755 4069 1172 4138 cooptabantur
1193 4069 1250 4122 in
1281 4080 1580 4123 numerum
1614 4069 2070 4139 presbyterorum

424 4140 694 4195 Ecclesiae
739 4141 1231 4211 Carthaginensis,
1269 4146 1546 4211 utﬁsupra
1599 4139 1854 4211 vidimus
1883 4146 2072 4194 actum

426 4225 557 4266 cum
585 4211 893 4266 Numidico
921 4230 934 4277 ς
959 4210 1181 4265 Constat
1211 4210 1486 4265 similiter
1515 4224 1581 4264 ex
1612 4210 1806 4265 eodem
1835 4210 2076 4279 Cypria—

424 4295 518 4348 no,
554 4282 704 4352 quod
735 4283 1034 4337 Celerinus
1075 4281 1275 4336 itidem
1311 4288 1631 4352 martyrum
1669 4281 1961 4351 presbyter
2007 4281 2078 4335 ob

423 4351 726 4423 gloriosam
796 4352 1210 4409 confessionem
1283 4352 1577 4420 repetitam
1620 4351 2078 4423 intraieumdem

423 4422 962 4496 Carthaginensium
1001 4423 1456 4495 presbyterorum
1489 4423 1750 4477 ordinem
1782 4422 1893 4479 fuit
1915 4439 2078 4495 coop-

428 4503 607 4552 tatus.

2168 1855 2394 1911 fuerant
2425 1874 2436 1908 :
2468 1855 2850 1912 allocutiones
2877 1861 3068 1924 etiam,
3103 1865 3157 1913 et
3187 1857 3632 1923 consolationes,
3673 1868 3820 1923 quas

2168 1928 2224 1982 in
2248 1941 2472 1982 carcere
2498 1929 2718 1997 positus
2749 1929 3096 1984 adeuntibus
3133 1930 3320 1998 ipsum
3356 1928 3634 1982 fratribus
3658 1926 3818 1980 adhi-

2168 1998 2315 2065 buit,
2349 2013 2475 2068 qua:
2514 2013 2687 2068 super
2721 2000 2810 2054 his
2856 2005 3133 2055 tormenta
3181 2005 3541 2070 quantosque
3579 1998 3818 2070 dolores

2167 2070 2513 2125 sustinuerit
2549 2089 2560 2124 :
2604 2070 2893 2126 clavorum
2931 2073 3164 2140 insuper
3198 2068 3579 2136 conditiones,
3607 2077 3664 2123 et
3701 2068 3814 2120 mi-

2170 2140 2405 2195 rabilem
2442 2142 2499 2196 in
2535 2141 2720 2196 medio
2753 2156 2886 2212 rogo
2908 2139 3289 2196 constantiam
3317 2161 3328 2194 :
3369 2149 3606 2196 mortem
3631 2139 3808 2193 deni-

2171 2225 2281 2282 que
2311 2213 2511 2282 ipsam,
2546 2225 2672 2282 qute
2702 2219 2905 2269 cuncta
2929 2213 3029 2268 illa
3064 2213 3339 2268 miracula
3368 2213 3678 2268 subsecuta
3701 2215 3815 2282 est,

2169 2281 2218 2337 si
2255 2283 2353 2352 qui
2388 2281 2578 2338 volent.
2603 2297 2965 2352 cognoscere,
2993 2297 3088 2339 eos
3109 2285 3175 2339 ad
3211 2284 3513 2353 epistolam
3546 2283 3618 2337 de
3647 2281 3818 2336 illius

2173 2355 2447 2424 martyrio
2479 2355 2762 2410 uberrime
2808 2355 3186 2423 conscriptam
3213 2355 3604 2412 emendamus.
3641 2365 3810 2422 quam

2173 2438 2275 2479 nos
2303 2424 2359 2478 in
2385 2439 2552 2494 opere
2577 2427 2646 2481 de
2674 2426 2879 2494 priscis
2905 2427 3271 2496 martyribus,
3303 2440 3547 2495 quorum
3591 2424 3815 2493 passio—

2173 2509 2272 2568 nes
2298 2496 2654 2568 collegimus,
2700 2498 2902 2553 ordine
2953 2511 3058 2553 suo
3119 2499 3490 2552 inseruimus.
3542 2516 3570 2547 α
3608 2496 3809 2548 Horum

2170 2567 2471 2637 diligentia
2503 2567 2762 2623 effectum
2801 2575 2885 2623 est
2932 2574 2992 2624 ut
3034 2574 3157 2624 acta
3193 2577 3526 2637 martyrum,
3555 2580 3684 2637 qua
3727 2577 3817 2619 re-

2171 2639 2399 2694 censuit
2428 2637 2726 2708 Eusebius,
2755 2644 2808 2694 et
2831 2653 3072 2709 quorum
3105 2639 3267 2709 plura
3301 2639 3633 2694 Lactantius
3671 2637 3816 2690 inse-

2174 2713 2295 2764 ruit
2324 2709 2383 2763 in
2419 2723 2522 2765 suo
2548 2710 2618 2765 de
2649 2717 3070 2778 persecuturum
3099 2710 3382 2765 mortibus
3428 2722 3611 2764 aureo
3642 2721 3816 2776 opus-

2173 2780 2324 2848 culo,
2357 2795 2537 2851 usque
2565 2781 2634 2836 ad
2670 2789 2862 2836 nostra
2906 2791 3159 2850 tempora
3186 2787 3644 2845 asservarentur,
3670 2781 3820 2851 sicut

2174 2857 2229 2906 et
2257 2849 2502 2906 indiculi
2531 2853 2974 2921 depositionum,
2999 2849 3464 2918 translationum,
3491 2849 3821 2921 Martyrolo-

2175 2922 2418 2994 giorum,
2445 2919 2673 2992 aliaque
2694 2924 2930 2978 similia.
2959 2925 3014 2978 [d
3045 2924 3114 2978 ab
3141 2925 3311 2978 initio
3339 2923 3601 2978 effectum
3625 2919 3819 2994 probai

2173 2989 2515 3049 Tertulliani
2552 2989 2696 3062 laus,
2750 3008 2915 3064 quam
2963 2995 3170 3051 tribuit
3225 2995 3518 3056 Ecclesiis,
3566 2989 3641 3048 eti
3677 2989 3816 3064 quod

2177 3064 2509 3120 istiusmodi
2556 3079 2693 3120 suos
2721 3063 2929 3121 census
2961 3065 3223 3122 referant.
3257 3066 3341 3121 Ab
3377 3067 3480 3120 hac
3514 3078 3690 3134 porro
3725 3063 3819 3117 Fa-

2102 3159 2148 3220 C
2177 3136 2349 3191 biana
2385 3137 2750 3220 institutione
2775 3137 3084 3220 deducitur
3108 3140 3293 3220 verior
3323 3138 3485 3220 o‘rigo
3516 3135 3822 3220 ministro-

2183 3222 2331 3273 rum,
2367 3209 2467 3278 qui
2496 3222 2563 3262 ex
2593 3207 2774 3263 ofﬁcio
2799 3210 3042 3263 notariis
3070 3216 3222 3278 gesta
3252 3204 3652 3263 ecclesiastica
3685 3204 3826 3259 exci-

2183 3277 2477 3349 pientibus
2502 3280 2887 3347 imminerent,
2913 3277 3130 3350 quique
3160 3280 3332 3334 veluti
3366 3277 3640 3334 custodes
3666 3283 3825 3350 nota-

2181 3346 2289 3406 riis
2309 3352 2452 3421 dati,
2477 3357 2876 3405 scrutarentur
2891 3346 3145 3406 actorum
3170 3351 3551 3417 identitatem,
3574 3361 3650 3404 ne
3675 3346 3825 3421 fraus

2179 3424 2352 3477 etiam
2407 3418 2465 3476 in
2512 3421 2946 3477 conscribendis
3003 3423 3389 3478 interveniret.
3443 3424 3506 3476 In
3554 3418 3825 3475 conciliis

2178 3494 2369 3562 etiam,
2394 3499 2451 3547 et
2476 3493 2977 3560 disputationibus
3007 3492 3517 3564 frequentissimus
3562 3491 3827 3564 notario-

2182 3579 2308 3620 rum
2344 3559 2482 3619 usus
2509 3582 2520 3616 :
2552 3559 2701 3618 unde
2725 3565 2782 3618 in
2813 3565 3022 3622 celebri
3052 3559 3492 3626 catholicorum,
3527 3571 3584 3616 et
3615 3559 3805 3616 donati

2180 3642 2399 3691 starum
2431 3635 2738 3690 collatione
2762 3635 3106 3706 Carthagine
3151 3635 3362 3704 habita,
3417 3635 3583 3706 interi
3607 3634 3823 3706 primas

2181 3707 2614 3762 sollicitudines
2646 3707 2755 3760 ista
2780 3700 3166 3778 recenSEntur,
3211 3700 3422 3778 partit,
3465 3719 3523 3758 n.
3562 3700 3634 3759 10
3666 3723 3679 3755 :
3718 3725 3742 3752 ε
3769 3700 3818 3778 Si

2181 3785 2370 3832 autem
2395 3779 2492 3840 qui
2527 3777 2849 3845 excipiendi
2886 3771 3530 3848 funguntur'ofﬁcio...“
3561 3771 3817 3848 quaterni

2181 3850 2251 3905 de
2279 3848 2528 3920 singulis
2563 3848 2822 3920 partibus
2861 3845 3262 3916 ecclesiastici,
3311 3848 3523 3902 alterni
3550 3845 3820 3920 debebant

2181 3917 2407 3976 adstare
2441 3919 2647 3993 notarii
2682 3937 2694 3972 :
2727 3931 2969 3993 quorum
2999 3920 3156 3988 fides,
3188 3933 3414 3993 ne_qua_
3438 3917 3678 3993 vacillet
3703 3928 3817 3993 _am-_

2183 3992 2350 4062 bago,
2380 3991 2642 4058 quaterni
2669 3991 2922 4059 episcopi
2954 3994 3199 4059 partium
3226 3987 3593 4061 singularum
3625 3987 3816 4042 delecti

2184 4061 2419 4119 suorum
2457 4061 2680 4132 judicio
2732 4069 3143 4131 praenotantur,
3199 4068 3262 4117 ut
3299 4062 3526 4116 eosdem
3558 4065 3820 4132 excepto-

2187 4149 2295 4197 res,
2341 4140 2396 4190 et
2429 4130 2681 4189 notarios
2723 4133 2988 4203 pervigili
3019 4147 3084 4188 ac
3134 4132 3378 4189 sollicita
3433 4130 3818 4187 observatione

2187 4206 2531 4262 custodiant.
2572 4224 2597 4254 υ
2621 4205 2758 4260 Cum
2783 4211 2970 4259 autem
2999 4205 3344 4259 ecclesiastici
3370 4209 3652 4258 vocentur
3683 4206 3821 4252 nota-

2192 4279 2286 4346 rii,
2321 4289 2564 4348 quorum
2607 4277 2903 4345 proprium
2943 4275 2997 4331 id
3028 4283 3153 4330 erat
3182 4288 3436 4348 munus;
3486 4273 3624 4348 inde
3662 4271 3818 4348 etiam

2193 4363 2224 4405 a
2247 4342 2532 4404 Clemente
2561 4342 2862 4402 institutos
2893 4349 3148 4403 notarios
3191 4345 3373 4401 fuisse
3402 4345 3608 4400 ordine
3633 4342 3818 4409 aliquo

2194 4421 2457 4475 initiatos
2483 4419 2673 4473 dicere
2703 4425 2946 4486 oportet,
2970 4424 3026 4472 et
3054 4425 3116 4473 ut
3157 4431 3304 4482 reor,
3336 4430 3404 4472 ex
3435 4416 3643 4489 ordine
3669 4412 3819 4489 lecto-

2191 4506 2315 4547 rum
2346 4489 2786 4546 assumebantur
2813 4508 2826 4558 ;
2860 4503 2989 4544 cum
3015 4489 3234 4559 Agatho
3264 4502 3441 4556 supra
3471 4486 3740 4559 laudatus
3768 4486 3814 4533 in

497 4568 670 4624 Linea
710 4567 762 4624 4.
812 4598 884 4608 -
935 4568 1040 4632 Qui
1092 4571 1289 4636 septem
1333 4567 1563 4619 notariis
1619 4567 1976 4634 imminerent,
2025 4576 2075 4624 et
2109 4552 2160 4612 U
2187 4578 2293 4618 suo
2311 4563 2536 4631 epilogo
2552 4566 2780 4636 asserat
2812 4552 2926 4615 sibi
2957 4561 3014 4614 in
3047 4552 3226 4636 g'radu
3257 4552 3489 4636 lectoris
3518 4556 3816 4636 constituto

423 4647 573 4707 gesta
614 4646 921 4707 martyrum
952 4642 1008 4692 in
1035 4641 1242 4705 integro
1267 4639 1600 4705 colligerent.
1631 4639 1846 4707 Scepus
1876 4642 2076 4708 ponti-

429 4711 554 4766 ficis
594 4711 652 4765 in
705 4712 930 4767 delectu
979 4709 1458 4766 subdiaconorum
1511 4710 1820 4776 indicatur,
1874 4725 2072 4780 nempe

424 4781 634 4837 electos
665 4781 844 4837 fuisse
869 4782 937 4836 ad
975 4782 1078 4837 hoc
1117 4795 1328 4836 munus
1366 4781 1690 4849 specialiter
1719 4781 2064 4851 obeundum,

427 4859 489 4909 ut
515 4853 760 4909 notariis
790 4868 820 4909 a
847 4853 901 4919 S,
929 4853 1210 4907 Clemente
1260 4852 1567 4920 institutis,
1602 4859 1909 4921 martyrum
1941 4861 2064 4910 acta

422 4924 852 4994 excipientibus
881 4924 1294 4990 incumberent,
1326 4929 1380 4978 et
1409 4923 1638 4994 singula
1669 4928 1824 4994 gesta
1853 4927 1911 4978 in
1936 4927 2066 4980 inte-

421 5011 518 5063 gro
585 5009 686 5050 seu
741 4995 1074 5050 ﬁdelissime
1133 4995 1472 5066 colligerent
1505 5065 1514 5066 ί
1550 4996 1680 5050 Erat
1745 4997 2065 5066 necessaria

420 5067 632 5135 cautio,
665 5067 800 5122 dum
822 5081 888 5122 ex
919 5067 1012 5121 his
1035 5068 1199 5132 actis,
1233 5065 1438 5122 nedum
1465 5065 1703 5137 gloriosi
1735 5065 1894 5121 tituli
1922 5081 2067 5122 con—

425 5138 744 5194 fessoribus
788 5139 958 5209 (quod
1012 5138 1264 5206 providae
1289 5143 1410 5192 erat
1438 5139 1836 5209 episcOporuim
1873 5137 2062 5209 curte),

425 5223 616 5266 verum
645 5216 701 5264 et
728 5207 1020 5264 coronatis
1061 5208 1409 5277 martyribus
1449 5208 1746 5276 condignae
1779 5207 1975 5264 laudes
2007 5207 2065 5264 in

425 5281 673 5338 Ecclesia
699 5279 1170 5336 decernebantur.
1197 5278 1475 5346 Specialis
1495 5284 1680 5332 autem
1715 5283 1852 5333 tunc
1879 5294 2070 5348 perur-

425 5354 589 5425 gebat
615 5353 923 5425 necessitas
952 5349 1291 5425 i‘nvigilandi
1317 5349 1659 5425 insciendis
1677 5353 1828 5425 veris
1855 5351 2070 5425 confes-

427 5420 676 5480 soribus.
721 5422 1315 5490 discriminandisque
1350 5421 1420 5477 ab
1453 5420 1696 5489 reliquis
1728 5439 1740 5474 :
1785 5421 2069 5490 siquidem

424 5509 553 5550 cum
574 5495 644 5548 ob
672 5495 950 5565 martyrii.
975 5500 1076 5565 aut
1094 5492 1477 5565 confessionis
1499 5506 1626 5565 vera
1652 5493 1853 5548 merita
1877 5492 2070 5550 facul-

426 5570 514 5619 tas
542 5564 945 5622 concederetur
981 5564 1380 5620 subscribendi
1410 5564 1628 5620 libellis
1666 5565 2066 5632 paenitentiam

425 5635 494 5691 ad
526 5635 860 5706 relaxandas
893 5650 1086 5706 pmnas
1139 5636 1230 5706 (ad
1278 5649 1447 5706 quam
1500 5642 1688 5690 tamen
1739 5635 2068 5706 facultatem

425 5705 792 5778 obtinendam
851 5705 1252 5778 requirebatur
1294 5705 1447 5776 vera,
1480 5720 1654 5778 causa
1683 5705 2069 5763 confessionis

429 5776 694 5848 probatae,
747 5776 1058 5846 patientiae,
1112 5785 1168 5834 et
1227 5777 1612 5845 fortitudinis)
1679 5779 1871 5848 plures
1925 5792 2072 5835 con-

429 5846 717 5917 fingebant
765 5848 997 5919 merita
1045 5849 1113 5903 ad
1191 5849 1622 5919 praerogativam
1681 5846 1808 5904 ‘sibi
1870 5850 2072 5904 vindi—

426 5913 665 5979 candam
692 5913 1534 5984 subscriptionumlibellorum
1568 5939 1584 5973 :
1611 5919 1682 5974 de
1709 5933 1821 5989 quo
1866 5920 2071 5990 saepis-

2184 4629 2373 4691 datam
2410 4629 2758 4703 provinciam
2791 4638 2962 4710 sergia“.
2987 4629 3188 4702 synodi
3223 4638 3347 4686 acta
3371 4629 3723 4700 excipiendi.

2713 4721 2877 4776 BlNlI
2915 4721 2998 4775 ET
3031 4721 3286 4774 LABBEI.

2252 4797 2422 4851 Linea
2447 4791 2501 4848 2.
2536 4824 2604 4832 —
2649 4794 2916 4860 Martyrio
2973 4796 3284 4844 coronatur.
3351 4791 3528 4846 Initio
3576 4787 3810 4860 omnium

2173 4867 2549 4925 atrocissima:
2580 4859 2994 4932 persecutionis
3053 4862 3217 4916 illius
3265 4875 3435 4931 quam
3479 4859 3804 4916 Deciusim-

2178 4946 2400 5011 perator
2421 4939 2505 5011 ira
2529 4941 2586 4991 et
2609 4935 2826 5011 invidia
2859 4935 3133 5011 incitatus
3161 4934 3411 5011 induitit.

2246 5012 2418 5066 Linea
2445 5006 2498 5062 4.
2540 5037 2612 5048 —
2638 5009 2733 5061 Hic
2763 5008 3005 5073 reg-tones
3053 5005 3245 5060 diuisit
3273 5005 3622 5058 diaconibus.
3663 5002 3808 5076 Ider

2177 5095 2288 5153 que
2316 5095 2382 5136 ex
2410 5079 2595 5153 ofﬁcio
2627 5079 2855 5153 diaconi
2894 5078 3195 5153 τἐρὶοῃᾳνίἰ
3221 5075 3499 5145 appellati
3527 5081 3689 5153 sunt,
3722 5075 3805 5146 qui

2179 5146 2238 5209 i'n
2264 5151 2512 5207 concilio
2539 5150 2790 5204 Romano
2820 5150 2860 5201 ti
2889 5147 2997 5202 sub
3033 5147 3318 5218 Sylvestro
3359 5160 3484 5216 cap.
3521 5146 3557 5201 6
3596 5146 3806 5200 diaconi

2175 5223 2434 5281 cardinal
2471 5237 2497 5276 s
2526 5221 2695 5275 etiam
2730 5219 3009 5274 nominati
3045 5219 3444 5287 requiruntur.

2251 5296 2419 5349 Linea
2461 5292 2511 5346 6.
2558 5320 2632 5330 —
2668 5292 2876 5358 Moyses
2920 5294 2968 5342 et
3011 5286 3285 5343 qut'mus
3335 5289 3665 5356 presbyteri.
3712 5286 3814 5337 Ro-

2183 5379 2358 5421 mana:
2392 5361 2654 5418 Ecclesiae
2701 5360 3054 5430 presbyteros
3083 5367 3138 5415 et
3183 5359 3562 5428 confessores,
3623 5366 3812 5430 eosque

2182 5438 2334 5493 ultra
2373 5446 2586 5490 annum
2634 5429 2714 5487 in
2759 5429 2983 5487 carcere
3017 5433 3280 5487 detentos
3330 5431 3537 5485 misere
3588 5429 3811 5484 afflictos

2180 5509 2380 5572 fuisse,
2433 5506 2639 5561 litterae
2680 5503 2951 5572 Cypriani
3001 5503 3068 5558 ad
3132 5502 3302 5558 hosce
3344 5501 3713 5556 cunfessores.
3748 5500 3818 5572 et

2175 5568 2564 5641 confessoram
2583 5576 2650 5644 ad
2674 5568 3040 5644 Cyprianum,
3085 5579 3369 5628 testantur
3398 5573 3536 5628 Vide
3577 5568 3818 5642 epistolas

2181 5651 2447 5721 Cypriani
2481 5647 2566 5710 46,
2608 5643 2699 5712 23,
2733 5645 2823 5711 26,
2853 5643 2945 5700 31.

2813 5733 3202 5788 BLANCHINI.

2690 5836 2843 5878 NOTAE
2875 5835 3320 5878 CHRONOLOGICAE.

2250 5917 2454 5974 Eodem
2486 5913 2790 5970 consulatu
2823 5927 2934 5982 quo
2963 5911 3155 5968 Anteri
3189 5925 3343 5967 mors
3374 5912 3603 5983 signata
3626 5917 3705 5967 est
3727 5909 3827 5966 die
