4070 6178
399 327 548 402 ’4347

1622 335 1980 392 ANASTASII
2016 318 2564 393 BIBLIOTHECARII

3677 331 3824 391 4348

401 465 545 536 phen
575 463 891 520 oblationis
920 474 1039 517 suae
1057 460 1316 516 Clemens
1340 459 1418 515 XI
1447 458 1592 514 hanc
1624 457 1806 514 incidi
1836 457 2042 514 voluit.
2075 457 2131 517 A
2161 460 2264 536 ret,
2288 458 2583 536 excitavit,
2615 459 2812 536 et_l_)eo_
2827 454 3287 536 dicatamvoluit
3308 455 3428 536 sub
3435 455 3820 536 invocatione

789 568 859 624 IN
890 565 1227 622 HONOREM
1274 565 1330 620 S.
1383 564 1655 620 FABIANI

937 637 1129 692 ΡΑΡᾸΞ
1168 637 1253 691 ET
1305 636 1514 691 MART.

828 709 1022 766 CVIVS
1077 708 1348 763 SACRVM
1406 705 1626 762 CAPVT

863 781 1002 836 CVM
1049 778 1225 834 ALllS
1252 777 1589 846 RELlQVIlS

791 853 865 908 IN
911 851 1163 908 ALTARI
1215 848 1660 904 ASSERVATVR

981 921 1298 976 CLEMENS
1356 921 1461 974 XI.

1009 993 1206 1048 PONT.
1268 991 1444 1046 ΜΑΧ.

843 1063 1198 1120 SACELLVM
1248 1061 1608 1119 EXTRVXIT

825 1133 1018 1191 ANNO
1040 1135 1274 1190 SALVT.
1317 1133 1622 1189 MDCCXII.

1046 1203 1241 1260 PONT.
1285 1204 1407 1259 XII.
1439 1243 1456 1260 .

400 1298 512 1353 Hac
552 1297 610 1352 in
643 1294 964 1366 Epigraphe
1011 1307 1138 1366 cum
1200 1297 1467 1366 narretur
1514 1304 1741 1366 sacrum
1787 1297 1958 1366 caput
1988 1293 2048 1346 B.

401 1368 634 1423 Fabiani
661 1362 792 1423 cum
815 1365 952 1421 aliis
976 1365 1246 1434 reliquiis
1269 1364 1548 1434 asservari
1577 1363 1634 1417 in
1658 1362 1848 1424 altari,
1871 1377 2053 1431 nuper

399 1445 752 1506 constructo,
789 1450 932 1508 quas
957 1433 1392 1508 idem’pontifex
1422 1433 2052 1508 in_demoli_tione_vete-

402 1510 481 1565 ris
509 1509 720 1564 ibidem
742 1505 1007 1576 repertas
1053 1519 1084 1560 a
1113 1506 1302 1575 capite
1334 1519 1443 1560 non
1470 1505 1780 1574 disjunxit,
1823 1505 2054 1560 videtur

401 1581 563 1636 locus
591 1583 845 1650 exigere.
875 1585 937 1633 ut
961 1579 1032 1650 de
1069 1577 1458 1650 translatione
1475 1590 1712 1650 agamus
1734 1577 1882 1650 sacri
1915 1590 2050 1650 cor-

405 1652 560 1720 poris
586 1647 737 1706 beati
761 1648 1018 1715 Fabiani,
1055 1662 1182 1718 quae
1211 1647 1531 1703 illustrabit
1551 1647 1722 1720 etiam
1749 1647 2051 1702 historiam

404 1719 784 1792 reliquiarum
815 1720 1062 1775 aliorum
1087 1719 1539 1792 pontificumtin
1568 1719 1764 1792 eodem
1782 1725 2055 1792 cmmete—

405 1789 1000 1861 rioCallisti,ejusque
1015 1789 2054 1860 partibusautadhaerentibuscryptis

401 1864 548 1920 Sixti
581 1872 636 1919 et
685 1862 1007 1918 Praetextati
1057 1861 1196 1917 olim
1230 1861 1676 1932 quiescentium,
1705 1867 1761 1916 et
1782 1861 2054 1930 gravibus

401 1936 472 1992 de
499 1934 695 1990 causis
724 1934 972 1989 subinde
1002 1934 1406 2000 tranlatorum,
1447 1946 1512 1986 ac
1540 1932 1864 1990 divisorum
1903 1933 2054 1987 inter

403 2007 726 2075 complures
743 2005 914 2060 Urbis
933 2004 1157 2071 titulos,
1173 2009 1228 2059 et
1248 2003 1567 2070 diaconias,
1589 2016 1856 2058 concessa
1879 2016 2056 2074 quan-

403 2074 590 2147 doque
609 2083 710 2132 aut
743 2078 1008 2132 restituta
1037 2081 1202 2147 parte
1220 2074 1880 2147 sanctorrum_pign_orum
1908 2076 2055 2143 ejus—

402 2145 530 2205 dem
561 2149 927 2215 coemeteriis,
962 2152 1027 2202 ut
1053 2146 1300 2216 contigit
1335 2146 1513 2214 capiti
1547 2145 1601 2200 S.
1638 2145 1894 2200 Fabiani.
1938 2149 2056 2200 lm-

410 2219 658 2274 minenle
718 2220 895 2290 igitur
941 2224 1100 2290 metu
1155 2218 1288 2290 ejus
1319 2217 1503 2290 cladis
1551 2229 1584 2290 a
1635 2216 1952 2290 Saracenis,
1999 2223 2056 2272 et

407 2290 702 2360 sacrilega:
741 2288 1091 2359 direptionis
1141 2301 1208 2344 ac
1258 2288 1708 2360 depraedationis
1759 2301 2050 2343 sacrarum

405 2358 1096 2416 aedium'constitutarum
1129 2366 1288 2415 extra
1335 2359 1506 2414 Urbis
1547 2358 1850 2424 ambitum,
1882 2371 2052 2429 quam

404 2431 624 2487 cla'dem
650 2445 828 2500 passa:
843 2431 1125 2486 suntduaa
1149 2444 1217 2485 ex
1243 2431 1555 2500 praecipuis
1581 2430 1843 2486 basilicis
1862 2430 1916 2485 S.
1948 2431 2054 2484 Pe—

407 2503 482 2558 tri
518 2504 575 2558 in
607 2503 896 2565 Vaticano,
932 2506 989 2558 et
1015 2502 1069 2556 S.
1127 2501 1288 2557 Pauli
1319 2503 1411 2557 via
1435 2501 1690 2558 Ostiensi
1721 2501 1831 2558 sub
1856 2501 2056 2571 Sergio

407 2575 478 2641 ll,
510 2579 573 2630 ut
596 2573 746 2628 infra
769 2573 1022 2641 legemus
1049 2573 1106 2628 in
1139 2579 1300 2628 textu
1326 2572 1617 2628 Anastasii
1653 2587 1810 2628 num.
1843 2569 2053 2640 495,11)

405 2645 534 2700 Vita
559 2643 766 2699 Leonis
787 2643 849 2698 IV
873 2644 1048 2712 hujus
1063 2644 1315 2713 ejusdem
1339 2644 1523 2713 Sergii
1550 2644 1796 2712 proximi
1820 2657 2056 2698 succes-

407 2714 560 2770 soris
587 2713 776 2784 (cujus
806 2712 1164 2784 providentia
1201 2712 1549 2782 amplificata
1583 2714 1854 2782 pommrio
1887 2715 1939 2769 ei
1975 2714 2058 2768 in-

408 2790 497 2840 tra
527 2783 695 2840 Urbis
724 2785 1005 2839 ambitum
1044 2783 1268 2838 inclusa
1292 2784 1533 2839 basilica
1560 2785 1851 2854 Vaticana,
1882 2785 2056 2854 origi-

410 2869 535 2912 nem
567 2855 729 2911 dedit
753 2869 821 2910 ac
865 2868 1068 2910 nomen
1102 2854 1326 2909 civitati
1351 2855 1634 2924 Leoninze,
1666 2861 1723 2910 et
1751 2855 2052 2910 securitati

407 2940 700 2983 sacrorum
753 2927 1055 2996 pignorum
1117 2926 1488 2994 imposterum
1545 2925 1858 2996 prospexit)
1906 2927 2052 2981 idem

405 2999 652 3070 Sergius
677 2998 750 3070 _Il,
796 2996 1246 3070 Bibliothecario
1292 3004 1614 3070 enarrante
1643 2998 1703 3070 in
1752 2999 1878 3066 ejus
1929 2998 2054 3053 Vita

409 3066 566 3126 num.
591 3066 717 3137 49-1,
740 3066 1039 3137 Complura
1071 3081 1310 3137 corpora
1334 3069 1425 3123 SS.
1463 3068 1796 3137 pontificum
1830 3073 1884 3124 et
1913 3083 2056 3124 mar-

408 3146 618 3211 tyrum,
643 3139 1010 3210 aliorumque
1034 3153 1162 3194 cum
1194 3139 1267 3194 iis
1314 3145 1719 3211 coronatorum
1755 3141 2055 3195 transtulit

407 3210 474 3268 ex
500 3211 768 3282 pluribus
797 3211 1139 3266 coemeteriis
1170 3211 1225 3264 in
1269 3210 1504 3282 titulum
1549 3211 1796 3281 Equitii,
1827 3225 1926 3282 seu
1956 3212 2049 3266 SS.

405 3281 665 3339 Silvestri
714 3291 768 3338 et
812 3282 1067 3344 Martini,
1095 3282 1188 3336 cui
1225 3281 1515 3352 presbyter
1546 3282 1669 3350 ipse
1709 3281 2046 3352 praefuerat:

411 3373 435 3406 α
457 3355 537 3409 Ad
564 3356 832 3409 honorem
851 3353 1266 3424 omnipotentis
1291 3354 1411 3415 Dei,
1431 3353 1803 3424 ejusdemque
1834 3353 2054 3408 beatis-

408 3425 543 3480 simi
582 3425 843 3480 Silvestri
879 3423 1140 3494 praesulis
1165 3438 1376 3491 corpus
1405 3438 1534 3478 cum
1564 3423 1914 3479 beatissimis
1944 3425 2055 3479 Fa-

409 3495 600 3560 biano,
660 3502 831 3565 atque
875 3495 1183 3564 Stephano,
1242 3500 1293 3549 et
1341 3495 1536 3549 Sotere
1586 3496 1956 3564 martyribus,
1988 3509 2054 3550 ac

412 3566 804 3637 pontificibus,
846 3566 1140 3636 simulque
1163 3565 1389 3620 Asteria
1417 3570 1661 3637 martyre
1685 3581 1815 3622 cum
1855 3579 2051 3622 sacra-

409 3636 636 3694 tissima
690 3637 808 3692 filia
855 3638 1000 3706 ejus,
1059 3643 1370 3708 sanctoque
1414 3636 1668 3708 Cyriaco,
1729 3643 1784 3692 et
1833 3641 2051 3706 Mauro,

410 3710 609 3780 Largo,
637 3714 693 3764 et
721 3709 1050 3779 Smaragdo,
1083 3715 1256 3779 atque
1291 3710 1594 3780 Anastasio
1641 3714 1697 3765 et
1726 3710 2056 3765 lnnocentio

413 3778 806 3850 pontificibus,
835 3778 947 3835 una
968 3794 1097 3835 cum
1125 3778 1320 3834 sancto
1349 3778 1594 3848 Quirino
1622 3793 1688 3836 ac
1724 3782 1904 3836 Leone
1927 3780 2058 3850 epi-

411 3851 618 3921 scopis,
649 3858 780 3921 etc.,
814 3851 922 3906 sub
965 3863 1128 3906 sacro
1156 3850 1325 3904 altari
1359 3851 1632 3906 dedicans
1669 3851 1986 3907 collocavit.
2026 3869 2052 3901 ι

409 3923 537 3977 Haec
569 3923 688 3991 ipsa
722 3927 1057 3992 sanctorum
1075 3921 1305 3976 nomina
1325 3933 1638 3991 eorumque
1664 3922 1944 3992 reliquias
1961 3936 2060 3978 re-

410 3990 604 4048 censet
623 3993 863 4064 antiqua
897 3990 1440 4064 tubulaumarmorea
1470 3992 1526 4047 in
1548 3990 1827 4049 descensu
1857 3994 1925 4048 ad
1951 3995 2060 4064 hy-

415 4077 669 4134 pogazum
700 4061 955 4131 ejusdem
985 4061 1143 4117 tituli
1167 4062 1445 4134 collocata
1474 4070 1606 4119 ante
1634 4065 1930 4134 complura
1956 4061 2059 4120 sie-

411 4133 584 4206 cula,
608 4136 704 4206 uti
740 4134 1137 4206 characterum
1178 4133 1484 4206 barbaries
1511 4136 1724 4206 prodit,
1758 4133 1928 4206 quam
1966 4136 2061 4190 hic

414 4204 802 4260 nitidioribus
833 4204 1048 4259 litteris
1096 4205 1349 4260 reddam.

485 4314 547 4378 ἦ(
580 4322 925 4365 TEMPORIBVS
967 4323 1133 4364 DOMNI
1162 4323 1341 4365 SERGII
1373 4323 1618 4366 IVNIORIS
1659 4325 1741 4366 PP.
1782 4324 1993 4367 RECON-

485 4396 612 4436 ΒΗΑ
661 4394 797 4436 SVNT
847 4394 900 4435 IN
957 4394 1057 4435 HOC
1101 4393 1209 4435 SAC.
1273 4395 1485 4436 ALTARE
1523 4396 1676 4437 BEATI
1711 4397 1988 4438 SILVES'I‘RI

485 4465 783 4508 PRAESVLIS
801 4465 1004 4507 CORPVS
1028 4465 1091 4507 ET
1132 4466 1286 4507 ΒΕΑἸἹ
1317 4466 1542 4508 MARTINI
1575 4467 1638 4508 ΕΤ
1673 4467 1992 4510 BEATISSIMO

484 4537 716 4579 FABIANO
753 4536 928 4585 Ατονε.
978 4537 1255 4579 STEPHANO
1302 4537 1365 4579 ΕΤ
1406 4538 1607 4580 SOTERE
1656 4538 1994 4580 MARTIRIBVS

486 4608 590 4651 HAG
650 4607 1024 4651 PONTIF'CIBVS
1086 4609 1415 4657 INSIIVLQVE
1452 4609 1681 4652 ASTEBIO
1733 4609 1842 4652 CVI
1871 4611 1993 4652 SAN-

482 4679 729 4722 C'I‘ISSIHA
781 4679 924 4721 FILIA
986 4680 1107 4720 EIVS
1163 4681 1394 4728 SC'I'OQVB
1449 4680 1660 4723 CIRIACO
1720 4683 1877 4724 PAI’IA
1928 4682 1992 4723 ET

486 4751 671 4793 IAVRO
703 4736 886 4792 ΒΑΒῦο
909 4751 973 4792 ΕΤ
1017 4751 1299 4793 SUARAGDO
1324 4739 1590 4794 TRASONE
1627 4753 1864 4796 SISlNNlO
1889 4753 1992 4794 ΛΤ·-

485 4823 588 4871 ρνε
631 4821 927 4864 ANAS’I‘ASIO
965 4823 1030 4864 ET
1073 4823 1396 4866 INNOCENTIO
1442 4824 1849 4867 PONTIFICIBVS:
1884 4824 1992 4866 VNA

487 4893 591 4935 CVI
635 4893 761 4936 SCI'O
791 4893 1019 4942 QVIRINO
1047 4893 1113 4935 AC
1168 4895 1340 4937 LEONE
1370 4895 1642 4938 EPISCOPIS
1668 4890 1775 4938 BIC.

481 4987 718 5043 Constat
773 4987 977 5043 horum
1011 4993 1364 5052 sanctorum,
1409 4989 1508 5058 qui
1545 4989 1638 5044 hic
1671 4993 2060 5055 recensentur,

412 5071 652 5128 corpora
677 5058 926 5114 diversis
954 5059 1011 5113 in
1042 5060 1385 5115 cmmeteriis
1404 5058 1582 5115 fuisse
1601 5060 1896 5129 deposita;
1930 5073 2060 5116 cum

410 5131 687 5185 Silvester
717 5130 776 5184 in
829 5130 1143 5197 Priscillae;
1190 5131 1498 5198 Fabianus,
1530 5131 1871 5201 Stephanus,
1901 5131 2063 5188 Soter

416 5202 476 5256 in
499 5201 759 5263 Callisti;
789 5201 1152 5265 Anastasius,
1175 5207 1232 5255 et
1264 5203 1628 5257 Innocentius
1651 5203 1722 5257 ad
1750 5204 1954 5257 Ursum
1981 5203 2064 5256 Pi-

416 5271 626 5328 leatum
668 5272 886 5328 fuerint
911 5272 1150 5336 conditi,
1181 5271 1619 5328 Bibliothecario
1646 5273 1702 5328 in
1733 5274 2060 5328 eorumdem

416 5343 567 5413 Vita,
584 5350 642 5399 et
665 5343 1092 5413 martyrologiis
1112 5343 1367 5412 ipsorum
1387 5344 1442 5398 in
1461 5344 1636 5399 natali
1656 5345 2064 5400 itaasserenti—

415 5411 562 5469 bus.
601 5417 660 5470 In
717 5411 1029 5470 memorato
1063 5411 1252 5483 lapide
1289 5419 1346 5470 8.
1383 5416 1612 5471 Martini
1674 5416 1730 5471 in
1766 5415 2064 5471 montibus

412 5485 810 5557 Casmeterium
832 5486 1110 5542 Priscilla:
1129 5486 1471 5542 nominatim
1497 5487 1866 5557 exprimitur,
1888 5501 1920 5542 a
1949 5501 2062 5557 quo

416 5555 642 5611 scilicet
667 5563 984 5612 extractum
1033 5556 1220 5614 fuerat
1247 5572 1458 5628 corpus
1506 5555 1880 5623 BISilvestri,
1914 5555 2065 5614 unde

416 5638 621 5680 nomen
650 5628 1006 5684 accrescebat
1026 5629 1200 5684 titulo
1228 5630 1616 5699 Equitii,ejus
1645 5631 1702 5685 in
1725 5629 2061 5699 pontificatu

413 5703 768 5770 constructo.
795 5699 1313 5770 Colligituritaque
1337 5702 1426 5755 his
1443 5699 2063 5757 exdocumentisVita—

416 5780 542 5839 rum
566 5768 880 5839 Anastasii,
899 5768 1126 5839 etlapid
1139 5768 1236 5827 um
1256 5773 1314 5826 in
1329 5771 1520 5827 titulis
1535 5773 2009 5838 constitutorum,
2030 5785 2062 5828 ει

415 5837 751 5921 Symmacho
774 5852 938 5921 papa,
969 5837 1066 5908 qui
1091 5843 1512 5921 sacramazdem
1546 5844 1718 5921 titulo
1741 5845 1960 5921 Equitii
1982 5837 2064 5899 ita

415 5913 754 5979 proximam,
776 5914 842 5964 ut
863 5913 923 5962 in
947 5921 1116 5965 unam
1131 5913 1427 5969 ecclesiam
1445 5919 1502 5970 et
1525 5915 1757 5972 titulum
1773 5915 2064 5972 coalesce-

2083 3189 2132 3254 Ο
2165 3157 2471 3214 Baronium
2503 3159 2570 3214 ad
2612 3171 2826 3214 annum
2855 3159 3074 3214 Christi
3103 3158 3138 3214 8

2160 527 2252 582 SS.
2283 527 2544 583 Silvestri
2591 534 2649 584 et
2676 529 2907 584 Martini
2941 527 3152 598 (Anast.
3192 541 3358 582 num.
3394 525 3486 596 80)
3525 533 3584 583 et
3609 540 3643 582 a
3676 541 3820 582 suc-

2160 599 2489 654 cessoribus
2516 600 2896 665 Hadriano,et
2923 599 3119 669 Sergio
3147 600 3212 664 ll,
3244 600 3341 669 qui
3374 599 3643 654 eumdem
3666 599 3818 653 titu-

2164 670 2280 725 lum
2301 677 2717 734 restaurarunt,
2744 671 3019 726 translata
3035 668 3224 724 fuisse
3238 668 3459 740 aliquot
3480 677 3815 725 sanctorum

2163 754 2422 810 corpora,
2483 747 2539 796 et
2591 743 2894 813 reliquias,
2927 741 3338 813 aliorumvero
3361 755 3670 813 corporum
3701 742 3816 813 jam

2168 813 2576 868 translatorum
2595 827 2624 869 e
2649 811 2994 869 cmmeteriis
3012 825 3042 866 a
3071 811 3243 868 Paulo
3270 813 3459 868 Primo
3488 813 3546 867 in
3571 811 3814 867 titulum

2163 883 2255 938 SS.
2313 883 2580 940 Silvestri
2637 891 2693 940 et
2743 883 3027 954 Dionysii,
3083 890 3138 938 et
3165 883 3457 952 Stephani,
3491 883 3751 952 aliisque
3788 896 3818 937 a

2165 954 2540 1023 pontificibus
2561 956 2617 1010 in
2636 955 3002 1011 aliostitulos
3018 963 3204 1019 partes
3219 955 3418 1010 desum
3430 961 3601 1023 ptasa
3619 955 3816 1025 Sergio

2163 1026 2230 1092 Il,
2249 1030 2305 1080 et
2325 1025 2383 1080 in
2406 1041 2573 1081 suum
2595 1027 2728 1083 olim
2757 1026 2994 1082 titulum
3017 1027 3234 1095 Equitii
3256 1027 3572 1093 traductas,
3597 1039 3812 1080 necnon

2167 1102 2353 1168 partes
2377 1097 2606 1154 illorum
2625 1111 2950 1168 corporum,
2980 1111 3107 1168 quae
3135 1097 3193 1153 in
3221 1097 3438 1166 Equitii
3476 1097 3654 1152 titulo
3675 1109 3814 1151 cono

2163 1167 2466 1237 debantur,
2501 1182 2699 1238 nempe
2731 1167 2807 1224 ’S.
2841 1167 3124 1234 SilveStri,
3156 1170 3210 1224 S.
3269 1168 3528 1234 Fabiani,
3578 1168 3675 1223 SS.
3705 1169 3816 1236 Cy-

2164 1238 2330 1311 riaci,
2359 1241 2542 1311 Largi,
2568 1241 2954 1310 etSmaragdi,
2980 1245 3111 1305 etc.,
3131 1240 3297 1310 quasi
3325 1239 3817 1311 compensationis

2159 1309 2290 1378 jure
2320 1309 2580 1366 vicissim
2636 1309 2876 1367 donatas
2902 1318 3020 1366 tum
3048 1309 3222 1366 titulo
3251 1311 3343 1366 SS.
3375 1310 3642 1365 Silvestri
3677 1311 3817 1364 Dio-

2168 1381 2315 1450 nysii
2349 1395 2415 1436 ac
2443 1382 2738 1451 Stephani,
2770 1388 2890 1438 tum
2936 1383 3158 1437 caeteris
3188 1395 3422 1437 suarum
3476 1387 3693 1449 partem
3726 1394 3814 1434 re-

2167 1451 2483 1521 liquiarum
2512 1454 2602 1507 his
2619 1453 3113 1508 contradentibus.
3136 1454 3278 1507 Hinc
3294 1465 3425 1507 vero
3449 1451 3716 1507 effectum
3734 1458 3818 1506 est

2168 1529 2230 1578 ut
2260 1524 2515 1593 antiquae
2549 1527 2834 1580 memoriaa
2860 1523 3242 1579 marmoribus
3271 1523 3626 1594 consignatae
3656 1536 3818 1594 repe—

2165 1593 2393 1649 riantur
2440 1594 2607 1650 etiam
2668 1596 2725 1650 in
2758 1595 3001 1650 basilica
3036 1596 3323 1663 Vaticana,
3351 1600 3408 1649 et
3450 1593 3520 1649 in
3555 1593 3734 1648 titulo
3763 1595 3816 1648 S.

2163 1665 2310 1720 Sixti
2341 1665 2411 1720 ad
2445 1666 2725 1734 piscinam
2761 1667 3069 1736 publicam,
3113 1665 3327 1736 quibus
3359 1665 3654 1734 insculpta
3685 1672 3818 1720 sunt

2165 1736 2397 1808 nomina
2451 1737 2776 1792 eorumdem
2822 1737 3161 1808 pontificum
3223 1743 3275 1791 et
3322 1743 3818 1808 martyrumtaut

2085 1823 2133 1883 Β
2164 1806 2834 1883 confessorumquorum
2862 1809 3084 1883 lipsaina
3118 1809 3268 1883 inter
3287 1808 3512 1883 easdem
3544 1807 3817 1883 basilicas

2164 1891 2230 1932 ac
2280 1878 2485 1934 titulos
2536 1880 2962 1936 dividebantur.
3001 1879 3169 1949 Lapis
3199 1885 3462 1949 vetustus
3492 1879 3638 1949 in‘S.
3667 1879 3811 1932 Sixti

2163 1949 2356 2004 editus
2399 1963 2430 2004 a
2463 1951 2784 2007 Martinello
2835 1965 2954 2006 suae
2985 1946 3174 2006 Romae
3221 1963 3396 2005 sacrae
3422 1947 3523 2005 fol.
3555 1946 3668 2004 306
3700 1962 3815 2002 me-

2165 2020 2466 2075 moratSS.
2522 2023 2745 2080 Sixtum
2782 2035 3004 2091 papam,
3058 2021 3296 2076 Felicem
3341 2034 3565 2090 papam,
3594 2021 3816 2089 Zephy-

2167 2091 2360 2146 rinum
2397 2105 2618 2162 papam,
2653 2098 2926 2148 Anterum
2957 2105 3181 2162 papam,
3214 2093 3452 2147 Lucium
3501 2105 3730 2161 papam,
3765 2100 3816 2145 et

2163 2163 2414 2218 Soterem
2446 2177 2667 2233 papam.
2698 2165 2866 2233 Lapis
2899 2165 2957 2219 in
2990 2164 3254 2218 Vaticana
3285 2162 3532 2218 basilica
3557 2168 3814 2232 repertus

2163 2234 2314 2302 apud
2344 2234 2526 2289 altare
2564 2236 2885 2304 proximum
2909 2235 3174 2304 sepulcro
3205 2234 3477 2289 Otlhonis
3505 2235 3554 2288 Il
3585 2235 3813 2303 impera.

2166 2305 2310 2377 toris
2327 2305 2521 2360 editus
2539 2320 2571 2362 a
2596 2306 2863 2377 Turrigio
2887 2307 2944 2361 in
2963 2309 3183 2377 cryptis
3206 2306 3496 2377 Vaticanis
3516 2304 3641 2375 (ubi
3667 2319 3813 2360 nunc

2163 2376 2338 2430 etiam
2395 2375 2796 2446 conSpicitur)'
2824 2376 2922 2433 fol.
2955 2375 3020 2431 18
3071 2389 3102 2431 e
3131 2375 3504 2446 pontificibus
3543 2382 3813 2430 memorat

2169 2447 2424 2515 Lucium,
2466 2449 2687 2515 Caium,
2739 2449 3141 2519 Zephyrinum,
3172 2448 3535 2517 Dionysium,
3569 2447 3812 2519 Stepha-

2167 2531 2324 2590 num,
2344 2525 2399 2590 et
2419 2519 2759 2574 Silvestrum
2785 2517 3162 2590 reliquiarum
3190 2532 3423 2574 suarum
3460 2523 3680 2588 partem
3706 2517 3812 2571 ibi-

2164 2589 2292 2672 dem
2323 2589 2666 2672 obtinentes.
2702 2592 2873 2646 Vetus
2898 2589 3253 2672 epigramma
3279 2591 3610 2672 _S._.Da_mas_i‘
3653 2589 3813 2670 posi-

2169 2665 2287 2715 tum
2323 2661 2384 2715 in
2406 2661 2686 2717 vestibulo
2717 2661 3028 2717 cmmeterii
3061 2661 3380 2716 Praetextati
3405 2667 3461 2715 et
3489 2674 3522 2715 a
3577 2661 3813 2715 Baronio

2165 2731 2385 2803 editum
2419 2741 2572 2788 tomo
2604 2734 2726 2800 Xll,
2754 2733 2810 2786 in
2844 2733 3192 2803 Appendice,
3219 2738 3274 2786 et
3303 2731 3373 2786 ab
3404 2731 3696 2803 Aringhio
3719 2731 3815 2785 Ro-

2169 2815 2270 2856 mae
2298 2802 2546 2858 subterr.
2572 2811 2724 2859 tomo
2752 2805 2820 2872 ll,
2857 2800 2983 2873 pag.
3012 2800 3135 2870 £78,
3167 2803 3438 2864 ostendit,
3473 2800 3811 2871 ibi’deposi-

2168 2878 2287 2944 tum
2313 2873 2492 2929 fuisse
2515 2875 2737 2929 Sixtum
2761 2876 2854 2944 Pp.
2889 2877 2933 2930 ll
2957 2881 3013 2930 et
3037 2874 3225 2930 socios
3253 2874 3513 2943 martyrii
3544 2875 3665 2940 sui,
3689 2887 3812 2927 cum

2163 2943 2301 2999 aliis
2354 2945 2742 3014 pontificibus,
2800 2943 2945 3016 quos
2982 2946 3132 3000 inter
3161 2944 3449 3000 Fabianus
3476 2945 3717 3012 eminet,
3751 2944 3815 2997 de

2167 3029 2280 3086 quo
2311 3030 2498 3072 sermo
2555 3023 2641 3072 est
2672 3019 2998 3086 praecipuus
3052 3018 3109 3071 in
3165 3017 3428 3084 praesenti
3483 3029 3728 3070 numero
3763 3021 3814 3068 et

2167 3085 2386 3142 idcirco
2432 3093 2780 3143 memoratur
2808 3085 2865 3144 iri
2894 3089 3009 3144 alia
3036 3087 3348 3157 epigraphe
3371 3087 3558 3156 Sergii
3593 3089 3642 3143 ll
3669 3086 3812 3157 apud

3135 3127 3348 3214 ἱῖῖίέ
3369 3127 3597 3213 ξέἑίἷίἐέ

2316 3263 2548 3313 Nectitur
2570 3278 2690 3313 ecce
2722 3265 2820 3326 piis
2851 3264 3076 3313 Fabiano
3114 3267 3163 3313 et
3191 3277 3435 3324 compare
3468 3263 3658 3324 Xysto,

2401 3325 2737 3389 Martyribus,
2757 3341 2979 3390 quorum
3023 3327 3233 3389 spiritus
3255 3328 3391 3373 astra
3419 3329 3580 3374 tenet.

2159 3423 2538 3494 Comprobant
2587 3425 2768 3492 igitur
2797 3425 2913 3480 h'ec
2954 3425 3312 3492 documenta,
3348 3423 3407 3477 in
3461 3424 3808 3479 cmmeteriis

2163 3510 2348 3566 usque
2367 3497 2434 3552 ad
2463 3502 2725 3566 quartum
2747 3496 2964 3551 Christi
2988 3495 3259 3551 saeculum
3289 3495 3552 3550 versibus
3584 3497 3810 3550 Damasi

2162 3567 2470 3623 distinctos
2500 3566 2681 3622 fuisse
2713 3566 2953 3633 loculos,
2987 3574 3042 3623 et
3070 3574 3297 3635 cryptas
3335 3566 3583 3620 istorum
3618 3575 3814 3636 marty-

2166 3653 2289 3694 rum
2332 3639 2616 3694 custodes.
2647 3638 2886 3707 Quando
2916 3645 3105 3694 autem
3134 3638 3389 3692 Paulus!
3420 3643 3476 3691 et
3506 3638 3750 3708 Sergius
3775 3641 3812 3692 ll

2164 3711 2357 3766 eadem
2389 3709 2647 3778 exempla
2671 3712 2852 3765 secuti
2896 3710 3045 3765 beati
3075 3709 3335 3765 Silvestri
3362 3708 3694 3764 dividentis
3726 3711 3814 3764 in-

2168 3787 2253 3837 ter
2283 3781 2477 3850 plures
2508 3780 2782 3836 basilicas
2803 3794 2962 3836 sacra
2993 3794 3122 3836 ossa
3144 3780 3290 3835 Petri
3321 3785 3380 3834 et
3413 3779 3577 3850 Pauli
3600 3788 3817 3848 aposto-

2167 3849 2374 3917 lorum,
2431 3857 2484 3906 et
2530 3852 2847 3907 recentiora
2903 3850 3183 3906 Bonifacii
3221 3852 3286 3905 ιν
3318 3849 3732 3907 transferentis
3762 3852 3812 3905 in

2168 3923 2456 3978 Pantheon
2479 3937 2509 3978 a
2528 3939 2594 3978 su
2604 3923 3012 3992 pertitionibus
3029 3927 3430 3993 expurgatum,
3451 3928 3508 3976 et
3524 3921 3815 3977 Christia-

2171 4008 2242 4050 no
2274 3995 2393 4049 ritu
2441 3995 2553 4049 Deo
2596 3995 2870 4059 dicatum,
2913 4006 3151 4062 corpora
3205 3993 3454 4062 plurima
3482 4001 3814 4049 sanctorum

2169 4067 2426 4135 ecryptis
2455 4072 2788 4134 martyrum,
2807 4065 3226 4120 transtulerunt
3247 4069 3300 4118 et
3316 4063 3561 4135 ipsialia
3583 4072 3815 4120 sancto-

2173 4134 2298 4192 rum
2330 4149 2570 4206 corpora
2603 4136 2872 4206 gravibus
2901 4137 2971 4191 de
2995 4137 3189 4191 causis
3220 4135 3276 4189 in
3308 4134 3531 4196 titulos,
3564 4141 3623 4188 et
3651 4142 3817 4190 eccle-

2173 4209 2292 4263 sias
2348 4207 2550 4277 Urbis;
2581 4221 2650 4262 ne
2680 4207 2906 4262 scilicet
2937 4207 3104 4261 ruina
3137 4207 3605 4275 opprimerentur
3642 4209 3684 4261 ii
3718 4207 3811 4277 qui

2173 4283 2399 4349 cryptas
2438 4276 2877 4348 frequentabant
2921 4277 3248 4334 eorumdem
3308 4283 3620 4349 martyrum
3656 4276 3811 4332 saera

2176 4347 2414 4420 pignora
2435 4347 2758 4405 veneraturi
2783 4367 2795 4402 :
2816 4354 2918 4404 aut
2945 4362 3012 4404 ne
3027 4354 3296 4420 paterent
3314 4349 3556 4420 injuriis
3577 4347 3804 4403 Sarace-

2176 4419 2398 4488 norum,
2431 4421 2730 4491 sacrilegis
2760 4421 2981 4488 rapinis
3022 4419 3418 4474 infestantium
3449 4419 3812 4474 suburbanas

2174 4491 2480 4560 basilicas;
2537 4498 2656 4548 tum
2688 4505 2915 4562 quoque
2946 4498 3204 4546 curatum
3265 4497 3352 4545 est
3384 4497 3447 4545 ut
3477 4493 3814 4545 marmoreis

2102 4563 2658 4643 Dinscriptionibus
2683 4563 3219 4643 commendarentur
3274 4562 3597 4643 posteritati
3631 4563 3816 4617 docu—

2175 4641 2361 4689 menta
2413 4634 2744 4702 hujusmodi
2798 4633 3262 4698 translationum,
3317 4645 3383 4686 ac
3411 4633 3810 4688 divisionum:

2174 4705 2380 4761 incisis
2429 4705 2759 4760 nominibus
2799 4717 2970 4773 prope
3017 4703 3246 4769 altaria,
3296 4709 3396 4758 aut
3449 4703 3627 4772 pictis
3654 4717 3814 4772 Opere

2173 4777 2416 4840 musivo,
2445 4777 2565 4831 sive
2584 4778 2755 4832 etiam
2787 4773 3101 4840 coloribus,
3128 4775 3454 4829 eorumdem
3482 4782 3811 4830 sanctorum

2172 4847 2525 4918 imaginibus
2544 4855 2599 4902 et
2626 4845 3134 4918 appellationibus,
3193 4845 3615 4918 autnatalitijs
3649 4846 3810 4918 etiam

2169 4915 2379 4974 diebus
2406 4919 2644 4983 additis,
2671 4915 2737 4972 ut
2769 4917 2973 4972 iisdem
3004 4916 3172 4970 statis
3197 4915 3403 4970 diebus
3450 4929 3647 4971 annua
3682 4917 3815 4970 illo-

2175 5003 2300 5045 rum
2357 4989 2627 5044 memoria
2679 4988 2891 5057 ibidem
2920 4987 3286 5042 recoleretur.
3317 4988 3427 5042 Hac
3458 4986 3643 5057 igitur
3690 5001 3815 5056 pro-

2173 5060 2429 5115 videntia
2459 5059 2790 5128 pontificum
2823 5056 3034 5114 factum
3055 5063 3240 5119 est,ut
3267 5056 3819 5115 inlocis’illustratis

2171 5131 2553 5200 depositione,
2585 5130 2982 5195 translatione,
3017 5137 3118 5185 aut
3163 5133 3322 5198 gesto
3346 5129 3548 5199 aliquo
3579 5143 3816 5186 eorum-

2171 5203 2296 5258 dem
2331 5208 2656 5257 sanctorum
2685 5216 2815 5270 pars
2857 5201 3048 5271 aliqua
3076 5213 3146 5255 ex
3179 5200 3818 5272 lipsanisirelinquere-

2173 5282 2286 5338 tur,
2313 5281 2416 5328 aut
2442 5279 2829 5342 reponeretur.
2850 5275 2961 5328 Nec
2981 5271 3409 5341 secuscontigtt
3440 5271 3504 5324 B.
3529 5271 3810 5327 Fabiano:

2169 5345 2338 5413 cujus
2362 5346 2624 5412 corporis
2654 5343 2712 5398 in
2745 5343 2947 5399 Urbem
2976 5342 3242 5399 translati
3283 5357 3381 5412 per
3403 5343 3668 5413 Sergium
3695 5345 3742 5398 ll
3762 5343 3813 5396 in

2171 5415 2410 5472 titulum
2431 5415 2650 5484 Equitii
2678 5428 2808 5483 pars
2825 5415 3022 5485 aliqua
3038 5428 3168 5469 cum
3190 5416 3378 5483 capite
3397 5421 3683 5469 reservata
3712 5413 3816 5468 fuit

2172 5493 2271 5543 aut
2317 5492 2601 5556 reportata
2660 5487 2718 5541 in
2771 5486 3170 5542 Cmmeterium
3213 5485 3463 5553 Callisti,
3518 5486 3634 5552 ipsi
3685 5485 3814 5540 olim

2173 5571 2474 5614 commune
2524 5571 2655 5613 cum
2702 5557 2882 5628 Xysto
2933 5558 3165 5624 Antero,
3217 5557 3503 5628 Stephano
3532 5557 3816 5628 aliisque;

2176 5642 2306 5700 pars
2337 5629 2510 5684 etiam
2540 5626 2808 5686 concessa
2855 5628 3026 5684 titulo
3056 5628 3166 5700 SS.
3215 5627 3501 5700 Silvestri,
3529 5626 3818 5700 Stephani

2173 5698 2230 5756 et
2258 5701 2560 5770 Dionysii;
2595 5715 2726 5770 pars
2753 5701 3006 5770 denique
3033 5699 3166 5755 data
3207 5698 3384 5755 titulo
3421 5699 3458 5754 S
3525 5699 3818 5766 Praxedis,

2173 5773 2650 5842 quemadmodum
2679 5777 2924 5827 testatur
2946 5779 3108 5826 vetus
3142 5771 3337 5826 tabula
3366 5783 3687 5842 marmorea
3727 5771 3821 5824 in-

2174 5841 2260 5899 t’ra
2292 5841 2564 5898 sacellum
2597 5843 2652 5897 S.
2683 5843 2946 5906 Zenonis,
2992 5843 3211 5898 musiva
3243 5855 3412 5912 Opere
3434 5841 3819 5897 convestitum

2173 5926 2206 5971 a
2228 5914 2285 5971 S.
2318 5913 2576 5971 Paschali
2609 5927 2752 5986 papa
2781 5915 2906 5985 ejus
2932 5915 3186 5971 nominis
3218 5913 3442 5985 primo;
3482 5914 3657 5982 cujus
3681 5912 3820 5968 Vitae
