4070 6178
277 334 416 394 4349

1153 339 1466 397 HISTORIA
1505 344 1593 398 DE
1634 343 1805 399 VlTlS
1842 344 2012 399 ROM.
2052 345 2248 400 PONT.
2292 377 2366 386 —
2393 347 2448 402 S.
2492 349 2844 405 FABIANUS.

3564 357 3702 418 4350

277 459 336 549 in
369 461 520 549 notis
551 462 939 549 opportunior
959 455 1072 519 erit
1101 463 1264 549 locus
1291 466 1543 549 ejusdem
1579 466 1928 549 tabellte‘re-
1951 468 2007 527 Α
2049 467 2748 549 ι’θεηίινίικβοῃεᾳιηῐὶηιιε
2773 475 2845 529 Μ.
2878 473 3283 549 imperatorum
3314 482 3698 539 Romanorum

282 529 546 587 ferendae.
579 529 746 588 Illius
778 534 1160 590 meminerunt
1199 529 1481 593 Baronius
1513 539 1571 593 in
1602 538 1927 594 Annalibus

271 603 504 680 ad‘ann.
533 602 588 670 8,
621 605 936 680 _Severanus
965 606 1034 660 de
1056 613 1275 680 septem
1306 609 1476 680 Urbis
1500 610 1764 666 ecclesiis
1796 623 1920 680 pag.

271 671 397 750 (_i_82,
439 671 1149 750 Octavius._Pan_ct_rolius
1185 679 1255 734 de
1292 679 1554 735 ecclesiis
1594 684 1652 735 in
1695 671 1926 750 regione

271 746 554 820 Montium
584 760 705 820 cap.
742 742 830 818 44,
863 748 1085 819 aliique
1113 750 1182 806 de
1212 751 1395 807 sacris
1423 751 1709 808 Ediﬂciis
1737 742 1925 808 Romae

271 815 616 873 scribentes.

943 925 1264 984 CIACONII.

341 1029 516 1100 Li_n_ea
557 1026 609 1086 4.
639 1060 713 1073 -
747 1033 1043 1100 Ραυίαηιιε,
1087 1037 1307 1091 natione
1357 1037 1646 1092 Romanus.
1688 1037 1926 1095 Creatus

270 1101 369 1178 die
401 1097 746 1178 l7_‘.lanuanr‘ii
766 1122 788 1178 7;
813 1119 941 1178 cum
974 1097 1126 1161 enim
1149 1120 1345 1164 omnes
1367 1107 1590 1178 fratres,
1621 1123 1793 1166 causa
1819 1111 1926 1166 de-

272 1171 491 1243 ligendi
519 1171 830 1244 pontificis,
860 1176 916 1230 in
939 1177 1236 1233 ecclesiam
1260 1171 1682 1244 convenissent,
1707 1189 1763 1236 et
1786 1181 1926 1236 mul-

271 1245 316 1297 ti
336 1245 408 1299 de
429 1245 981 1318 multisnillustribus
1001 1253 1056 1303 et
1077 1249 1368 1318 praeclaris
1392 1255 1534 1307 viris
1549 1253 1618 1307 ad
1641 1253 1786 1308 illud
1811 1265 1927 1308 mu-

271 1315 1022 1392 nus_obeundu_mnidoneis
1062 1315 1400 1390 cogitarent,
1447 1323 1517 1377 de
1557 1329 1785 1392 repente
1823 1336 1925 1378 co—

271 1385 786 1464 lumbaesublimi
817 1391 1033 1464 volans,
1063 1385 1239 1460 capiti
1270 1385 1503 1449 Fabiani
1537 1385 1786 1463 insedit;
1811 1407 1926 1464 quo

271 1456 492 1535 cmlesti
536 1457 754 1514 indicio
797 1459 986 1535 clerus
1025 1456 1364 1533 Commotus,
1408 1477 1605 1535 magna
1638 1456 1926 1521 cum'a'la-

270 1531 500 1606 critate,
530 1535 584 1582 et
611 1542 727 1606 _uno
750 1531 1073 1606 animarum
1101 1531 1406 1602 consensu,
1440 1531 1655 1606 dignus
1690 1536 1929 1605 pontifi-

270 1601 487 1676 catu-is
507 1599 771 1676 acclamat
788 1617 874 1668 us,
903 1610 960 1658 et
978 1603 1195 1673 absque
1220 1619 1373 1660 mora
1396 1599 1768 1676 arreptusfin
1798 1608 1929 1664 sede

270 1668 572 1794 {eonttiﬁcta
603 1670 920 1798 tzgezllocatus
949 1681 1071 1730 est:
1101 1668 1407 1733 attestante
1433 1668 1678 1735 Eusebio
1709 1678 1808 1734 lib.
1845 1692 1926 1748 tx,

327 1754 376 1794 ts
407 1781 419 1794 .
455 1754 579 1798 can.
687 1783 700 1796 .

327 1754 419 1794 t5t.
455 1754 579 1811 cap.
611 1754 700 1798 zz.

993 1851 1200 1910 PAGII.

346 1954 516 2010 Linea
548 1951 600 2010 4.
629 1986 696 1996 -
723 1956 828 2022 Qui
851 1964 1052 2028 septem
1079 1963 1326 2016 notariis.
1365 1963 1501 2019 Cum
1529 1964 1668 2020 olim
1695 1970 1929 2022 sanctus

273 2026 534 2103 Clemens
573 2033 785 2103 septem
836 2026 1095 2086 notarios
1139 2033 1510 2103 instituisset,
1555 2042 1620 2091 ut
1667 2036 1930 2093 celeriter

270 2100 604 2177 exciperent
622 2098 1103 2177 verborumnotis
1125 2111 1280 2177 gesta
1298 2098 1567 2175 dictaque
1592 2115 1924 2177 martyrum,

264 2169 736 2242 jam_Fabianus,
781 2173 975 2242 inquit
1020 2169 1318 2236 Baronius,
1364 2169 1757 2233 considerans
1786 2169 1929 2234 hanc

269 2239 564 2318 scribendi
590 2239 1008 2318 rationem'esse
1030 2244 1190 2318 valde
1209 2246 1532 2318 obscuram,
1562 2249 1686 2303 ideo
1713 2257 1928 2318 septem

273 2311 524 2389 notariis
556 2312 787 2389 totidem
824 2313 1076 2389 praefecit
1101 2316 1504 2389 subdiaconos,
1524 2311 1638 2389 qui
1661 2311 1931 2377 curarent

274 2383 492 2437 litteris
511 2381 728 2453 integre
757 2381 1057 2452 perscribi,
1081 2388 1232 2456 quod
1252 2389 1404 2444 notis
1424 2381 1826 2458 compendiose
1842 2405 1932 2446 ex-

277 2458 507 2525 ceptum
551 2461 717 2525 antea
760 2461 925 2525 erat;
955 2457 1184 2512 dicente
1229 2459 1535 2516 Anastasio
1563 2457 1647 2516 ad
1686 2463 1791 2518 hoc
1823 2464 1933 2518 Fa-

276 2523 516 2602 bianum
551 2523 752 2602 fecisse
781 2523 981 2596 septem
1009 2528 1387 2597 subdiaconos,
1419 2534 1516 2600 qui
1541 2538 1740 2602 septem
1764 2539 1932 2588 nota-

275 2598 380 2650 riis
417 2597 791 2671 immjnerent,
813 2603 874 2652 ut
894 2604 1390 2671 gestarmartyru’m
1425 2597 1484 2658 in
1520 2597 1731 2671 int-egro
1768 2606 1934 2658 colli—

271 2671 482 2745 gerent.
532 2667 861 2745 Per_mu_lta
901 2670 1108 2745 saecula
1158 2667 1556 2740 perseveravit,
1608 2667 1670 2730 u't
1716 2682 1930 2745 septem

279 2742 505 2818 tantum
525 2738 610 2818 _jn
641 2739 902 2818 Ecclesia
948 2738 1196 2818 Eomana
1218 2745 1481 2818 diaconi
1509 2738 1929 2818 ministrarent,

280 2807 980 2900 quibus'iTt‘a'bianns-illud
1008 2815 1264 2900 muneris
1291 2816 1538 2900 addidit,
1564 2824 1628 2872 ut
1649 2807 1932 2900 quatuor-4

279 2881 466 2959 decim
508 2879 674 2935 Urbis
713 2883 1052 2959 regionibus
1099 2893 1421 2959 praeessent,
1468 2879 1723 2959 singulis
1765 2889 1932 2946 binas

279 2949 610 3020 assignans,
663 2958 728 3029 ut
777 2949 1112 3024 pauperum
1144 2956 1201 3010 in
1249 2958 1336 3012 eis
1375 2949 1703 3029 degentium
1736 2974 1930 3016 curam

279 3029 583 3104 gererent;
619 3023 767 3104 unde
804 3030 890 3104 est
933 3039 1134 3104 nomen
1173 3041 1240 3082 ex
1283 3023 1828 3104 muneijeinditum,
1872 3037 1936 3088 ut

281 3092 460 3147 iidem
492 3093 710 3146 diacom‘
737 3097 1039 3163 regionarii
1067 3097 1418 3155 dicerentur.
1453 3100 1738 3158 Fabianus
1761 3092 1936 3157 Chri-

279 3165 891 3242 stianam‘religionem
922 3181 1248 3242 propagare,
1284 3177 1762 3242 propagatamque
1788 3173 1935 3228 tedi-

283 3235 439 3289 ﬁciis
483 3233 778 3309 illustrare
816 3233 1062 3309 studuii,
1100 3233 1257 3296 unde
1284 3233 1438 3297 idem
1463 3233 1822 3298 "Anastasius
1851 3245 1936 3298 ait

282 3318 414 3382 eum
466 3305 644 3382 multa
689 3308 935 3382 aedificia
972 3305 1427 3368 in'ctnmeteriis
1479 3313 1602 3368 fieri
1647 3315 1930 3382 jussisse:

285 3377 503 3446 quippe
536 3377 592 3431 in
624 3381 842 3447 cryptis
879 3383 1167 3436 arenariis
1215 3384 1415 3439 subter
1445 3377 1665 3439 terram'
1685 3385 1934 3441 latebant

281 3447 550 3524 sepulcra
578 3457 906 3524 sanctorum
937 3458 1272 3522 martyrum,
1309 3455 1366 3508 in
1391 3455 1604 3524 quibus
1629 3469 1871 3524 synaxes
1903 3470 1934 3513 a

285 3517 558 3594 ﬁdelibus
613 3520 987 3594 habebantur,
1047 3517 1173 3594 qua:
1231 3517 1502 3594 deinceps
1553 3540 1586 3581 a
1640 3517 1929 3594 fidelibus,

281 3589 488 3644 orandi
531 3602 722 3654 causa,
761 3589 1136 3654 frequentaiae
1170 3602 1325 3651 sunt.
1374 3589 1660 3654 Privatum
1701 3589 1935 3653 haereti-L

280 3673 435 3729 cum,
468 3672 500 3714 a
531 3662 780 3737 concilio
808 3662 1080 3737 Africano
1118 3664 1188 3722 90
1215 3667 1617 3737 episcoporum
1659 3671 1936 3724 condem-

280 3738 500 3807 natum,
533 3733 924 3807 ecelesiastica
953 3733 1357 3807 communione
1389 3733 1654 3807 privavit.
1685 3741 1932 3796 Tandem

282 3803 592 3876 imperator
605 3805 830 3870 Decius,
846 3808 943 3860 Dei
960 3802 1356 3864 sacerdotibus
1371 3802 1653 3876 infensus,
1673 3819 1930 3866 sanctum

283 3872 595 3951 Ennianum
640 3882 819 3930 morte
855 3876 1047 3951 affecit
1074 3880 1170 3934 die
1201 3881 1476 3951 vigesima
1502 3872 1763 3937 Januarii
1794 3882 1932 3937 anni

275 3941 403 4021 250,
453 3950 746 4021 postquam
792 3948 1036 4004 sedisset
1080 3941 1759 4021 annos'quatuordecim,
1808 3954 1934 4008 dies

277 4014 513 4094 decerni
540 4022 595 4094 et
619 4018 876 4094 quinque
901 4021 1295 4094 ordinationes
1320 4014 1550 4079 iecisset
1579 4014 1932 4094 presbytero:

281 4099 408 4140 rum
439 4083 511 4165 _22
549 4091 604 4141 et
633 4083 1006 4165 diaconorum
1050 4090 1106 4160 8,
1137 4106 1204 4148 ac
1249 4094 1486 4163 insuper
1527 4083 1826 4165 episcopos
1867 4092 1924 4150 44

282 4169 400 4234 pen
415 4157 646 4234 diversa
683 4159 817 4234 _loca
862 4157 1153 4233 creasset;
1185 4157 1450 4234 sepultus
1499 4157 1576 4220 in'
1606 4157 1933 4223 cmmeterio

279 4226 513 4299 Callisti
543 4229 634 4283 via
666 4231 865 4299 Appia.

352 4297 641 4376 Eusebius
658 4297 986 4376 in’i‘iistoria
1016 4303 1116 4359 lib.
1136 4317 1216 4373 Vl,
1235 4319 1358 4376 cap.
1377 4305 1466 4375 34,
1490 4313 1546 4362 et
1569 4307 1626 4362 in
1647 4307 1932 4364 Chronico

281 4369 510 4448 scribit,
548 4371 877 4448 Philippum
923 4369 1320 4444 imperatorem
1351 4369 1478 4434 cum
1517 4379 1780 4448 Philippo
1814 4380 1932 4435 tilio

277 4441 689 4520 Christianum
711 4442 926 4514 fuisse;
972 4441 1027 4501 et
1057 4454 1183 4502 acta
1215 4449 1396 4504 sancti
1435 4451 1619 4504 Pontii
1666 4441 1934 4520 martyris

279 4511 508 4591 docent,
562 4513 870 4591 Fabianum
914 4511 1114 4591 papam
1155 4519 1353 4591 ambos
1395 4519 1528 4575 illos
1566 4511 1933 4591 imperatores

283 4582 623 4662 baptizasse,
658 4585 874 4662 quibus
905 4582 1085 4662 fidem
1108 4590 1381 4645 adhibuit
1410 4582 1692 4648 Baronius
1721 4599 1777 4647 et
1809 4603 1934 4662 post

277 4666 420 4734 eum.
457 4654 938 4734 plurescelebres
979 4661 1310 4734 scriptores,
1361 4662 1510 4718 inter
1557 4677 1701 4734 quos
1741 4654 1936 4720 Petrus

281 4725 482 4805 Daniel
515 4726 758 4781 lluetius
782 4725 1515 4806 episcopus'Abricatensis
1548 4725 1650 4789 lib.
1680 4750 1694 4790 l
1726 4734 1936 4806 Orige-

277 4795 590 4870 nianornm
632 4812 754 4870 cap.
790 4795 842 4867 3’,
891 4795 997 4870 qui
1038 4803 1285 4858 Eusebio
1317 4810 1372 4858 et
1401 4809 1624 4860 auctori
1674 4795 1934 4861 actorum

276 4868 478 4946 sancti
500 4867 709 4946 Pontii,
737 4867 959 4946 addunt
988 4872 1222 4928 Paulum
1254 4875 1520 4946 Orosium
1550 4875 1650 4930 lib.
1680 4890 1780 4940 vn,
1809 4891 1933 4946 cap.

277 4935 368 4990 43.
419 4935 782 4994 Vincentium
834 4944 1186 4999 Lirinensem
1234 4945 1332 5000 lib.
1374 4949 1646 5003 adversus
1687 4935 1936 5003 Haéresés

272 5021 406 5087 gap.
597 5017 653 5087 ent
695 5017 826 5087 ante
873 5027 970 5068 eos
1015 5015 1213 5087 divum
1263 5018 1666 5087 Hieronymum
1714 5018 1816 5072 lib.
1865 5019 1936 5074 de

269 5080 490 5158 script.
512 5080 851 5158 _ecclesiast.‘
869 5099 998 5158 cum
1025 5086 1094 5140 de
1120 5088 1365 5158 Origene
1397 5080 1674 5158 loquitur.
1702 5089 1807 5144 Sed
1835 5105 1938 5144 ve—

274 5150 406 5204 rior
435 5151 663 5205 videtur
694 5154 894 5221 opinio
918 5150 1294 5213 Annotatoris
1319 5150 1550 5215 Baroitii
1578 5161 1934 5216 contrarium

269 5221 1023 5299 sentientisgonstatenim
1047 5241 1114 5282 ex
1137 5231 1446 5299 Lactantio,
1469 5232 1710 5287 Eusebio
1726 5245 1933 5298 cowvo,

268 5297 338 5347 et
381 5292 566 5373 Crispi
613 5294 974 5373 Constantini
1018 5299 1088 5351 M.
1134 5299 1243 5373 _tilii
1291 5292 1651 5372 praeceptore,
1688 5305 1746 5358 in
1793 5292 1935 5373 pro-4

266 5363 456 5444 (nmio
481 5363 583 5417 lib.
616 5378 636 5444 In
660 5366 957 5444 de_Instit_._
973 5383 1097 5444 cap.
1124 5369 1174 5439 4,
1197 5363 1654 5442 Constantinum,
1685 5363 1934 5444 primum

237 5447 348 5489 ex
401 5434 850 5502 imperatoribus
900 5434 1129 5497 Christo
1163 5434 1386 5498 nomen
1437 5434 1713 5500 dedisse}
1747 5466 1773 5497 α
1821 5447 1936 5500 Hoc

266 5518 450 5584 opus,
481 5506 695 5584 inquit,
727 5521 879 5564 nunc
902 5514 1156 5568 nominis
1178 5513 1263 5568 tui
1284 5516 1548 5584 auspicio
1572 5517 1930 5584 inchoamus,

262 5577 655 5655 Constantine
681 5578 993 5655 imperator
1026 5585 1286 5648 maxime,
1313 5577 1410 5654 qui
1443 5587 1682 5655 primus,
1722 5577 1936 5643 Koma-'-

269 5659 489 5727 norum
525 5649 851 5727 principum
887 5655 1206 5727 repudiatis
1234 5649 1549 5722 erroribus,
1583 5649 1931 5727 majestatem

268 5718 382 5798 ξ)ρὶ
431 5719 752 5798 singularis
781 5735 846 5777 ac
876 5718 994 5780 veri
1025 5735 1081 5781 et
1108 5728 1429 5798 cognovisti
1461 5735 1517 5784 et
1540 5718 1866 5784 'honorasti.
1904 5749 1929 5779 υ

274 5789 439 5852 Idem
466 5790 678 5846 scribit
701 5805 1020 5856 anonymus
1043 5789 1244 5854 auctor
1269 5801 1404 5855 Vita
1428 5801 1612 5856 sancti
1643 5800 1932 5856 Pachomii

263 5859 534 5944 abbatis,
565 5863 667 5944 qui
695 5859 1136 5944 saeculoquarto
1160 5870 1332 5925 etiam
1361 5873 1524 5941 vixit,
1557 5873 1615 5928 in
1637 5885 1700 5928 ea
1722 5873 1937 5944 quippe

260 5932 471 6002 capite
497 5932 685 6005 primo
708 5938 794 5993 ait
817 5955 829 5992 :
858 5957 883 5992 α
906 5932 1046 5997 Cum
1069 5939 1234 5998 ﬁnem
1255 5932 1566 6014 accepisset
1592 5932 1932 6017 persecutio,

1959 3184 2008 3246 C

2048 540 2271 611 primus
2296 540 2684 611 Christianus,
2718 563 2742 593 ο
2771 550 2879 599 etc.
2913 540 3112 602 Eadem
3145 548 3260 604 fere
3289 552 3457 606 verba
3491 554 3699 609 habent

2038 609 2379 692 ambrosius
2421 614 2478 692 in
2511 609 2710 670 funere
2738 615 3044 692 Theodosii
3078 619 3286 692 Magni,
3315 629 3372 676 et
3407 623 3697 692 Sulpicius

2037 680 2295 758 Severus,
2353 684 2452 758 qui
2508 680 3285 758 annoquadringentesimo
3329 693 3475 748 duos
3516 680 3698 750 'sacraa

2036 751 2306 829 iiistoriae
2361 751 2915 829 librospubl'icavit
2945 751 3169 829 {sicuti
3219 767 3276 816 et
3311 763 3698 821 Theodoretus

2040 821 2140 901 lib.
2170 837 2222 887 v,
2252 838 2376 901 cap.
2399 824 2489 901 39,
2521 821 2617 901 ubi
2654 821 2962 900 utriusque
2990 831 3240 901 Philippi
3269 836 3696 891 conversionem

2038 893 2130 975 bis
2153 893 2341 975 verbis
2362 893 2625 966 explodit
2644 917 2707 975 :_a
2737 893 2884 975 Ante
2903 893 3263 975 Constantini
3287 907 3518 975 maximi
3547 907 3700 975 prin-

2035 965 2290 1034 cipatum
2324 965 2618 1039 quotquot
2647 971 2880 1026 Romani
2918 972 3290 1040 imperatores
3323 965 3560 1032 fueruni
3587 976 3698 1031 ad-

2035 1050 2236 1092 versus
2281 1040 2515 1107 pietatis
2570 1039 2822 1096 cultores
2870 1041 3060 1098 furere
3108 1057 3217 1100 non
3264 1047 3631 1103 destiterunt.
3670 1067 3694 1098 υ

2037 1107 2306 1188 Praeterea
2328 1110 2629 1188 ethnicoru
2649 1119 3024 1188 m_au_ctorun_t
3051 1115 3285 1188 denova
3311 1118 3381 1172 ab
3411 1119 3486 1173 iis
3512 1119 3700 1188 impc—

2036 1180 2327 1253 ratoribus
2357 1186 2622 1253 suscepta
2646 1181 2923 1253 religione
2948 1185 3270 1252 silentium,
3297 1194 3350 1243 et
3380 1180 3692 1244 multorum

2039 1249 2291 1328 insuper,
2334 1255 2456 1328 tum
2495 1249 2961 1310 Christianorum
3009 1263 3214 1326 praeter
3245 1249 3361 1326 jam
3410 1260 3692 1328 laudatos,

2038 1324 2155 1398 tum
2197 1321 2564 1398 ethnicorum
2601 1337 2937 1398 consensus,
2971 1321 3262 1397 a'quibus'
3289 1331 3508 1398 primus
3547 1321 3697 1386 inter

2038 1390 2408 1464 imperatores
2433 1394 2724 1450 Christum
2754 1390 3039 1464 professos
3057 1390 3385 1455 celebratur
3409 1403 3696 1456 Constan-

2040 1462 2380 1541 t~i_nu_s,rjur_e
2427 1466 2630 1541 merito
2676 1462 3044 1541 convincunt,
3090 1471 3288 1526 ambos
3337 1472 3634 1541 Philippos
3665 1486 3696 1528 a

2037 1533 2390 1604 Christianis
2437 1537 2699 1604 partibus
2746 1537 2928 1594 fuisse
2966 1533 3206 1596 alienos.
3251 1542 3412 1597 Certe
3443 1533 3694 1598 si‘iidem

2080 1603 2282 1676 rofessi
2334 1603 2601 1676 fuissent,
2655 1609 2970 1666 verisimile
3021 1625 3130 1667 non
3177 1618 3263 1668 est
3309 1614 3590 1670 tacituros
3637 1615 3693 1669 id

2069 1675 2221 1730 uisse
2250 1677 2514 1733 ethnicos
2543 1675 2878 1748 scriptores.

2109 1773 2188 1844 Ad
2223 1772 2340 1828 haec
2374 1777 2678 1844 respondet
2710 1778 2952 1833 Huetius
2998 1778 3294 1835 initiatum
3339 1780 3553 1836 Christi
3597 1796 3696 1837 sa-

1955 1835 2006 1897 B
2037 1843 2154 1898 cris
2170 1835 2635 1919 a_Fahiano'_papa
2656 1846 2836 1903 fuisse
2861 1849 3208 1919 Philippum,
3229 1853 3325 1906 sed
3349 1835 3698 1918 occuilte,'id«

2038 1928 2148 1990 que
2168 1915 2313 1990 clam
2335 1915 2594 1973 ethnicos
2619 1918 2905 1987 habuisse,
2933 1933 3001 1974 ne
3018 1915 3161 1990 quid
3187 1923 3319 1977 inde
3341 1937 3428 1977 res
3450 1915 3697 1979 sutede—

2043 1987 2299 2064 trimenti
2331 1995 2618 2064 caperent,
2663 2003 2807 2064 quas
2840 1987 3104 2064 pristina:
3134 1993 3434 2064 religionis
3464 1995 3698 2063 ejuratae

2039 2055 2183 2113 fama
2209 2055 2455 2134 forsitan
2483 2055 2900 2134 conturbassét.
2927 2063 3030 2117 Sed
3062 2063 3178 2118 haec
3207 2055 3510 2134 résponsio
3533 2066 3698 2121 dirc-

2037 2136 2124 2203 cte
2154 2129 2490 2203 adversatur
2515 2131 2780 2203 Eusebio,
2814 2133 2915 2203 qui
2947 2134 3005 2187 in
3039 2129 3528 2190 Historia'scribit
3556 2137 3699 2191 Phi—

2040 2199 2261 2276 lippum
2291 2201 2516 2276 publice
2545 2202 2602 2256 in
2634 2199 2945 2258 Ecclesiam
2972 2217 3002 2259 a
3036 2205 3240 2276 Babyla
3271 2208 3541 2276 episcopo
3570 2207 3698 2261 An-

2041 2270 2309 2346 tiocheno
2335 2271 3106 2346 admissum,precationum
3143 2270 3487 2346 participem
3516 2276 3698 2333 fuisse

2044 2340 2275 2417 factum,
2304 2350 2600 2417 postquam
2623 2340 2869 2400 crimina
2890 2340 3187 2402 confessus
3211 2349 3266 2402 in
3295 2340 3697 2417 ptianitentium

2041 2413 2302 2488 ordinem
2351 2415 2616 2488 redactus
2646 2426 2761 2488 est._
2799 2419 2909 2472 Nec
2952 2423 3040 2472 est
3068 2419 3219 2488 quod
3259 2413 3417 2474 dicat
3456 2421 3698 2475 Huetius

2040 2485 2354 2556 Eusebium
2375 2484 2429 2539 id
2455 2499 2485 2539 a
2511 2485 2716 2556 Babyla
2740 2486 2950 2543 factum
2968 2501 3036 2542 ex
3061 2484 3275 2545 incerta
3296 2491 3598 2546 auditione
3622 2505 3702 2546 re-

2041 2554 2269 2620 tulisse,
2295 2569 2425 2628 cum
2447 2554 2635 2626 dicat,
2652 2560 2809 2624 fama
2829 2561 3010 2626 est;si
3033 2561 3184 2615 enim
3214 2561 3267 2615 id
3292 2559 3438 2615 fama
3464 2561 3698 2628 ferebat,

2039 2638 2107 2680 ex
2133 2638 2198 2681 eo
2225 2627 2550 2701 Oppositum
2579 2629 2704 2701 ejus
2729 2632 3024 2685 sententiae
3054 2632 3438 2699 convincitur,
3469 2627 3704 2701 Philip-4

2041 2710 2185 2770 pum,
2197 2698 2420 2752 scilicet
2445 2711 2554 2754 non
2580 2698 2759 2754 fuisse
2779 2702 2978 2753 occulte
2999 2701 3411 2770 Christianum,
3427 2698 3531 2757 'sed
3554 2698 3701 2758 coit-

2041 2769 2361 2823 versionem
2384 2770 2508 2836 ejus
2530 2770 2801 2826 omnibus
2830 2771 3173 2827 innotuisse.
3199 2769 3412 2827 Deinde
3434 2785 3545 2828 non
3571 2787 3704 2829 con-

2040 2839 2277 2914 veniunt
2308 2841 2587 2914 Duronius
2619 2848 2675 2896 et
2707 2843 2950 2914 Huetius
2976 2856 3088 2912 quo
3116 2850 3367 2912 tempore
3399 2843 3700 2914 Philippus

2040 2911 2256 2965 Christi
2289 2911 2612 2966 doctrinam
2643 2912 2945 2981 amplexus
2972 2915 3071 2967 sit.
3106 2911 3385 2968 Baronius
3419 2914 3472 2968 id
3506 2911 3700 2970 conti-

2043 2982 2196 3053 gisse
2210 2983 2384 3053 _d_icit,
2409 2996 2540 3036 cum
2564 2982 2864 3038 saaculares
2890 2984 3074 3038 Ludos
3095 2983 3383 3046 exhibuit,
3404 2997 3555 3040 anno
3575 2987 3700 3040 sci—

2046 3049 2179 3106 iicet
2203 3049 2328 3120 247,
2360 3053 2599 3122 Huetius
2622 3066 2752 3107 vero
2780 3053 2886 3107 sub
2911 3053 3032 3120 ipsa
3058 3053 3286 3122 imperii
3315 3055 3505 3121 initia,
3536 3056 3701 3111 ideo-

2045 3136 2157 3192 que
2183 3136 2334 3178 anno
2354 3120 2478 3191 244,
2509 3137 2622 3192 quo
2650 3123 2973 3178 Antiochiae
2997 3120 3155 3178 erat.‘
3170 3125 3247 3179 Ad
3280 3120 3544 3180 neutrum
3578 3126 3697 3182 dici

2045 3200 2229 3263 potest
2257 3212 2272 3262 ;
2302 3206 2412 3248 non
2444 3194 2674 3262 quidem
2706 3194 2992 3262 primum;
3023 3200 3246 3249 constat
3271 3196 3447 3265 enim,
3477 3202 3541 3251 ut
3572 3210 3699 3252 mox

2046 3265 2401 3328 ostendetur,
2433 3264 2764 3333 Philippum
2797 3277 2949 3319 more
2979 3265 3353 3335 Ethnicorum
3385 3269 3701 3335 imperato-

2047 3349 2172 3390 rum
2206 3335 2392 3390 Ludos
2423 3335 2730 3390 saeculares
2757 3333 3114 3390 celebrasse‘:
3151 3349 3252 3390 nec
3281 3333 3701 3393 etiam‘secun-
3784 3382 3786 3386 τ

2042 3407 2201 3474 dum,
2235 3419 2364 3461 cum
2399 3406 2637 3479 ipsemet
2667 3408 2908 3479 Huetius
2939 3420 3005 3461 ex
3047 3407 3152 3462 hoc
3183 3405 3348 3462 fateri
3379 3416 3695 3479 cogeretur,

2042 3490 2170 3533 eum
2198 3486 2388 3546 postea
2418 3478 2625 3532 iterum
2653 3478 2719 3532 ad
2750 3478 3023 3532 vomitum
3051 3478 3316 3548 rediisse,
3344 3478 3700 3535 ascendendo

2043 3548 2390 3620 Capitolium
2417 3549 2768 3620 etvictimas
2810 3548 3176 3620 immolando,
3208 3551 3358 3619 quod
3390 3557 3702 3620 utrumque

2044 3618 2180 3674 fecit
2233 3632 2385 3690 anno
2428 3617 2532 3673 ‘247
2585 3620 2640 3674 in
2689 3619 3066 3674 saecularibus
3111 3617 3307 3674 Ludis.
3358 3621 3437 3675 Ex
3484 3617 3701 3690 quibus

2042 3690 2309 3760 sequitur
2335 3689 2682 3759 Philippum,
2714 3703 2814 3744 nec
2841 3691 3068 3758 imperii
3097 3692 3189 3746 sui
3216 3691 3407 3760 initio,
3432 3689 3717 3746 necante-.

2046 3775 2211 3832 quam
2237 3760 2422 3816 Ludos
2449 3762 2752 3816 saeculares
2775 3760 3096 3832 exhiberet,
3123 3762 3353 3817 Christo
3380 3775 3583 3817 nomen
3609 3763 3702 3818 de-

2044 3833 2227 3887 disse.

2117 3919 2430 3976 Baronium
2494 3924 2550 3976 et
2610 3920 2879 3976 Huetium
2934 3920 3003 3976 ad
3071 3919 3305 3976 Eusebii
3369 3921 3700 3990 Opinionem

2044 3993 2314 4048 tuendam
2345 3991 2694 4061 pertraxisse
2715 3993 2983 4047 videntur
2997 3997 3122 4046 acta
3145 3991 3328 4047 sancti
3355 3993 3539 4048 Pontii
3561 4007 3702 4049 mar-

2043 4065 2206 4132 tyris,
2234 4076 2267 4116 a
2293 4063 2576 4130 Stephano
2608 4063 2840 4118 Baluzio
2872 4070 3065 4131 postea
3088 4076 3156 4118 ex
3184 4062 3373 4118 tribus
3398 4064 3702 4120 codicibus

2039 4134 2173 4188 Mss.
2207 4133 2568 4189 bibliothecae
2604 4133 2944 4189 Colbertinte
2983 4133 3083 4188 lib.
3131 4148 3168 4189 tt
3205 4134 3701 4191 Miscellaneorum

2044 4205 2357 4277 publicata.
2404 4205 2506 4258 Sed
2559 4205 3138 4277 annotator_Baronii
3184 4218 3248 4260 ea
3281 4205 3447 4277 longe
3491 4216 3616 4276 post
3642 4207 3699 4262 S.

2044 4275 2227 4330 Pontii
2261 4279 2594 4344 martyrium
2623 4276 2838 4344 scripta
2867 4275 3066 4344 fuisse,
3098 4282 3153 4331 et
3183 4275 3456 4344 scriptori
3490 4275 3702 4333 coaeta-

2047 4361 2148 4402 neo
2175 4345 2357 4401 alﬁcta
2388 4346 2625 4414 probat;
2657 4349 2808 4402 unde
2834 4349 3114 4404 Baronius
3148 4348 3268 4417 ipse
3293 4345 3507 4403 fatetur
3539 4350 3701 4418 plura

2047 4419 2104 4473 in
2152 4421 2225 4472 iis
2255 4420 2402 4472 actis
2431 4423 2696 4473 contenta
2726 4419 3044 4474 desiderari
3091 4421 3241 4487 apud
3287 4419 3698 4484 Mombritium,

2045 4503 2219 4559 seque
2252 4495 2451 4558 putare
2480 4502 2544 4544 ea
2574 4488 2644 4542 ab
2687 4491 2886 4559 aliquo
2931 4488 3113 4544 fuisse
3141 4490 3357 4543 addita.
3394 4491 3460 4542 At
3494 4503 3557 4544 ea
3590 4502 3700 4544 non

1959 4573 2014 4634 ι)
2045 4561 2229 4616 solum
2262 4574 2385 4616 esse
2433 4559 2714 4634 fabulosa,
2758 4562 2852 4634 sed
2887 4561 3064 4634 etiam
3090 4573 3217 4634 esse
3253 4559 3508 4634 auctoris
3539 4567 3702 4614 acto-

2057 4646 2206 4701 rum,
2237 4645 2348 4686 nou
2379 4644 2510 4701 vero
2538 4629 2790 4701 alicujus
2821 4630 3274 4701 interpolatoris,
3303 4631 3704 4701 demonstrant

2052 4697 2344 4760 editiones
2385 4699 2601 4755 Baluzii
2631 4707 2686 4754 et
2715 4697 2999 4767 Bollandi,
3047 4701 3148 4769 qui
3181 4700 3248 4754 ad
3283 4700 3432 4755 diem
3469 4697 3535 4754 44
3565 4700 3701 4756 Maii

2045 4788 2108 4830 ea
2138 4775 2308 4829 etiam
2358 4772 2695 4841 publicavit,
2727 4773 2795 4826 ad
2833 4770 2995 4825 [idem
3044 4784 3173 4826 mss.
3211 4771 3586 4827 concinnatae.
3622 4772 3701 4828 Ex

2047 4847 2123 4901 iis
2151 4846 2344 4912 itaque
2373 4844 2518 4897 actis
2551 4841 2698 4910 nihil
2734 4842 2878 4897 hanc
2911 4842 2968 4896 in
2999 4855 3111 4896 rem
3143 4842 3270 4898 erui
3301 4849 3501 4912 potest.
3539 4843 3698 4913 Quod

2044 4916 2250 4971 attinet
2279 4916 2346 4969 ad
2377 4913 2708 4978 Eusebium,
2739 4913 2822 4968 vel
2853 4913 2980 4980 ejus
3012 4915 3262 4969 Historia
3292 4915 3362 4970 ab
3392 4915 3591 4984 aliquo
3617 4922 3703 4970 est

2049 4985 2410 5056 interpolata,
2443 4986 2597 5039 sicut
2621 4985 2745 5056 ejus
2774 4984 3097 5040 Chronicon
3128 4986 3200 5040 ab
3227 4987 3587 5056 Hieronymo,
3615 4985 3701 5040 vel

2045 5063 2194 5113 certe
2218 5055 2380 5139 falsis
2399 5055 2731 5139 rumoribus
2751 5056 3022 5139 deceptus
3039 5062 3143 5111 est.
3167 5058 3227 5111 In
3247 5057 3526 5139 Chronico
3547 5056 3700 5139 enim

2044 5129 2320 5198 supponit
2350 5129 2408 5182 in
2436 5126 2819 5182 celebratione
2847 5127 3137 5198 Ludorum
3164 5127 3529 5182 saecularium
3560 5127 3703 5182 Phi-

2047 5197 2190 5270 lippi
2213 5199 2374 5267 plura
2397 5197 2778 5271 gentilitatem
2804 5197 3118 5271 redolentia
3146 5205 3365 5268 peracta
3384 5199 3699 5271 esse,iqu0d

2046 5269 2343 5350 manifeste
2372 5269 2651 5350 repugnat
2678 5269 2998 5350 narratieni
3027 5269 3159 5324 libri
3185 5270 3332 5350 sexti
3359 5269 3484 5350 ejus
3511 5270 3700 5350 _Histo-

2047 5344 2166 5398 riae.
2213 5342 2406 5410 Quoad
2453 5339 2820 5421 Vincentium
2873 5340 3248 5421 Lirinensem,
3293 5339 3701 5421 Cassiodorum

2049 5420 2106 5470 et
2148 5414 2319 5482 alios,
2368 5413 2466 5482 qui
2517 5411 2849 5480 Philippum
2898 5411 3294 5466 Christianum
3345 5411 3523 5482 tuisse
3567 5425 3706 5480 per-

2045 5499 2290 5566 suasum
2310 5481 2618 5566 habuere,
2671 5482 2776 5566 illi.
2819 5483 2876 5537 in
2937 5495 3188 5566 errorem
3251 5481 3455 5566 tracti‘
3486 5487 3638 5566 sunt.
3670 5497 3703 5540 a

2043 5557 2217 5612 Paulo
2250 5555 2491 5624 Orosio;
2523 5554 2623 5624 qui
2663 5561 2719 5610 et
2763 5554 2885 5624 ipse
2927 5553 3199 5623 deceptus
3242 5557 3347 5623 est,
3397 5556 3462 5608 ut
3504 5555 3700 5612 statim

2044 5627 2305 5684 ostendo.

2113 5727 2249 5795 Ejus
2274 5724 2443 5780 verba
2469 5723 2591 5780 loco
2614 5723 2844 5780 laudato
2871 5722 2989 5777 haec
3014 5727 3188 5795 sunt:
3217 5743 3244 5776 α
3267 5723 3448 5780 Ludis
3475 5725 3702 5795 magni-

2044 5794 2642 5868 ﬁcisaugustissimus
2658 5795 2914 5868 omnium
2938 5794 3356 5868 praeteritorum
3379 5797 3474 5853 hic
3492 5794 3702 5852 natalis

2047 5866 2282 5942 (nempe
2300 5867 2466 5924 urbis
2494 5867 2912 5942 Eomteiannus
2937 5879 2971 5942 a
2997 5866 3332 5942 Christiano
3363 5870 3701 5942 imperatore

2000 5975 2003 5978 -
2044 5935 2472 6000 celebratusest.
2495 5940 2607 5997 Nec
2625 5935 2870 5997 dubium
2893 5941 2982 5997 est
3001 5939 3144 6013 quin
3171 5935 3477 6010 Philippus
3524 5935 3700 6003 hujus
