4070 6178
399 261 530 319 4351

1627 259 1985 316 ANASTASII
2023 259 2569 318 BIBLIOTHECARII

3671 260 3819 320 4352

397 394 569 443 tantae
589 386 916 442 devotionis
939 385 1178 457 gratiam
1201 389 1258 442 et
1277 386 1546 442 honorem
1569 385 1637 441 ad
1661 385 1975 455 Christum,
2001 393 2054 442 et
2081 381 2140 442 A
2170 385 2347 441 benda
2365 385 3528 457 Eusebio,Philippumimp.Christianum
3548 385 3814 453 facienti,

395 459 462 513 ad
489 458 798 514 Ecciesiam
824 459 1165 526 reportarit:
1194 458 1422 528 quando
1444 457 1526 513 vel
1551 470 1849 513 ascensum
1875 457 2056 514 fuisse

398 529 469 584 ab
488 543 554 586 eo
571 529 935 598 capitolium,
959 529 1396 598 immolatasque
1412 542 1479 583 ex
1499 541 1650 582 more
1670 528 1909 596 hostias,
1931 530 2055 584 nul-

400 600 965 656 lusauctorostendit
980 617 994 667 ;
1012 618 1036 648 η
1059 600 1510 671 ὴιηεθηὶῐηθωηι
1525 599 1735 653 indicia
1751 600 2054 671 gentilitia:

400 687 463 727 su
511 671 1198 740 erstitionis.Quarecum
1218 670 1745 736 crederetOrosius,
1762 670 1822 725 ea
1844 677 2056 740 specta-

400 687 529 797 cufa
552 742 906 797 Christianis
937 741 1223 797 nrohibita
1246 755 1276 796 a
1302 743 1569 797 Philinoo
1599 742 1812 797 omissa
1836 743 1893 797 in
1925 744 2052 797 suis

399 741 529 798 cuia
552 742 906 797 Christianis
937 741 1223 810 prohibita
1246 755 1276 796 a
1302 743 1569 810 Philippo
1599 742 1812 797 omissa
1836 743 1893 797 in
1925 744 2052 798 suis

401 814 575 868 Ludis
610 813 1005 880 saecularibus,
1040 827 1167 868 eum
1199 813 1592 868 Christianum
1627 811 1808 868 fuisse
1838 813 1951 869 sibi
1995 819 2052 869 et

400 885 537 940 aliis
555 885 855 954 persuasit.
877 883 1915 954 Verum,haiiucinaturOrosius;nam
1932 885 2053 940 Vic-

401 960 491 1010 tor
510 952 911 1011 deCa-saribus
929 968 1051 1024 cap.
1067 952 1364 1010 28diserte
1379 957 1542 1011 docet
1557 955 1614 1010 in
1631 957 1805 1010 Ludis
1822 956 2054 1011 saecula-

405 1027 570 1082 ribus
583 1027 836 1095 Philippi
863 1025 1187 1080 immolatas
1209 1024 1392 1081 fuisse
1413 1027 1706 1082 victimas:
1727 1029 1903 1082 «Cum
1923 1040 2052 1096 pon-

400 1097 617 1153 tiﬁcum
643 1098 790 1168 lege,
825 1098 1037 1167 inquit,
1075 1098 1278 1152 hostia:
1309 1104 1710 1163 mactarentur,
1743 1100 1868 1154 suis
1892 1107 2050 1153 utero

401 1169 596 1237 maris,
631 1167 971 1223 feminarum
1004 1169 1278 1238 genitalia
1303 1181 1636 1237 apparuere.
1667 1169 1722 1224 id
1755 1170 2050 1238 aruspices

397 1239 740 1295 solutionem
777 1240 1508 1310 posterorumportendere.
1538 1239 1794 1310 vittaque
1820 1239 1939 1294 fore
1961 1253 2051 1309 po-

398 1311 546 1365 tiora
563 1307 947 1379 interpretati,
963 1311 1112 1378 quod
1135 1307 1472 1364 frustratum
1490 1311 1562 1364 iri
1577 1307 2053 1378 aestimansim‘pe-

399 1387 554 1436 rator
579 1381 900 1449 Philippus,
926 1390 1043 1434 tum
1069 1380 1205 1449 quia
1230 1379 1374 1435 forte
1397 1382 1725 1450 praeteriens
1745 1381 1850 1436 ﬁlii
1875 1382 2052 1436 simi-

399 1451 504 1506 iem
542 1466 641 1518 pro
669 1454 872 1506 merito
902 1451 1183 1519 ephebum
1214 1460 1610 1520 conspexerat,
1649 1467 1817 1508 usum
1853 1453 2049 1507 virilis

397 1523 572 1578 scorti
595 1523 990 1576 removendum
1015 1521 1421 1593 honestissime
1438 1524 1724 1578 curavit.»
1742 1525 1819 1578 Ex
1835 1523 2050 1593 quibus

397 1599 632 1664 apparet
652 1594 707 1646 in
731 1593 904 1647 Ludis
917 1591 1297 1664 saecularibus
1315 1594 1589 1663 Philippi,
1611 1610 1759 1648 suem
1781 1591 2051 1662 impuris—

398 1662 835 1735 simumanimal
855 1669 1161 1718 mactatum
1184 1662 1383 1735 fuisse,
1400 1662 1858 1734 exempioSeveri
1879 1667 2049 1735 impe-

2167 471 2334 526 quam
2380 458 2559 513 eidem
2603 457 2707 513 lib.
2740 472 2778 526 t,
2813 455 2954 512 Hist.
2993 455 3116 527 cap.
3151 455 3236 524 43,
3269 457 3578 513 aﬁirmanti
3615 458 3819 524 Αδρα-

2161 543 2285 581 rum
2316 531 2723 585 Edessenorum
2758 542 2964 599 regem,
2997 529 3218 585 auditis
3244 529 3458 584 Christi
3489 528 3814 583 miraculis.

2162 599 2229 654 ad
2267 599 2451 669 ipsum
2500 601 2722 655 litteras
2759 601 3004 662 dedisse,
3049 607 3105 655 et
3138 601 3428 656 Christum
3476 606 3716 654 mutuas
3747 600 3814 652 ad

2162 683 2290 725 eum
2305 671 2528 726 litteras
2544 671 2869 740 scripsisse,
2891 671 3106 740 quibus
3123 685 3182 725 se
3201 672 3510 726 missurum
3531 670 3603 724 ad
3625 670 3814 738 ipsum

2166 755 2348 822 unum
2383 743 2760 822 ex_apostoiis
2802 743 2928 822 suis
2971 743 3268 822 pollicitus
3309 742 3817 822 esthissutnque

2164 819 2415 868 narrata
2445 811 2652 869 Th’oma
2687 813 2946 882 apostolo
2983 813 3287 868 Thadazum
3328 811 3508 868 unum
3548 825 3621 868 ex
3661 811 3816 866 LXX

2159 883 2490 956 discipulis,
2523 885 2622 956 qui
2653 884 2962 956 Salvatoris
2993 886 3274 956 promissa
3305 883 3590 952 impleret.
3619 884 3818 956 Neque

2159 954 2308 1008 enim
2336 955 2527 1010 minus
2548 954 2921 1024 Supposititia
2951 955 3203 1024 Philippi
3229 956 3595 1024 imperatoris
3621 955 3816 1022 paeni-

2162 1026 2338 1079 tentia
2369 1025 2440 1080 ab
2473 1023 2716 1082 Eusebio
2748 1031 2996 1096 narrata,
3030 1023 3198 1096 quam
3232 1023 3358 1081 dua:
3387 1026 3650 1094 epistolae
3687 1023 3812 1079 Ab—

2197 1097 2281 1151 ari
2309 1097 2376 1151 ad
2405 1098 2591 1152 Jesum
2624 1105 2680 1152 et
2707 1098 2836 1152 Jesu
2867 1098 2934 1152 ad
2968 1097 3272 1167 Abgarum,
3307 1111 3475 1167 quam
3508 1103 3817 1165 utramque

2181 1167 2424 1223 ieiasius
2453 1181 2514 1236 pa
2529 1181 2594 1237 pa
2628 1169 2686 1223 in
2714 1168 2940 1223 decreto
2965 1169 3034 1224 de
3061 1167 3231 1224 libris
3257 1167 3626 1238 apocryphis,
3664 1169 3816 1220 inter

2161 1237 2341 1294 libros
2375 1240 2730 1310 apocryphos
2775 1246 3044 1294 recenset.
3092 1241 3201 1294 Nec
3238 1240 3405 1294 etiam
3436 1237 3637 1307 major
3676 1237 3815 1292 ﬁdes

2157 1310 2485 1379 Hieronymi
2517 1313 2586 1365 de
2611 1311 2980 1366 conversione
3007 1311 3258 1379 Philippi
3289 1311 3600 1380 loquentis,
3640 1321 3811 1380 quam

2159 1394 2285 1435 cum
2322 1382 2378 1435 in
2408 1380 2508 1435 lib.
2541 1382 2612 1436 de
2639 1382 2845 1449 Script.
2881 1381 3196 1436 ecclesiast.
3228 1381 3298 1436 de
3325 1379 3534 1436 Seneca
3559 1379 3808 1434 scribit:

2162 1471 2188 1502 α
2221 1452 2396 1520 Quem
2443 1465 2552 1506 non
2599 1465 2863 1522 ponerem
2911 1453 2969 1506 in
3001 1453 3257 1523 catalogo
3301 1457 3673 1523 sanctorum,
3697 1450 3811 1523 nisi

2161 1536 2246 1576 me
2271 1523 2384 1576 illae
2409 1521 2667 1591 epistola:
2697 1531 3085 1591 provocarent,
3117 1521 3242 1593 qua:
3270 1523 3540 1594 leguntur
3562 1521 3813 1594 apluri-

2163 1594 2290 1661 mis,
2347 1594 2502 1648 Pauli
2555 1595 2623 1649 ad
2669 1595 2956 1659 Senecam,
2998 1601 3052 1649 et
3098 1592 3432 1649 senecaz'ad
3482 1592 3745 1647 Paulum.
3786 1611 3810 1639 μ

2163 1665 2387 1720 Priores
2429 1665 2768 1730 Christiani,
2817 1664 3013 1735 inquit
3049 1671 3355 1720 annotator
3382 1664 3643 1730 Baronii,
3679 1663 3810 1718 ﬁdei

400 1738 630 1806 ratoris,
658 1734 757 1804 qui
799 1735 855 1788 in
879 1735 1004 1789 suis
1024 1734 1400 1790 saecularibus
1423 1737 1833 1806 LudiSporcam
1857 1734 2052 1791 immo-
2082 1746 2132 1805 Β
2162 1742 2369 1790 nostra:
2417 1737 2807 1802 promovenda:
2850 1734 2954 1791 toti
3001 1737 3330 1806 addicti,,ct
3359 1748 3584 1790 summo
3629 1735 3810 1787 animi

399 1804 1535 1874 larat,utejusnummisconstat.Similia
1550 1804 2052 1863 scribitEusebius
2084 1804 2118 1805 ί
2159 1807 2405 1861 candore
2433 1807 2679 1875 praaditi,
2707 1820 2831 1862 sese
2855 1820 3002 1875 saape
3033 1807 3208 1862 nimis
3235 1805 3434 1861 faciles
3466 1807 3525 1859 in
3555 1805 3655 1871 iis,
3687 1818 3813 1874 quae

400 1877 458 1958 in
471 1877 772 1942 Chronico,
791 1877 890 1958 ubi
910 1877 1100 1931 habet:
1123 1896 1147 1928 «ι
1169 1877 1558 1958 Regnantibus
1573 1879 1858 1958 Philippis
1874 1878 2051 1934 mille-

399 1948 583 2003 simus
611 1961 799 2002 annus
840 1949 1104 2003 Romana:
1140 1947 1304 2019 urbis
1333 1951 1596 2017 expletus
1633 1947 1741 2014 est,
1772 1947 1844 2004 Ob
1876 1963 2046 2019 quam

399 2019 816 2091 solemnitatem
853 2018 1306 2091 innumerabiles
1340 2019 1534 2074 bestiae
1569 2021 1623 2074 in
1659 2022 1814 2076 circo
1847 2018 2048 2091 magno

400 2089 730 2156 interfectae,
756 2090 1016 2160 Ludique
1049 2091 1104 2144 in
1133 2104 1332 2158 campo
1351 2091 1556 2145 Martio
1583 2091 1907 2159 theatrales,
1933 2089 2051 2146 tri-

399 2160 506 2233 bus
532 2160 851 2233 diebusac
893 2161 1176 2233 noctibus,
1227 2162 1436 2230 p0pulo
1479 2163 1853 2233 pervigilante
1895 2163 2047 2218 cele-

399 2231 567 2303 brati.
599 2250 623 2280 n
647 2231 873 2303 Quibus
891 2245 958 2286 ex
981 2231 1173 2286 verbis
1193 2234 1364 2287 etiam
1386 2231 1697 2288 deducitur
1721 2234 2047 2303 Philippum

401 2302 462 2373 in
502 2302 841 2370 capitolium
882 2304 1250 2373 ascendisse;
1281 2304 1438 2373 quia,
1475 2310 1535 2358 ut
1573 2305 1754 2360 tradit
1791 2302 2050 2360 ZoSimus

398 2372 480 2428 lib
510 2386 570 2440 tt,
603 2385 912 2428 conscenso
942 2372 1248 2441 Capitolio,
1277 2372 1333 2428 et
1361 2376 1654 2430 consuetis
1689 2376 1898 2431 ibidem
1937 2377 2050 2430 im-

402 2443 632 2498 molatis
657 2444 887 2516 hostiis,
915 2443 984 2498 ad
1012 2450 1406 2516 constructum
1441 2446 1571 2501 inde
1599 2448 1880 2502 theatrum
1914 2460 2050 2516 pro-

402 2528 635 2586 gressus
666 2514 856 2581 ﬁebat,
899 2521 952 2569 et
980 2515 1273 2586 Appollini
1304 2530 1371 2570 ac
1399 2518 1595 2572 Diana
1625 2519 1769 2572 Ludi
1797 2514 2050 2573 dedicati

397 2585 735 2653 edebantur,
783 2591 846 2640 ut
889 2585 1141 2640 ostendit
1181 2587 1510 2642 Blondellus
1554 2588 1612 2642 in
1657 2588 1808 2644 libro
1851 2594 2051 2644 contra

403 2655 714 2728 primatum
746 2655 1030 2728 Ecclesiae.
1057 2656 1302 2710 Tandem
1325 2658 1517 2728 omnia
1545 2658 1890 2726 spectacula,
1925 2673 2051 2728 quae

398 2726 754 2798 Christianis
805 2727 1112 2798 interdicta
1156 2734 1338 2798 erant,
1389 2727 1449 2781 in
1495 2729 1672 2783 Ludis
1707 2743 1739 2783 a
1785 2726 2050 2798 Philippo

395 2796 574 2868 editis
601 2802 996 2868 repraasentata
1021 2795 1220 2868 fuisse,
1249 2797 1467 2868 indicat
1493 2799 1662 2852 etiam
1687 2795 2052 2868 Capitolinus

400 2867 459 2922 in
490 2865 782 2922 Gordiano
821 2867 1049 2922 Juniori
1097 2881 1220 2936 cap.
1253 2866 1359 2922 33:
1401 2888 1424 2918 α
1457 2869 1710 2924 Fuerunt
1747 2865 1854 2924 sub
1897 2874 2050 2926 Gor—

395 2938 593 3005 diano,
625 2938 842 3011 inquit,
864 2939 1052 3011 Romae
1077 2938 1366 3011 elephanti
1397 2939 1632 3007 triginta
1656 2946 1711 2994 et
1734 2941 1869 3004 duo,
1899 2955 2048 3011 quo-

399 3023 523 3064 rum
551 3023 671 3079 ipse
694 3008 998 3064 duodecim
1030 3010 1281 3077 miserat,
1305 3009 1624 3064 Alexander
1643 3011 1867 3066 decem:
1895 3008 2047 3068 alces

394 3080 585 3154 decem
621 3099 633 3135 :
676 3079 1114 3154 tigres_decem,
1141 3087 1292 3154 _et_c_.,
1336 3094 1461 3154 quae
1506 3082 1697 3154 omnia
1746 3082 2048 3154 Philippus

397 3151 568 3207 Ludis
599 3150 978 3206 saecularibus
1009 3150 1091 3206 vel
1123 3151 1303 3216 dedit,
1339 3151 1422 3206 vel
1454 3153 1688 3207 occidit.
1720 3172 1746 3202 ››

465 3224 586 3276 Non
607 3236 674 3277 ex
703 3221 1092 3292 scriptoribus
1117 3228 1358 3291 tantum,
1384 3230 1503 3277 tum
1525 3224 1898 3292 Christianis,
1925 3232 2044 3280 tum

397 3293 669 3366 ethnicis,
710 3294 805 3366 sed
853 3299 909 3366 et
949 3306 1019 3366 ex
1063 3293 1206 3362 ipsis
1251 3293 1706 3366 numismatibus
1751 3295 2044 3366 habemus,

399 3364 730 3433 Philippum
761 3365 819 3418 in
848 3365 1134 3419 Ludorum
1167 3365 1529 3420 saecularium
1559 3367 1942 3422 celebratione
1969 3364 2054 3422 ni-

399 3434 482 3489 hil
507 3435 858 3508 immutasse,
885 3435 980 3490 sed
1005 3449 1379 3508 quaecumque
1403 3436 1460 3508 in
1491 3437 1942 3508 praecedentibus
1964 3451 2050 3508 ge-

397 3510 484 3560 sta
533 3504 780 3573 fuerant,
816 3519 1108 3578 servasse.
1158 3504 1533 3576 Angelonius,
1583 3521 1708 3577 pag.
1754 3507 1878 3576 308,
1924 3504 2050 3578 ej'us

399 3589 694 3632 nummum
738 3576 988 3646 exhibet,
1040 3578 1098 3632 in
1147 3578 1316 3646 cujus
1363 3578 1576 3646 postica
1623 3576 1900 3647 scriptum
1940 3576 2047 3648 est,

395 3648 665 3720 Βάξουιυυ
691 3649 910 3715 Novum,
944 3653 998 3704 et
1030 3654 1471 3720 reprmsentatur
1501 3649 1772 3718 templum
1802 3657 2050 3720 quatuor

397 3718 796 3792 columnarum
837 3733 964 3792 cum
989 3733 1131 3792 ara,
1161 3719 1523 3792 circaquain
1555 3718 1832 3792 quinque
1853 3721 2050 3792 ﬁgurae

396 3790 802 3864 sacriﬁcantes.
833 3790 1232 3864 Spanhemius,
1263 3789 1363 3845 fol.
1545 3788 1736 3846 a‘lium‘
1758 3788 2045 3864 producit,

401 3861 459 3914 in
492 3875 606 3930 quo
633 3862 803 3914 etiam
840 3861 1101 3927 habetur,
1131 3862 1399 3914 Sacucua
1432 3863 1648 3921 Novum,
1679 3867 1735 3917 et
1759 3861 2048 3918 exhibené

397 3935 494 3986 tur
518 3937 727 3999 septem
761 3931 954 4000 ﬁgura:
995 3931 1399 3985 sacriﬁcantes.
1443 3931 1688 3988 Tandem
1721 3933 2049 3989 Mediobar-

395 4001 505 4056 dus
561 4002 619 4073 in
680 4000 1045 4073 numismatis
1106 4001 1279 4071 impp.
1345 4004 1548 4057 recitat
1610 4004 2044 4073 inscriptionem

400 4071 616 4142 nummi
646 4072 896 4140 Philippi
924 4072 1193 4138 senioris,
1224 4086 1350 4142 qua:
1372 4074 1458 4128 sic
1483 4073 1650 4128 habet
1675 4077 1728 4128 P.
1755 4071 1826 4129 Μ’.
1857 4077 1956 4130 Ta.
1991 4079 2044 4129 P.

400 4139 558 4195 Hii.
592 4155 740 4196 coss.
772 4139 915 4196 P1P.
947 4143 1001 4196 id
1035 4149 1140 4211 est,
1167 4139 1424 4198 Pontifex
1451 4145 1753 4210 maximus,
1781 4145 2051 4201 Tribuni-

401 4212 496 4286 tia:
529 4213 828 4286 potestatis
853 4212 1200 4286 1Y,_Consui,
1233 4216 1396 4268 Pater
1423 4217 1640 4286 patriae,
1675 4217 1730 4270 in
1755 4229 1933 4286 eoque
1955 4219 2049 4272 vi-

397 4283 550 4338 situr
573 4282 754 4352 ﬁgura
777 4282 1109 4338 sacriﬁcans
1129 4285 1196 4338 ad
1226 4297 1380 4339 aram
1408 4303 1419 4338 :
1445 4282 2046 4343 Tribunitiam’autem

405 4359 735 4426 potestatem
764 4355 833 4426 Ν
853 4354 1192 4426 jammense
1215 4356 1416 4426 Martio
1445 4356 1579 4426 anni
1610 4353 1733 4424 247,
1761 4371 1875 4426 quo
1901 4359 2044 4414 Ludi

405 4425 706 4496 saeculares
749 4424 1017 4490 exhibiti,
1062 4425 1178 4494 jam
1212 4424 1440 4495 gerebat
1480 4424 1793 4496 Philippus
1829 4429 2043 4484 senior.

2157 1877 2429 2003 aeligionti
2454 1876 2732 2002 favtebant,
2754 1877 3139 1947 praebuerunt,
3156 1884 3220 1933 ut
3234 1879 3535 1932 innumera
3552 1875 3808 1945 exempla

2197 1961 2392 2003 emons
2424 1962 2523 2002 ran
2558 1988 2570 2001 .

2197 1954 2570 2003 emonstrant.

2227 2020 2346 2074 Non
2382 2033 2468 2074 me
2497 2018 2646 2090 fugit
2674 2019 3001 2088 responderi
3038 2031 3202 2090 posse
3230 2018 3563 2087 Philippum
3594 2015 3807 2090 factum

2156 2102 2280 2145 esse
2316 2088 2710 2145 Christianum
2759 2097 2884 2159 post
2921 2089 3212 2145 exhibitos
3260 2091 3444 2145 Ludos
3479 2088 3806 2144 saeuiares.

2154 2162 2260 2216 Sed
2288 2162 2341 2216 id
2372 2171 2648 2232 repugnat
2674 2162 2918 2216 Eusebio
2950 2161 3178 2216 laudato
3211 2161 3271 2216 in
3303 2162 3556 2214 Historia
3586 2172 3810 2227 suppo-

2160 2238 2328 2287 nente
2356 2245 2483 2288 eum
2524 2231 2844 2288 Antiochia:
2879 2235 3004 2300 ipso
3047 2233 3275 2300 imperii
3311 2232 3485 2286 initio
3519 2233 3809 2298 paeniten-

2159 2304 2298 2358 tiam
2328 2305 2532 2374 egisse,
2565 2304 2662 2358 ubi
2695 2303 2936 2358 Huetius
2961 2302 3224 2358 observat
3256 2309 3445 2370 postea
3474 2302 3804 2370 Philippum

2158 2387 2224 2429 eo
2249 2373 2379 2429 sese
2402 2388 2682 2443 nusquam
2715 2374 3030 2430 contulisse
3057 2391 3072 2443 ;
3095 2379 3150 2428 et
3179 2375 3326 2428 actis
3349 2374 3402 2428 S.
3438 2373 3654 2440 Pontii,
3690 2387 3810 2443 qua:

2159 2457 2287 2500 eum
2324 2459 2660 2500 conversum
2694 2446 2915 2512 dicunt,
2949 2460 3066 2498 cum
3106 2445 3215 2498 diis
3243 2446 3356 2498 suis
3384 2445 3808 2510 sacriﬁcandum

2157 2531 2378 2585 pergere
2399 2515 2562 2571 vellet
2584 2517 2651 2570 ad
2674 2516 3112 2572 celebrationem
3138 2515 3430 2570 millesimi
3449 2515 3592 2568 anni
3612 2514 3807 2580 Urbis;

2158 2593 2214 2641 et
2249 2587 2474 2641 tandem
2509 2587 2682 2641 Paulo
2713 2588 2936 2654 Orosio,
2970 2587 3140 2656 cujus
3171 2587 3337 2642 verba
3365 2599 3495 2641 mox
3531 2586 3808 2640 recitavi-

2163 2671 2304 2712 mus.
2328 2658 2468 2711 Cum
2489 2671 2624 2728 ergo
2649 2658 2765 2711 hmc
2787 2659 2987 2727 opinio
3011 2658 3234 2713 nullius
3258 2658 3517 2713 auctoris
3539 2657 3810 2711 testimoo

2160 2729 2258 2782 nio
2281 2729 2520 2796 nitatur,
2543 2728 2680 2783 aliis
2699 2729 2926 2784 duobus
2949 2728 3240 2796 prioribus
3258 2729 3570 2783 absurdior
3591 2728 3810 2782 videre-

2161 2805 2274 2853 tur.
2299 2799 2614 2868 Utrumque
2638 2799 2830 2868 itaque
2857 2800 3182 2868 Philippum
3205 2813 3236 2853 a
3261 2801 3508 2854 Fabiano
3534 2812 3704 2868 papa,
3731 2797 3809 2851 vel

2157 2871 2416 2995 aiqlnnvis
2437 2869 2552 2926 alio
2573 2870 2943 2939 baptizatum,
2971 2884 3178 2940 purum
3199 2869 3528 2941 ﬁgmentum
3551 2883 3681 2924 esse
3705 2882 3809 2924 non

2203 2955 2236 2995 u
2283 2955 2298 2995 ι
2332 2954 2383 2995 o.

2203 2941 2383 2995 ubito.

2227 3012 2433 3066 Decius
2457 3011 2785 3081 imperator,
2806 3013 3013 3067 occisis
3032 3011 3261 3067 duobus
3289 3010 3601 3080 Philippis,
3627 3009 3691 3064 in
3719 3008 3810 3062 im-

2158 3082 2316 3150 perio
2343 3081 2735 3150 conﬁrmatus,
2753 3083 3146 3153 gravissimam
3168 3083 3643 3152 persecutionem,
3659 3081 3808 3153 circa

2157 3153 2324 3208 tinem
2355 3153 2491 3207 anni
2515 3151 2895 3208 ducettteSimi
2925 3154 3343 3224 quadragesimi
3376 3154 3534 3220 noni,
3569 3151 3806 3224 molitus

2157 3229 2262 3289 est,
2285 3226 2341 3278 in
2365 3237 2477 3293 qua
2502 3238 2706 3293 passus
2721 3226 2875 3280 estS.
2900 3221 3180 3280 Fabianus
3204 3227 3491 3279 Romanus
3514 3221 3804 3293 pontifex;

2160 3309 2325 3364 passa
2349 3301 2510 3349 estet
2528 3297 2582 3348 ὃ.
2612 3296 2825 3366 Agatha
2860 3298 2914 3349 in
2947 3296 3170 3350 Sicilia.
3204 3295 3515 3350 Multorum
3552 3294 3803 3349 ﬁdelium

2162 3381 2222 3421 ill
2255 3379 2318 3420 ea
2348 3366 2740 3434 persecutione
2771 3367 2971 3436 lapsus
3003 3367 3154 3421 luxit
3183 3367 3457 3433 Ecclesia,
3493 3372 3558 3436 ut
3587 3372 3804 3436 constat

2158 3451 2227 3492 ex
2259 3443 2457 3492 sancto
2499 3438 2784 3506 Cypriano
2830 3435 3013 3492 variis
3058 3438 3113 3492 in
3156 3437 3424 3506 epistolis
3453 3443 3510 3490 et
3549 3435 3703 3490 libro
3745 3435 3802 3487 de

2159 3509 2373 3577 Lapsts,
2403 3521 2566 3577 quem
2593 3514 2720 3576 post
2741 3509 2895 3564 Decii
2925 3509 3224 3564 interitum
3245 3509 3602 3576 composuit.
3629 3507 3804 3573 Hujus

2162 3580 2580 3648 persecutionis
2606 3582 2866 3634 meminit
2886 3587 3121 3634 sanctus
3142 3580 3457 3648 Dionysius
3479 3577 3802 3632 Alexandri-

2159 3663 2269 3705 nus
2299 3650 2623 3718 episcopus,
2659 3651 2716 3704 in
2745 3651 2991 3720 epistola
3016 3651 3084 3720 ad
3106 3650 3349 3720 Fabium
3380 3649 3798 3704 Antiochenam

2158 3721 2306 3789 apud
2336 3720 2645 3775 Eusebium
2671 3719 2877 3790 lib.'v1,
2903 3736 3026 3790 cap.
3053 3719 3138 3774 Η.
3165 3721 3599 3776 Observandum
3628 3726 3798 3790 tamen

2159 3799 2453 3860 martyres,
2485 3792 2556 3846 de
2581 3792 2795 3862 quibus
2825 3789 3136 3862 Dionysius
3167 3791 3221 3845 in
3256 3792 3409 3847 dicta
3440 3791 3691 3859 epistola
3721 3789 3800 3844 io-

2157 3863 2377 3932 quitur,
2415 3876 2608 3931 passos
2634 3877 2742 3918 non
2771 3877 2894 3919 esse
2923 3863 3033 3918 sub
3053 3864 3241 3930 Decio,
3275 3863 3370 3917 sed
3398 3862 3672 3931 Philippo
3699 3863 3801 3915 im-

2158 3940 2408 4002 perante,
2433 3946 2583 3988 anno
2617 3947 2813 4004 nempe
2833 3933 2958 4002 248,
2993 3947 3108 4004 quo
3137 3933 3502 3988 Alexandria:
3528 3943 3656 3988 orta
3684 3944 3805 4004 per—

2157 4001 2476 4075 Secutio'ex
2512 4009 2668 4060 motu
2709 4001 3228 4075 pbpuiarifquales
3263 4013 3453 4059 motus
3483 4017 3548 4058 ea
3585 4005 3646 4058 in
3673 4001 3803 4075 urbe

2159 4073 2484 4145 frequentes
2522 4073 2722 4130 erant.’
2748 4073 2983 4146 Serapio
3025 4073 3240 4144 itaque,
3281 4075 3594 4146 Apollonia
3629 4074 3800 4144 virgo.

2156 4146 2397 4216 aliique,
2426 4148 2496 4202 de
2528 4146 2738 4216 quibus
2768 4148 2824 4202 in
2857 4145 3012 4202 dicta
3041 4146 3304 4216 epistola,
3331 4160 3441 4201 non
3472 4145 3585 4200 sub
3620 4147 3801 4207 Decio,

2157 4217 2252 4271 sed
2277 4217 2383 4272 sub
2412 4218 2675 4285 Philippo
2703 4224 2881 4273 morte
2901 4217 3110 4284 aﬁecti,
3138 4218 3272 4272 licet
3298 4219 3354 4271 in
3383 4216 3806 4286 Martyrologiis

2156 4301 2351 4342 eorum
2388 4289 2578 4356 passio
2604 4289 2712 4343 sub
2736 4289 2999 4358 Philippo
3026 4299 3080 4342 et
3105 4289 3276 4343 Decio
3303 4292 3537 4351 motam,
3565 4287 3801 4358 Antiqui

2162 4373 2262 4427 pro
2286 4359 2456 4413 unica
2482 4365 2840 4428 reputarunt.
2863 4357 3060 4414 In’hac
3081 4360 3234 4414 Decii
3263 4359 3669 4428 persecutione
3690 4357 3808 4411 Uri-

2196 4443 2354 4484 enem
2389 4430 2632 4498 lapsum,
2675 4437 2875 4485 contra
2907 4431 3210 4485 Baronium
3251 4436 3306 4484 et
3347 4429 3639 4484 Valesium
3677 4441 3805 4496 pro-

405 4497 575 4569 Piura
601 4495 713 4549 alia
747 4501 1057 4569 supersunt
1083 4502 1466 4569 numismata,
1484 4497 1540 4550 in
1571 4495 1786 4569 quibus
1811 4499 2049 4569 gentiii—
2079 4508 2131 4568 D
2161 4495 2298 4554 bant
2321 4495 2580 4555 Petavius
2605 4495 2662 4554 in
2688 4501 3301 4556 Animadversionibus
3325 4501 3393 4555 ad
3419 4495 3802 4569 Epiphanium

405 4568 498 4622 tia:
517 4567 950 4636 superstitionis
965 4566 1036 4621 ab
1059 4573 1302 4636 utroque
1327 4566 1588 4636 Philippo
1611 4566 1876 4638 professa:
1895 4579 2048 4628 certa

405 4639 646 4708 vestigia
677 4644 934 4710 exstant,
980 4652 1114 4710 qua:
1153 4639 1248 4693 hic
1278 4637 1576 4710 brevitatis
1607 4637 1789 4710 gratia
1823 4643 2048 4709 omitto,

403 4723 536 4781 cum,
575 4723 643 4763 ex
676 4709 768 4762 his
805 4715 861 4763 et
899 4709 1236 4781 auctoribus
1265 4709 1544 4781 laudatis,
1593 4712 1744 4767 clare
1784 4722 2054 4781 appareat

402 4793 500 4852 eos
528 4780 897 4852 imperatores
928 4781 1172 4852 gentiles
1195 4779 1393 4846 fuisse,
1424 4787 1480 4835 et
1505 4779 1920 4852 consequenter
1939 4791 2052 4839 tam

401 4850 691 4920 Orosium,
714 4864 881 4921 quam
899 4850 1046 4907 alios
1059 4852 1413 4908 contrarium
1435 4850 1770 4925 scribentes,
1790 4855 2055 4926 deceptos

401 4935 544 4978 esse.

474 4996 668 5067 Neque
688 4997 1161 5067 contranostram
1185 4993 1513 5067 opinionem
1547 4993 1705 5064 facit,
1735 4998 1885 5066 quod
1912 5011 2053 5067 pro-

402 5064 492 5120 dit
525 5065 673 5120 idem
703 5063 989 5118 Eusebius
1023 5064 1124 5119 lib.
1161 5063 1238 5127 vr,
1272 5078 1395 5135 cap.
1429 5063 1516 5132 36,
1553 5067 1651 5121 ubi
1683 5063 1952 5124 de‘iibri‘s
1979 5069 2049 5124 ab

400 5135 642 5211 Origene
667 5135 1005 5211 compositis
1038 5136 1380 5211 mentionem
1416 5135 1586 5211 facit:
1612 5139 1799 5211 Extat,
1834 5141 2046 5211 inquit,

401 5207 520 5275 ejus
538 5206 872 5278 epistolaad
907 5209 1284 5278 imperatorem
1317 5209 1471 5260 isum
1505 5209 1838 5278 Philippum,
1871 5206 1929 5264 εί
1953 5206 2046 5265 αιὲ

401 5283 517 5331 tera
557 5277 631 5330 ad
669 5277 956 5348 conjugemr
995 5278 1144 5330 illius
1187 5276 1456 5343 Severum,
1503 5276 1717 5348 quibus
1755 5276 1829 5335 ex
1859 5283 2046 5339 verbis

400 5349 682 5403 Baronius
713 5356 766 5403 et
798 5347 1038 5403 Huetius
1067 5348 1379 5417 deducunt,
1412 5347 1715 5405 Eusebium
1749 5351 1915 5408 facile
1948 5355 2046 5408 in-

401 5418 660 5491 telligere
682 5420 957 5489 potuisse.
981 5432 1051 5474 an
1081 5419 1536 5491 vere_Philippus
1561 5422 1869 5491 imperator
1886 5424 2046 5480 Chri-

401 5488 624 5544 stianus
666 5488 831 5546 esset.
881 5493 1019 5546 Nam
1064 5489 1347 5545 Eusebius
1391 5488 1503 5546 non
1546 5488 1752 5548 asserit
1791 5508 1912 5549 sese
1949 5509 2044 5551 eas

399 5559 916 5635 epistolasiegisse,
942 5563 1051 5617 etsi
1073 5575 1201 5616 vere
1221 5562 1546 5635 Philippus,
1573 5565 1811 5635 ejusque
1833 5567 2043 5635 conjux

401 5628 625 5704 litteras
650 5628 779 5685 illas
808 5635 1109 5704 acceperit,
1141 5645 1251 5687 non
1285 5628 1624 5704 inde—magis
1654 5628 1919 5704 sequitur
1937 5628 2042 5693 eos

400 5700 765 5780 Christianos
804 5700 1004 5780 fuisse,
1040 5700 1594 5780 quam_An_toninuin
1645 5700 2039 5780 imperatorem

396 5771 704 5849 Evangelia
729 5771 1075 5849 credidisse,~
1096 5775 1245 5849 quod
1278 5776 1351 5849 ad
1378 5788 1507 5831 eum
1534 5771 1797 5833 Justinus
1831 5790 2042 5849 martyr

396 5841 721 5913 scripserit.
762 5843 1018 5909 Denique
1063 5841 1240 5912 major
1282 5845 1421 5902 ﬁdes
1463 5860 1574 5903 non
1604 5849 1832 5905 videtur
1866 5841 2043 5907 adhi-

2160 4577 2215 4626 et
2246 4571 2410 4643 alibi,
2457 4578 2628 4640 atque
2657 4573 2900 4628 Huetius
2943 4572 3043 4626 lib.
3080 4587 3094 4627 ι
3127 4573 3617 4643 Origenianorum
3659 4571 3799 4640 apud

2161 4641 2392 4712 Pagium
2428 4643 2486 4696 in
2515 4639 2720 4697 critica
2752 4643 3004 4711 Baronii,
3035 4644 3102 4698 ad
3137 4639 3350 4697 annum
3379 4639 3508 4697 254.

2237 4711 2261 4762 ά
2296 4713 2577 4784 Aduotata
2602 4714 2697 4768 hic
2717 4714 2788 4768 ab
2815 4722 3055 4784 utroque
3077 4715 3247 4784 Pagio
3267 4715 3544 4769 adversus
3563 4725 3686 4779 eos,
3710 4711 3799 4784 qui

2161 4797 2290 4838 cum
2319 4783 2564 4839 Eusebio
2592 4785 2910 4840 admittunt
2938 4783 3284 4853 baptismum
3320 4786 3635 4853 utriusque
3669 4783 3801 4836 Pbi-

2165 4855 2330 4923 lippi,
2359 4869 2490 4910 num
2515 4857 2819 4910 contrariae
2851 4846 3110 4925 opinioni
3133 4857 3250 4910 sint
3274 4846 3648 4925 praeferenda:
3671 4853 3804 4906 aiio-

2165 4940 2288 4980 rum
2321 4926 2770 4994 estojudictum.
2802 4923 3123 4982 Ea'tantum
3155 4928 3226 4981 de
3246 4923 3418 4981 causa
3447 4926 3544 4979 hic
3564 4923 3804 4979 afferun-

2162 5002 2274 5062 tur,
2311 5003 2372 5051 ut
2397 4999 2750 5066 ostendatur,
2784 4998 3083 5052 silentium
3107 4997 3546 5052 Bibliothecarii
3570 4996 3644 5050 de
3662 5007 3802 5050 con-

2158 5069 2418 5123 versione
2461 5069 2786 5123 eorumdem
2813 5070 3200 5139 Augustorum
3231 5069 3298 5123 ad
3343 5068 3646 5122 Christum
3695 5079 3799 5120 non

2157 5139 2280 5194 sine
2307 5140 2611 5194 momentis
2641 5141 2896 5209 gravium
2932 5141 3216 5194 rationum
3249 5141 3588 5208 contigisse.
3621 5139 3801 5209 Caetef

2159 5224 2282 5265 rum
2328 5211 2429 5279 qui
2473 5223 2572 5278 pro
2614 5207 2941 5265 eorumdem
2991 5210 3276 5279 baptismo
3323 5207 3608 5270 sentiunt,
3652 5207 3795 5277 apud

2160 5281 2242 5351 ill.
2287 5281 2555 5336 Huetium
2602 5280 2862 5351 aliosque
2908 5289 3173 5336 auctores
3218 5295 3249 5335 a
3296 5281 3470 5351 Pagio
3518 5279 3799 5351 indicatos

2155 5350 2521 5406 fundamenta
2571 5347 2864 5407 invenient
2905 5354 3181 5422 opposita:
3212 5347 3526 5419 sententiae,
3559 5357 3622 5422 et
3653 5347 3794 5418 apud

2157 5423 2632 5550 il‘igCiampinum
2661 5433 2812 5479 tomo
2842 5425 2865 5478 Ι
2891 5417 3000 5479 νέιζ
3027 5425 3357 5480 Moniment.
3387 5417 3522 5492 cap.
3547 5417 3637 5490 i7,
3675 5417 3791 5490 pag.

2261 5535 2274 5548 .
2311 5514 2338 5544 J)

2261 5535 2274 5548 .
2311 5514 2338 5544 J)

2802 5636 3134 5692 SOMMIER.

2226 5779 2397 5834 Linea
2420 5777 2474 5834 8.
2515 5807 2588 5820 --
2619 5781 2708 5832 Em
2733 5780 2950 5846 Africa.
2985 5778 3261 5834 Novimus
3290 5777 3464 5845 hujus
3505 5776 3794 5846 pontiﬁcis

2153 5852 2498 5907 auctoritate
2529 5865 2626 5920 per
2652 5851 2876 5906 litteras
2905 5864 3042 5907 suas
3069 5851 3321 5906 exercita
3354 5849 3641 5905 ﬁrmatum
3675 5861 3793 5904 esse
