4070 6178
159 316 183 372 4
193 315 300 376 357

984 317 1301 372 HISTORIA
1339 319 1427 373 DE
1467 320 1639 375 VITIS
1677 319 1846 376 ROM.
1891 319 2086 376 PONT.
2121 350 2195 360 —
2223 321 2278 375 S.
2318 319 2721 377 CORNELIUS.

3430 323 3570 382 4358

157 441 457 497 Cornelius
510 443 894 514 interrogatus
933 455 965 496 a
1005 442 1172 497 Decio
1201 443 1271 499 de
1309 443 1521 498 litteris
1563 443 1813 513 acceptis
1842 443 1900 502 A
1923 455 2067 509 rum,
2112 443 2242 514 item
2268 443 2708 514 adventantibus
2733 444 2902 500 bonis
2932 445 3098 514 viris,
3132 450 3187 501 et
3225 447 3391 504 nobis
3421 449 3564 505 cha-

158 519 358 569 contra
400 513 828 582 rempublicam,
864 514 1160 582 respondit
1199 527 1257 570 se
1285 514 1504 570 litteras
1528 515 1813 584 accepisse

157 599 191 640 a
222 597 431 640 corona
467 585 714 640 Domini.
744 584 960 639 Corona
995 585 1222 640 Domini
1260 591 1345 641 est
1387 586 1526 641 ordo
1564 587 1812 641 clerico-

162 670 310 711 rum.
339 656 553 728 Auctor
570 656 979 728 Constitution.
1005 656 1306 728 apostolic.
1340 656 1449 728 lib.
1473 671 1534 726 ii,
1561 671 1686 727 cap.
1717 655 1807 728 28,

159 728 228 797 de
279 727 627 796 Presbyteris
671 744 684 780 :
728 724 1113 797 Qg‘migitSoolo!
1159 734 1245 780 τοῦ
1284 724 1566 790 ἐπισκόποὺ,
1607 724 1687 780 xiiii
1725 724 1811 795 τῆξ

161 795 416 870 ἐκκλησίας
451 792 742 870 Ἑτεφανος,
803 792 1032 870 ἔισὶίγαρ
1091 801 1357 870 συνέδριον,
1403 800 1482 851 καὶ
1535 800 1683 870 βουλὴ
1725 792 1809 867 τῆς

161 866 435 942 ἐκκλησίας·
480 867 772 942 imitatus
805 866 1044 942 Paulum
1087 866 1342 940 (Ρὴὶιίρρ.
1406 866 1594 942 ιν);’‹‹
1666 866 1810 927 Fra-

161 946 276 995 tres
308 941 416 996 mei
445 940 798 1012 charissimi,
823 941 1097 1012 gaudium
1122 955 1328 1009 meum,
1351 948 1407 998 et
1427 940 1632 998 c0rona
1660 957 1801 1010 mea,

160 1013 247 1068 sic
276 1017 420 1067 state
461 1011 517 1065 in
543 1012 804 1067 Domino.
830 1030 856 1060 υ

233 1082 400 1138 Linea
419 1079 507 1154 24.
542 1113 616 1122 -
648 1085 797 1136 Tunc
821 1085 1029 1150 Decius,
1063 1084 1356 1138 iracundia
1388 1086 1604 1154 plenus,
1629 1086 1804 1154 jussit

163 1167 219 1206 os
253 1154 392 1227 benti
419 1153 653 1227 cornelii
676 1169 796 1227 cum
824 1155 1124 1227 plumbatis
1153 1155 1303 1227 cadi.
1357 1153 1663 1212 Pilumbata:
1702 1170 1804 1227 ge-

162 1237 275 1280 nus
305 1225 510 1297 ﬂagelli
543 1225 826 1294 plumbeis
853 1225 1161 1295 glandibus
1192 1226 1250 1281 in
1285 1229 1472 1297 capite
1509 1225 1800 1296 instructi,

161 1310 278 1422 auo
307 1296 668 1379 caedebantur
693 1301 967 1367 martyres
1007 1297 1077 1352 de
1105 1311 1219 1368 quo
1249 1296 1611 1370 Martyrolog.
1641 1300 1800 1354 Rom.

232 1369 362 1422 Jun.
390 1372 445 1422 et
473 1367 554 1422 ibi
586 1369 788 1422 Baron.

232 1369 362 1422 Jun.
390 1372 445 1422 et
473 1367 554 1423 ibi
586 1369 788 1423 Baron.

237 1439 407 1494 Linea
433 1435 523 1493 28.
544 1468 615 1480 --
645 1438 813 1507 Cujus
842 1453 1034 1508 corpus
1065 1444 1225 1494 noctu
1249 1441 1460 1508 collegit
1491 1441 1645 1496 beata
1682 1442 1802 1495 Lu-

159 1510 290 1562 cina
335 1526 455 1564 cum
500 1511 727 1576 clericis,
777 1516 827 1564 et
863 1512 1106 1581 sepelivit
1156 1514 1216 1565 in
1265 1518 1476 1582 crypta.
1531 1514 1803 1582 Tempore

163 1583 581 1649 persecutionis
628 1594 862 1650 corpora
917 1587 1224 1652 martyrum
1261 1589 1430 1639 noctu
1473 1583 1803 1639 condeban—

163 1658 261 1724 ξρι-
293 1653 348 1706 in
380 1654 614 1722 cryptis.
642 1653 965 1722 Hieronym.
1009 1653 1067 1708 in
1101 1654 1377 1710 Ezechiel.
1410 1655 1510 1709 lib.
1546 1669 1645 1723 xii,
1674 1670 1795 1724 cap.

159 1709 264 1777 4οε
299 1743 324 1795 or
351 1709 496 1778 Dum
525 1737 702 1779 essem
736 1709 1105 1795 Ronizepuer,
1138 1730 1194 1780 et
1221 1709 1801 1782 liberalibusst'udiis

1925 511 2184 588 rissimis
2223 512 2489 588 collegis_
2518 515 2732 568 nostris
2793 515 3044 588 Pompio,
3087 511 3158 571 'et
3187 518 3488 588 Stephano,
3531 535 3563 575 a

1922 584 2133 654 quibus
2174 585 2290 638 haec
2319 583 2530 638 ommia
2569 599 2698 640 cum
2739 585 2984 641 tristitia
3016 583 3304 644 communi
3337 583 3558 646 asserta

1920 662 2054 728 sunt
2099 656 2357 728 firmiter,
2403 662 2458 710 et
2505 655 2758 728 probata,
2801 658 3113 714 secundum
3158 661 3304 728 quod
3353 662 3566 716 divina:

1922 727 2274 796 traditionis,
2319 734 2375 780 et
2417 727 2819 782 ecclesiasticae
2862 727 3253 786 institutionis
3289 733 3565 786 sanctitas

1922 798 2136 867 pariter
2172 803 2228 853 et
2274 797 2484 852 veritas
2530 797 2814 869 exigebat,
2866 799 3091 855 litteras
3138 807 3360 857 nostras
3405 803 3472 857 ad
3510 808 3566 858 te

1915 869 2254 925 direximus.
2288 869 2391 924 Sed
2419 873 2474 924 et
2525 883 2623 938 per
2655 872 3003 939 provinciam
3039 876 3290 928 nostram
3324 873 3442 928 huc
3465 885 3568 928 ea-

1913 941 2037 995 dem
2065 940 2303 1012 collegis
2328 939 2579 1009 singulis
2598 941 2655 994 in
2685 942 2948 996 notitiam
2974 942 3340 1012 proferentes,
3375 944 3445 998 ab
3475 943 3567 999 bis

1915 1025 2141 1086 quoque
2161 1011 2374 1086 fratres
2389 1017 2638 1086 ‘nostros
2666 1027 2793 1068 cum
2822 1013 3037 1069 litteris
3065 1015 3400 1086 dirigendos
3441 1027 3566 1070 esse

1915 1083 2326 1158 mandavimus.
2375 1081 2710 1158 Quanquam
2744 1097 2919 1158 mens
2945 1090 3160 1158 nostra,
3193 1081 3258 1140 et
3294 1089 3566 1156 proposi—

1913 1160 2029 1224 turn
2059 1154 2171 1222 jam
2204 1159 2338 1224 tunc
2369 1152 2665 1218 fratribus,
2689 1160 2743 1209 et
2777 1155 2924 1224 plebi
2958 1157 3091 1211 istic
3121 1152 3416 1214 universae
3436 1171 3564 1213 ma-

1912 1222 2184 1278 nifestum
2224 1223 2449 1298 fuisset,
2494 1226 2686 1298 qundo
2740 1222 2952 1282 litteris
2997 1240 3179 1296 nuper
3206 1228 3278 1282 ab
3322 1233 3564 1298 utraque

1915 1300 2070 1368 parte
2100 1296 2384 1368 susceptis
2415 1300 2543 1368 tuas
2569 1294 2792 1368 litteras
2823 1294 3096 1366 legimus,
3121 1305 3177 1353 et
3198 1294 3564 1368 episcoliatus

1914 1365 1995 1420 tui
2016 1365 2437 1440 ordinatignem
2454 1366 2818 1440 singulorum
2836 1365 3078 1424 auribus
3098 1365 3515 1440 intimavimus,
3532 1387 3558 1421 ι

1909 1442 1962 1510 et
1993 1437 2236 1510 reliqua.
2269 1438 2344 1491 Ex
2375 1449 2488 1510 quo
2516 1435 2664 1493 facto
2692 1439 3058 1495 deducuntur
3090 1442 3364 1510 perutiles
3387 1435 3558 1496 eccle-

1908 1508 2156 1581 siasticze
2185 1507 2628 1581 observationes.
2663 1510 2851 1566 Primo
2894 1507 3122 1566 eruitur
3165 1512 3315 1581 quod
3345 1513 3560 1567 Corne—

1913 1579 2027 1634 lius
2091 1579 2306 1634 electus
2357 1578 2662 1651 episcopus
2720 1581 2880 1637 illico
2936 1581 3113 1637 fuerit
3172 1578 3556 1651 consecratus,

1909 1657 2212 1720 antequam
2283 1650 2632 1722 Novatianus
2699 1653 3303 1722 pseudoepiscopatum
3384 1650 3559 1710 assué

1913 1728 2118 1790 meret;
2167 1727 2222 1777 et
2275 1722 2423 1790 quod
2475 1721 2605 1776 licet
2655 1721 3007 1778 schismatici
3055 1721 3377 1780 direxerint
3415 1739 3560 1782 con-

159 1794 444 1866 erudirer,
502 1795 748 1850 solebam
793 1810 920 1850 cum
952 1792 1186 1852 caeteris
1227 1796 1479 1865 ejusdem
1497 1798 1684 1854 aetatis
1746 1805 1802 1854 et
1833 1801 1882 1860 B
1908 1799 1996 1847 ira
2033 1793 2357 1866 Cornelium
2392 1792 2680 1866 epistolas
2718 1793 3550 1866 calumniatorias.CyprianUS.

162 1865 440 1934 propositi
472 1866 677 1922 diebus
701 1867 1018 1922 Dominicis
1047 1867 1307 1937 sepulcra
1333 1869 1722 1938 apostolorum
1743 1876 1800 1924 et

162 1944 475 2011 martyrum
511 1939 1123 2011 clrcuire,_crebroque
1155 1944 1380 2009 cryptas
1405 1941 1648 2011 ingredi,
1674 1955 1799 2011 qua:

161 2007 222 2061 in
259 2015 537 2082 terrarum
571 2007 850 2082 profunda
879 2007 1118 2082 defossis
1161 2007 1231 2066 ex
1258 2007 1499 2082 utraque
1530 2007 1802 2081 parte'in-

159 2079 547 2152 gredientiium
581 2094 678 2149 per
718 2081 962 2150 parietes
1008 2081 1214 2137 habent
1257 2079 1494 2151 corpora
1532 2079 1802 2152 sepulto-

161 2162 366 2222 rum.»
405 2151 460 2203 Β.
501 2153 865 2206 Laurentium
897 2152 1184 2222 sepultum
1210 2153 1268 2208 in
1295 2159 1490 2222 crypta
1511 2151 1639 2210 cum
1665 2154 1802 2209 aliis

158 2220 366 2274 multis
398 2222 741 2291 martyribus
788 2220 1243 2278 refert’Anastas.
1278 2223 1336 2277 in
1360 2220 1528 2280 Xisto
1560 2228 1623 2282 tl.
1663 2227 1802 2281 Fer-

157 2291 355 2365 reolus
391 2293 777 2365 et_Ferrucius
820 2294 1030 2363 sepulti
1058 2296 1115 2349 in
1156 2300 1353 2365 crypta
1391 2297 1541 2365 apud
1584 2298 1802 2352 Veson-

158 2362 404 2438 tionem:
437 2362 672 2438 Gregor.
711 2365 845 2419 Tur.
889 2362 970 2420 de
1016 2362 1486 2438 Miracharty'r.
1536 2381 1659 2438 cap.
1699 2365 1796 2422 Ἧι

157 2453 188 2484 (ι
247 2434 348 2488 Hic
392 2434 690 2508 inﬂabdito
737 2441 962 2505 crypta,
1013 2437 1149 2504 duo,
1197 2442 1258 2493 ut
1293 2434 1483 2507 passio
1529 2434 1800 2508 declarat,

158 2512 438 2578 martyres
454 2506 750 2561 Ferreolus
778 2515 950 2577 atque
974 2508 1242 2564 Ferrucio
1272 2506 1408 2564 sunt
1432 2511 1666 2578 sepulti.
1697 2528 1723 2560 ι)

233 2576 413 2651 Graeci
442 2591 668 2651 quoque
697 2576 1015 2651 condebant
1039 2593 1276 2649 corpora
1311 2581 1368 2635 in
1403 2576 1709 2651 hypogaeis,
1747 2581 1803 2636 id

153 2653 252 2701 est
305 2646 449 2702 locis
499 2646 908 2704 subterraneis.
959 2646 1183 2706 Petron.
1237 2653 1292 2706 in
1340 2646 1588 2720 Satyric':
1623 2673 1648 2704 α
1682 2654 1807 2706 Haec

153 2731 298 2787 ergo
346 2732 474 2795 cum
528 2720 723 2795 virum
762 2720 1084 2795 extulisset.
1133 2735 1252 2795 non
1290 2729 1552 2778 contenta
1584 2722 1807 2795 vulgari

157 2801 340 2854 more,
373 2787 548 2862 funus
577 2791 760 2859 passis
793 2793 1058 2862 prosequi
1085 2793 1370 2861 crinibus,
1397 2800 1498 2848 aut
1530 2787 1806 2850 nudaium

155 2866 362 2935 pectus
404 2861 798 2935 in_conspectu
830 2861 1163 2932 frequentia;
1197 2865 1479 2935 plangere,
1514 2866 1571 2919 in
1603 2866 1810 2921 condi-

154 2931 379 3006 torium
411 2933 910 3006 etiamiprosecuta
936 2931 1028 2989 est
1057 2931 1410 3002 defunctum,
1447 2936 1810 3006 positumque

159 3004 224 3056 in
258 3001 538 3075 hypogaio
579 3005 773 3060 Grmco
806 3018 958 3060 more
996 3020 1204 3075 corpus
1229 3001 1542 3074 custodire,
1574 3022 1640 3063 ac
1681 3001 1813 3062 flere

155 3073 306 3149 t_otis
335 3075 598 3129 noctibus
617 3075 934 3149 diebusque
958 3073 1152 3149 C(Bpii.
1182 3097 1208 3127 »
1241 3073 1557 3134 Christiani
1587 3091 1814 3149 quoque

1907 1870 1962 1919 et
2002 1864 2255 1933 episc0pi
2284 1863 2490 1920 Africae
2513 1879 2581 1917 ea:
2627 1867 2754 1936 tunc
2792 1865 3107 1936 legitimam
3145 1863 3391 1923 Cornelii
3436 1863 3558 1924 eleé

1907 1936 2151 2006 ctionem
2215 1940 2581 2006 agnoverant.
2635 1935 2914 2005 Secundo,
2975 1937 3285 1994 concilium
3345 1940 3559 1995 Roma-

1909 2021 2044 2062 num
2070 2005 2612 2074 fuisse’adunatum,
2657 2011 2718 2060 ut
2743 2007 2994 2062 schisma
3025 2009 3368 2071 dilueretur,
3401 2015 3456 2065 et
3483 2010 3553 2065 ad

1908 2077 2050 2133 illud
2080 2077 2476 2133 celebrandum
2511 2077 2742 2133 nomine
2765 2079 3026 2134 Ecclesiae
3046 2079 3326 2136 Africanae
3350 2080 3559 2136 electos

1911 2149 2124 2220 legatos
2147 2149 2486 2220 Caldonium
2512 2154 2567 2204 et
2610 2149 3007 2218 Fortunatam,
3035 2152 3136 2220 qui
3163 2150 3398 2207 adfuere
3427 2165 3554 2207 con-

1909 2190 2494 2276 ὲῖἳῖοῗῦθῖὲὶῆῖιξὲἴὲ
2513 2190 2857 2276 ’ἑὲεὶεἱὶὲὲῖἄὲ
2867 2190 3353 2291 ἐἵέἲειῖἔὲηἳῖὸῖιέ
3368 2190 3562 2278 ἱοῖἵὲὶ·

1911 2291 2038 2346 liis:
2074 2291 2325 2362 totidem
2369 2305 2435 2347 ex
2476 2290 2664 2347 Africa
2706 2291 2976 2362 leguntur
3020 2290 3178 2347 missi
3222 2294 3279 2347 in
3311 2292 3563 2350 concilio

1910 2361 2291 2434 Aquileiensi,
2315 2369 2370 2417 et
2409 2361 2466 2417 in
2496 2361 2944 2434 alteraRomana
2971 2363 3078 2418 sub
3104 2363 3317 2431 Hilaro,
3345 2377 3414 2420 ex
3445 2377 3561 2434 quo

1911 2433 2058 2488 actio
2084 2433 2417 2489 conciliaris
2453 2433 2752 2490 censenda.
2782 2434 3127 2489 Retractatio
3156 2435 3280 2503 ipsa
3311 2433 3564 2490 ostendit

1912 2510 2119 2560 cretum
2147 2505 2513 2560 conciliarem
2545 2505 2668 2559 illis
2697 2503 2886 2560 verbis
2908 2518 3272 2573 expressum:
3300 2506 3408 2560 Sed
3435 2521 3563 2575 quo-

1913 2579 2063 2629 niam
2107 2575 2332 2629 diversw
2373 2579 2552 2645 partis
2579 2576 2852 2629 obstinata
2895 2581 2946 2630 et
2985 2577 3304 2642 inﬂexibilis
3326 2580 3566 2645 pertinao

1914 2650 2018 2714 σία,
2048 2654 2178 2714 etc.,
2209 2647 2423 2716 quibus
2453 2652 2891 2715 repiaesentatur
2931 2653 3233 2714 certamen,
3284 2654 3339 2701 et
3379 2655 3568 2702 retra-

1915 2724 2103 2773 ctatus
2122 2716 2372 2772 habitus.
2395 2718 2607 2785 Tertio,
2627 2717 3002 2772 Novatianum
3024 2723 3150 2786 post
3177 2721 3302 2771 acta
3328 2717 3568 2774 concilii

1917 2796 2306 2844 consecratum
2330 2789 2681 2858 episimpum,
2709 2791 2770 2842 ut
2789 2787 3099 2842 deducitur
3113 2801 3179 2842 ex
3201 2788 3321 2842 illis
3340 2787 3527 2843 verbis
3556 2807 3572 2843 :

1919 2860 2026 2914 Sed
2051 2861 2214 2913 etiam
2238 2861 2493 2926 gliscente
2518 2863 2577 2912 in
2600 2861 2758 2928 pejus
2784 2859 3126 2912 crudescente
3151 2859 3424 2928 discordia
3451 2861 3577 2926 epi-

1917 2946 2135 2999 scopum
2159 2931 2264 2983 sibi‘
2294 2927 3116 2991 constituit.schismiticorum
3136 2942 3344 2999 nempe
3377 2927 3573 2985 factio.

1919 2998 2018 3058 Exi
2039 3015 2151 3070 quo
2181 3007 2237 3054 et
2264 3014 2332 3055 ex
2363 3001 2551 3056 verbis
2573 3001 2843 3070 Cypriani
2867 2998 3242 3068 sequentibus
3274 2999 3577 3070 colligitur

1925 3071 2220 3143 persuasio
2243 3071 2507 3126 Ecclesiae
2527 3071 2852 3143 abhorrens
2877 3083 2910 3124 a
2935 3070 3165 3143 bicipiti
3190 3071 3397 3143 capite,
3429 3071 3570 3143 utin

157 3143 451 3236 fugientes
503 3140 859 3236 martyrium'
889 3140 1139 3203 latebant
1172 3150 1256 3231 in.
1281 3140 1811 3236 crypti'sti‘iastas:
1845 3181 1892 3236 υ
1925 3140 2086 3236 I’e'tro
2107 3143 2464 3236 observatum
2487 3147 2590 3236 egi.
2612 3140 3578 3236 Qui",th00.n“llifn§2§}§"§f’f£‘95

163 3216 228 3290 in
278 3216 445 3290 Caio;
505 3237 530 3290 ς(
582 3219 683 3290 liic
715 3217 941 3290 fugiens
982 3216 1430 3288 persecutionem
1470 3220 1812 3276 Diocletiani

160 3287 226 3341 in
260 3288 479 3357 cryptis
513 3287 843 3359 habitando,
879 3287 1147 3360 marty.io
1169 3299 1496 3348 coronatur.
1526 3310 1552 3341 υ

858 3397 1134 3452 BENCINI

235 3504 410 3560 Linea
435 3501 485 3559 6.
529 3533 605 3545 —
657 3505 960 3574 Epistolam
1003 3504 1067 3558 de
1087 3519 1188 3558 sua
1234 3505 1636 3572 conﬁrmatione
1675 3506 1816 3558 mis-

152 3592 280 3630 sam
313 3593 347 3629 a
379 3576 674 3644 Cypriane.
700 3573 717 3630 ζ
736 3618 746 3628 .
771 3616 784 3630 .
806 3615 820 3630 .
853 3577 1105 3644 suscepit.
1146 3577 1522 3630 Novatianum
1569 3573 1816 3630 schisma

155 3647 485 3702 calumniis
517 3649 573 3701 in
596 3647 922 3703 Cornelium
953 3647 1214 3702 confictis
1231 3646 1561 3701 electionem
1597 3647 1816 3714 pontifi-

153 3720 248 3774 cis
284 3720 670 3786 proscindere,
704 3717 1049 3787 conabatur;
1081 3718 1152 3773 ab
1189 3731 1368 3786 eoque
1405 3717 1472 3772 ad
1505 3717 1815 3773 Ecclesiam

155 3789 492 3844 Africanam
521 3790 879 3844 schismatici
914 3789 1236 3859 epistolam,
1262 3796 1315 3842 et
1335 3789 1546 3858 legatos
1585 3789 1821 3844 direxe—

160 3869 315 3916 rant.
344 3861 665 3930 Cyprianus
690 3874 786 3916 eos
817 3874 925 3916 non
958 3861 1200 3930 excepit,
1234 3860 1328 3914 sed
1364 3859 1593 3914 nomine
1622 3859 1820 3915 Eccle-

157 3934 266 3988 siae
310 3933 458 3988 duos
486 3932 720 4001 delegit,
756 3946 899 4002 quos
930 3932 1162 3987 Romam
1212 3930 1403 4002 misit.
1444 3930 1542 3984 Isti
1583 3933 1753 3985 etiam
1787 3944 1819 3986 a

157 4004 398 4059 duobus
422 4003 559 4058 aliis
588 4001 877 4058 Africanis
896 4003 1202 4072 episcopis,
1232 4003 1332 4072 qui
1360 4001 1628 4056 electioni
1651 4002 1822 4056 inter~

158 4073 418 4142 fuerant,
475 4081 528 4129 et
578 4088 608 4128 a
653 4074 804 4129 clero
854 4075 1103 4129 Romano
1147 4074 1216 4128 de
1267 4073 1523 4143 legitima
1566 4072 1815 4128 Cornelii

155 4147 445 4202 electione
488 4145 782 4209 instructi,
814 4159 942 4200 cum
983 4144 1330 4200 electoribus
1372 4143 1494 4198 illis
1532 4144 1820 4213 episcopis

154 4217 420 4272 Africam
464 4217 849 4286 regredientes
894 4216 952 4270 in
993 4215 1244 4272 concilio
1296 4214 1697 4286 Africanorum
1737 4215 1816 4270 rei

157 4290 465 4343 veritatem
514 4285 919 4357 exposuerunt,
957 4287 1261 4356 probantes
1297 4285 1624 4341 Cornelium
1670 4286 1822 4355 legi-

155 4361 378 4414 timum
429 4357 662 4414 Fabiani
697 4372 1102 4428 successorem,
1136 4357 1628 4426 Novatianumque
1659 4359 1825 4412 schi—

156 4430 412 4486 smatico
441 4429 634 4485 furore
658 4432 803 4485 Petri
829 4431 1154 4485 cathedram
1186 4441 1482 4497 usurpare.
1501 4429 1823 4497 Cyprianus

154 4504 567 4571 episcoporum
616 4503 846 4571 nomine
889 4501 1190 4570 epistolam
1241 4500 1418 4569 dedit,
1457 4514 1582 4571 quae
1627 4505 1716 4571 est
1761 4502 1819 4555 lii

159 4567 311 4628 n'ova
342 4567 597 4627 editione
622 4569 691 4627 65
713 4573 863 4642 apud
899 4567 1130 4627 Pamelii
1158 4567 1587 4642 editionem’ziﬂ,
1621 4569 1818 4642 ibique

151 4643 497 4700 Cornelium
559 4641 884 4712 recognosci
925 4650 980 4698 et
1030 4649 1161 4697 ante
1207 4641 1386 4696 fuisse
1439 4641 1812 4712 recognitum,

157 4716 250 4771 uti
283 4729 479 4770 verum
523 4713 845 4784 pontiﬁcem
876 4714 946 4769 ab
974 4713 1282 4779 Africanis,
1325 4713 1531 4768 asserit
1564 4713 1654 4784 his
1684 4727 1818 4784 ver-

155 4788 286 4841 bis:
345 4807 370 4838 «
421 4783 579 4852 QuOd
633 4785 816 4841 servis
865 4786 986 4853 Dei,
1041 4791 1096 4839 et
1137 4784 1382 4838 maxime
1420 4783 1818 4840 sacerdotibus

140 4858 343 4927 justis
384 4864 438 4911 et
502 4857 757 4926 pacificis
808 4856 1200 4926 congruebat,‘
1234 4854 1408 4910 frater
1441 4855 1812 4927 charissime,

151 4925 514 4984 iniseramus
557 4941 738 4998 nuper
791 4925 1041 4998 collegas
1088 4933 1314 4981 nostros
1359 4925 1719 4998 Caldonium,
1761 4932 1818 4980 et

145 5002 569 5059 Fortunatum.
605 4996 665 5054 ut
688 5013 798 5053 non
829 4996 1045 5053 tantum
1073 4997 1440 5067 persuasione
1467 4996 1813 5065 litterarum,

141 5072 259 5129 sed
302 5070 604 5140 praesentia
626 5083 750 5134 sua,
779 5077 834 5125 et
854 5069 1099 5125 consilio
1125 5069 1381 5140 omnium
1414 5076 1663 5123 vestrum
1692 5067 1816 5140 enig

142 5139 450 5208 terentur,
498 5147 774 5210 quantum
831 5146 1078 5211 possent,
1129 5146 1184 5195 et
1223 5139 1596 5207 elaborarent,
1645 5139 1815 5211 utead

139 5213 470 5272 catholica:
499 5209 760 5268 Ecclesia:
786 5209 1061 5268 unitatem
1089 5212 1256 5266 scissi
1281 5212 1539 5281 corporis
1570 5209 1820 5266 membra

138 5301 288 5343 com
302 5290 596 5354 ponerent,
628 5289 691 5339 iit
719 5283 1060 5339 Christianae
1084 5283 1386 5338 charitatis
1408 5282 1702 5354 vinculum
1732 5295 1818 5336 co-

142 5353 588 5430 pula’rent:_Sed
642 5357 911 5430 quoniam
947 5356 1188 5410 diversa:
1223 5354 1401 5430 partis
1424 5353 1734 5416 obstinata,
1767 5357 1822 5430 et

141 5425 516 5486 inﬂexibilis
540 5427 878 5496 pertinacia,
905 5440 1013 5481 non
1039 5432 1256 5480 tantum
1280 5425 1520 5492 radices,
1543 5431 1598 5479 et
1623 5425 1824 5479 matris

140 5503 389 5567 sinnm,
423 5504 594 5568 atque
639 5497 964 5566 amplexum
1007 5497 1315 5566 recusavit;
1351 5497 1446 5551 sed
1495 5496 1663 5568 etiam
1702 5496 1822 5564 gli—

139 5577 365 5629 scente
397 5571 456 5625 in
504 5567 678 5638 pejus
727 5571 1095 5625 crudescente
1147 5568 1438 5623 discordia
1492 5567 1822 5638 episc0pum

137 5644 281 5702 sibi
315 5636 646 5710 constituit,
679 5645 734 5695 et
775 5647 973 5696 contra
1004 5645 1416 5696 sacramentum
1448 5637 1620 5710 semel
1653 5636 1827 5710 tradi-

142 5724 292 5773 tum
320 5714 536 5790 divinae
555 5708 983 5790 dtSpositionis,
1017 5710 1382 5790 etcatholieae
1409 5709 1652 5790 unitatis
1668 5708 1828 5790 adul-

141 5796 383 5852 terum,
411 5789 469 5840 et
496 5777 851 5840 contrarium
892 5777 1064 5854 caput
1107 5790 1267 5839 extra
1312 5781 1622 5838 Ecclesiam
1668 5777 1820 5849 fecit,

132 5857 425 5929 acceptis
451 5855 666 5912 litteris
694 5860 805 5912 tam
837 5855 984 5925 suis,
1016 5868 1184 5926 quam
1212 5854 1560 5926 collegarum
1592 5857 1824 5910 nostro-

1925 3215 2056 3280 fuit,
2093 3221 2154 3266 ut
2191 3225 2386 3267 omnes
2405 3212 2728 3267 confirmati
2762 3211 3031 3282 indpriori
3060 3211 3297 3282 veritate
3327 3212 3396 3265 de
3428 3211 3579 3282 legi-

1924 3287 2064 3340 tima
2104 3283 2356 3338 Cornelii
2406 3283 2703 3351 electione,
2753 3280 2935 3350 palam
2985 3281 3284 3336 anathema
3327 3280 3582 3337 dixerint

1924 3354 2334 3412 schismaticis.
2355 3360 2410 3408 et
2431 3353 2681 3409 roborati
2705 3352 3042 3422 agnoverint
3061 3352 3407 3421 pontificem,
3433 3362 3487 3408 et
3511 3353 3584 3408 de

1928 3428 2029 3482 hac
2065 3424 2498 3480 confirmatione
2524 3424 2828 3479 subsecuta
2863 3424 2932 3478 ad
2975 3423 3283 3478 consilium
3320 3424 3582 3494 loquitur

1927 3499 2073 3553 liber
2096 3495 2468 3551 Pontificalis.
2488 3494 2986 3550 Conﬁrmaiionem
3008 3507 3174 3563 porro
3204 3494 3347 3549 hanc
3367 3508 3434 3550 eo
3462 3507 3586 3552 esse

1926 3571 2222 3635 directam,
2258 3573 2320 3622 ut
2348 3580 2415 3621 ex
2451 3573 2581 3622 actu
2608 3565 2933 3633 conciliari,
2973 3571 3029 3620 et
3062 3566 3368 3634 utriusque
3405 3567 3586 3635 partis

1929 3638 2227 3696 momentis
2251 3637 2456 3692 librata
2481 3638 2701 3692 ratione
2725 3637 2914 3692 omnis
2941 3636 3237 3691 tolleretur
3273 3637 3584 3705 dubitatio,

1927 3711 2198 3783 graphice
2222 3707 2669 3783 describit‘idem
2697 3708 3018 3783 Cyprianus
3057 3705 3420 3783 subinferens
3458 3721 3590 3783 cau-

1928 3778 2047 3839 sani
2077 3780 2236 3835 factae
2265 3779 2674 3835 discussionis.
2709 3798 2734 3830 (ι
2757 3778 2916 3847 Quod
2943 3784 3130 3832 autem
3172 3779 3388 3846 scripta
3424 3778 3594 3834 colle-

1929 3866 2125 3926 garum
2145 3857 2490 3926 nostrorum,
2508 3851 2608 3920 qui
2629 3850 2752 3904 illic
2775 3849 3259 3926 ordinationituaa
3281 3847 3587 3926 affuerunt,

1928 3919 2403 3988 desideravimus,
2427 3919 2540 3976 non
2573 3928 2788 3976 veteres
2812 3933 2993 3975 mores
3023 3919 3214 3988 obliti,
3245 3933 3455 3976 novum
3490 3921 3594 3976 ali-

1929 3997 2068 4067 quid
2094 3992 2518 4064 quaarebamus;
2546 4007 2672 4067 nam
2705 3993 2851 4046 Laus
2880 3997 3013 4056 erat,
3039 3996 3104 4067 ut
3135 3996 3193 4043 tu
3211 3995 3259 4044 te
3277 3994 3592 4067 episcopum

1927 4061 2138 4135 facturn
2169 4067 2476 4135 nuntiares,
2529 4063 2638 4117 nisi
2692 4069 2838 4135 esset
2869 4076 2937 4117 ex
2984 4063 3221 4117 adverso
3259 4061 3594 4132 discrepans

1931 4133 2126 4203 factio,
2161 4149 2286 4205 qua:
2317 4133 2649 4189 criminosis
2675 4141 2733 4205 et
2781 4133 3042 4188 factiosis
3073 4134 3412 4189 commentis
3469 4135 3596 4190 suis

1929 4204 2277 4279 collegarum
2313 4205 2545 4279 pariter,
2587 4213 2643 4279 et
2663 4204 2904 4279 fratrum
2929 4206 3312 4279 plurimorum
3343 4205 3598 4279 turbaret

1934 4275 2166 4336 mentes.
2199 4284 2252 4332 et
2279 4277 2450 4332 corda
2479 4275 2874 4332 confunderet.
2907 4277 3010 4330 Cui
3044 4277 3123 4331 rei
3163 4277 3448 4345 sopiendie
3492 4291 3598 4333 ne-

1931 4351 2244 4408 cessarium
2267 4349 2562 4413 duximus,
2590 4346 3039 4403 utscribentiuin
3068 4347 3232 4402 nobis
3262 4348 3392 4402 inde
3429 4348 3600 4404 colle-

1932 4435 2130 4494 garum
2165 4426 2490 4494 nostrorum
2521 4419 2680 4494 firma
2703 4425 2755 4472 et
2783 4418 2967 4494 solida
3011 4419 3330 4494 auctoritas
3369 4427 3596 4486 patere—

1935 4488 2058 4550 iur:
2090 4491 2190 4562 qui
2232 4490 2512 4559 moribus,
2544 4504 2608 4544 ac
2631 4490 2782 4556 vitae,
2831 4494 2887 4543 et
2924 4488 3258 4562 disciplina:
3303 4496 3412 4562 tua:
3449 4502 3596 4544 con-

1851 4552 1900 4612 Ι)
1929 4552 2124 4637 digna?
2149 4563 2471 4617 litterarum
2502 4552 2778 4614 'suarum'
2807 4552 3136 4637 testimonia
3195 4559 3590 4637 praedicantes,

1927 4628 2152 4693 aemulis
2175 4645 2402 4704 quoque
2432 4637 2488 4685 et
2514 4643 2702 4704 rerum
2730 4629 2823 4704 vel
2867 4629 3136 4704 novitate,
3185 4628 3268 4682 vel
3316 4629 3591 4704 pravitate

1926 4699 2560 4781 gaudeiiti‘bus‘omnem
2592 4699 2920 4781 ambigendi
2953 4704 3009 4754 et
3035 4699 3401 4781 discrepandi
3435 4714 3592 4781 scru-

1927 4769 2530 4850 pulumdsustulerunt,
2563 4778 2618 4826 et
2637 4770 2846 4850 secund
2861 4783 2951 4850 u‘m
2983 4769 3291 4850 consilium
3315 4778 3590 4850 nostrum

1924 4841 2145 4906 salubri
2173 4846 2394 4900 ratione
2424 4843 2628 4897 librata
2651 4843 2708 4896 in
2745 4841 2849 4895 hoc
2881 4841 3058 4895 fluctu
3085 4842 3455 4896 aestuantium
3487 4843 3592 4900 fra-

1925 4929 2076 4977 trum
2114 4922 2346 4985 mentes,
2392 4914 2613 4969 sincere
2642 4927 2707 4968 ac
2739 4911 2981 4985 firmiter
3012 4919 3172 4985 tuum
3195 4913 3588 4985 sacerdotium

1927 4982 2379 5063 probav_erunt.'»_
2426 4988 2567 5063 Dum
2612 4985 2806 5063 itaque
2837 4983 2985 5063 liber
3017 4982 3368 5063 Pontificalis
3394 4983 3591 5063 subdit

1923 5055 2248 5120 Cornelium
2293 5056 2592 5126 epistolam
2641 5068 2673 5110 a
2708 5055 2999 5126 Cypriano
3050 5055 3348 5122 suscepisse
3372 5055 3438 5109 de
3488 5071 3590 5110 sua

1926 5125 2349 5204 conﬁrmatione,
2378 5127 2460 5204 _iil
2506 5125 2940 5204 expendenduin
2957 5126 3101 5204 juxa
3139 5127 3414 5204 eumdem
3477 5129 3590 5204 Cy-

1931 5197 2220 5278 prianum,
2251 5200 2350 5271 qui
2377 5199 2520 5278 hanc
2549 5197 3113 5278 a_libro_Ponti.fical_i.
3137 5197 3587 5278 laudatamnepi—

1928 5267 2131 5334 stolam
2184 5267 2694 5339 de'conﬁrmatione
2744 5268 3006 5324 Cornelio
3058 5269 3293 5338 direxit,
3338 5274 3391 5324 et
3426 5267 3587 5324 facta:

1927 5343 2314 5406 discussionis
2355 5341 2692 5396 conciliaris
2726 5341 2975 5396 rationes
3012 5340 3259 5409 aperuit,
3294 5353 3492 5408 nempe
3516 5342 3585 5396 ad

1929 5422 2345 5485 discrepantem
2387 5412 2691 5467 factionem
2745 5419 2991 5485 retractu
3041 5410 3343 5485 conciliari
3389 5415 3592 5466 retun—

1929 5482 2192 5553 dendam,
2218 5496 2273 5541 et
2305 5490 2368 5541 ut
2395 5498 2463 5539 ex
2489 5483 2776 5538 communi
2809 5483 3016 5552 placito
3045 5482 3439 5550 episcoporum
3481 5499 3594 5538 om-

1932 5568 2017 5617 nis
2081 5557 2394 5624 ambigendi
2457 5561 2506 5609 et
2561 5555 2910 5622 discrepandi
2957 5554 3248 5621 scrupulus
3298 5555 3593 5610 tolleretur.

1934 5633 2111 5690 Verba
2149 5643 2280 5684 vero
2313 5628 2441 5683 illa:
2473 5627 2612 5680 Laus
2635 5630 2770 5691 emt,
2800 5629 2858 5678 ut
2888 5628 2948 5678 tu
2976 5629 3025 5677 te
3053 5626 3357 5694 episcopum
3388 5627 3600 5692 factum

1933 5706 2240 5765 nuntiares,
2289 5700 2452 5767 juxta
2482 5702 2682 5750 ueteres
2725 5711 2916 5760 mores,
2953 5695 3194 5764 probant
3240 5705 3520 5753 vetustam
3566 5712 3600 5754 a

1937 5771 2310 5848 pontificibus
2337 5775 2667 5848 usurpatam
2694 5767 3190 5848 consuetudinem,
3220 5767 3605 5848 denuntiandi

1934 5838 2262 5916 susceptum
2313 5839 2729 5911 pontiﬁcatum,
2783 5843 2839 5894 et
2879 5838 3029 5908 quod
3087 5838 3204 5894 haec
3258 5846 3407 5896 esset
3452 5842 3610 5896 sedis
