4070 6178
491 351 514 406 4
524 350 631 409 363

1721 353 2080 410 ANASTASII
2125 356 2663 413 BIBLIOTHECARII

3768 360 3887 418 4364

493 474 538 529 ti
571 478 658 555 est
685 473 956 555 Cypriani
996 476 1238 555 epistola
1265 476 1342 534 56
1368 477 1508 534 edit.
1559 476 1765 555 Pamel.
1800 477 1867 533 ad
1898 475 2131 555 Cornel.
2167 476 2225 537 A
2250 482 2388 535 trem
2415 485 2470 536 et
2502 481 2709 549 ﬁlium,
2734 482 3065 540 decessisse.
3109 485 3424 555 EutrOpius
3454 498 3690 555 quoque
3720 489 3884 555 testa-

498 546 808 603 novissime
833 546 1069 619 scripta.
1114 550 1352 620 Baron.,
1386 563 1538 606 anno
1563 547 1688 620 255,
1717 562 1871 605 num.
1902 547 1992 606 69.

1117 654 1484 711 BLANCHINI
1500 697 1512 711 .

1028 759 1178 800 NOTE
1207 757 1270 799 CH
1281 751 1622 802 BONOLOGICE
1633 787 1646 801 .

574 834 728 890 Beati
768 833 1018 890 Cornelii
1076 834 1443 902 pontiﬁcatus
1475 836 1734 905 quamvis
1780 851 1891 906 prae
1921 837 2142 892 caeteris

506 907 832 978 illustretur
881 912 999 978 tum
1030 906 1298 978 epistolis
1327 907 1536 976 ipsius.
1573 912 1691 962 tum
1741 909 1866 976 ejus
1903 909 2144 978 aequalis

501 977 791 1049 Cypriani,
819 982 879 1049 et
910 977 1127 1032 idcirco
1153 977 1337 1032 videri
1371 978 1553 1046 possit
1581 979 1745 1034 illius
1773 977 1984 1049 epocha
2033 994 2145 1049 prae

503 1047 640 1104 aliis
659 1047 892 1102 deﬁnita
909 1066 922 1113 ;
942 1053 1185 1102 attamen
1213 1049 1546 1118 implicatur
1567 1047 2008 1106 diﬁieultatibus
2031 1047 2144 1105 tam

505 1119 684 1200 variis
701 1119 855 1200 apud
891 1118 1201 1174 historicos
1228 1127 1283 1200 et
1304 1120 1684 1192 chronologos
1711 1124 1892 1200 nostri
1921 1129 2146 1191 tempo-

507 1192 614 1259 ris,
657 1196 719 1244 ut
751 1191 902 1245 inter
921 1203 1018 1262 eos
1051 1203 1232 1260 neque
1251 1191 1321 1246 de
1341 1204 1510 1259 anno,
1553 1191 1735 1262 neque
1765 1193 1835 1247 de
1863 1207 2145 1248 annorum

505 1274 727 1318 summa
756 1261 1085 1316 conveniat:
1119 1262 1256 1316 aliis
1285 1275 1433 1316 anno
1463 1263 1632 1317 unico
1663 1265 1714 1318 id
1745 1265 2147 1319 concludenti-

506 1333 614 1388 bus
644 1346 772 1387 cum
806 1331 1101 1386 mensibus
1129 1330 1183 1398 3,
1217 1346 1281 1388 ac
1309 1332 1516 1388 diebus
1544 1331 1609 1389 40
1633 1352 1646 1400 ;
1669 1333 1807 1389 aliis
1835 1336 2148 1390 extenden-

507 1404 666 1459 tibus
686 1403 754 1458 ad
783 1401 1104 1474 biennium,
1135 1409 1235 1458 aut
1269 1403 1583 1460 triennium
1606 1404 1879 1461 solidum.
1904 1405 2146 1474 Quidam

506 1473 951 1546 statuuntillius
969 1474 1535 1546 sedisinitiumanno
1558 1473 1948 1546 vulgarisatrai
1973 1477 2149 1531 Chri-

509 1545 584 1602 sti
641 1542 767 1611 251,
827 1545 998 1599 Decio
1046 1558 1106 1598 ιιι
1139 1551 1194 1599 et
1235 1544 1357 1600 ﬁlio
1404 1545 1467 1612 Q.
1527 1542 1810 1603 Herennio
1855 1562 2006 1604 coss.
2033 1547 2146 1602 Alii

505 1617 871 1690 constituunt
920 1615 1346 1690 in_pr;ecedenti
1399 1617 1701 1690 consulatu
1733 1619 1887 1674 Decii
1917 1621 2060 1690 Aug.
2107 1633 2147 1674 ιι

505 1693 562 1743 et
590 1686 751 1743 Grati
774 1699 923 1741 anno
950 1686 1166 1742 Christi
1193 1685 1320 1756 2-50,
1346 1687 1561 1756 quibus
1586 1693 1641 1744 et
1673 1703 1776 1745 nos
1797 1685 2142 1746 accedimus.

505 1757 780 1814 Nonnulli
812 1758 1001 1832 serius
1046 1759 1413 1832 protrahunt,
1439 1760 1598 1832 Decii
1654 1760 2060 1832 principatum,
2093 1769 2148 1816 et

2248 557 2361 619 tur,
2389 559 2680 621 postquam
2712 555 2925 609 biennio
2969 554 3387 625 imperauerant,
3415 554 3619 612 ambos
3653 554 3886 610 interfe-

2249 630 2388 678 ctos.
2431 625 2544 679 Hoc
2575 627 2762 698 spatio
2798 627 3078 682 mensium
3121 627 3378 697 triginta,
3413 627 3637 698 quibus
3673 627 3760 682 rei
3795 628 3888 679 Ro-

2251 706 2427 767 manae
2457 695 2925 766 praefuitDecius,
2947 699 3046 767 qui
3078 695 3533 767 anteimperi'um
3553 697 3769 754 consul
3787 699 3889 763 jam

2251 764 2434 821 fuerat
2464 767 2548 836 (ut
2572 768 2828 823 creditur
2857 764 3130 824 suffectus
3159 769 3267 824 sub
3291 764 3551 838 Philippo
3572 784 3643 824 ex
3681 769 3892 823 indicio

2251 837 2393 891 Vita:
2413 838 2466 909 S_.
2501 839 2788 908 Genulphi
2831 841 2979 909 apud
3018 841 3248 909 Pagium
3281 841 3348 895 ad
3389 837 3603 896 annum
3651 838 3764 896 250
3793 854 3894 892 nu-

2255 921 2406 990 mero
2440 906 2724 990 H),Aalio‘s
2752 906 2897 966 duos
2923 906 3275 990 consulatus,
3303 916 3360 965 et
3388 912 3621 990 quidem
3654 910 3895 990 ordina—

2253 980 2372 1052 rios
2395 980 2610 1052 gessit:
2644 996 2842 1048 unum,
2874 983 2970 1052 qui
3000 988 3120 1037 erat
3145 983 3255 1051 ipsi
3282 980 3589 1050 secundus,
3626 996 3760 1036 cum
3786 980 3893 1035 col-

2255 1050 2377 1121 lega
2404 1051 2648 1123 Maximo
2669 1050 3081 1121 Gratopalium
3116 1050 3266 1121 vero,
3301 1067 3465 1123 quem
3509 1054 3754 1108 tertium
3791 1067 3896 1107 nu-

2257 1122 2526 1192 merabat,
2556 1137 2683 1178 cum
2709 1125 2879 1180 Decio
2902 1123 3022 1179 ﬁlio
3054 1129 3190 1179 natu
3220 1122 3446 1191 majore.
3481 1138 3651 1194 quem
3678 1124 3895 1178 nummi

2257 1198 2312 1248 et
2354 1193 2765 1266 inscriptiones
2788 1195 3078 1266 appellant
3106 1196 3171 1264 ρ.
3213 1193 3556 1250 Herennium
3591 1198 3896 1266 Etruscum

2257 1263 2838 1322 Messium'Decium.’
2866 1263 3028 1336 (Vide
3075 1263 3238 1336 span.
3286 1267 3509 1321 Miscell.
3562 1284 3697 1336 pag.
3757 1263 3898 1332 273.}

2256 1337 2626 1394 Consulatum
2660 1339 2816 1392 Decii
2849 1337 3160 1392 secundum
3193 1351 3322 1392 cum
3355 1339 3528 1394 Grato
3562 1339 3714 1393 Fasti
3752 1336 3898 1391 refe-

2260 1413 2396 1481 runt
2425 1409 2491 1464 ad
2515 1423 2583 1464 an
2606 1423 2726 1464 tum
2756 1423 2880 1463 aera:
2907 1409 3120 1481 Christi
3141 1410 3472 1481 communis
3489 1406 3617 1475 250,
3663 1421 3896 1481 consen-

2261 1480 2542 1536 tientibus
2576 1481 2777 1535 merito
2802 1479 3072 1534 omnibus
3102 1479 3507 1550 chronolog’is:
3539 1480 3697 1548 apud
3762 1494 3898 1548 quos

2259 1552 2430 1605 etiam
2453 1566 2712 1621 peraeque
2745 1558 2930 1605 ratum
2957 1557 3041 1605 est
3071 1553 3302 1606 tertium
3335 1551 3703 1606 consulatum
3745 1552 3896 1604 Decii

2260 1624 2466 1706 patris,
2499 1623 2722 1706 collega
2765 1623 2934 1677 Decio
2985 1621 3104 1677 ﬁlio
3146 1621 3357 1692 pariari
3407 1636 3538 1677 cum
3585 1636 3746 1677 anno
3786 1637 3898 1676 tera

2255 1694 2600 1749 Christianae
2625 1691 2752 1748 251.

2327 1765 2426 1820 His
2461 1767 2517 1820 in
2550 1763 2948 1820 consulatibus
2979 1763 3059 1818 ita
3080 1764 3374 1832 pariandis
3393 1778 3522 1819 cum
3547 1778 3666 1819 aera
3691 1764 3896 1819 Christi

505 1843 632 1906 cum
687 1843 752 1906 eo
795 1829 1141 1906 cathedram,
1168 1830 1489 1906 Cornelii_:_
1518 1831 1597 1906 ita
1633 1838 1705 1906 _ut
1753 1829 2008 1906 biennio,
2049 1829 2145 1887 ’vel
2185 1846 2227 1902 Β
2257 1849 2418 1891 nemo
2455 1837 2620 1892 hodie
2644 1829 3132 1906 refragatur-,cuin
3164 1835 3410 1903 proximi
3440 1836 3606 1890 valde
3629 1837 3898 1890 sintduo

504 1901 758 1957 triennio
807 1905 1151 1970 postponam
1193 1901 1248 1956 in
1282 1915 1393 1955 aera
1431 1902 1647 1957 Christi
1697 1905 1987 1959 communi
2026 1909 2144 1958 tum

502 1972 768 2044 consules
813 1978 932 2044 tum
989 1971 1359 2040 imperatores
1420 1979 1757 2030 memoratos
1809 1973 1896 2044 (ut
1937 1975 2146 2044 Pagius

501 2043 782 2109 observat,
815 2042 1034 2112 aliique
1059 2044 1271 2112 possim
1297 2043 1655 2115 chronologi)
1682 2042 1878 2101 contra
1907 2042 2146 2100 eviden-

506 2121 616 2170 tem
641 2115 1188 2170 demonstrationem
1231 2121 1548 2184 temporum
1567 2156 1580 2169 .

573 2188 835 2242 Nostram
865 2185 1306 2254 Chronologiam
1336 2187 1406 2241 de
1451 2189 1584 2241 sede
1619 2186 1869 2242 Cornelii
1916 2187 2146 2242 ﬁrmant

499 2269 629 2312 cum
656 2257 903 2325 picturis
929 2256 1186 2311 basilicae
1234 2256 1288 2311 S.
1322 2257 1484 2312 Pauli
1517 2258 1631 2312 alia
1659 2259 1997 2314 documenta
2039 2271 2144 2312 suo

504 2327 627 2383 loco
648 2328 900 2383 indicata
933 2328 992 2381 in
1041 2329 1190 2383 serie
1219 2329 1554 2398 pontiﬁcum
1581 2331 1965 2385 Romanorum
1997 2329 2147 2384 inter

503 2399 922 2470 Prolegomena,
942 2403 997 2454 et
1012 2411 1074 2453 ea
1100 2413 1224 2469 quae
1244 2400 1338 2454 hic
1357 2399 1752 2466 aﬁ‘eremus;si
1784 2401 1946 2470 prius
1974 2401 2145 2456 unica

495 2469 812 2526 observatio
826 2469 1210 2539 permittatur,
1235 2470 1328 2525 hic
1343 2472 1593 2527 nitidius
1613 2469 1952 2539 exhibenda,
1975 2485 2140 2541 quam

499 2555 671 2613 supra
698 2541 986 2613 explicari
1005 2546 1196 2613 posset
1214 2541 1271 2613 in
1299 2548 1545 2613 angusto
1566 2543 1753 2612 spatio
1781 2543 2061 2598 columnae
2086 2543 2142 2595 in

502 2612 924 2684 Prolegomenis
954 2612 1042 2684 illi
1072 2612 1396 2668 attributa.
1422 2616 1480 2667 In
1513 2628 1576 2669 ea
1597 2614 1865 2669 columna
1895 2614 2142 2684 distinxi

497 2681 567 2737 de
601 2681 754 2737 more
777 2683 1000 2738 litteras
1022 2683 1189 2738 hodie
1209 2686 1551 2750 superstites
1567 2685 1794 2753 epochae
1815 2685 1868 2739 S.
1889 2683 2142 2739 Cornelii

500 2765 598 2822 per
626 2753 985 2808 characteres
1015 2753 1310 2825 capitales,
1333 2755 1453 2810 sive
1481 2756 1831 2824 majusculos
1861 2773 1876 2825 ;
1904 2755 2146 2810 absum—

498 2829 625 2893 ptos
645 2828 834 2879 autem
863 2828 1144 2878 vetustate
1169 2824 1492 2894 signiﬁcavi
1526 2840 1624 2894 per
1639 2827 1998 2882 characteres
2029 2838 2140 2882 non

493 2894 787 2966 capitales,
813 2894 934 2951 sive
961 2894 1341 2952 minusculos.
1373 2897 1607 2966 Legitur
1633 2897 1827 2968 itaque
1856 2915 1869 2951 :

1171 2987 1233 3050 >14
1267 2997 1440 3041 corne

1173 3054 1325 3110 LIUS

1167 3126 1295 3216 SED

1168 3223 1267 3313 .A—-N

1170 3318 1308 3378 NH
1351 3335 1448 3376 .m.
1478 3322 1550 3377 III

1171 3394 1309 3448 DX

498 3483 732 3540 Excidit
760 3481 909 3554 sigla
939 3483 987 3537 Μ
1021 3482 1189 3538 index
1225 3481 1508 3554 mensium
1536 3481 1745 3554 triadis
1773 3483 1868 3548 ΙΙΙ,
1895 3496 2021 3553 quae
2044 3483 2143 3538 ni-

499 3556 619 3612 tida
651 3553 1028 3622 subsequitur
1070 3559 1194 3622 post
1228 3553 1514 3620 lacunam,
1547 3566 1675 3607 cum
1703 3553 1892 3608 diebus
1919 3555 2095 3609 decem
2126 3572 2144 3621 ;

503 3627 653 3682 nihil
669 3626 1006 3682 deformatis
1029 3624 1240 3681 litteris
1257 3626 1300 3678 D
1319 3624 1371 3678 Χ
1391 3623 1524 3679 illos
1537 3623 2022 3694 signiﬁcantibus.
2039 3628 2147 3680 An-

502 3711 703 3754 norum
728 3709 862 3752 vero
890 3697 1138 3753 duorum
1167 3709 1313 3766 quos
1333 3695 1599 3766 Cornelio
1627 3695 1897 3751 tribuunt
1921 3697 1976 3750 S.
2005 3697 2144 3752 Hie-

503 3782 796 3850 ronymus,
822 3768 1128 3850 Catalogus
1157 3765 1513 3850 Liberlanus,
1542 3765 1774 3850 aliaque
1804 3767 2144 3850 documenta

505 3838 759 3895 indicata
812 3853 941 3894 cum
996 3838 1244 3908 picturis
1275 3838 1398 3892 loco
1447 3849 1622 3905 supra
1654 3844 1982 3907 memorato,
2025 3839 2145 3894 sola

504 3913 700 3966 unitas
749 3910 933 3978 prima
980 3908 1292 3977 conspicua
1342 3908 1671 3976 permansit.
1715 3909 1963 3964 Alteram
1992 3911 2145 3964 enim

505 3981 786 4036 unitatem
813 3993 942 4034 cum
976 3978 1122 4050 sigla
1155 3979 1438 4034 mensium
1471 3985 1606 4034 aetas
1631 3978 1975 4050 absumpsit.
2009 3983 2149 4049 Sup-

503 4052 764 4122 plendam
787 4050 1252 4122 itaquejudicavi
1274 4050 1535 4105 lacunam
1559 4050 1776 4122 additis
1802 4051 2148 4107 minusculis

502 4121 933 4177 Characteribus
963 4121 1126 4175 ANN.
1149 4123 1178 4193 Ι
1210 4137 1254 4193 i.
1293 4134 1344 4175 m
1375 4123 1469 4188 ΙΙΙ,
1500 4125 1563 4176 ut
1612 4121 1832 4192 integra
1865 4123 2149 4193 legeretur

503 4192 715 4261 epocha
758 4192 908 4247 Sedit
937 4194 1100 4245 annis
1125 4192 1357 4262 duobus,
1408 4193 1682 4245 mensibus
1725 4192 2147 4262 tribus,diebus

503 4264 681 4318 decem
700 4282 717 4331 ;
736 4277 863 4318 cum
887 4262 1126 4330 pictoris
1149 4276 1271 4318 mos
1300 4261 1478 4333 fuerit
1497 4264 1577 4333 ita
1595 4261 2147 4333 disponerelitteras

503 4335 676 4390 etiam
731 4336 788 4388 in
838 4333 1061 4388 caeteris
1090 4333 1348 4401 epochis,
1412 4331 1511 4386 ubi
1557 4331 1668 4388 fuit
1697 4331 2146 4403 exprimendum

504 4407 826 4461 biennium.
878 4404 1196 4460 EVSEBIVS
1238 4404 1365 4458 SED
1402 4403 1546 4458 ANN
1575 4406 1641 4458 ΙΙ.
1693 4406 1762 4458 Μ.
1804 4407 1839 4459 I.
1878 4408 1941 4460 D.
1972 4408 2142 4462 XXV.

503 4477 664 4549 (folio
693 4476 823 4549 CH.)
853 4479 918 4549 ἧς
942 4474 1216 4549 MARCVS
1235 4474 1362 4549 sep
1390 4474 1535 4549 _AN_N
1558 4476 1624 4528 ιι.
1669 4475 1910 4549 ιιιηνιιι.
1945 4478 2146 4533 nxxr.

502 4545 664 4620 (folio
683 4548 836 4618 CIV.)
851 4548 952 4602 His
975 4547 1053 4601 ita
1082 4545 1438 4620 praemonitis
1458 4545 1527 4601 de
1547 4547 1887 4620 auctoritate
1908 4561 1973 4604 ac
1993 4555 2146 4604 statu

2255 1906 2363 1961 bus
2379 1907 2780 1962 consulatibus
2801 1907 3044 1961 maxime
3071 1913 3224 1961 certo
3249 1920 3393 1960 nexu
3417 1907 3761 1975 conjunctis
3781 1921 3894 1960 cum

2255 1978 2491 2033 deﬁnito
2531 1992 2681 2034 anno
2711 1991 2836 2032 εει-ιε
2866 1978 3229 2040 Christianis,
3261 1982 3317 2031 et
3349 1977 3722 2047 reliquarum
3757 1980 3893 2031 insi—

2254 2050 2542 2120 gniorum,
2577 2062 2776 2120 nempe
2805 2062 2934 2120 cum
2970 2048 3072 2102 illo
3097 2047 3305 2103 celebri
3333 2049 3484 2117 apud
3517 2049 3893 2104 Censorinum

2253 2119 2323 2175 de
2353 2121 2442 2175 die
2473 2121 2682 2188 Natali,
2719 2119 2882 2186 Ulpio
2904 2124 2956 2174 et
2983 2119 3256 2174 Pontiano
3285 2131 3434 2188 coss,
3463 2121 3569 2189 qui
3601 2121 3807 2175 clavus
3829 2128 3896 2174 est

2256 2193 2537 2246 universae
2579 2191 2995 2260 Chronologize,
3042 2197 3098 2244 et
3133 2191 3416 2260 pertinere
3453 2192 3800 2248 ostenditur
3841 2192 3893 2244 ad

2254 2277 2380 2317 terte
2409 2263 2623 2318 Christi
2663 2258 2986 2317 communis
3016 2275 3227 2316 annum
3264 2258 3392 2325 238,
3432 2268 3557 2316 tum
3587 2276 3660 2316 ex
3714 2263 3895 2330 eclipsi

2255 2335 2397 2390 solis
2416 2335 2600 2399 totali,
2630 2347 2794 2403 quam
2828 2332 2996 2401 paulo
3016 2339 3148 2387 ante
3173 2331 3521 2387 delationem
3549 2333 3725 2388 tituli
3748 2335 3900 2388 Casa-

2257 2408 2338 2460 ris
2372 2419 2547 2474 puero
2571 2404 2860 2459 Gordiano
2887 2404 2986 2459 Pio
3010 2404 3321 2475 eodemque
3355 2417 3549 2475 mense
3574 2419 3700 2475 quo
3737 2407 3899 2473 impe-

2256 2473 2473 2532 ratores
2493 2482 2689 2531 contra
2710 2475 3085 2529 Maxnminum
3113 2487 3164 2529 at
3189 2473 3610 2530 clamabantue
3630 2476 3695 2531 in
3729 2476 3900 2531 Africa

2253 2548 2369 2603 duo
2393 2547 2670 2615 Gordiani
2707 2551 2863 2615 pater
2901 2552 2956 2600 et
2987 2545 3159 2609 ﬁlius,
3208 2545 3434 2601 scilicet
3462 2559 3626 2601 anno
3659 2554 3901 2615 proxime

2254 2619 2541 2688 superiori
2568 2614 2906 2683 237,’Homaa
2933 2617 3110 2671 visam
3137 2617 3216 2672 ita
3246 2624 3520 2672 memorat
3542 2614 3899 2687 Capitolinus

2256 2690 2313 2744 in
2336 2687 2471 2758 ejus
2510 2691 2656 2752 Vita,
2693 2693 2754 2742 ut
2777 2703 2887 2740 non:
2911 2687 3233 2754 crederetur,
3264 2688 3454 2758 juxta
3483 2691 3900 2744 astronomicas

2251 2757 2498 2816 Tabulas
2539 2761 2619 2815 ita
2673 2759 3037 2828 spectandam
3093 2759 3187 2813 die
3250 2757 3317 2815 42
3367 2760 3601 2827 Aprilis
3657 2761 3896 2828 ejusdem

2252 2833 2388 2887 anni
2403 2828 2528 2901 237,
2546 2838 2665 2887 tum
2679 2845 2745 2886 ex
2763 2833 3018 2888 charactc
3029 2828 3192 2885 ribus
3211 2830 3562 2899 epocharum
3588 2831 3897 2887 illustrium

2253 2917 2284 2958 a
2313 2903 2626 2958 Censorino
2651 2901 2948 2971 productis
2969 2914 3097 2956 cum
3141 2907 3448 2957 memorato
3480 2901 3647 2970 Ulpii
3684 2910 3744 2957 et
3765 2905 3899 2957 Pon-

2254 2974 2400 3030 tiani
2423 2973 2744 3040 consulatu,
2772 2973 2878 3030 sub
2897 2985 3010 3043 quo
3024 2979 3294 3043 numerat
3313 2985 3527 3028 annum
3553 2973 3728 3043 Olym
3742 2974 3904 3043 piadi-

2251 3059 2383 3101 cum
2410 3060 2477 3101 ex
2497 3044 2704 3100 diebus
2739 3040 2958 3101 aastivis
2981 3040 3138 3108 4044,
3168 3057 3200 3098 a
3229 3045 3402 3099 Roma
3430 3040 3678 3100 condita
3705 3040 3776 3099 ex
3805 3048 3902 3099 Pa-

2252 3115 2467 3172 rilibus
2509 3113 2635 3180 994,
2689 3117 2984 3186 lulianum
3023 3112 3150 3178 283,
3183 3116 3579 3186 Augustorum
3616 3113 3754 3184 265,
3791 3130 3901 3172 tera

2174 3206 2221 3267 ρ
2252 3188 2395 3259 Aug.
2419 3187 2823 3267 Alexandrinae
2837 3185 2964 3267 ξοδ,
2987 3183 3369 3267 Nabonassari
3394 3183 3522 3250 986,
3555 3187 3826 3267 Philippi
3846 3186 3905 3267 ab

2254 3255 2488 3315 excessu
2519 3257 2824 3314 Alexandri
2857 3257 3045 3328 Magni
3077 3255 3201 3324 562,
3231 3262 3287 3312 et
3308 3271 3412 3312 nos
3437 3271 3572 3328 cum
3623 3255 3906 3314 universis

2253 3331 2624 3402 chronologis
2653 3345 2778 3386 serae
2814 3325 3159 3386 Christianae
3187 3341 3399 3385 annum
3431 3325 3562 3383 238.
3617 3329 3724 3385 His
3755 3331 3908 3401 plane

2253 3403 2560 3458 assentior.

2327 3475 2508 3528 Unum
2537 3472 2704 3539 addo,
2739 3470 3110 3541 chronologis
3143 3470 3417 3527 hactenus
3449 3472 3905 3538 inobservatom,

2256 3544 2738 3630 nempeeumdem
2765 3544 2829 3613 Q.
2849 3541 3194 3630 Herennium
3221 3543 3766 3630 Deciiﬁliumkqni
3793 3558 3904 3599 cou-

2255 3617 2344 3672 sul
2367 3612 2700 3671 ordinarius
2724 3612 2999 3684 processit
3020 3612 3140 3667 Kal.
3169 3614 3426 3669 Januarii
3454 3628 3612 3670 anno
3635 3612 3765 3676 25L
3789 3629 3900 3670 cum

2258 3694 2417 3757 patre
2475 3687 2708 3742 tertium
2742 3686 3103 3742 consulatum
3154 3685 3347 3757 eadem
3403 3687 3502 3742 die
3554 3694 3898 3742 assumente.

2255 3756 2538 3824 eumdem,
2568 3757 2826 3827 inquam,
2852 3757 3129 3827 Quintum
3153 3756 3499 3813 Herennium
3532 3758 3696 3812 Decii
3733 3759 3900 3812 ﬁlium

2258 3829 2562 3900 postremis
2592 3829 2888 3900 mensibus
2914 3827 3049 3882 anni
3087 3827 3345 3900 proxime
3379 3829 3761 3897 praecedentis
3791 3827 3900 3892 230,

2256 3898 2557 3956 abdicante
2587 3900 2782 3967 Grato,
2818 3898 3001 3955 fuisse
3042 3898 3335 3953 consulem
3383 3900 3693 3955 suﬁeetum
3724 3909 3779 3955 et
3813 3914 3904 3969 pa—

2257 3973 2368 4028 tris
2397 3972 2670 4045 collegam
2697 3989 2711 4045 ;
2749 3973 2826 4026 ita
2855 3977 2920 4026 ut
2942 3984 3012 4025 ex
3039 3981 3229 4045 mense
3248 3969 3450 4045 saltem
3481 3970 3724 4045 Octobri
3754 3977 3767 4040 ιζ
3782 3978 3902 4040 puto

2257 4049 2313 4098 et
2339 4041 2643 4115 maturius)
2668 4043 3039 4114 signarentur
3063 4041 3198 4115 Acta
3221 4041 3471 4115 publica,
3496 4043 3663 4096 Decio
3685 4045 3833 4112 Aug.
3866 4055 3897 4094 ιι

2256 4120 2305 4168 et
2352 4117 2508 4168 Decio
2551 4110 2764 4170 Caesare
2814 4128 2967 4177 coss.,
3004 4125 3102 4167 seu
3135 4110 3343 4166 duobus
3392 4117 3568 4168 Deciis
3630 4110 3800 4168 cossﬁ
3833 4115 3898 4167 Ex

2257 4185 2530 4241 Kalendis
2555 4199 2687 4242 vero
2735 4185 3031 4240 Januariis
3071 4182 3206 4237 anni
3230 4181 3327 4239 254
3361 4184 3747 4253 scriberetur,
3777 4188 3897 4252 Imp.

2260 4258 2397 4311 Caes.
2464 4260 2618 4312 Decio
2648 4259 2796 4324 Aug.
2833 4269 2915 4321 tu,
2951 4259 3001 4309 et
3051 4254 3201 4311 Decio
3233 4255 3439 4309 Caesare
3469 4270 3510 4310 ιι
3562 4272 3703 4309 coss.
3747 4277 3764 4310 :
3800 4269 3900 4325 quo

2258 4341 2407 4382 anno
2447 4329 2664 4398 pariter
2705 4334 2923 4383 certum
2954 4331 3041 4381 est
3091 4332 3400 4396 utrumque
3452 4327 3694 4382 Decium
3728 4341 3896 4382 occu-

2257 4397 2672 4468 buisseimperi
2686 4400 2702 4454 i
2717 4412 2907 4454 mense
2921 4398 3235 4468 trigesimo.
3252 4397 3468 4452 Secund
3482 4413 3548 4452 us
3561 4399 3806 4452 consula
3819 4405 3896 4450 tus

2256 4471 2414 4526 Decii
2449 4471 2578 4526 ﬁllii
2606 4485 2734 4526 cum
2765 4471 2933 4525 tertio
2953 4472 3132 4538 patris
3152 4469 3494 4537 eonjunctus
3528 4482 3642 4524 non
3668 4469 3896 4524 obscure

2259 4542 2552 4599 indicatur
2584 4543 2644 4597 in
2671 4541 2830 4596 Actis
2871 4540 3058 4595 Pionii
3087 4540 3374 4609 martyris,
3401 4541 3656 4610 signatis
3691 4542 3751 4595 in
3779 4540 3893 4594 edi-

503 4593 780 4678 itaesset
789 4593 916 4675 {an
924 4593 1526 4692 Inl'apﬁt'ajg‘iat‘rim;
1539 4593 1888 4674 aegram";
1896 4593 2146 4692 5513a;
2178 4593 2232 4655 D
2262 4593 3406 4692 iterare.epigramma"“saeua
3432 4593 3656 4692 agas
3713 4593 3894 4691 om

505 4693 810 4758 assignans
856 4703 986 4745 cum
1042 4689 1102 4743 B.
1148 4689 1509 4758 Hieronymo,
1555 4695 1610 4744 et
1651 4704 1778 4744 cum
1844 4689 2146 4747 vetustiori

505 4707 620 4748 ilSSl
668 4707 810 4746 nans
856 4707 986 4745 cum
1042 4707 1102 4743 Β.
1148 4707 1509 4758 ΠΙΒΓΟΙΙΥΙΠΟ,
1555 4707 1610 4744 61.
1651 4707 1778 4744 cum
1844 4707 2144 4747 VBLUSUOI‘I

504 4707 758 4832 cata?ogo
818 4760 1102 4831 integrum
1155 4761 1432 4814 biennium
1474 4761 1695 4832 sedioS.
1728 4762 1974 4817 Cornelii
2024 4764 2144 4832 (qui

505 4778 685 4818 cataio
727 4778 758 4817 0
818 4778 1102 4831 integrum
1155 4778 1432 4814 ozenntum
1474 4778 1596 4816 seat
1639 4778 1695 4815 δ.
1728 4778 1974 4817 υονηθιιι
2024 4778 2144 4832 (QUI

505 4778 916 4903 etiamﬁegitur
944 4832 1083 4885 duas
1104 4832 1474 4886 ordinationes
1538 4830 1809 4888 habuisse
1835 4847 2024 4888 mense
2054 4837 2148 4887 De»

505 4902 742 4974 cembrt'),
767 4902 829 4958 et
861 4908 1127 4974 praeterea
1147 4918 1354 4957 menses
1385 4906 1512 4964 tres,
1549 4903 1606 4956 in
1637 4903 1830 4958 eodem
1863 4905 2142 4974 catalogo,

504 4982 561 5034 et
593 4978 650 5031 in
686 4973 932 5044 picturis
981 4973 1255 5029 distincte
1299 4977 1648 5043 numeratos,
1678 4975 1915 5043 diesque
1946 4973 2140 5041 decem,

505 5049 798 5118 appositos
847 5045 1260 5118 universorum
1282 5045 1612 5118 testimonio
1646 5061 1660 5111 ;
1692 5046 1898 5118 accedo
1917 5046 2039 5118 jam
2073 5049 2140 5102 ad

508 5115 683 5198 huius
708 5117 1107 5198 Chronologiaa
1143 5115 1531 5186 probationes,
1563 5123 1618 5171 et
1647 5117 2144 5198 ad_dis_solvendas

503 5187 891 5256 difﬁcultates,
925 5187 1139 5258 quibus
1162 5200 1356 5242 omnes
1378 5196 1815 5258 eonqueruntur
1838 5187 2141 5258 implexam

503 5275 626 5318 esse
663 5259 933 5330 epocham
961 5258 1111 5313 beati
1142 5258 1418 5313 Cornelii.

576 5329 809 5388 lnitium
843 5330 1354 5387 demonstrationis
1382 5331 1589 5384 ducere
1611 5334 1829 5398 oportet
1858 5329 1927 5384 ab
1957 5329 2143 5400 impe—

503 5405 592 5461 rio
622 5403 781 5459 Decii
815 5401 937 5458 suis
960 5401 1312 5472 temporibus
1335 5400 1708 5472 assignando;
1742 5415 1868 5456 eum
1894 5416 2008 5471 quo
2029 5416 2145 5457 cer-

500 5481 620 5531 tum
654 5488 862 5530 nexum
893 5471 1100 5529 habent
1125 5472 1426 5529 consulum
1459 5471 1656 5542 series,
1687 5478 1862 5543 gesta,
1900 5479 1954 5527 et
1985 5486 2143 5528 mar-

501 5547 714 5616 tyrium
737 5545 1009 5612 Cornelii,
1033 5546 1270 5614 ejusque
1282 5544 1656 5616 characteres,
1681 5545 1866 5613 ipsius
1886 5545 2135 5600 Cornelii

501 5615 557 5672 et
583 5616 853 5685 Cypriani
885 5616 1100 5671 litteris
1124 5615 1499 5683 comprobati.

569 5687 831 5755 Triginta
883 5686 1177 5741 mensibus
1232 5687 1540 5755 imperasse
1581 5686 1815 5741 Decium
1847 5686 2148 5756 perspicue

496 5758 824 5814 docemura
877 5758 1104 5827 Victore
1159 5757 1216 5811 in
1269 5757 1563 5826 Epitome:
1614 5759 1902 5827 imperavit
1941 5773 2147 5811 menses

493 5830 762 5896 triginta:
795 5826 890 5880 cui
916 5826 1264 5896 suffragatur
1284 5827 1438 5883 alius
1461 5828 1660 5883 Victor
1687 5826 1774 5883 ’de
1803 5828 2145 5897 Caesaribus,

494 5898 773 5966 scribens,
804 5901 988 5949 exacto
1008 5899 1164 5962 regni
1183 5897 1394 5952 biennio
1415 5899 1648 5954 Decium
1669 5903 1994 5970 utrumque,
2043 5915 2150 5969 pa—

2263 4687 2520 4753 Trajano,
2555 4690 2604 4738 et
2633 4685 2801 4738 Deltio
2827 4681 2993 4738 Grato
3019 4685 3334 4738 secundum.
3364 4681 3729 4751 lntelligitur
3757 4684 3892 4753 enim

2257 4751 2621 4812 scribendum
2667 4757 2838 4822 fuisse
2860 4757 3014 4808 Decio
3061 4755 3227 4810 Grato
3269 4753 3562 4807 secundum
3600 4774 3617 4808 :
3657 4768 3786 4808 cum
3816 4751 3888 4805 al—

2258 4834 2441 4884 terum
2488 4827 2646 4882 Grati
2671 4825 3032 4882 consulatum
3068 4825 3263 4880 nullus
3297 4831 3605 4892 memoret;
3641 4837 3824 4893 neque
3854 4823 3895 4875 is

2257 4899 2476 4963 Gratus,
2515 4898 2613 4968 qui
2646 4897 2861 4966 collega
2905 4895 3091 4952 fuerat
3125 4896 3281 4951 Decii
3332 4897 3514 4965 patris
3559 4896 3620 4950 in
3657 4894 3892 4968 secundo

2254 4964 2556 5042 consulatu
2578 4964 2899 5042 appelletur
2917 4969 3127 5022 Deltius
3144 4964 3375 5042 Gratus;
3398 4979 3587 5042 neque
3607 4964 3892 5042 probabile

2255 5041 2518 5096 videatur
2548 5054 2578 5095 a
2608 5041 2778 5096 Decio
2801 5039 3060 5109 Augusto
3094 5054 3190 5109 per
3227 5039 3372 5094 duos
3388 5038 3632 5109 priores
3671 5038 3885 5104 imperii

2252 5113 2344 5169 sui
2377 5126 2557 5168 annos
2576 5113 2833 5166 eumdem
2856 5107 3127 5180 collegam
3153 5110 3356 5165 lectum
3380 5107 3585 5182 fuisse,
3608 5111 3771 5182 genti
3790 5120 3888 5182 sua

2252 5193 2609 5251 extraneum,
2631 5183 2835 5237 liberis
2862 5182 3286 5250 praetermissis.
3314 5182 3374 5235 In
3403 5181 3593 5234 Fastis
3621 5181 3892 5236 Florenti-

2251 5257 2340 5311 nis
2367 5255 2703 5322 majoribus,
2737 5252 3039 5308 aRelando
3079 5253 3274 5321 editis,
3321 5251 3472 5306 clare
3519 5253 3893 5322 consignatur

2250 5321 2585 5382 consulatus
2599 5325 2885 5394 secundus
2906 5323 3185 5394 Deciiﬁlii
3209 5323 3552 5394 conjugatus
3575 5321 3714 5378 cum
3739 5321 3896 5376 tertio

2249 5398 2407 5453 Decii
2442 5397 2641 5467 patris,
2681 5409 2832 5451 anno
2859 5393 2984 5451 254.

2318 5502 2423 5561 250
2451 5505 2619 5564 Δέκιος
2651 5503 2716 5571 β’,
2742 5500 2822 5554 ait
2856 5499 3048 5570 Γρᾶτος

2319 5576 2416 5633 251
2456 5577 2626 5636 Δέκιος
2651 5569 2796 5644 ‘167',
2826 5569 2910 5624 καῖ
2932 5573 3104 5632 Δέκιος
3133 5569 3334 5640 Καισαρ
3360 5589 3415 5623 το

2318 5683 2612 5741 Secundus
2668 5680 2777 5735 iste
2813 5677 3149 5734 consulatus
3179 5677 3336 5732 Decii
3395 5675 3502 5731 ﬁlii
3555 5683 3612 5731 et
3653 5678 3904 5732 Caesaris

2250 5757 2519 5825 supponit
2546 5753 2816 5825 primum.
2841 5751 3049 5819 Utique
3080 5762 3228 5825 anno
3249 5748 3626 5825 przecedenti,
3653 5763 3790 5825 quo
3821 5763 3887 5817 pa

2250 5818 2336 5885 ter
2365 5818 2644 5896 imperare
2668 5823 2861 5892 coepit,
2885 5827 2940 5877 et
2965 5818 3082 5896 quo
3104 5820 3224 5889 ipse
3240 5818 3479 5896 Caesaris
3501 5819 3909 5896 appellatione

2248 5890 2494 5956 donatus
2519 5901 2604 5952 est
2625 5890 2798 5951 veteri
2820 5891 3215 5962 inscriptione,
3235 5891 3386 5960 apud
3408 5890 3684 5960 Sponium
3709 5891 3775 5945 id
3805 5905 3912 5946 os-
