4070 6178
442 218 466 275 4
476 216 580 276 367

1667 210 2024 267 ANASTASII
2062 210 2605 269 BIBLIOTHECARII

3698 214 3842 272 i368

446 347 602 413 ptum
637 341 849 412 reperit
879 341 1032 413 card.
1055 338 1323 413 Norisius
1347 339 1404 394 in
1425 337 1659 407 epochis
1687 335 2089 413 Syramacedo;
2113 340 2167 395 A
2197 346 2229 388 a
2260 333 2566 413 militibus,
2601 335 2697 389 sed
2725 335 2901 413 etiam
2932 349 2962 390 a
2993 342 3192 413 senatu
3221 337 3545 413 populoque
3582 339 3841 413 Romano

446 404 579 469 num
611 404 841 468 dissert.
871 410 906 468 3
938 412 996 466 in
1047 411 1182 466 ﬁne.
1221 413 1343 466 Non
1393 404 1579 464 tamen
1611 404 1762 466 anno
1809 405 1933 474 254,
1988 404 2084 460 sed

445 497 594 540 anno
614 482 740 552 250,
764 483 935 539 Decio
962 484 1125 537 Patre
1158 483 1385 549 iterum,
1417 487 1472 535 et
1502 482 1672 535 Decio
1701 480 1820 535 tilio
1851 476 2086 534 suffecto

443 555 809 610 consulibus.
868 553 1167 610 Suﬁ‘ecerit
1209 557 1359 607 enim
1411 553 1470 606 in
1521 552 1765 606 adventu
1796 564 1900 606 suo
1929 555 2087 618 pater

443 624 618 680 Grato
644 626 910 681 abdicare
930 626 1115 693 jusso,
1147 623 1336 678 statim
1364 635 1429 677 ac
1453 622 1513 693 in
1542 623 1750 677 castris
1777 620 1890 675 fuit
1913 620 2085 693 circa

450 697 682 751 initium
711 691 1104 752 mensis—Junii
1122 735 1135 748 .
1167 697 1359 764 Neque
1381 692 1574 762 ofﬁcit,
1599 695 1649 748 si
1673 693 1895 762 aliquot
1913 691 2083 764 leges,

451 769 566 822 imo
591 773 647 822 et
670 768 897 837 aliquot
928 768 1114 836 ipsius
1129 763 1378 821 Cornelii
1403 778 1556 834 papae
1581 764 1837 833 epistolae
1861 763 2089 831 postJu-

451 843 612 893 nium
648 836 891 894 mensem
926 838 1031 893 hoc
1052 850 1200 891 anno
1226 837 1370 891 data:
1398 837 1812 907 consignentur
1859 837 2008 907 Decio
2038 836 2090 885 et

449 911 686 963 Maximo
728 909 852 980 (hoc
900 914 987 980 est
1039 909 1284 980 Maximo
1324 907 1517 975 Grato)
1571 905 1901 980 consulibus.
1949 905 2086 958 Nam

449 979 742 1050 complura
771 979 1026 1049 exempla
1057 992 1164 1034 nos
1186 979 1407 1046 docent,
1431 984 1557 1047 post
1577 979 1807 1050 initium
1832 991 1860 1030 a
1890 989 2089 1050 consu-

449 1045 607 1106 libus
645 1050 899 1106 suﬁ‘ectis
931 1045 1684 1122 magistratumpromiscue
1713 1047 1929 1122 signari
1966 1045 2091 1122 pri-

446 1128 571 1176 vata
591 1126 646 1176 et
671 1122 901 1190 publica
922 1117 1134 1191 scripta
1153 1117 1492 1176 consulibus
1505 1122 1627 1174 sive
1638 1117 1954 1191 ordiuariis
1970 1117 2090 1171 sive

449 1192 730 1248 suffectis.
760 1190 1072 1248 Suetonius
1103 1192 1308 1248 scribit
1339 1197 1534 1246 natum
1569 1190 1975 1260 VeSpasianum
2002 1201 2092 1257 pa-

452 1269 590 1318 trem
619 1279 690 1319 xv
722 1265 1004 1319 Kalendas
1029 1262 1376 1328 Decembris,
1404 1264 1473 1332 Q.
1503 1263 1761 1331 Sulpicio
1793 1260 2089 1332 Camerino

449 1335 508 1390 C.
543 1335 780 1404 Poppaeo
805 1335 1019 1390 Sabino
1044 1349 1192 1390 coss.
1228 1335 1307 1401 (in
1336 1329 1461 1402 ejus
1491 1329 1638 1401 Vita,
1668 1347 1790 1404 cap.
1831 1329 1908 1404 2).
1935 1329 2087 1385 Fasti

453 1403 753 1461 marmorei
783 1406 1096 1475 Capitolini
1128 1406 1316 1460 adhuc
1339 1405 1679 1473 superstites
1701 1403 1808 1475 sub
1829 1403 1916 1456 his
1938 1415 2085 1475 coss.

449 1477 770 1532 ordinariis
796 1474 1191 1532 ostenduntex
1239 1476 1360 1530 Kal.
1406 1476 1544 1530 Julii
1596 1474 1832 1530 suliecto
1863 1475 1940 1527 Μ.
1980 1474 2090 1526 Pa-

453 1547 614 1616 pium
645 1562 721 1601 ιη.
760 1546 800 1601 f.
833 1561 908 1601 m.
937 1560 999 1601 ιι.
1040 1547 1327 1611 Mutilum,
1365 1553 1422 1602 et
1448 1547 1509 1615 ρ.
1543 1545 1933 1614 Poppzequ.
1965 1542 2084 1616 f._q_.

451 1614 516 1673 ιι.
552 1618 897 1674 Secundum.
919 1619 1212 1673 Dedicatio
1242 1614 1497 1673 aadiculaa
1520 1618 1748 1689 regione
1779 1630 1930 1689 xuii.
1961 1614 2085 1669 Vici

2195 411 2388 460 aastate
2433 408 2666 462 ineunte
2709 407 3000 476 Augustus
3044 405 3235 463 dictus
3279 405 3470 464 fuerat
3505 423 3662 464 anno
3714 405 3836 472 249,

2193 476 2499 550 Emiiiano
2551 483 2608 550 ei
2656 477 2933 550 Aquilino
2961 492 3108 550 coss.
3155 493 3268 550 quo
3293 481 3602 535 consulatu
3637 482 3841 534 consi-

2195 554 2330 617 gnat
2358 547 2532 615 legem
2580 546 2616 602 2
2659 548 2795 603 libri
2844 551 3032 619 quarti
3074 546 3230 617 Cod.,
3266 552 3355 605 tit.
3396 553 3465 606 de
3496 551 3838 607 Hiereditar.

2194 619 2438 688 actione,
2470 621 2564 674 die
2594 633 2689 674 xxv
2721 619 3001 675 Kalendas
3030 621 3380 677 Novembris.

2266 689 2422 762 Licet
2454 690 2590 746 hinc
2618 704 2856 762 arguere
2881 705 2986 762 cur
3007 693 3059 746 S.
3091 693 3468 762 Hieronymus
3497 694 3556 748 in
3597 693 3756 748 libro
3779 694 3843 747 de

2194 760 2378 830 Scrip.
2441 760 2816 816 ecclesiastic.
2845 761 3164 818 atiirmetS.
3197 760 3523 819 Cornelium
3571 764 3843 818 Ecclesia:

2198 831 2496 901 praefuisse
2543 833 2651 887 sub
2681 833 2844 888 Gallo
2882 841 2938 888 et
2987 834 3488 903 Volusiano;cum
3523 850 3643 890 non
3678 836 3840 890 modo

2198 903 2495 973 pertigerit
2524 904 2595 958 ab
2624 905 2948 959 eorumdem
2970 906 3296 973 imperium,
3329 908 3422 962 sed
3450 907 3604 962 ultra
3627 920 3838 961 annum

2196 974 2445 1046 solidum
2473 975 2581 1029 sub
2609 976 2810 1031 iisdem
2844 977 3119 1046 Augustis
3148 979 3293 1032 Petri
3345 979 3530 1033 sedem
3566 979 3839 1044 tenuerit,

2180 1051 2261 1116 'ut
2283 1045 2398 1113 jam
2422 1047 2717 1101 ostendere
2738 1045 3006 1116 conabor,
3035 1048 3255 1103 ﬁrmata
3281 1063 3407 1104 cum
3433 1051 3512 1103 sit
3530 1049 3844 1103 Chronolo-

2199 1115 2290 1186 gia
2324 1117 2552 1185 imperii
2581 1118 2735 1172 Decii
2766 1123 2849 1174 tot
2876 1115 3257 1174 docUmentis.
3292 1121 3393 1176 His
3415 1127 3609 1176 autem
3634 1133 3843 1175 accen-

2199 1199 2331 1262 sere
2362 1201 2472 1262 non
2524 1188 2710 1262 pigeat
2741 1189 2972 1262 evidens
3021 1189 3190 1262 iliud,
3223 1193 3370 1262 quod
3425 1191 3498 1246 ab
3536 1206 3654 1247 em.
3684 1191 3838 1246 card.

2198 1258 2427 1332 Norisio
2445 1258 2784 1332 producitur
2810 1261 3042 1316 dissert.
3067 1259 3102 1316 3
3131 1263 3200 1317 de
3215 1258 3448 1331 e‘pochis
3477 1263 3838 1332 Syromaced.

2201 1335 2265 1402 ut
2288 1330 2586 1385 conﬁrmet
2625 1331 3034 1387 Chronotaxim
3087 1330 3346 1388 Panvinii
3374 1334 3442 1388 de
3469 1330 3722 1402 imperio
3752 1347 3843 1401 per

2198 1401 2432 1474 Decium
2466 1402 2612 1474 inito
2661 1402 2970 1458 jEmiliano
2999 1409 3055 1459 et
3100 1405 3378 1474 Aquilino
3424 1401 3582 1459 coss)
3623 1405 3839 1458 Christi

2195 1467 2320 1538 249,
2352 1470 2485 1526 licet
2527 1472 2681 1527 alius
2720 1487 2830 1527 em.
2861 1475 3112 1544 scriptor
3139 1467 3419 1531 Baronius
3461 1475 3840 1531 differendum

2201 1548 2444 1614 putaret.
2471 1563 2495 1594 α
2525 1544 2670 1612 Ηεεο,
2701 1544 2912 1614 inquit,
2944 1553 3142 1602 contra
3183 1548 3444 1602 Panvinii
3481 1549 3668 1602 nostri
3710 1560 3844 1601 sen-

2198 1613 2433 1686 tentiam
2463 1615 2616 1686 dicta
2648 1613 2803 1686 sunt,
2853 1617 2952 1686 qui
2982 1618 3152 1672 etiam
3189 1617 3400 1673 ibidem
3435 1619 3492 1672 in
3531 1619 3842 1686 margines

451 1690 676 1744 censori
727 1689 989 1760 signatur
1021 1690 1076 1744 in
1129 1694 1349 1761 veiusto
1380 1685 1714 1758 lapide'per
1761 1687 2086 1761 Fabrettum
2118 1701 2170 1761 Β
2201 1685 2443 1739 Baronio
2463 1685 2774 1761 indicatur.
2799 1685 3003 1743 At’mei
3031 1690 3286 1761 concivis
3306 1689 3694 1759 Chronologia
3717 1703 3841 1742 cer—

451 1761 606 1816 edito
630 1761 699 1816 de
727 1756 836 1816 co'l.
867 1761 1022 1829 Traj.
1074 1775 1126 1830 p.
1154 1758 1277 1826 273,
1299 1767 1355 1816 et
1398 1756 1636 1828 [riscripl
1673 1773 1797 1829 pag.
1826 1756 1946 1822 403,
1978 1757 2089 1811 ho—

451 1832 547 1887 die
567 1838 853 1888 asservato
880 1832 939 1886 in
971 1832 1178 1887 Musaeo
1207 1832 1443 1897 Albano,
1480 1831 1788 1886 tribunitia
1813 1834 2090 1899 potestate

455 1916 542 1958 ιιιι
573 1903 936 1970 imperatoris
960 1903 1190 1972 Trajani
1217 1903 1477 1958 consulis
1497 1916 1562 1956 ιιι
1577 1902 1864 1972 designati
1890 1915 1967 1967 1v,
1990 1903 2093 1972 R9-

451 1977 559 2029 seio
598 1968 812 2029 Elia-no
860 1979 910 2028 et
946 1968 1174 2028 Claudio
1221 1975 1525 2030 Sacerdota:
1566 1968 1907 2028 consulibus
1960 1968 2092 2025 suf-

454 2044 622 2100 fectis
648 2052 872 2114 peracta
911 2058 998 2100 ιιιι
1031 2045 1311 2100 Kalendas
1333 2045 1623 2099 Januarii.
1670 2045 1969 2098 Bimestres
2007 2041 2091 2114 _hi

451 2110 737 2183 consules,
769 2123 832 2172 ut
855 2115 1104 2186 appellat
1132 2117 1400 2172 Norisius
1424 2117 1592 2184 epist.
1624 2115 1796 2171 Cons.
1833 2127 1973 2186 pag.
2001 2110 2089 2186 99,

452 2193 736 2256 occupant
767 2184 1080 2256 postremos
1111 2193 1330 2243 tantum
1362 2200 1579 2242 menses
1607 2187 1740 2241 anni
1773 2200 1897 2241 aera:
1918 2184 2093 2256 Chri-y

453 2258 528 2313 sti
559 2253 615 2312 ὖ
645 2258 729 2329 (ut
760 2253 912 2327 patet
947 2272 1013 2313 ex
1044 2259 1261 2328 adjecta
1297 2264 1502 2328 potest.
1539 2258 1674 2313 trib.
1718 2271 1803 2312 ιιιι
1843 2253 2093 2329 Trajani)

455 2342 620 2402 quem
653 2327 1017 2402 aperuerunt
1069 2327 1133 2402 et;
1170 2327 1475 2402 signarunt
1503 2329 1770 2402 consules
1807 2327 2090 2402 ordinarii

455 2400 734 2469 Traianus
764 2401 908 2470 Aug.
931 2415 995 2455 ιιι
1023 2409 1078 2457 et
1096 2399 1324 2470 Fronto,
1350 2401 1470 2457 sive
1498 2401 1828 2467 Frontinus,
1857 2405 1919 2454 ut
1943 2399 2090 2453 idem

464 2417 734 2469 irajanus
764 2417 846 2456 Αιι
897 2417 995 2455 .ιιι
1023 2417 1078 2457 et
1096 2417 1324 2470 r'ronto,
1350 2417 1470 2457 suve
1498 2417 1828 2467 rronunus,
1857 2417 1919 2454 ιιι
1943 2417 2090 2453 idem

453 2471 725 2543 Norisius
752 2417 953 2541 ιιι-θέει
977 2473 1034 2527 in
1067 2473 1296 2528 laudata
1317 2473 1486 2542 epist.
1514 2486 1638 2543 pag.
1666 2470 1754 2540 62,
1791 2470 2094 2543 ubiosten-

453 2541 544 2596 dit
575 2556 803 2612 quoque
828 2557 895 2598 ex
915 2543 1128 2607 Plinio,
1155 2541 1364 2599 eodem
1382 2541 1531 2598 anno
1577 2541 1770 2612 plures
1790 2542 2091 2596 bimestres

454 2614 718 2685 consules
748 2627 781 2668 a
809 2615 1050 2685 Trajano
1097 2614 1344 2685 collegas
1382 2614 1620 2669 ascitos.
1657 2613 2008 2685 Quandoque
2037 2616 2092 2666 et

453 2684 721 2739 consules
770 2684 1098 2739 ordinarios
1139 2691 1196 2738 et
1234 2684 1501 2740 suffectos
1531 2684 1777 2753 exprimi
1812 2688 2093 2739 curarunt

452 2755 624 2809 etiam
658 2754 718 2808 in
763 2753 1015 2823 publicis
1053 2753 1288 2810 tabulis.
1325 2754 1653 2823 Exemplum
1705 2755 1916 2823 legitur
1940 2753 2090 2823 apud

453 2818 790 2881 Panvinium
825 2825 884 2879 in
915 2825 1102 2880 Fastis
1126 2826 1193 2880 ad
1225 2838 1437 2880 annum
1467 2818 1536 2878 ν.
1582 2826 1646 2880 C.
1699 2818 1825 2891 908,
1871 2818 2091 2879 Christi

453 2893 575 2963 455,
605 2896 685 2951 ita
714 2896 1003 2968 signatum
1029 2897 1316 2950 lubentius
1343 2895 1527 2951 Celsus
1548 2911 1648 2968 pro
1673 2899 1934 2968 magistro
1955 2896 2095 2948 sub—

450 2969 649 3037 scripsi
673 2981 738 3023 ιιι
765 2967 946 3023 Nonas
974 2968 1227 3022 Novemb.
1271 2970 1440 3021 Antio
1467 2967 1705 3022 Pollione
1729 2973 1780 3022 et
1808 2967 2092 3037 Opimiano

455 3053 570 3093 cos.
606 3040 856 3092 ordinar.
881 3039 1071 3094 Seuero
1097 3044 1146 3093 et
1176 3038 1379 3093 Sabino
1399 3054 1500 3094 cos.

519 3110 678 3176 Nihil
708 3110 889 3179 igitur
920 3109 1159 3179 impedit
1178 3115 1420 3178 utraque
1441 3109 1793 3179 subscriptio
1805 3108 1890 3164 vel
1911 3109 2094 3164 alter-

450 3185 579 3236 utra
607 3180 870 3236 adhibita
890 3181 1225 3236 consulatus
1250 3181 1532 3236 ordinarii
1560 3188 1659 3237 aut
1680 3180 1924 3249 suﬁ‘ecti,
1959 3193 2094 3250 quo-

452 3251 644 3308 minus
673 3252 1035 3322 intelligatur
1061 3252 1232 3307 Junio
1260 3265 1452 3308 mense
1467 3252 1741 3309 suffectus
1761 3255 1934 3308 Grato
1963 3265 2092 3306 con-

449 3322 565 3378 suli
597 3323 895 3379 ordinario
918 3323 1077 3378 illius
1101 3323 1280 3388 Decii,
1315 3331 1370 3378 et
1393 3324 1597 3379 litterze
1621 3333 1676 3380 et
1698 3329 1824 3378 acta
1845 3322 2091 3378 subinde

451 3394 754 3465 signentur
793 3394 878 3448 vel
906 3395 1062 3465 Decio
1092 3398 1142 3447 et
1172 3394 1358 3465 Grato,
1409 3397 1494 3448 vel
1531 3395 1741 3448 duobus
1771 3396 1921 3448 Decii
1940 3409 2084 3448 coss.

522 3462 725 3520 Eodem
755 3477 904 3520 anno
927 3462 1052 3533 250,
1077 3465 1231 3520 circa
1262 3462 1428 3520 tinem
1456 3465 1722 3521 Octobris
1746 3465 1974 3520 duobus
1995 3466 2091 3519 De-

450 3535 725 3591 ciiscoss.
747 3535 977 3606 (patrem
1003 3541 1058 3590 et
1083 3535 1204 3591 tilio
1231 3535 1486 3606 suﬂ'ccto)
1508 3541 1740 3592 senatus
1760 3535 2087 3591 consultum

447 3607 520 3663 de
559 3620 800 3663 censura
844 3606 1147 3662 Valeriano
1175 3607 1527 3663 decernenda
1557 3609 1750 3663 Roma!
1769 3608 1988 3662 editum
2033 3611 2090 3662 et

447 3678 737 3750 signatum
769 3677 884 3736 fuit
921 3677 1146 3750 eral.
1198 3680 1554 3735 Novembris.
1598 3678 1681 3734 Ab
1728 3678 1876 3750 Urbe
1922 3679 1989 3734 ad
2029 3691 2088 3733 se

449 3749 854 3805 transmissum
899 3749 1109 3817 recipit
1136 3750 1344 3804 Decius
1373 3751 1430 3804 in
1464 3751 1776 3814 Pannonia,
1805 3749 1904 3805 ubi
1950 3755 2088 3806 tunc

447 3820 667 3890 agebat.
721 3819 1086 3890 Valerianum
1135 3821 1388 3885 advocat,
1440 3826 1496 3876 et
1523 3821 1766 3877 honores
1799 3820 1886 3876 illi
1938 3834 2092 3876 ase-

448 3895 607 4014 natub
640 3891 897 3971 decretos
927 3889 1228 3946 conﬁrmat
1258 3905 1447 3947 mense
1477 3892 1800 3962 Novembri,
1847 3899 1948 3948 aut
1977 3893 2092 3948 De-

448 3973 564 4014 cem
613 3975 690 4014 ri.

445 3973 662 4016 cemnri
678 3999 690 4012 .

518 4032 744 4103 Annum
786 4031 1179 4087 succedentem
1231 4028 1329 4088 251
1390 4033 1660 4103 aperiunt
1697 4035 1903 4090 Decius
1936 4038 2092 4103 pater

449 4101 652 4157 consul
686 4115 746 4156 ιιι
778 4109 834 4157 et
869 4103 1078 4158 Decius
1105 4103 1263 4159 filius
1284 4101 1483 4160 consul
1511 4105 1716 4160 iterum
1750 4105 1916 4161 ambo
1936 4101 2090 4161 ordi-

452 4173 602 4246 narii
627 4171 710 4226 vel
745 4172 1152 4246 iiiPannonia,
1185 4174 1268 4246 vel
1304 4176 1362 4230 in
1409 4175 1670 4230 hibernis
1715 4177 1960 4246 Scythia:
1989 4190 2092 4232 ca—

448 4243 590 4298 stris
610 4244 756 4312 apud
776 4244 1031 4298 Tanaim.
1060 4263 1086 4296 α
1113 4243 1315 4300 Gallus
1334 4246 1486 4300 enim
1503 4247 1570 4301 ad
1602 4243 1952 4302 moliendum
2002 4261 2090 4303 res

450 4327 624 4388 novas
645 4326 955 4388 conversus
983 4314 1085 4388 (ait
1119 4315 1378 4388 Zoasimus
1403 4315 1511 4370 lib.
1558 4316 1593 4388 ι)
1623 4319 1828 4388 legatis
1856 4319 1923 4374 ad
1953 4317 2094 4374 bar-

448 4385 616 4441 baros
649 4385 863 4450 missis,
899 4390 963 4440 ut
995 4386 1050 4440 in
1084 4386 1409 4442 societatem
1445 4385 1787 4444 insidiarum
1819 4390 2093 4446 adversus

446 4457 681 4532 Decium
710 4457 988 4526 venirent,
1010 4457 1366 4532 hortabatur.
1393 4457 1516 4513 Illis
1540 4460 1919 4532 cupidissime
1938 4464 2085 4532 quod
2116 4465 2171 4528 D

449 4530 793 4598 imperatum
823 4533 946 4584 erat
968 4529 1411 4598 accipientibus,
1433 4535 1564 4595 etc.,
1593 4535 1650 4584 et
1678 4529 1970 4587 trifariam
2009 4535 2092 4589 di-

445 4599 608 4666 visis,
641 4608 695 4656 et
721 4615 754 4655 a.
777 4600 946 4655 Decio
975 4600 1030 4654 in
1061 4601 1183 4655 acie
1209 4600 1387 4669 prima
1414 4607 1471 4656 et
1507 4602 1756 4657 secunda
1796 4604 1959 4658 casis
1991 4603 2088 4661 fu-

446 4673 684 4796 gatisve,
732 4672 896 4742 pauci
932 4671 1165 4740 quidam
1198 4685 1265 4726 ex
1293 4673 1416 4727 acie
1456 4673 1626 4728 tertia
1675 4673 1731 4728 in
1765 4675 2024 4744 paludem
2060 4689 2092 4731 a

495 4744 604 4796 allo
651 4745 1012 4796 sianiﬁcatam
1058 4743 1432 4796 imprudenter
1475 4745 1784 4796 perducunt
1834 4749 2090 4796 Decium:

495 4744 604 4814 allo
651 4745 1012 4814 signiﬁcatam
1058 4743 1432 4814 imprudenter
1472 4745 1784 4814 perducunt
1831 4749 2090 4802 Decium:

446 4813 548 4887 ubi
576 4815 632 4869 in
663 4815 784 4870 luto
805 4812 1048 4887 defixus,
1077 4821 1133 4869 et
1164 4827 1195 4869 a
1227 4812 1490 4870 barbaris
1528 4817 1786 4886 undique
1817 4818 1949 4873 telis
1989 4832 2093 4887 pe-

442 4885 589 4942 titus
617 4899 730 4945 una
751 4898 880 4958 cum
905 4885 1000 4958 iis,
1030 4899 1178 4958 quos
1201 4891 1432 4956 pr0pter
1469 4900 1529 4942 se
1570 4885 1830 4958 habebat,
1866 4885 2091 4943 nem—ine

355 4969 362 4978 ί
446 4969 687 5025 prorsus
729 4956 1005 5011 evadendi
1035 4956 1361 5028 facultatem
1395 4964 1579 5027 nacto,
1615 4956 1860 5028 periit.»
1894 4960 2090 5016 Victor

443 5029 639 5085 addit:
669 5049 694 5080 α
714 5028 959 5098 Gurgite
972 5027 1201 5096 paludis
1217 5029 1296 5083 ita
1308 5027 1668 5084 submersum
1695 5029 1890 5099 fuisse,
1914 5037 1977 5085 ut
1991 5045 2090 5087 nec

445 5101 685 5157 cadaver
713 5099 840 5168 ejus
873 5099 1124 5166 potuerit
1155 5100 1427 5154 inveniri.
1455 5120 1480 5148 υ
1505 5100 1701 5155 Victor
1721 5101 1874 5156 alius
1917 5103 1971 5156 in
2007 5103 2085 5157 lio

443 5169 548 5226 bro
591 5173 660 5228 de
709 5169 1033 5226 Caesaribus
1079 5169 1306 5226 subdit:
1347 5190 1372 5220 (ι
1400 5171 1526 5224 Haec
1579 5171 1675 5225 ubi
1715 5173 1906 5227 Patres
1935 5187 2086 5228 com-

447 5255 660 5315 pcrere,
687 5241 853 5315 Gallo
885 5241 1323 5315 Hostilianpque
1351 5247 1597 5315 augusta
1630 5242 1890 5312 imperia,
1924 5245 2087 5300 Volu-

447 5312 675 5371 sianum
713 5312 879 5370 Gallo
908 5313 1126 5368 editum
1157 5312 1429 5368 Caesarem
1479 5313 1860 5368 decernunt.»
1892 5315 2086 5371 Delata

446 5383 641 5456 itaque
694 5397 948 5456 purpura
992 5389 1049 5438 et
1089 5385 1345 5455 Augusta
1373 5383 1982 5456 dignitas_Voluslano
2029 5394 2085 5442 et

443 5452 608 5511 Gallo
636 5452 1085 5512 circa'mensem
1125 5452 1358 5512 Ju'niurn
1397 5452 1533 5511 anni
1561 5452 1686 5523 251,
1719 5470 1846 5511 cum
1883 5459 2086 5512 mensi-

442 5523 554 5580 bus
577 5529 799 5594 triginta
822 5526 1055 5582 circiter
1078 5539 1110 5581 a
1135 5527 1320 5595 prima
1364 5527 1610 5582 militum
1671 5527 2082 5584 acclamatione

444 5595 778 5665 imperasset
794 5598 1027 5668 Decius,
1054 5598 1222 5666 juxta
1237 5598 1488 5653 Victoris
1508 5599 1826 5667 Epitomen,
1850 5601 2080 5668 etjuxta

436 5667 720 5723 Victorem
753 5667 994 5722 alterum
1024 5670 1093 5723 de
1139 5669 1460 5724 Caasaribus
1493 5677 1678 5724 exacto
1701 5667 1933 5733 biennio,
1967 5673 2078 5725 sci-

441 5739 580 5798 licet
610 5750 641 5794 a
659 5738 811 5794 caede
839 5739 1142 5809 utriusque
1171 5740 1448 5811 Philippi,
1468 5741 1697 5810 quando
1719 5753 1832 5796 non
1857 5747 2076 5800 tantum

2201 1762 2254 1828 ta
2282 1765 2385 1828 est,
2415 1769 2516 1828 nec
2565 1757 2690 1812 sine
2719 1771 2911 1813 errore
2967 1761 3023 1814 in
3054 1759 3296 1814 dubium
3349 1757 3622 1816 revocari
3643 1767 3836 1828 potest.

2199 1826 2439 1900 Plurimi
2464 1835 2658 1900 autem
2706 1828 2943 1885 interest
2971 1831 3073 1900 (ait
3102 1832 3257 1886 card.
3285 1832 3558 1887 Norisius
3582 1826 3742 1886 circa
3773 1831 3838 1883 ti-

2202 1911 2322 1972 nem
2345 1897 2589 1953 laudatae
2604 1897 3054 1970 dissertationis)
3077 1902 3314 1956 initium
3333 1918 3364 1972 p
3378 1904 3709 1970 rincipatus
3735 1903 3839 1955 De-

2201 1970 2278 2024 cii
2303 1983 2407 2024 suo
2427 1977 2574 2042 recte
2594 1983 2744 2026 anno
2766 1979 3046 2028 statuere:
3073 1975 3209 2042 quia
3228 1970 3354 2028 cum
3392 1974 3490 2028 ille
3515 1981 3648 2042 post
3670 1987 3803 2028 occu
3821 2003 3841 2010 —

2206 2047 2395 2109 patum
2434 2040 2736 2110 imperium
2767 2040 3216 2111 persecutionem
3247 2053 3446 2100 contra
3483 2040 3846 2100 Christianos

2204 2111 2547 2185 instituerit,
2584 2125 2696 2182 qua
2743 2115 2798 2169 S.
2845 2115 3127 2171 Fabianus
3161 2129 3321 2185 papa,
3353 2116 3580 2185 aliique
3625 2117 3686 2170 in
3719 2115 3844 2169 orbe

2203 2183 2453 2256 Romano
2478 2190 2761 2256 martyres
2791 2186 2968 2240 occisi
2997 2183 3248 2255 sunt,'ac'
3277 2186 3440 2256 plura
3483 2183 3546 2241 in
3581 2185 3842 2241 Africana

2205 2253 2453 2328 Ecclesia
2474 2255 2528 2310 id
2565 2257 2838 2328 temporis
2868 2265 3021 2328 gesta
3049 2253 3356 2313 fuerint'ex
3385 2258 3664 2326 epistolis
3681 2259 3847 2326 εκεῖ.

2205 2325 2416 2395 priani,
2437 2325 2494 2379 in
2524 2325 3064 2396 magnisannalibus
3093 2329 3321 2384 illorum
3341 2325 3480 2384 ordo
3506 2325 3845 2384 turbaturi»

2271 2396 2811 2469 Constitutajgitur
2851 2400 3064 2468 epocha
3107 2400 3240 2454 initi
3273 2401 3642 2469 principatus
3675 2409 3793 2454 tum
3819 2413 3846 2453 a

2198 2467 2391 2521 Deciis
2420 2481 2569 2524 anno
2605 2465 2729 2535 249,
2766 2465 2900 2526 ιιιιιι
2919 2485 2950 2525 a
2977 2471 3139 2526 Gallo
3157 2478 3212 2526 et
3235 2465 3550 2526 Volusiano
3570 2472 3848 2526 circaJu—

2201 2539 2360 2612 ilium
2389 2539 2526 2612 anni
2551 2537 2648 2594 251
2685 2543 3129 2611 componendam
3159 2543 3416 2612 suscipio
3449 2557 3625 2597 seram
3657 2543 3847 2612 ponti—

2201 2608 2475 2684 acutuss.
2493 2610 2743 2684 Cornelii
2761 2608 2887 2668 cum
2908 2614 3269 2669 documentis
3285 2608 3563 2684 genuinis
3589 2608 3850 2668 Romanae

2200 2681 2498 2753 Ecclesia}:
2548 2683 2696 2738 inter
2723 2698 2848 2752 quas
2880 2699 3238 2741 recensemus
3265 2681 3490 2740 litteras
3514 2684 3786 2753 ejusdem
3801 2691 3849 2737 et

2200 2752 2339 2808 cleri
2372 2753 2611 2808 Romani
2643 2755 2824 2825 editas
2853 2770 2982 2811 cum
3012 2757 3392 2825 Cyprianicis.

2271 2825 2607 2897 Martyrium
2639 2824 2788 2880 beati
2835 2824 3086 2882 Cornelii
3136 2841 3290 2897 papas
3328 2825 3701 2882 referendum
3734 2840 3849 2882 esse

2200 2893 2268 2967 ad
2319 2892 2468 2949 diem
2519 2892 2584 2950 44
2625 2896 2973 2966 Septembris
2999 2892 3370 2967 comprobant
3412 2898 3696 2953 universa
3757 2898 3847 2952 illa

2201 2965 2561 3033 documenta,
2591 2981 2715 3036 qum
2744 2965 3154 3024 enumerantur
3173 2983 3205 3025 a
3233 2969 3641 3025 Schelestratio
3679 2971 3848 3024 Anti-

2200 3037 2350 3110 quit.
2379 3037 2535 3110 Eccl.
2570 3038 2798 3110 dissert.
2834 3037 2888 3106 2,
2908 3053 3040 3110 cap.
3075 3039 3128 3108 6,
3174 3054 3330 3097 num.
3356 3037 3411 3102 7,
3439 3054 3554 3094 una
3577 3055 3715 3095 cum
3743 3041 3847 3094 Ta-

2201 3108 2448 3181 bulariis
2478 3108 2746 3181 Ecclesiae
2793 3108 3083 3166 Romanas.
3124 3113 3342 3168 Asserit
3365 3112 3762 3181 Hieronymus
3795 3112 3843 3165 in

2201 3178 2352 3252 libro
2381 3181 2468 3252 de
2495 3179 2704 3249 Script.
2747 3183 2921 3252 Eccl.,
2957 3196 3198 3251 narrans
3227 3185 3565 3252 Cyprianum
3589 3178 3602 3181 ’
3617 3199 3845 3252 passum

2199 3251 2382 3305 eodem
2433 3250 2521 3305 die
2573 3267 2678 3320 quo
2730 3250 2915 3309 Romae
2976 3250 3318 3317 Corneliusf
3343 3255 3439 3307 sed
3492 3250 3636 3306 nam
3666 3254 3844 3307 eodem

2199 3337 2363 3376 anno.
2396 3323 2526 3395 «Ex
2580 3337 2693 3391 quo
2724 3323 2928 3380 ultimo
2979 3330 3140 3381 textu
3185 3325 3289 3395 (ait
3331 3324 3679 3389 Schelestr.)
3738 3337 3839 3378 non

2199 3398 2417 3448 tantum
2479 3393 2687 3460 locum,
2744 3397 2839 3451 sed
2872 3396 3044 3451 etiam
3076 3393 3226 3451 diem
3259 3396 3547 3464 passionis
3589 3395 3837 3450 Cornelii

2198 3465 2620 3535 cognoscimus.
2671 3465 2808 3520 Cum
2841 3468 2990 3522 enim
3037 3467 3337 3522 Cornelius
3365 3467 3561 3521 eodem
3603 3468 3703 3522 die
3732 3479 3838 3535 quo

2197 3534 2518 3607 Cyprianus
2573 3541 2787 3607 martyr
2840 3537 3196 3607 occubuerit,
3253 3538 3603 3607 Cyprianum
3655 3534 3831 3591 autem

2199 3619 2338 3660 xvm
2383 3606 2507 3660 Kal.
2561 3606 2827 3664 Octobris
2877 3623 3105 3678 passum
3152 3606 3667 3665 fuisseconveniat
3696 3609 3835 3662 inter

2198 3690 2412 3750 omnes,
2457 3691 2684 3750 necesse
2707 3685 2794 3735 est
2821 3680 3146 3736 Cornelium
3196 3680 3300 3736 illo
3330 3693 3560 3750 quoque
3604 3680 3704 3735 die
3745 3693 3833 3747 pro

2197 3748 2427 3803 Christo
2453 3748 2688 3821 obiisse.
2734 3753 2906 3806 Porro
2956 3753 3026 3806 de
3062 3753 3158 3807 die
3185 3748 3442 3821 martyrii
3479 3748 3542 3804 'S.
3570 3751 3828 3819 Cypriani

2202 3824 2446 3892 testatur
2476 3819 2879 3892 Kalendarium
2903 3819 3373 3892 antiquissimum
3406 3821 3683 3878 Ecclesiae
3705 3821 3834 3875 Car-

2201 3891 2580 3961 thaginensis,
2615 3906 2646 3946 a
2690 3892 2759 3946 R.
2803 3894 2858 3962 P_.
2881 3894 2966 3949 Jo.
2989 3891 3322 3950 litabillonio
3343 3893 3565 3950 editum
3593 3900 3745 3947 tomo
3771 3892 3832 3944 Ill

2200 3961 2620 4030 Analectorum,
2657 3976 2794 4018 xvm
2822 3961 2946 4017 Kal.
2980 3964 3190 4020 Octobr.
3219 3968 3394 4018 sancti
3422 3964 3698 4034 Cypriani
3727 3965 3837 4032 epi-

2200 4035 2348 4102 scopi
2372 4038 2421 4086 et
2444 4036 2705 4101 martyris
2737 4035 2996 4103 Carthag.
3023 4035 3348 4091 Concinunt
3377 4038 3514 4090 Acta
3551 4034 3838 4090 Passionis

2197 4104 2253 4158 S.
2286 4104 2573 4174 Cypriani.
2603 4107 2802 4160 Passus
2821 4111 2898 4160 est
2923 4111 3101 4160 autem
3129 4106 3500 4162 beatissimus
3524 4106 3840 4175 Cyprianus

2200 4184 2414 4245 martyr
2433 4176 2528 4230 die
2559 4182 2752 4230 octava
2781 4177 3001 4232 decima
3046 4177 3427 4232 Kalendarum
3467 4177 3831 4232 Octobrium.

2198 4245 2319 4318 Qua
2344 4247 2439 4301 die
2491 4246 2547 4300 in
2583 4248 3010 4318 martyrologiis
3045 4262 3155 4303 non
3190 4249 3375 4303 solum.
3419 4249 3488 4302 D.
3545 4248 3837 4316 Cypriani.

2199 4317 2296 4374 sed
2329 4319 2499 4372 etiam
2529 4317 2778 4373 Cornelii
2815 4317 2968 4388 papae
3017 4321 3287 4374 memoria
3343 4319 3652 4389 reperitur.
3690 4319 3838 4372 Diem

2203 4389 2386 4462 igitur
2412 4390 2670 4459 martyrii
2731 4391 2786 4462 S.
2818 4390 3068 4445 Cornelii
3101 4404 3229 4445 cum
3269 4402 3842 4462 cognoscamusper-

2205 4458 2338 4515 inde
2368 4458 2578 4516 certam
2629 4473 2694 4514 ac
2723 4461 2874 4516 diem
2921 4463 3208 4530 passionis
3232 4462 3287 4516 S.
3341 4458 3618 4530 Cypriani
3657 4458 3720 4514 ii
3747 4461 3839 4514 Sc-

2203 4531 2496 4602 ptembris,
2528 4531 2598 4586 de
2635 4533 2914 4601 annojam
2943 4539 3028 4587 est
3053 4532 3482 4603 inquirendum.
3516 4533 3836 4586 Diversusa

2199 4604 2379 4660 variis
2401 4603 2788 4668 scriptoribus
2807 4604 3210 4660 constituitur.
3239 4604 3402 4658 Card.
3429 4604 3724 4657 Baronius
3739 4603 3823 4655 dis

2199 4675 2335 4731 tulit
2392 4675 2459 4730 ad
2487 4672 2612 4742 255,
2650 4674 2721 4730 ob
2764 4675 3100 4730 consulatus
3149 4675 3403 4739 biennio,
3449 4673 3536 4727 vel
3589 4673 3836 4728 triennio

2205 4747 2568 4817 postpositos.
2593 4744 3225 4817 Schelestratiusrei'ert
3243 4746 3310 4801 ad
3334 4759 3550 4799 annum
3576 4742 3723 4810 2.33;
3760 4746 3838 4817 Pa-

2200 4813 2476 4888 ‘gius‘cum
2510 4817 2797 4887 plerisque
2819 4816 2942 4888 ﬁgit
2965 4815 3164 4872 ἱιι252.
3196 4818 3338 4872 Huic
3363 4824 3670 4888 postremae
3697 4813 3834 4884 Pagii

2199 4886 2255 4943 et
2281 4889 2529 4944 aliorum
2561 4888 2648 4942 illi
2681 4886 3095 4944 adhaer'entium
3128 4889 3424 4943 sententiae
3465 4886 3723 4942 libenter
3750 4900 3837 4939 ac.-

2198 4959 2369 5016 cedo:
2402 4960 2470 5015 ad
2515 4972 2684 5028 quam
2746 4973 2832 5014 me
2881 4959 3183 5028 impellunt
3238 4959 3450 5014 invicta
3499 4965 3836 5030 argumenta

2199 5045 2328 5085 mox
2359 5030 2661 5085 alierenda.
2689 5047 2715 5079 »

2267 5103 2602 5157 Considerat
2632 5100 3075 5156 Schelestratius
3105 5100 3336 5156 laudata
3357 5100 3599 5155 dissert.
3642 5097 3701 5166 2,
3723 5112 3835 5166 cap.

2197 5171 2250 5241 6,
2281 5186 2437 5228 num.
2458 5170 2507 5238 4,
2533 5173 2647 5227 duo
2665 5173 2994 5241 Hieronymi
3014 5173 3366 5228 testimonia.
3394 5191 3419 5220 ςι
3442 5173 3500 5225 In
3527 5171 3661 5226 Vita
3683 5170 3835 5225 Pauli

2199 5245 2460 5299 Eremitae
2509 5244 2719 5298 tradit:
2756 5245 2920 5298 «Sub
2950 5245 3116 5298 Decio
3156 5249 3209 5298 et
3236 5243 3538 5298 Valeriano
3587 5255 3838 5312 persecu-

2199 5315 2442 5378 toribus,
2477 5327 2589 5385 quo
2614 5320 2864 5383 tempore
2886 5315 3189 5370 Cornelius
3221 5314 3426 5380 Romae,
3448 5315 3836 5385 etCyprianus

2195 5383 2537 5457 Carthagine
2569 5384 2724 5440 felici
2752 5400 2954 5441 cruore
2984 5387 3238 5442 damnati
3272 5392 3426 5452 sunt,
3454 5383 3671 5440 multas
3692 5383 3834 5453 apud

2194 5459 2494 5529 Egyptum
2553 5463 2608 5511 et
2656 5457 2942 5529 Thebaida
3005 5458 3286 5513 Ecclesias
3345 5463 3657 5529 tempestas
3700 5469 3837 5529 sum

2199 5527 2465 5599 populata
2496 5533 2599 5583 est.
2634 5545 2660 5577 »
2689 5528 2854 5583 Libro
2876 5533 3065 5584 autem
3096 5529 3167 5584 de
3186 5529 3391 5596 Script.
3427 5527 3582 5582 Eccl.
3609 5527 3667 5582 in
3698 5527 3839 5599 Cor—

2196 5598 2346 5656 nelio
2377 5600 2581 5655 refert:
2615 5601 2772 5655 Remit
2790 5601 3081 5653 Ecclesium
3103 5606 3264 5654 annis
3307 5599 3519 5652 duobus
3557 5600 3662 5652 sub
3685 5598 3838 5652 Gallo

2193 5677 2243 5726 ct
2271 5673 2586 5726 Volusiano.
2616 5671 2802 5726 Priori
2826 5672 2976 5725 enim
3011 5671 3133 5726 loco
3164 5683 3418 5726 asserere
3445 5669 3679 5725 videtur
3702 5669 3830 5722 Hie-

2198 5756 2471 5813 ronymus
2495 5742 2822 5799 Cornelium
2843 5741 2950 5798 sub
2978 5743 3147 5799 Decio
3177 5741 3562 5813 occubuisse;
3587 5740 3836 5798 secundo
