4052 6178
265 300 288 358 4
298 300 404 359 369

1099 297 1415 355 HISTORIA
1453 299 1543 353 DE
1582 297 1756 354 VITIS
1793 297 1939 357 ROM
1977 300 2176 358 PONT.
2206 330 2280 340 —
2305 301 2362 356 S.
2399 299 2800 360 CORNELIUS.

3514 307 3538 363 4
3547 305 3658 366 370

253 434 472 501 autem,
494 425 709 480 diserte
729 421 978 501 affirmat
1003 422 1109 479 sub
1143 422 1904 501 Gallo_et.Volusiano_mar-
1937 430 1991 485 A
2023 425 2250 501 militiae
2279 439 2449 501 quam
2483 428 2841 501 mercimonii
2868 442 3058 497 causa,
3089 437 3143 484 et
3173 434 3458 501 corporali
3491 434 3660 489 ordi-

259 498 413 568 tyrio
444 494 778 552 Coronatum
811 494 1050 568 fuisse;
1098 508 1222 568 qua:
1252 494 1363 548 sibi
1395 494 1638 568 invicem
1666 494 1903 568 adversa

253 565 449 634 erunt,
481 569 594 622 nisi
644 566 824 636 priori
860 567 980 621 loco
1033 565 1191 620 Decii
1240 565 1692 633 persecutionem
1725 566 1904 621 intel—

256 640 424 710 ligas,
459 653 586 708 quaa
631 635 740 692 Sub
788 635 952 710 Gallo
1003 643 1057 692 et
1103 635 1785 710 Volusienocontinuata
1817 642 1905 692 est

255 706 586 779 et'proinde
633 721 748 763 una
775 709 1084 778 eademque
1131 720 1259 762 cum
1305 706 1464 763 Decii
1499 708 1893 775 persecutione

252 787 523 837 censetur
536 820 549 833 .
592 797 618 829 ι)

327 854 399 906 At
439 858 632 907 nostra
677 849 978 916 sententia,
1031 848 1312 903 inhaerens
1356 848 1682 918 Hieronymi
1707 848 1890 903 vesti-

299 924 392 990 iis,
420 923 618 991 jungit
663 935 794 976 cum
839 922 1006 974 Decio
1038 919 1403 974 Valerianum
1433 919 1491 973 in
1521 919 1888 991 damnatione

299 988 506 1050 ornelii
536 988 708 1062 (quod
764 991 1208 1062 Schelestratius
1255 991 1525 1062 omiserat
1569 988 1901 1058 conciliare)

254 1065 496 1134 sedique
525 1060 778 1131 ejusdem
801 1060 1048 1134 Cornelii
1087 1061 1766 1134 principatumattribuit
1789 1063 1902 1134 De-

251 1137 361 1205 cii,
405 1132 466 1190 et
524 1141 737 1204 partem
785 1132 1318 1205 prineipatrus‘Calli
1364 1137 1420 1205 et
1446 1133 1764 1205 Volusiani.
1799 1132 1902 1185 Vi-

254 1200 454 1262 dimus
482 1200 657 1274 enim,
684 1200 834 1259 anno
863 1200 1118 1274 250,,die
1141 1200 1211 1258 2‘5
1235 1203 1524 1270 Octobris,
1553 1204 1722 1258 Decio
1747 1209 1902 1270 patre

259 1278 468 1332 iterum
502 1273 739 1331 consule
786 1289 915 1331 cum
963 1273 1084 1329 tilio
1115 1274 1349 1329 suffecto
1374 1274 1666 1328 abdicanti
1703 1275 1896 1337 Grato,

255 1348 823 1404 senatusconsultum
883 1347 1067 1399 Romae
1094 1346 1311 1400 editum
1342 1345 1412 1399 de
1457 1358 1696 1399 censura
1730 1344 1903 1398 Vale-

255 1420 424 1474 riano
471 1417 824 1473 decernenda
886 1416 1166 1486 perlatum
1221 1413 1402 1471 fuisse
1455 1417 1521 1470 ad
1558 1415 1789 1486 Decium
1839 1416 1898 1468 in

253 1490 614 1558 expeditione
643 1485 907 1558 Scythica
937 1493 1076 1542 tunc
1103 1493 1359 1558 agentem
1403 1487 1462 1541 in
1496 1485 1756 1558 hibernis
1793 1498 1896 1540 ca—

253 1557 436 1616 stris:
485 1567 541 1614 et
589 1557 836 1615 accitum
895 1558 964 1612 ab
1029 1571 1092 1613 eo
1149 1557 1513 1612 Valerianum
1541 1557 1891 1612 confirmatae

251 1631 562 1701 dignitatis
612 1630 836 1686 laudem
877 1628 1169 1701 retulisse,
1223 1627 1738 1701 etiamplissimam
1788 1641 1895 1695 po-

254 1699 540 1767 testatem,
600 1715 725 1772 quae
776 1700 887 1770 ipsi
923 1699 1253 1772 tradebatur
1293 1700 1351 1754 in
1395 1700 1690 1772 concione,
1725 1711 1894 1772 qliam

2017 511 2123 571 nes
2140 496 2604 571 rScapharyiorum,
2639 504 2689 551 et
2731 496 3227 555 Ienuncular'iorum
3257 496 3515 571 trajectus
3541 506 3662 558 Lu—

2013 569 2163 633 culli,
2193 573 2242 621 et
2273 570 2500 622 navium
2522 571 2866 623 marinarum
2885 577 3159 626 curatores
3189 587 3220 626 a
3248 569 3414 630 nobis
3440 575 3570 630 lecti
3599 577 3655 630 in

2012 639 2766 709 antiquisinscriptiombus
2790 641 3044 696 Ostiensi
3075 643 3132 696 in
3153 643 3377 698 colonia
3407 643 3653 709 effossis.

2015 709 2276 786 in_horas
2299 708 2472 786 ferme
2492 711 2754 786 singulas
2779 711 2952 781 (quod
2978 725 3128 786 nunc
3155 713 3212 786 in
3245 715 3543 771 Hollandia
3575 708 3658 786 fit)

2011 779 2267 834 solvendi
2307 782 2529 849 copiam
2578 779 3239 838 ministrarent?Potuit
3283 786 3536 840 Novatus
3587 779 3656 842 ei

2009 849 2196 924 Africa
2246 851 2612 924 supervenire
2668 859 2806 924 post
2873 850 3094 909 obitum
3152 854 3409 917 Fabiani,
3471 857 3659 924 potuit

2013 922 2286 994 interesse
2337 922 2584 994 pacifica
2630 923 2898 979 electioni
2949 924 3223 994 Cornelii,
3273 922 3527 982 nonduin
3557 928 3658 982 di-

2010 993 2156 1046 visis
2181 990 2330 1047 foedo
2365 993 2672 1048 schismate
2699 995 2913 1050 Christi
2968 990 3424 1053 confessi’oribus
3453 1011 3482 1052 a
3512 997 3648 1052 reli-

2013 1077 2126 1136 quo
2170 1062 2358 1136 clero:
2390 1070 2452 1118 ut
2479 1065 2792 1136 necessitas
2837 1067 2994 1121 nulla
3056 1067 3314 1135 impellat
3371 1068 3660 1136 Papebro—

2011 1133 2207 1205 chium
2238 1134 2306 1188 ad
2336 1133 2705 1190 recedendum
2746 1149 2777 1190 a
2804 1137 3083 1192 sententia
3115 1133 3480 1205 Henschenii,
3509 1139 3660 1194 deti-

2013 1204 2228 1278 nientis
2266 1206 2614 1278 vacationem
2650 1207 2803 1262 sedis
2861 1214 2987 1277 post
3037 1211 3370 1278 martyrium
3421 1204 3653 1265 Fabiani

2010 1275 2393 1348 adquintum
2435 1275 2518 1348 ab
2556 1275 2656 1330 illa
2707 1275 2950 1333 mensem
2993 1275 3243 1334 nondum
3284 1280 3651 1348 completum.

2011 1345 2153 1398 Mihi
2199 1352 2350 1420 certe
2402 1346 2558 1401 nulla
2591 1350 2899 1420 necessitas
2941 1357 3176 1418 apparet
3230 1345 3470 1420 negandi
3524 1365 3653 1406 cum

2012 1415 2432 1471 recentioribus
2453 1418 2808 1487 auctoribus,
2833 1434 2864 1474 a
2888 1415 3396 1476 Schelestratio‘ibi
3424 1422 3656 1476 indica-

2011 1487 2107 1560 tis,
2138 1493 2268 1542 ante
2295 1501 2536 1560 mensem
2555 1490 2876 1559 Augustum
2899 1489 3174 1557 anni250,
3198 1492 3443 1560 scriptas
3473 1490 3656 1547 fuisse

2013 1557 2236 1632 litteras
2266 1557 2695 1632 cleriullomani
2741 1562 2807 1615 ad
2863 1563 3210 1632 Cyprianum
3242 1557 3335 1630 (30⁷
3358 1564 3506 1618 inter
3547 1564 3657 1618 Pa-

2013 1627 2308 1709 melianas)
2333 1628 2547 1709 quibus
2569 1636 2839 1709 testatur,
2871 1627 3056 1709 a’post
3076 1627 3368 1709 excessum
3397 1633 3657 1709 nobilis-

2011 1701 2170 1753 sima:
2201 1701 2485 1755 memoria:
2538 1701 2967 1773 viri_Fabiani,
3022 1705 3271 1759 nondum
3321 1705 3652 1773 episcopum

251 1768 1898 1858 Trebellius.exemi}?_H¢E!=%‘:a.‘?mf1P£9195833!“
1933 1798 1984 1858 Β
2013 1775 2577 1858 ξλεορξθνέεξεηρρτυφ
2599 1768 3371 1858 difﬁcultates.coristiluwni
3398 1768 3598 1858 fuisse-
3625 1795 3650 1824 ιν

255 1843 445 1899 legum
463 1840 893 1899 scribendarum
913 1841 1228 1897 auctoritas
1241 1841 1493 1896 dabitur.
1511 1840 1638 1895 Tibi
1654 1841 1723 1894 de
1736 1840 1902 1895 ordi-

257 1885 1088 1983 ultn’r‘n‘ju-d‘icandum
1108 1918 1213 1966 est.
1232 1913 1312 1983 Tu
1335 1924 1490 1966 arma
1515 1911 1804 1983 respicies.
1819 1911 1902 1983 Tu

251 1987 326 2040 de
356 1991 551 2040 nostro
595 1981 822 2054 palatio,
856 1989 918 2039 tu
949 1985 1019 2038 de
1049 1981 1368 2052 judicibus,
1390 1989 1464 2054 tu
1490 1983 1565 2054 de
1620 1981 1903 2054 praefectis

252 2051 737 2112 eminentissimis
761 2051 1074 2125 judicabis.
1098 2055 1344 2122 Excepto
1369 2053 1618 2125 denique
1642 2051 1902 2120 praefecto

253 2127 423 2183 urbis
465 2129 671 2195 Romae,
703 2124 956 2195 exceptis
995 2125 1334 2180 consulibus
1390 2124 1724 2195 ordinariis,
1759 2130 1812 2178 et
1839 2136 1901 2177 sa

252 2211 484 2254 crorum
513 2194 744 2269 rege,ac
767 2194 1261 2269 maximavirgine
1293 2195 1625 2269 Vestalium,
1649 2194 1898 2269 sitamen

258 2269 495 2324 incorru
507 2263 601 2338 pta
613 2263 982 2336 permanebit,
996 2268 1066 2322 de
1079 2263 1346 2322 omnibus
1358 2267 1670 2338 sententias
1688 2263 1853 2338 feres.
1870 2283 1896 2314 υ

334 2336 523 2395 Potuit
555 2340 746 2410 itaque
791 2338 1122 2410 valerianus
1163 2351 1366 2410 censor
1399 2337 1456 2390 in
1491 2336 1693 2410 Urbem
1723 2336 1899 2410 redux

252 2410 367 2467 sub
400 2407 802 2466 initium—anni
834 2407 959 2476 254,
989 2411 1056 2464 ad
1085 2409 1451 2464 exercendam
1481 2407 1898 2476 amplissimam

253 2487 592 2551 potestatem
621 2483 858 2550 missus,
883 2485 946 2535 ut
981 2493 1082 2548 par
1105 2485 1192 2534 est
1221 2479 1468 2546 credere,
1497 2479 1901 2551 cummanda-

254 2549 338 2608 tis
355 2553 427 2608 de
449 2553 712 2609 Cornelio
734 2549 1073 2607 nominatim
1099 2551 1408 2619 puniendo,
1437 2563 1503 2604 ac
1531 2551 1601 2604 de
1633 2549 1733 2603 illo
1754 2563 1901 2616 sup-

302 2624 501 2679 licium
555 2625 852 2689 sumendo,
889 2637 998 2678 non
1036 2625 1248 2691 minus,
1280 2622 1545 2691 quamde
1589 2621 1744 2676 Julio
1784 2621 1899 2691 Va-

303 2638 501 2679 ncium
555 2638 852 2689 sumendo,
889 2638 998 2678 non
1036 2638 1248 2691 minus,
1320 2638 1449 2676 uam
1476 2638 1545 2675 ae
1589 2638 1744 2676 JUIIO
1792 2638 1899 2673 va-

253 2638 429 2761 rente,
463 2695 563 2765 qui
594 2699 720 2764 post
749 2692 1152 2764 profectionem
1180 2706 1248 2748 ex
1280 2638 1753 2765 ({ereinvaserat
1785 2690 1900 2765 im-_-

256 2761 495 2835 perium'
523 2786 537 2833 ς
569 2761 698 2821 eum
729 2761 892 2820 beato
934 2765 1216 2834 Cypriano
1270 2769 1411 2835 teste
1443 2763 1501 2816 in
1547 2761 1897 2835 epistola__ad

250 2831 644 2892 Antonianum
671 2837 878 2892 Decius
894 2856 919 2887 α
949 2831 1128 2891 multo
1144 2834 1459 2905 patientius
1471 2838 1524 2888 et
1537 2831 1901 2905 tolerabilius

250 2908 503 2975 audiret,
537 2907 710 2962 levari
744 2909 1015 2963 adversus
1045 2920 1105 2962 se
1134 2902 1402 2961 aemulum
1433 2905 1748 2974 principem
1773 2902 1891 2973 (Ju-

253 2977 400 3034 lium
440 2978 746 3047 Valentem)
783 2992 950 3040 quam
978 2978 1259 3033 constitui
1290 2978 1475 3032 Romae
1507 2977 1604 3030 Dei
1644 2975 1900 3030 sacerdo-

253 3056 367 3105 tem
397 3069 412 3117 ;
440 3068 466 3100 υ
498 3051 707 3120 potuit,
750 3049 1006 3120 inquam,
1040 3049 1377 3105 Valerianus
1428 3060 1630 3102 censor
1665 3059 1741 3120 ea
1768 3057 1897 3120 eum

2015 1841 2188 1894 Unam
2232 1839 2472 1896 fortasse
2511 1843 2561 1896 si
2597 1853 2854 1900 moveant
2883 1859 2948 1900 ex
2984 1845 3250 1900 inchoato
3275 1859 3466 1900 mense
3493 1847 3648 1902 duo-

2010 1912 2232 1967 decimo
2288 1915 2791 1986 carcerisAMoysi,
2853 1916 3216 1986 aliorumque
3263 1915 3651 1972 confessorum

2010 1990 2141 2056 gnte
2166 1983 2509 2056 creationem
2533 1983 2806 2046 Cornelii,
2841 2001 3006 2056 quem
3035 1983 3280 2042 affirmat
3303 1989 3360 2041 in
3384 1988 3652 2056 periocha

2010 2002 2141 2037 ante
2166 2002 2509 2038 creationem
2533 2002 2806 2046 hOI'DBlll.

2010 2053 2245 2108 Fabiani
2271 2055 2698 2111 vetustissimus
2724 2002 2877 2112 Οελῶ

2013 2124 2277 2194 legom.);
2332 2125 2468 2180 huic
2536 2125 2703 2183 facile
2771 2124 3198 2198 respondemus,
3263 2130 3314 2183 si
3369 2124 3652 2184 mensium

2014 2208 2286 2250 numerus
2301 2204 2660 2271 supponatur
2676 2198 2732 2271 in
2749 2199 3014 2271 Catalogo
3034 2213 3143 2254 non
3162 2200 3420 2268 vitiatus,
3443 2201 3653 2271 Moysis

2009 2279 2290 2320 carcerem
2341 2269 2630 2342 iteratum,
2675 2269 2919 2342 intelligi
2952 2269 3226 2340 'oportere
3284 2285 3382 2342 per
3427 2269 3652 2341 aliquot

2009 2350 2230 2411 menses
2253 2339 2668 2406 persecutionis
2693 2341 2847 2396 Decii
2867 2339 2996 2396 ante
3010 2339 3254 2397 mortem
3281 2339 3648 2411 Fabiani‘qui

2009 2408 2286 2483 potiorem
2334 2411 2574 2483 numeri
2601 2418 2811 2483 partem
2855 2414 3232 2483 constituant,
3265 2418 3321 2467 et
3361 2412 3535 2467 unius
3564 2408 3651 2466 vel

2006 2477 2248 2550 alterius
2280 2485 2424 2548 post,
2481 2481 2579 2550 qui
2602 2477 2935 2550 compleant
2959 2477 3239 2538 summam
3275 2484 3558 2538 mensium
3590 2496 3648 2536 χι

2007 2549 2303 2604 etdierum
2333 2549 2592 2606 totidem.
2622 2549 2855 2609 Constat
2876 2555 3028 2609 enim
3051 2568 3118 2609 ex
3146 2555 3375 2610 Caecilio
3394 2555 3464 2609 de
3491 2567 3652 2608 mor—

2008 2619 2166 2675 tibus
2194 2628 2643 2692 persecutorum,
2672 2624 2828 2679 Decii
2860 2627 3308 2694 persecutionem
3353 2625 3654 2679 inchoasse

2007 2703 2038 2744 a
2060 2698 2325 2766 suscepto
2355 2694 2729 2766 pereumdem
2756 2696 3016 2764 imperio.
3037 2717 3063 2746 α
3095 2698 3158 2751 Ει
3176 2696 3342 2766 quasi
3366 2695 3542 2764 hujus
3568 2695 3650 2766 rei

2010 2763 2202 2836 gratia
2241 2763 2474 2836 (inquit)
2506 2773 2805 2833 provectus
2844 2763 2977 2822 esse
3019 2767 3087 2822 ad
3140 2763 3284 2822 illud
3337 2763 3653 2836 principale

2009 2829 2555 2907 fastigium—furere
2587 2837 2854 2906 protinus
2883 2845 3081 2894 contra
3115 2839 3287 2894 Deum
3337 2829 3543 2907 etrapit,
3588 2842 3652 2892 ut

2011 2906 2277 2978 protinus
2316 2906 2560 2978 caderet.
2599 2926 2624 2956 ››
2657 2909 2794 2978 Cum
2837 2910 3032 2978 itaque
3065 2909 3234 2977 paulo
3268 2916 3394 2977 post
3417 2906 3650 2978 initium

2009 2977 2145 3048 anni
2167 2990 2294 3048 atrae
2313 2977 2651 3033 Christiana:
2672 2977 2796 3046 249,
2821 2977 3139 3034 viderimus
3161 2981 3464 3048 imperium
3482 2977 3651 3033 Decio

2010 3044 2190 3100 fuisse
2209 3046 2482 3116 delatum,
2536 3053 2592 3102 et
2625 3048 2744 3116 ipse
2761 3044 3014 3117 protinus
3039 3052 3225 3116 furere
3245 3044 3443 3103 eontra
3481 3051 3650 3102 Deum

255 3117 536 3210 potestate
566 3117 771 3190 bisque
791 3117 1469 3210 cummand‘etistlissus
1493 3117 1900 3210 a.Decio,lCor-
1927 3147 1976 3210 α
2008 3119 2243 3210 ceperit,
2280 3130 2439 3173 veros
2460 3119 2586 3186 ejus
2606 3121 2856 3200 cultores
2883 3119 3251 3202 insectando:
3291 3121 3480 3203 potuit
3501 3131 3641 3210 quo-

256 3187 495 3260 nelium,
543 3187 692 3246 anno
745 3191 1032 3260 superiori
1081 3189 1186 3246 250
1226 3191 1500 3256 delatum,
1537 3190 1595 3243 in
1622 3187 1898 3260 exsilium
1929 3187 1976 3210 υ
2008 3201 2118 3260 que
2147 3190 2383 3257 Moyses,
2416 3202 2545 3242 cum
2587 3190 2762 3244 sociis
2791 3192 3006 3245 carceri
3043 3187 3357 3258 mancipari
3403 3204 3500 3260 per
3521 3187 3654 3244 ecto

257 3263 466 3332 pellere
485 3255 928 3331 Centumcellas,
963 3276 1112 3317 anno
1141 3260 1237 3316 251
1281 3271 1334 3315 et
1365 3255 1737 3332 subSequenti
1769 3255 1894 3322 252,

249 3329 325 3387 ab
353 3334 562 3409 exsilio
592 3335 648 3388 in
676 3335 877 3409 Urbem
900 3329 1105 3409 aecire,
1144 3338 1199 3409 et
1219 3332 1370 3409 Decii
1392 3331 1634 3409 nomine
1663 3329 1901 3409 interro-

252 3418 388 3475 gare
415 3405 482 3459 de
516 3405 726 3460 litteris
753 3420 782 3460 a
805 3399 1170 3474 Cypriano'ei
1196 3402 1460 3475 redditis.
1497 3407 1553 3456 et
1581 3399 1897 3475 plumbatis

250 3471 490 3544 éaadere,
515 3481 571 3530 et
591 3477 776 3544 capite
807 3471 1090 3540 truncare,
1116 3474 1264 3544 quod
1291 3475 1577 3544 renuisset
1599 3471 1772 3540 impia
1799 3483 1901 3524 sa-

249 3545 475 3600 crificia
520 3543 684 3601 Marti
720 3547 902 3611 litare,
939 3553 1003 3602 ut
1046 3543 1181 3600 Acta
1238 3543 1557 3613 perhibent,
1594 3548 1649 3597 et
1678 3546 1899 3596 vetusta

251 3617 656 3688 Martyrologia
678 3618 1106 3679 confirmant,et
1130 3616 1274 3671 liber
1294 3614 1666 3688 Pontificalis.
1694 3614 1894 3688 Verum

248 3689 321 3742 de
349 3684 498 3743 serie
519 3684 728 3744 ac'loco
759 3689 1017 3758 martyrii
1048 3689 1160 3742 erit
1187 3686 1477 3758 quaerendi
1505 3685 1664 3758 locus
1696 3684 1754 3737 in
1780 3684 1896 3737 No-

250 3760 330 3814 tis
363 3759 672 3814 historicis.
705 3760 821 3826 llic,
859 3757 956 3814 ubi
984 3762 1258 3828 temporis
1283 3759 1535 3812 rationes
1558 3757 1898 3828 indagamus

247 3831 321 3886 de
345 3831 562 3899 epocha
586 3831 717 3885 initi
740 3825 1126 3900 pentificatus',
1151 3837 1206 3884 et
1227 3829 1476 3900 gloriose
1498 3825 1766 3896 completi
1803 3837 1898 3892 per

249 3901 589 3970 martyrium
625 3902 701 3956 ita
734 3899 1063 3957 statuimus.
1096 3899 1258 3956 Sedis
1288 3899 1637 3970 vacationem
1667 3909 1699 3950 a
1741 3909 1898 3949 mar-

249 3968 414 4042 tyrio
433 3971 670 4027 Fabiani
703 3973 797 4027 die
822 3971 892 4028 20
911 3973 1170 4026 Januarii
1194 3971 1328 4026 anni
1357 3968 1467 4042 250
1491 3970 1578 4042 (ut
1603 3969 1658 4022 in
1683 3979 1897 4042 praece—

244 4037 406 4113 denti
429 4057 666 4099 numero
683 4043 978 4110 probatum
997 4042 1078 4098 fui
1091 4042 1128 4113 ι)
1145 4043 1390 4113 perduco
1409 4041 1474 4095 ad
1491 4041 1641 4113 diem
1656 4037 1898 4092 electio-

248 4115 344 4168 nis
371 4111 404 4167 4
422 4115 582 4168 Junii
606 4132 618 4168 :
641 4129 750 4184 qua
767 4115 956 4169 clerus
980 4111 1266 4169 Romanus
1289 4112 1565 4184 diuturno
1594 4111 1900 4184 interpon-

249 4185 433 4240 tiﬁcio
465 4185 630 4239 finem
656 4181 967 4254 'imposuit
1003 4185 1269 4240 concordi
1307 4183 1406 4238 illa
1449 4181 1746 4254 electione,
1800 4192 1898 4247 per

246 4256 592 4326 Cyprianum
628 4256 703 4310 ita
729 4250 1036 4326 descripta.
1072 4273 1096 4304 n
1130 4256 1332 4326 Factus
1358 4262 1442 4309 est
1471 4260 1657 4326 autem
1680 4250 1899 4326 Corne-

249 4320 365 4381 lius
394 4327 697 4396 episcopus
721 4327 791 4382 de
812 4320 1227 4381 Dei'etChristi
1259 4326 1384 4394 ejus
1407 4325 1655 4396 judicio,
1683 4322 1753 4396 de
1774 4320 1899 4375 cle-

249 4394 501 4452 ricorum
539 4394 678 4466 pene
729 4398 987 4452 omnium
1041 4397 1394 4463 testimonio,
1445 4396 1515 4450 de
1552 4394 1734 4466 plebis
1770 4404 1896 4466 quae

247 4481 401 4524 nunc
419 4463 608 4536 affuit,
642 4467 940 4540 suffragio.
974 4487 1000 4516 »
1035 4468 1212 4524 Multo
1238 4467 1487 4540 longiori
1522 4465 1706 4540 spatio
1739 4463 1895 4540 sedis

2006 3257 2091 3330 vel
2121 3271 2314 3330 novem
2350 3271 2568 3314 menses
2591 3267 2722 3314 ante
2755 3263 3090 3330 martyrium
3121 3257 3356 3316 Fabiani
3388 3257 3557 3330 {cum
3589 3259 3648 3314 in

2005 3328 2197 3383 Africa
2217 3329 2408 3383 eodem
2439 3336 2690 3399 tempore
2711 3328 2970 3386 saevitum
3004 3330 3184 3387 fuisse
3207 3333 3265 3386 in
3287 3328 3647 3387 Christianos

2007 3405 2226 3454 constet
2253 3413 2320 3454 ex
2345 3400 2556 3455 litteris
2580 3402 2847 3470 Cypriani
2884 3420 2899 3470 ;
2930 3403 3042 3457 imo
3067 3411 3122 3457 et
3149 3404 3272 3471 ipse
3299 3403 3502 3458 beatus
3539 3415 3649 3456 au~

2009 3472 2172 3525 tistes
2203 3471 2481 3544 quaesitus
2507 3473 2574 3544 ad
2611 3472 2827 3528 leonem
2864 3474 2921 3527 in
2964 3475 3119 3529 circo
3159 3488 3306 3544 saepe
3337 3473 3513 3528 fuerit
3540 3485 3650 3528 an--

2009 3548 2235 3611 tequam
2267 3555 2416 3596 mors
2445 3541 2760 3598 inferretur
2814 3544 3061 3599 Fabiano
3110 3541 3507 3601 sub'initium
3537 3557 3650 3598 an—

2008 3613 2067 3666 ni
2127 3611 2250 3678 250,
2295 3614 2396 3667 Per
2441 3614 2754 3668 absentiam
2806 3616 2961 3670 Decii
3009 3615 3080 3668 ab
3118 3615 3284 3683 Urbe,
3330 3616 3650 3669 maturrime

2007 3699 2171 3757 quam
2231 3686 2408 3751 potuit
2464 3691 2726 3757 suscepta
2808 3685 3174 3753 expeditione
3253 3689 3339 3757 (ex
3380 3684 3650 3757 Victore)

2005 3754 2203 3809 adulto
2254 3767 2402 3820 vere,
2449 3756 2897 3823 persecutionem
2968 3754 3651 3812 nonnihil'deferbuisse

2006 3825 2281 3898 adnotant
2306 3826 2514 3898 passim
2549 3828 2814 3882 historici
2849 3845 2862 3880 :
2900 3827 2978 3881 ita
2999 3828 3398 3898 utCyprianus
3439 3833 3648 3896 potue—

2007 3897 2087 3969 rit
2118 3909 2305 3969 mense
2336 3897 2483 3969 Maio
2523 3898 2770 3952 concilia
2809 3897 3249 3969 celebrare,qui
3281 3905 3443 3954 antea
3474 3911 3649 3969 coge—

2007 3966 2177 4040 batur
2225 3965 2462 4040 latebris
2495 3969 2756 4037 quaasitis
2787 3969 3054 4024 Ecclesia:
3089 3965 3228 4040 suae,
3269 3984 3333 4026 ac
3358 3969 3472 4024 sibi
3504 3965 3649 4024 con-

2006 4038 2213 4093 sulere.
2253 4039 2393 4092 Tum
2440 4051 2570 4093 vero
2613 4041 2799 4094 visum
2855 4046 2941 4095 est
2993 4041 3164 4096 etiam
3217 4038 3466 4096 Romano
3494 4039 3649 4095 clero

2007 4110 2152 4164 satis
2203 4113 2328 4164 tuto
2384 4123 2548 4181 posse
2590 4111 2657 4164 ad
2713 4110 3045 4166 electionem
3094 4113 3372 4181 procedi;
3427 4125 3560 4166 cum
3597 4117 3653 4165 et

2008 4183 2224 4250 Moyses
2271 4180 2572 4249 completis
2615 4194 2671 4235 χι
2724 4182 3016 4237 mensibus
3050 4180 3108 4238 et
3167 4183 3372 4240 diebus
3411 4181 3650 4238 totidem

2007 4265 2243 4307 suorum
2274 4251 2638 4322 vinculorum
2687 4253 2743 4307 in
2775 4267 2998 4308 carcere
3032 4254 3391 4322 decessisset,
3438 4258 3493 4309 et
3531 4254 3653 4308 Νος

2009 4330 2173 4378 vatus
2219 4335 2287 4377 ex
2344 4321 2538 4378 Africa
2581 4323 2640 4378 in
2685 4323 2887 4380 Urbem
2917 4328 3033 4392 jam
3061 4321 3407 4382 advenisset.
3441 4326 3647 4381 Verum

2009 4400 2232 4462 peracta
2258 4393 2536 4449 electione
2557 4395 2806 4450 Cornelii
2835 4397 2930 4452 die
2951 4394 2983 4450 4
3005 4397 3188 4466 Junii,
3225 4404 3288 4452 ut
3318 4411 3422 4451 nos
3443 4397 3652 4464 opina—

2008 4479 2154 4530 mur,
2219 4465 2659 4534 magistratuum
2708 4467 3072 4522 ethnicorum
3129 4468 3318 4522 rabies
3374 4467 3652 4521 adversus

246 4531 606 4594 vacationem
632 4531 892 4609 pleriqﬁe
921 4539 1254 4602 extendunt,
1285 4531 1892 4609 di‘ﬁ‘erentesCornelii
1921 4536 1976 4598 D
2008 4534 2202 4609 fideles
2235 4531 2442 4609 iterum
2474 4537 2709 4609 incitata
2752 4539 2910 4592 Decii
2945 4538 3196 4609 victoris
3218 4538 3449 4609 ingenio
3475 4535 3652 4609 obsc—

243 4610 578 4666 electionem
622 4605 691 4666 ad
745 4605 980 4666 Junium
1036 4623 1280 4664 mensem
1307 4608 1443 4663 anni
1470 4605 1595 4670 251,
1632 4607 1764 4662 licet
1785 4606 1895 4658 Fa-

245 4680 407 4736 biani
430 4683 768 4758 martyrium
793 4682 1075 4758 retineant
1094 4679 1164 4736 20
1187 4681 1448 4758 Januarii
1471 4685 1618 4758 .annt
1636 4675 1762 4738 250,
1780 4674 1894 4758 ,ιιι-

244 4760 332 4807 tra
355 4766 570 4808 annum
599 4753 874 4818 solidum,
910 4752 1024 4807 imo
1050 4758 1106 4807 et
1129 4753 1265 4807 totis
1309 4751 1602 4806 mensibus
1629 4762 1742 4803 XVll
1779 4751 1894 4800 im—

245 4824 497 4899 peditam
520 4823 866 4899 electionem
892 4832 1225 4879 asserentes.
1265 4822 1624 4899 Contendunt
1652 4821 1893 4899 idpraz—

242 4891 592 4950 Sumendum
607 4909 675 4950 ex
691 4893 903 4949 litteris
919 4901 1166 4964 quatuor
1183 4907 1312 4948 cum
1340 4893 1628 4964 responsis
1656 4891 1891 4964 totidem

245 4965 404 5020 ultro
426 4966 909 5041 citroquemissis
929 4963 1008 5041 ae
1023 4965 1420 5041 receptointer
1440 4963 1656 5041 clerum
1683 4963 1892 5041 Roma:

240 5049 383 5092 num
426 5042 483 5091 et
536 5033 904 5113 Cyprianum.
966 5033 1170 5113 Verum
1226 5035 1458 5113 Catonis
1488 5033 1637 5090 facto
1675 5033 1890 5113 revinci

242 5113 510 5176 possunt,
573 5107 1024 5163 demonstrantis
1080 5108 1408 5175 expeditum
1481 5107 1886 5176 commercium

237 5173 418 5232 Urbis
443 5173 571 5234 cum
607 5181 866 5248 proxima
895 5173 1260 5250 Carthagine,
1291 5178 1536 5250 prolatis
1559 5176 1615 5230 in
1643 5173 1893 5250 medium

236 5251 427 5306 esinu
458 5244 687 5321 togae'in
705 5256 1016 5317 conspectu
1046 5244 1888 5311 senatus'recentibusficubus,

237 5335 393 5396 quos
415 5320 546 5376 inde
567 5320 759 5396 afferri
781 5327 1099 5396 curaverat.
1121 5321 1737 5396 Quotidieexperimur
1763 5327 1894 5396 pau-

236 5387 344 5446 eos
378 5391 530 5447 intra
550 5393 676 5448 dies
700 5393 1066 5462 (quandoque
1089 5387 1242 5446 intra
1264 5387 1690 5459 hebdomadam)
1714 5403 1782 5443 ex
1812 5387 1894 5439 Li-

236 5462 426 5532 lybaeo
455 5462 666 5518 Siciliae
716 5462 1130 5533 promontorio,
1162 5463 1311 5517 unde
1358 5467 1647 5531 spectatur
1697 5463 1895 5526 portus

231 5534 636 5606 Carthaginis,
669 5535 892 5606 litteras
927 5534 1036 5588 huc
1075 5533 1450 5606 afferri._Qua:
1475 5538 1663 5606 agitem
1698 5536 1891 5606 nostra

235 5613 330 5660 est
359 5601 695 5661 commercii
726 5604 974 5660 facilitas
1000 5619 1128 5660 cum
1152 5603 1352 5659 Sicilia
1378 5609 1431 5657 et
1459 5602 1670 5670 Africa,
1699 5603 1754 5655 in
1788 5601 1894 5655 hac

235 5677 326 5732 rei
372 5677 620 5732 nautica:
676 5677 1044 5748 negligentia,
1087 5677 1135 5730 si
1165 5673 1494 5748 conferatur
1523 5687 1650 5748 cum
1688 5671 1894 5748 quoti—

234 5749 420 5803 diana
449 5745 949 5804 transvecti’oneex
966 5752 1134 5816 portu
1151 5745 1404 5801 Ostiensi
1428 5751 1484 5800 et
1512 5745 1756 5813 Antiati,
1785 5745 1894 5803 flo-

235 5823 406 5878 rente
436 5819 688 5876 Romano
723 5819 987 5891 imperio,
1035 5819 1172 5874 dum
1195 5817 1408 5874 classes
1449 5816 1746 5874 instructae
1778 5825 1891 5876 tam

2005 4607 2299 4676 cundavit,
2327 4627 2352 4657 «
2377 4607 2555 4661 multo
2580 4608 2897 4675 patientius
2913 4621 2978 4661 ac
3005 4606 3370 4662 tolerabilius
3399 4606 3650 4660 audien-

2005 4679 2082 4733 tis
2132 4677 2304 4732 levari
2357 4677 2630 4732 adversus
2679 4691 2738 4733 se
2781 4678 3048 4732 :emulum
3107 4678 3447 4747 principem,
3479 4689 3648 4747 quam

2004 4749 2281 4820 constitui
2298 4748 2496 4820 Romae
2526 4749 2620 4820 Dei
2644 4749 3014 4820 sacerdotem.
3038 4750 3199 4804 Hunc
3222 4749 3403 4820 igitur
3431 4749 3652 4820 Corne-

2005 4821 2147 4874 lium
2173 4819 2417 4872 audiens
2449 4819 2642 4873 sedere
2665 4819 3017 4888 intrepidum
3064 4819 3341 4875 Romaein
3375 4819 3650 4874 sacerdo-

2005 4890 2104 4945 tali
2156 4888 2425 4944 cathedra
2487 4903 2552 4959 eo
2602 4898 2854 4959 tempore
2913 4897 3190 4959 tyrannus
3245 4889 3490 4945 infestus
3551 4902 3651 4943 sa-

2003 4959 2336 5016 cerdotibus
2361 4959 2460 5014 Dei
2484 4958 2651 5016 fanda
2673 4958 2844 5030 atque
2863 4958 3096 5016 infanda
3123 4962 3592 5027 comminaretur,
3622 4977 3646 5008 »

2002 5031 2456 5102 exsularejussit
2475 5030 2888 5088 Centumcellas
2917 5051 2928 5087 :
2949 5033 3046 5088 ubi
3067 5046 3099 5087 a
3123 5034 3404 5102 Cypriano
3423 5032 3648 5087 litteras

2003 5101 2328 5176 complures
2350 5103 2572 5176 accepit
2601 5102 2821 5176 labente
2852 5117 3001 5160 anno
3027 5101 3403 5176 %O,’s’ignato
3434 5115 3648 5176 consu-

2004 5175 2160 5230 libus
2189 5170 2508 5230 ordinariis
2538 5175 2708 5229 Decio
2740 5174 2945 5230 iterum
2972 5170 3320 5242 etGratofet
3346 5175 3482 5230 huic
3513 5170 3647 5229 suf-

2003 5246 2180 5302 fectos
2210 5259 2278 5300 ex
2305 5245 2599 5301 mensibus
2628 5247 2841 5301 aestivis
2863 5249 2931 5302 ad
2964 5247 3127 5302 linem
3154 5247 3290 5302 anni
3313 5247 3480 5301 Decio
3502 5244 3645 5300 filio.

2006 5319 2313 5374 Postremis
2354 5319 2490 5372 anni
2527 5317 2819 5372 mensibus
2872 5320 3057 5373 Roma:
3096 5319 3320 5374 decreta
3350 5317 3648 5372 Valeriano

2003 5401 2266 5456 censura,
2299 5397 2354 5444 et
2386 5390 2442 5443 in
2477 5390 2766 5444 Pannonia
2795 5389 2914 5444 sive
2949 5390 3005 5443 in
3054 5388 3647 5459 Scythiaconflrmata

2005 5474 2103 5531 per
2133 5461 2322 5530 ipsum
2370 5461 2600 5531 Decium
2653 5473 2780 5514 cum
2831 5457 3191 5526 amplissima
3247 5458 3348 5531 illa
3379 5457 3648 5514 facultate

2004 5529 2178 5601 supra
2208 5545 2335 5586 cum
2367 5529 2649 5586 Trebellio
2678 5531 2987 5600 declarata,
3020 5546 3130 5601 qua
3162 5530 3502 5586 Valerianus
3535 5542 3647 5584 non

2004 5603 2170 5658 modo
2199 5603 2268 5656 de
2297 5603 2429 5666 reis,
2470 5615 2661 5656 verum
2695 5602 2865 5657 etiam
2898 5603 2968 5658 de
3005 5601 3304 5672 judicibus
3337 5601 3644 5670 judicaret,

2005 5675 2287 5728 hominem
2321 5673 2391 5728 de
2419 5685 2478 5727 se
2506 5675 2724 5728 nostris
2756 5672 3042 5729 infensum
3078 5673 3155 5728 ita
3181 5673 3423 5728 armavit
3447 5677 3646 5728 contra

2004 5745 2198 5801 fideles
2228 5744 2459 5816 ineunte
2479 5757 2628 5799 anno
2656 5742 2753 5800 251
2785 5763 2800 5811 ς
2826 5751 2887 5801 ut
2913 5745 3028 5813 jam
3055 5750 3172 5800 tum
3206 5748 3646 5816 cognosceretur

2001 5816 2358 5886 Valerianus,
2391 5815 2634 5872 alterum
2683 5829 2742 5872 se
2783 5817 3016 5873 Decium
3070 5816 3244 5872 etiam
3285 5813 3359 5871 'in
3403 5813 3642 5886 imperio

2885 2071 3026 2128 ogus
3051 2051 3486 2128 Liberianus'(in
3510 2060 3654 2114 Pro—
3751 2051 3768 2061 ⁴
