4070 6178
397 378 526 438 4374

398 507 795 576 praestiturum
823 521 835 556 :
862 505 918 558 et
942 501 1321 624 Hieronymus
1373 501 1523 552 recte
1553 501 1755 577 scriba]

400 578 560 624 Pauli
597 598 622 624 α
667 576 772 624 sub
800 577 970 624 Decio
991 579 1044 624 et
1074 570 1154 624 Va
1183 582 1379 624 ertano
1412 573 1755 624 persecutori

400 565 563 633 Pauli
597 598 622 628 α
667 576 772 631 sub
800 577 970 629 Decto
991 579 1044 626 et
1074 565 1379 624 Valeriano
1412 565 1872 637 persecutoribus
1897 568 2041 620 Cor-

399 650 617 704 nelium
649 649 858 712 Romae,
900 636 1622 713 CyprianumiCarthagine
1652 636 2041 713 felici‘cruore

398 719 578 775 fuisse
603 708 920 772 damnatos.
945 708 1222 783 'ii'Agebat
1245 709 1651 783 Centumcellis
1682 722 1786 783 pro
1813 708 2040 783 Christo

397 791 558 846 exsul
585 787 887 844 Cornelius
912 806 936 836 ‹‹
961 779 1293 853 exspectans
1314 782 1573 853 corporis
1604 780 1695 853 sui
1719 779 2016 853 carnifices

399 819 558 846 ωιδυι
585 819 681 844 υυι
699 819 887 842 ιιῦιιιιο
912 819 934 836 ιι
961 819 1293 853 ῡιὶσιιυνιαιιο
1315 819 1401 836 υυι
1419 819 1506 850 In.”
1525 819 1573 835 ιυ
1604 819 1695 834 υυι
1719 819 1804 833 uua
1822 819 2016 834 ιιιιινυυ

399 867 454 916 et
495 859 722 930 tyranni
779 857 1115 930 ferocientis
1168 855 1383 930 ultores
1440 852 1523 920 (ut
1565 852 1654 930 ait
1703 819 2040 919 Cyprianusj

396 923 671 986 adversus
699 929 886 984 edicta
913 926 1113 982 feralia
1146 926 1439 990 resistens,
1489 929 1542 977 et
1583 923 1787 990 minas,
1817 929 1872 975 et
1900 935 2042 975 cru-

394 1003 602 1064 ciatus,
624 1007 679 1056 et
701 1005 980 1055 tormenta
1004 995 1134 1052 fidei
1158 997 1355 1066 vigore
1377 994 1621 1066 calcans.
1645 993 1748 1048 Sed
1776 993 2041 1066 majestas

394 1081 450 1128 et
480 1063 704 1127 bonitas
732 1070 982 1136 Domini,
1015 1063 1315 1137 protegens
1341 1065 1688 1120 sacerdotem
1718 1077 1882 1137 quem
1914 1063 2036 1117 ﬁeri

393 1143 597 1210 voluit,
634 1148 845 1198 factum
873 1134 1100 1209 quoque
1124 1134 1406 1210 protexit,
1432 1137 1508 1190 ita
1537 1140 1600 1210 ut
1619 1134 1921 1210 Cornelius
1947 1141 2044 1202 ty—

395 1206 639 1269 rannum
670 1213 850 1268 armis
881 1206 935 1266 et
971 1206 1136 1264 bello
1154 1207 1511 1278 postmodum
1543 1206 1727 1278 victor
1758 1206 1916 1274 prior
1943 1218 2042 1278 sa—

393 1285 652 1340 cerdotio
701 1297 806 1339 suo
855 1282 1078 1337 vicerit.
1109 1275 1230 1333 »Ἰιι
1281 1278 1496 1347 quibus
1550 1277 1817 1346 Cypriani
1853 1275 2042 1330 verbis

391 1356 494 1427 (ait
524 1353 988 1423 Schelestratius)
1043 1351 1184 1406 illud
1234 1349 1520 1418 praecipue
1580 1347 2036 1427 notandumest,

394 1418 545 1498 quod
581 1438 939 1498 nequaquam
974 1418 1235 1476 'testetur
1258 1433 1408 1498 _eum
1452 1424 1629 1498 morie
1673 1431 1776 1472 sua
1807 1418 2037 1498 vicisse,

395 1488 493 1553 sed
526 1488 740 1552 diserte
778 1488 1025 1549 affirmet
1057 1512 1082 1543 α
1125 1491 1273 1560 quod
1306 1490 1628 1546 sacerdotio
1660 1503 1785 1557 suo,
1822 1488 1926 1543 hoc
1954 1494 2042 1542 est

395 1568 709 1624 sacerdotis
754 1564 1048 1635 patientia,
1090 1575 1304 1617 ommes
1333 1567 1738 1635 termentorum
1763 1564 1817 1614 et
1841 1572 2043 1628 paena-

400 1653 525 1695 rum
557 1632 1180 1703 minascontempserit,
1202 1640 1256 1688 et
1278 1632 1688 1687 contemnendo
1711 1637 2036 1700 tyrannum,

393 1711 573 1765 armis
609 1715 665 1764 et
709 1708 856 1764 bello
890 1712 1082 1776 postea
1135 1705 1371 1771 victum,
1421 1703 1765 1758 Christianae
1807 1703 2039 1772 pietatis

393 1781 717 1837 constantia
747 1777 1122 1849 superaverit.
1150 1793 1175 1825 υ

1619 368 1975 425 ANASTASII
2015 367 2505 424 BIBLIOTECARII

3661 362 3684 417 1
3699 359 3806 416 372

1195 511 1321 553 mus
1373 500 1523 552 recte
1553 495 1768 551 scribat
1821 495 1877 548 in
1911 494 2039 549 Vita
2065 495 2121 553 A
2149 494 2398 550 Cornelii
2432 493 2662 566 collegae
2683 495 2889 564 nostri,
2925 499 2987 550 ut
3007 493 3332 550 Cornelium
3360 493 3801 566 nobiscnmive-

2152 567 2277 620 rius
2303 566 2547 628 noveris,
2589 564 2712 621 'non
2754 567 2823 621 de
2855 565 3235 635 malignorum
3269 573 3324 621 et
3359 564 3794 621 detrahentium

2151 638 2465 706 mendacio,
2490 637 2582 691 sed
2612 639 2681 692 de
2705 638 3303 706 DominiDeijudicio,
3323 637 3424 706 qui
3456 637 3793 704 episcopum

2152 706 2306 777 fecit,
2337 714 2394 762 et
2423 709 2891 777 coepiscoporum
2925 709 3273 777 testimonio,
3304 721 3548 778 quorum
3590 720 3798 761 nume—

2151 793 2254 833 rus
2281 780 2585 834 universus
2608 794 2704 849 per
2727 787 2908 835 totum
2925 781 3195 834 mundum
3216 779 3483 834 concordi
3511 778 3801 833 unanimi-

2151 855 2264 904 tate
2315 851 2626 905 consensit.
2661 853 2798 904 Nam
2841 852 2989 920 quod
3023 851 3349 906 Cornelium
3381 850 3794 905 cbarissimum

2153 927 2412 976 nostrum
2435 923 2563 987 Deo,
2597 929 2651 976 et
2676 922 2925 987 Christo,
2953 930 3008 976 et
3030 923 3292 976 Ecclesiae
3323 922 3467 990 ejus,
3498 923 3634 976 item
3655 933 3797 974 con-

2151 992 2546 1048 sacerdotibus
2559 993 2782 1047 cunctis
2797 993 3076 1048 laudabili
3093 993 3498 1062 praedicatione
3518 1004 3800 1047 commen-

2149 1063 2288 1130 dat;
2317 1077 2424 1117 non
2474 1064 2582 1118 iste
2610 1065 2678 1119 ad
2720 1065 3112 1133 episcopatum
3161 1064 3357 1119 subito
3389 1064 3671 1134 pervenit,
3704 1063 3795 1116 sed

2153 1148 2250 1203 per
2278 1135 2467 1188 omnia
2493 1135 2881 1190 ecclesiastica
2909 1135 3098 1190 ofﬁcia
3132 1133 3445 1203 promotus,
3471 1143 3526 1188 et
3549 1135 3610 1188 in
3636 1133 3796 1188 divi-

2153 1207 2244 1259 nis
2268 1205 2875 1262 administrationibus
2903 1207 3208 1262 Dominum
3239 1220 3384 1276 saepe
3418 1206 3790 1276 promeritus,

2150 1275 2218 1330 ad
2252 1277 2554 1358 sacerdotii
2586 1277 2836 1358 sublime
2862 1275 3158 1358 fastigium
3206 1275 3452 1358 eunetis
3488 1276 3794 1358 religionis

2151 1346 2426 1418 gradibus
2456 1348 2729 1402 ascendit.
2764 1350 2903 1402 Tum
2934 1348 3142 1402 deinde
3167 1351 3560 1418 episcopatum
3607 1346 3794 1416 ipsum

2152 1431 2252 1472 nec
2278 1419 2609 1486 postulavit,
2640 1432 2737 1473 nec
2766 1419 2970 1487 voluit,
3007 1433 3107 1474 nec
3136 1421 3425 1480 utcmteri,
3453 1432 3603 1488 quos
3629 1431 3797 1472 arro-

2155 1491 2363 1558 gantiae
2405 1495 2458 1544 et
2496 1490 2781 1558 superbiae
2826 1504 2944 1544 suae
2971 1497 3159 1544 tumor
3193 1491 3372 1559 inﬁat,
3411 1489 3625 1544 invasit
3657 1507 3670 1554 ς
3701 1488 3794 1543 sed

2154 1562 2386 1628 quietus
2415 1566 2470 1614 et
2519 1562 2828 1622 modestus,
2861 1568 2916 1615 et
2969 1561 3168 1630 quales
3196 1575 3322 1617 esse
3371 1565 3799 1616 consueverunt

2153 1632 2248 1699 qui
2279 1632 2345 1685 ad
2376 1631 2528 1702 hunc
2569 1631 2753 1686 locum
2785 1632 3070 1686 divinitus
3101 1631 3418 1702 eliguntur,
3449 1644 3552 1700 pro
3582 1631 3801 1700 pudore

2150 1701 2456 1771 virginalis
2481 1703 2852 1757 conscientia:
2877 1717 3014 1768 suae,
3047 1709 3102 1757 et
3131 1701 3228 1771 pro
3263 1703 3596 1759 humilitate
3631 1703 3798 1772 inge-

2150 1773 2286 1826 nitas
2311 1772 2436 1842 ,sibi
2469 1780 2524 1827 et
2549 1775 2850 1828 custodita;
2897 1775 3273 1842 verecundize,
3311 1787 3421 1829 non
3470 1781 3534 1828 ut
3560 1772 3794 1842 quidam

465 1841 895 1922 Imperterritus
923 1849 1095 1903 etiam
1149 1842 1699 1922 agebat‘Corneliu-s
1737 1857 1838 1922 pro
1871 1856 2037 1922 grege
2070 1844 2121 1904 B
2149 1844 2261 1922 vim
2297 1841 2541 1922 fecit,_ut
2580 1846 2886 1914 episcopus
2925 1845 3120 1900 ﬁeret:
3153 1841 3268 1922 sed
3293 1845 3552 1922 ipse_vim
3580 1841 3795 1922 passus

393 1915 710 1990 Domi'nico,
736 1935 864 1977 cum
892 1933 988 1989 per
1019 1915 1243 1986 tempus
1263 1916 1459 1972 exsilii
1489 1916 1770 1990 vicarium
1801 1916 1859 1968 in
1882 1915 2036 1990 _Urhe

394 1986 963 2060 statuissetLuciuin,
985 1996 1049 2046 ut
1073 1990 1130 2044 in
1153 2002 1388 2043 numero
1401 1988 1674 2060 proximo
1699 1986 1991 2060 ostendam
2017 2004 2031 2053 ;

396 2079 561 2136 quem
583 2065 910 2134 episcopum
938 2054 1442 2136 ordinaveratsub
1463 2059 1680 2136 exitum
1713 2057 1849 2136 annni
2019 2074 2031 2108 :

395 2127 459 2192 tit
491 2137 547 2190 in
589 2127 911 2190 saevissimae
941 2130 1354 2201 persecutionis
1383 2127 2037 2202 discrimineﬁdelibus

394 2207 664 2261 Romanis
689 2207 758 2261 de
781 2199 1040 2274 proximo
1060 2203 1283 2274 adesset
1304 2201 1628 2269 episcOpus,
1658 2199 2034 2274 quiCornelii

394 2278 546 2332 vices
574 2277 713 2331 adeo
744 2270 1057 2346 diligenter
1088 2273 1369 2346 impleret,
1400 2270 1807 2346 utiexproprii
1833 2270 2038 2346 Pasto—

395 2349 480 2403 ris
496 2347 753 2402 absentia
788 2340 904 2400 Περέ
933 2351 1127 2399 >ancta
1151 2340 1404 2398 Ecclesia
1435 2341 1584 2397 nihil
1628 2340 2032 2411 propemodum

392 2419 726 2474 detrimenti
781 2423 1024 2486 caperet.
1071 2415 1304 2486 Interim
1363 2413 1631 2486 excitatis
1680 2417 1875 2466 contra
1923 2413 2039 2486 D97

394 2490 548 2544 cium
594 2489 820 2560 Scythis
854 2480 1429 2560 'per__Trebonianum
1468 2483 1902 2560 _(_3:illti_m_anno
1931 2480 2028 2536 251

397 2553 1083 2629 ἱηθιιιιιθξξιῑιιυθῖιίιιίοει
1117 2555 1363 2629 factione
1391 2553 1607 2629 iulium
1644 2554 1960 2629 Valentem,
1983 2560 2039 2607 et

393 2624 782 2685 Macedonica
814 2631 1052 2684 Luctum
1110 2628 1366 2681 Priscum
1411 2626 1782 2692 imperatores
1845 2624 2040 2678 accla—

398 2707 604 2765 mante,
639 2701 867 2765 Decius,
919 2700 1018 2768 qui
1079 2696 1270 2768 furere
1319 2696 1584 2768 protinus
1613 2696 2037 2768 conirauDeum

391 2763 660 2840 coeperat,
720 2763 986 2838 protinus
1035 2767 1267 2840 cecidit,
1323 2763 1656 2820 Observante
1701 2763 1930 2840 ρεπιιιο
1969 2766 2039 2819 de

394 2835 684 2897 mortibus
721 2835 1150 2908 persecutorum
1197 2836 1366 2908 (licet
1402 2842 1702 2908 utramque
1735 2835 2036 2908 factionem

390 2915 660 2968 Prisci-et
719 2906 972 2965 Valentis
1018 2906 1412 2977 prostrasset);
1444 2919 1570 2960 nam
1625 2907 1774 2977 circa
1803 2907 2037 2960 Junium

397 2983 628 3054 imperii
660 2995 849 3038 mense
881 2976 1177 3054 trigesimo
1199 2998 1222 3028 (ι
1245 2978 1721 3054 circumventusa
1753 2976 2034 3054 barbaris,

391 3061 447 3111 et
471 3048 599 3111 cum
634 3066 835 3123 magna
862 3048 1150 3106 exercitus
1183 3054 1344 3123 parte
1363 3049 1606 3114 deletus,
1641 3061 1709 3103 ne
1739 3048 2036 3123 sepultura

393 3127 623 3197 quidem
666 3120 856 3197 potuit
910 3123 1178 3197 honorari
1205 3138 1221 3197 _:
1253 3120 1347 3197 sed
1377 3125 1603 3197 exutus,
1633 3133 1698 3174 ac
1730 3121 1942 3197 nudus,
1977 3121 2034 3174 ut

2148 1921 2253 1984 est,
2289 1922 2352 1970 ut
2381 1915 2770 1983 episcopatum
2803 1923 3032 1971 coactus
3061 1917 3365 1985 exciperet.
3402 1918 3464 1972 Et
3493 1915 3684 1969 factus
3715 1921 3796 1968 est

2147 1987 2451 2058 cpiscopus
2502 1999 2533 2040 a
2560 1985 2830 2054 plurimis
2857 1987 3093 2057 collegis
3143 1989 3376 2056 nostris,
3411 1988 3511 2058 qui
3548 1992 3690 2058 tunc
3739 1985 3793 2038 in

2150 2057 2288 2111 urbe
2317 2058 2486 2127 Roma
2518 2059 2774 2118 aderant,
2812 2058 2908 2127 qui
2937 2058 3003 2111 ad
3045 2071 3145 2113 nos
3169 2058 3392 2114 litteras
3421 2057 3792 2122 honoriﬁcas,

2146 2134 2202 2182 et
2233 2126 2569 2196 laudabiles,
2599 2133 2654 2182 et
2689 2126 3021 2184 testimonio
3047 2143 3164 2184 sua:
3190 2128 3618 2198 praedicationis
3656 2127 3795 2182 illu-

2147 2205 2292 2253 stres
2313 2199 2380 2252 de
2399 2199 2524 2266 ejus
2550 2199 2914 2254 ordinatione
2941 2200 3239 2254 miserunt.
3268 2203 3468 2255 Factus
3497 2205 3581 2253 est
3605 2204 3792 2254 autem

2144 2269 2446 2324 Cornelius
2471 2270 2774 2338 episcopus
2793 2273 2860 2324 de
2879 2271 2975 2325 Dei
2995 2277 3049 2325 et
3078 2271 3292 2326 Christi
3319 2271 3710 2340 ejusjudicio,
3728 2268 3792 2322 de

2147 2340 2482 2411 clericorum
2508 2354 2643 2408 pene
2665 2341 2922 2395 omnium
2957 2343 3305 2410 testimonio,
3334 2344 3403 2397 de
3428 2340 3638 2411 plebis,
3670 2355 3791 2409 qua:

2153 2418 2288 2482 tunc
2313 2409 2498 2479 affuit,
2535 2411 2830 2479 suffragio,
2864 2419 2919 2466 et
2943 2413 3012 2467 de
3036 2414 3390 2468 sacerdotum
3417 2409 3792 2482 antiquorum

2148 2490 2201 2536 et
2231 2481 2506 2536 bonorum
2532 2483 2787 2536 virorum
2819 2483 3062 2553 collegio
3095 2501 3108 2542 :
3134 2498 3260 2540 cum
3288 2488 3450 2539 nemo
3470 2480 3608 2538 ante
3637 2497 3700 2537 se
3721 2480 3791 2535 fa-

2147 2559 2276 2608 ctus
2295 2559 2462 2619 esset,
2495 2567 2620 2608 cum
2655 2553 2887 2608 Fabiani
2914 2556 3094 2619 locus,
3120 2556 3176 2609 id
3207 2562 3310 2622 est,
3336 2569 3465 2610 cum
3494 2555 3661 2609 locus
3691 2555 3794 2606 Pe-

2148 2624 2222 2678 tri
2278 2629 2333 2677 et
2367 2625 2578 2693 gradus
2625 2625 2906 2679 cathedrae
2960 2627 3334 2681 sacerdotalis
3373 2632 3601 2680 vacaret
3637 2643 3652 2692 ;
3682 2637 3792 2693 quo

2149 2701 2422 2766 occupato
2455 2695 2524 2748 de
2561 2695 2658 2748 Dei
2707 2695 3016 2764 voluntate,
3045 2703 3216 2766 atque
3239 2697 3495 2752 omnium
3531 2703 3790 2752 nostrum

2148 2765 2551 2838 consensione
2574 2766 2795 2838 ﬁrmato
2827 2784 2841 2831 ς
2873 2765 3144 2836 quisquis
3169 2770 3282 2836 jam
3326 2769 3636 2838 episcopus
3671 2766 3791 2820 ﬁeri

2148 2836 2414 2898 voluerit,
2449 2835 2591 2890 foris
2623 2836 2720 2891 ﬁat
2753 2835 2977 2892 necesse
3013 2835 3116 2904 est,
3161 2835 3259 2893 nec
3289 2835 3490 2894 habeat
3514 2835 3797 2894 ecclesia-

2147 2908 2349 2962 sticam
2380 2908 2819 2975 ordinationem,
2857 2909 2954 2978 qui
2987 2910 3252 2965 Ecclesia:
3278 2924 3388 2965 non
3413 2917 3570 2966 tenet
3591 2910 3792 2966 unita-

2150 2979 2565 3050 tem,quisquis
2600 2978 2696 3033 ille
2716 2978 2910 3047 fuerit,
2931 2981 3174 3036 multum
3205 2983 3273 3036 de
3303 2995 3364 3037 se
3387 2981 3791 3050 licetjactans,

2146 3056 2202 3104 et
2239 3050 2352 3121 sibi
2388 3049 2700 3118 plurimum
2751 3051 3072 3114 vindicans,
3111 3051 3384 3121 profanus
3423 3049 3794 3121 est,’alienus

2147 3126 2251 3188 est,
2282 3120 2423 3174 foris
2448 3125 2550 3174 est.
2575 3121 2616 3173 E
2647 3134 2774 3175 cum
2799 3127 2923 3190 post
2952 3120 3194 3190 primum
3221 3125 3510 3179 secundus
3529 3139 3656 3180 esse
3687 3138 3792 3179 non

394 3189 611 3254 hostem
653 3189 1097 3267 Deioportebat.
1133 3191 1403 3267 pabulum
1438 3189 1578 3267 feris
1601 3204 1666 3244 ac
1706 3189 2037 3245 volucribus
2065 3205 2113 3267 ο
2150 3193 2354 3267 possit,
2385 3191 2674 3267 quisquis
2700 3189 2826 3260 post
2866 3189 3064 3267 unum,
3099 3198 3196 3267 qui
3231 3195 3389 3250 solus
3422 3209 3547 3250 esse
3567 3196 3790 3266 debeat,

387 3269 592 3336 jacuit.
629 3285 654 3316 ››
691 3263 896 3322 Vibius
915 3264 1118 3320 Gallus
1144 3276 1211 3336 ex
1231 3263 1710 3336 Deciiproditore
1741 3275 2037 3336 successor

396 3333 701 3409 imperium
739 3342 890 3409 tenet
923 3355 934 3390 :
965 3341 1021 3390 et
1044 3335 1222 3404 pretio
1247 3333 1597 3409 proditionis
1623 3347 1740 3387 suae
1762 3333 2036 3409 cumbar-

393 3403 552 3466 baris
595 3409 806 3476 diviso,
860 3408 1007 3476 ipsis
1046 3403 1240 3474 pacem
1295 3417 1359 3458 ac
1412 3403 1695 3476 tributum
1760 3404 2033 3476 pasciiur,

396 3487 663 3537 narrante
693 3471 935 3545 Zosimo,
982 3471 1314 3532 et'Romam
1349 3474 1516 3541 redit,
1550 3473 1650 3528 lib.
1688 3487 1725 3542 ι,
1753 3471 1867 3542 Cap.
1909 3471 1979 3527 24
2021 3492 2032 3527 :

397 3573 423 3605 (ι
456 3552 534 3608 Ac
563 3551 736 3606 initio
757 3546 1248 3620 quidemimperii
1281 3545 1514 3620 Deciani
1551 3545 1880 3620 memoriam
1906 3558 2036 3599 cum

397 3623 613 3678 honore
655 3636 720 3676 ac
775 3615 1173 3676 benevolentia
1229 3615 1546 3685 usurpabat
1579 3634 1591 3669 :
1627 3623 1681 3670 et
1705 3616 1948 3670 alterum
1971 3630 2038 3670 ex

395 3694 538 3750 ﬁliis
562 3694 687 3763 ejus
704 3691 1080 3763 superstitem
1095 3688 1420 3763 adoptabat.
1445 3706 1471 3735 »
1502 3688 2039 3763 l_tlirum_propterca

395 3779 507 3822 non
537 3759 643 3834 est,
673 3765 721 3819 si
743 3759 1030 3818 infensum
1056 3759 1407 3834 Christianis
1431 3759 1687 3834 animum
1717 3759 1870 3812 Decii
1899 3759 2042 3812 imi-

392 3843 549 3892 tatus
598 3829 924 3890 Cornelium
994 3844 1192 3900 papam
1227 3831 1434 3900 adegit
1484 3829 1551 3900 ad
1633 3834 1878 3898 Optatam
1918 3842 2039 3900 pro

394 3907 625 3962 Christo
682 3911 916 3960 mortem
973 3898 1125 3956 diem
1182 3898 1247 3954 44
1307 3898 1655 3968 Septembris
1705 3913 1855 3954 anno
1909 3898 2036 3965 252,

393 3991 524 4032 cum
553 3976 797 4031 sedisset
821 3973 1118 4028 Cornelius
1147 3985 1328 4027 annos
1370 3985 1430 4038 ιι,
1470 3984 1688 4026 menses
1719 3984 1801 4035 lli,
1835 3971 1960 4025 dies
1980 3985 2036 4039 x,

394 4055 449 4102 et
474 4062 544 4104 ex
580 4046 822 4115 picturis
863 4043 1277 4114 superstitibus
1314 4043 1368 4097 S.
1427 4043 1587 4115 Pauli
1638 4041 1866 4115 collatis
1911 4055 2039 4096 cum

395 4113 729 4174 testimonio
765 4113 1114 4184 Hieronymi,
1157 4121 1211 4170 et
1256 4114 1593 4169 vetustioris
1619 4113 1863 4183 catalogi
1897 4126 2042 4167 con-

395 4189 719 4245 stituimus.

470 4262 819 4315 Memoratus
883 4255 1186 4325 Catalogus
1257 4253 1470 4308 Liberii
1539 4255 1710 4308 etiam
1773 4253 2041 4308 consules

396 4330 654 4387 ostendit
685 4329 858 4398 hujus
878 4327 1123 4391 biennii,
1155 4325 1290 4380 dum
1314 4325 1397 4378 ait
1425 4325 1780 4398 qrcoinsulibus
1806 4328 1960 4398 Decio
1988 4340 2041 4379 1v

395 4402 703 4472 (legendum
737 4395 820 4469 ill)
853 4407 902 4453 ct
935 4399 1088 4452 Decio
1119 4410 1178 4462 ll,
1221 4412 1388 4472 usque
1429 4395 1584 4472 Gailo
1615 4400 1664 4472 ei
1719 4396 2036 4472 Volusiano:

402 4466 562 4530 Levis
589 4485 752 4528 error
785 4466 841 4526 i'n
879 4482 1114 4525 numero
1140 4466 1476 4522 consulatus
1507 4467 1662 4520 Decii
1717 4467 1897 4534 patris
1938 4468 2037 4536 qui

398 4546 663 4610 Quartum
689 4556 801 4598 non
837 4542 1054 4612 attigit,
1088 4539 1427 4612 emendatur
1464 4549 1530 4591 ex
1563 4537 1781 4612 indicio
1807 4539 2043 4612 Secundi

2148 3261 2333 3318 factus
2371 3268 2622 3334 est,non
2655 3263 2769 3330 jam
2825 3261 3130 3319 secundus'
3160 3266 3277 3327 ille,
3311 3267 3406 3322 sed
3458 3267 3659 3322 nullus
3687 3261 3790 3334 est,

2145 3335 2303 3388 Tunc
2330 3333 2539 3388 deinde
2585 3339 2710 3402 post
2749 3335 3139 3403 episcOpatum
3173 3350 3287 3392 non
3316 3352 3384 3392 ex
3409 3338 3658 3404 ambitu,
3694 3333 3790 3392 nec

2146 3411 2454 3470 extortum,
2483 3405 2577 3459 sed
2608 3405 2676 3458 de
2691 3406 2812 3466 Dei,
2843 3407 2940 3475 qui
2974 3407 3294 3463 sacerdotes
3313 3407 3472 3474 facit,
3498 3409 3787 3464 voluntate

2148 3481 2499 3548 susceptum,
2543 3477 2847 3548 quantaiin
2872 3475 2993 3545 ipso
3024 3486 3288 3548 suscepto
3315 3481 3655 3548 episcopatu
3688 3494 3786 3534 suo

2151 3547 2336 3602 virtus
2355 3547 2674 3618 ‘Iquantum
2696 3546 2872 3601 robur
2891 3549 3072 3602 animi
3097 3546 3328 3618 ‘?qualis
3351 3546 3597 3606 ﬁrmitas
3623 3552 3746 3605 fidei
3764 3550 3789 3602 ?

2151 3619 2300 3691 quod
2320 3632 2420 3691 nos
2442 3616 2694 3691 simplici
2718 3619 2886 3691 corde
2905 3616 3298 3691 etperspicere
3327 3622 3582 3691 penitus,
3603 3630 3660 3677 et
3682 3622 3789 3676 lau-

2147 3689 2284 3744 dare
2314 3689 2607 3760 debemus.
2649 3689 2874 3744 Sedisse
2900 3690 3250 3760 intrepidum
3284 3689 3476 3748 ROmze
3510 3689 3579 3748 in
3604 3707 3789 3748 sacer-

2147 3760 2338 3833 dotali
2364 3759 2634 3833 cathedra
2651 3773 2728 3833 eo
2774 3759 3203 3833 tempore,’cum
3238 3769 3517 3833 tyrannus
3547 3763 3788 3819 infestus

2151 3829 2545 3885 sacerdotibus
2566 3830 2663 3884 Dei
2682 3829 2848 3885 fanda
2866 3840 3037 3900 atque
3057 3829 3287 3889 infanda
3305 3836 3786 3898 comminaretur;

2150 3916 2278 3957 cum
2309 3901 2489 3955 multo
2521 3902 2835 3969 patientius
2877 3911 2932 3958 et
2964 3904 3326 3960 tolerabilius
3354 3907 3591 3962 audiret
3621 3907 3786 3961 levari

2149 3973 2421 4046 adversus
2471 3985 2536 4046 se
2579 3972 2861 4046 azmulumi
2901 3975 3235 4043 principem,
3293 3990 3459 4046 quam
3512 3978 3788 4033 constitui

2155 4044 2343 4098 Romte
2372 4042 2640 4097 aemulum
2673 4045 3038 4100 sacerdotem.
3073 4042 3272 4101 Nonne
3311 4042 3427 4115 hic,
3460 4047 3644 4104 frater
3673 4050 3791 4103 cha-

2153 4115 2401 4189 rissime,
2436 4128 2658 4189 summo
2685 4115 2920 4189 virtutis
2958 4123 3014 4171 et
3061 4117 3190 4189 fidei
3220 4121 3552 4174 testimonio
3582 4121 3790 4189 prmio

2151 4186 2368 4240 candus
2424 4184 2782 4258 est?Nonne
2824 4187 2973 4242 inter
3024 4187 3307 4258 gloriosos
3354 4184 3721 4247 confessores
3742 4197 3791 4245 et

2155 4264 2428 4326 martyres
2478 4255 2865 4330 deputandus,
2923 4255 3285 4329 qui'tantum
3336 4263 3620 4330 temporis
3648 4263 3790 4316 sedit

2152 4334 2487 4402 exspectans
2518 4329 2899 4402 corporis_sni
2927 4331 3243 4402 carniﬁces,
3277 4339 3331 4385 et
3377 4329 3610 4402 tyranni
3643 4333 3793 4388 fero-

2151 4400 2362 4453 cientis
2379 4399 2611 4462 ultores,
2642 4400 2739 4467 qni
2759 4400 3084 4455 Cornelium
3098 4403 3370 4458 adversus
3388 4399 3576 4458 edicta
3600 4403 3791 4459 feralia

2154 4471 2814 4538 resistentem,etminas,
2847 4477 2901 4525 et
2932 4473 3246 4538 cruciatus,
3278 4483 3331 4528 et
3351 4479 3640 4530 tormenta
3670 4476 3790 4530 ﬁdei

2155 4543 2347 4610 vigore
2373 4540 2682 4612 calcantem
2715 4541 2796 4595 vel
2827 4542 3018 4612 gladio
3051 4544 3403 4609 invaderent,
3434 4546 3520 4600 vel
3555 4548 3794 4602 erui-iti-

395 4606 666 4690 attributi
694 4615 868 4690 Decio
883 4606 1013 4690 ﬁlio
1038 4606 1342 4690 etcollegae
1377 4621 1582 4690 :_que_m
1611 4609 1668 4663 in
1702 4609 1888 4664 Fastis
1909 4610 2043 4665 Fio~
2075 4606 2126 4665 D
2152 4606 2367 4682 gerent,
2402 4611 2484 4666 vel
2518 4611 2646 4681 igne
2674 4606 2974 4690 torrerent,
3008 4615 3368 4690 velquolibet
3395 4606 3678 4690 inaudito
3701 4633 3793 4690 ge-

399 4689 648 4744 rentinis
672 4685 990 4754 majoribus
1017 4688 1164 4754 recte
1195 4680 1415 4752 signari
1441 4681 1692 4754 vidimus
1716 4694 1813 4749 per
1844 4695 1909 4735 ιιι
1937 4694 2041 4750 pa-

397 4760 506 4815 tris
525 4765 583 4815 et
618 4773 656 4812 ιι
689 4751 792 4812 lilii
819 4769 969 4811 anno
1006 4753 1132 4810 251.
1171 4751 1286 4808 Cur
1314 4758 1503 4806 autem
1537 4751 1871 4806 tribuantur
1900 4754 2043 4806 Cor-

397 4831 550 4886 nelio
570 4828 840 4886 consules
866 4827 1004 4882 anni
1029 4825 1127 4882 251
1164 4831 1221 4879 et
1247 4821 1372 4888 252,
1408 4837 1508 4878 nec
1536 4823 1873 4879 tribuantur
1896 4837 2043 4878 con-

394 4901 706 4958 sulesanni
737 4898 862 4967 250,
897 4899 1006 4954 sub
1037 4896 1252 4967 quibus
1278 4896 1639 4967 septimestre
1668 4896 1920 4962 spatium
1948 4895 2040 4949 sui

397 4971 987 5042 pontiﬁcatusexegit,
1006 4966 1597 5042 inteiligitursatisex
1618 4967 2044 5042 methodoswpe

397 5037 653 5101 indicata
681 5037 935 5112 Catalogi
963 5047 1018 5095 et
1072 5037 1222 5094 libri
1243 5037 2040 5112 Pontiﬁcalis_inde_collecti,

394 5131 521 5184 quae
547 5114 821 5174 consules
836 5107 1136 5184 assignant
1158 5109 1438 5184 pontiﬁci,
1472 5107 1681 5163 Pascha
1702 5107 1809 5184 su_b
1839 5109 1916 5163 iis
1944 5121 2046 5184 ce:

396 5178 668 5243 lebranti.
697 5187 860 5240 Anno
876 5178 1002 5251 250,
1027 5197 1140 5253 quo
1159 5178 1458 5253 Fabianus
1482 5185 1695 5253 martyr
1719 5178 1950 5235 effectus
1973 5179 2044 5235 20

391 5256 680 5328 Januarii,
711 5261 944 5312 vacante
957 5251 1095 5328 sede
1114 5267 1212 5328 per
1241 5251 1384 5307 festa
1411 5251 1725 5328 Paschalia,
1755 5264 2044 5328 coss._no_n

395 5322 742 5388 tribuuntur
769 5327 1055 5396 Cornelio,
1115 5322 1293 5380 electo
1332 5328 1459 5393 post
1515 5327 1740 5392 tempus
1779 5322 2046 5378 Paschale

398 5410 584 5459 mense
618 5401 811 5457 Junio.

968 5517 1121 5560 ΝΟΤΑΕ
1153 5515 1474 5559 HISTORIC/E.

465 5611 643 5667 Linea
678 5609 727 5665 4.
751 5641 822 5653 -
855 5612 1134 5667 Cornelius
1182 5612 1402 5663 natione
1432 5606 1719 5674 Romanus,
1771 5614 1878 5662 etc.
1929 5610 2050 5663 No-

396 5686 483 5735 tas
513 5681 832 5738 historicas
871 5683 939 5737 ad
1002 5683 1250 5752 primum
1310 5681 1631 5752 ingressum
1684 5678 1933 5752 cornelii
1977 5680 2044 5734 ad

394 5753 799 5824 pontificatum
852 5749 1166 5824 Romanum
1225 5752 1431 5824 attexit
1477 5749 1699 5824 beatus
1729 5750 2049 5824 Cyprianus

395 5818 475 5878 ita
507 5821 777 5878 scribens
798 5823 968 5886 epist.
1001 5824 1068 5875 ad
1100 5823 1484 5877 Antonianum
1519 5818 1589 5875 52
1613 5821 1750 5875 edit.
1777 5818 2041 5876 'Pamelii.

395 5914 422 5947 α
457 5892 648 5949 νθηὶιο
673 5891 788 5957 jam
821 5901 995 5956 nunc,
1039 5890 1211 5944 frater
1259 5891 1618 5960 charissime,
1647 5893 1716 5946 ad
1751 5904 2046 5960 personam

2153 4697 2284 4738 nere
2309 4696 2598 4751 pcenarum
2633 4684 2850 4738 viscera
2874 4686 2998 4753 ejus
3028 4692 3082 4740 et
3127 4687 3374 4741 membra
3407 4684 3748 4745 laniarent"?
3771 4711 3790 4737 ι

2224 4755 2592 4809 Fiautlassem
2644 4755 2930 4824 prtecipuo
2980 4757 3216 4825 lumine,
3269 4764 3324 4812 et
3353 4763 3792 4816 commentario.

2151 4839 2216 4881 ac
2239 4825 2568 4880 testimonio
2617 4831 2734 4880 tum
2772 4826 3023 4881 Cornelii
3056 4828 3261 4896 Vitam,
3306 4835 3422 4883 tum
3455 4837 3791 4887 caeterorum

2155 4896 2487 4971 pontiﬁcum
2518 4896 2705 4971 Bona:
2758 4897 2911 4971 sedis
2956 4899 3140 4971 hujus
3184 4899 3378 4954 smculi
3426 4913 3492 4956 ac
3523 4908 3794 4971 superio-

2154 4967 2436 5044 rum,_nis_i
2456 4967 2750 5044 legendum
2773 4967 2866 5022 hic
2882 4969 3270 5044 exhibuissem
3294 4971 3476 5044 locum
3505 4967 3793 5044 integrum

2152 5038 2444 5109 Cypriani.
2466 5041 2603 5094 Nam
2628 5042 2685 5093 in
2722 5053 2834 5094 uno
2860 5040 3045 5095 allatae
3067 5043 3322 5111 epistola:
3350 5038 3692 5100 testimonio
3723 5049 3793 5101 ita

2156 5111 2477 5166 luculenter
2513 5111 2822 5180 exponitur
2870 5118 2989 5166 tum
3022 5112 3172 5167 beati
3217 5113 3464 5168 Cornelii
3517 5119 3794 5172 sanctitas

2157 5195 2398 5247 morum,
2461 5181 2714 5253 legitima
2765 5183 3006 5250 vocatio,
3056 5186 3330 5240 canonica
3385 5185 3614 5253 electio,
3679 5197 3793 5243 tum

2155 5255 2303 5308 ratio
2329 5252 2658 5321 disciplinae
2687 5255 2939 5321 ejusdem
2969 5257 3264 5323 temporis,
3295 5252 3663 5314 admoventis
3695 5275 3794 5315 su—

2156 5337 2350 5394 premo
2397 5325 2548 5392 apici
2589 5324 2895 5396 sacerdotii
2927 5338 3022 5379 eos
3076 5327 3176 5394 qui
3228 5341 3326 5396 per
3374 5329 3716 5385 modestiam
3746 5337 3792 5385 et

2157 5397 2430 5466 pudorem
2483 5395 2788 5466 virginalis
2817 5396 3181 5452 conscientiae
3213 5395 3425 5452 tantam
3453 5400 3792 5466 dignitatem

2159 5441 2500 5545 Eefugerent,
2546 5441 2681 5545 livcet
2703 5480 2800 5534 per
2824 5469 3023 5545 omnia
3043 5441 3433 5545 ecciesiasi‘ica

2156 5539 2332 5594 datim
2364 5537 2584 5607 probati
2620 5551 2781 5611 Aspem
2811 5538 2881 5592 de
2918 5551 2984 5611 se
3012 5543 3221 5594 tantam
3265 5541 3397 5610 jure
3425 5537 3791 5611 excitassent,

2158 5617 2221 5664 ut
2248 5615 2438 5684 essent
2461 5622 2557 5678 per
2579 5609 2691 5684 vim
2719 5610 2956 5684 cogendi
2988 5611 3069 5684 ad
3091 5613 3483 5684 recipiendum
3509 5609 3799 5684 episc0pa¥

2160 5688 2300 5734 tum.
2332 5682 2522 5751 Neque
2547 5682 2698 5736 enim
2732 5681 3026 5751 singulare
3059 5682 3114 5737 id
3154 5683 3364 5738 asserit
3391 5681 3574 5739 fuisse
3604 5688 3663 5740 in
3689 5681 3796 5742 uno

2156 5749 2444 5818 Cornelio,
2464 5753 2556 5806 sui
2591 5753 2709 5820 pari
2739 5749 2996 5821 exemplo
3019 5765 3321 5808 commune
3347 5760 3483 5810 tunc
3507 5758 3794 5814 redditum

2157 5822 2379 5878 caateris
2401 5823 2771 5890 pontificibus
2789 5823 3076 5899 divinitus
3097 5824 3317 5899 electis,
3343 5829 3553 5894 quales,
3585 5829 3791 5899 inquit,

2156 5909 2268 5947 esse
2292 5901 2680 5948 consueverunt
2713 5897 2810 5962 qui
2833 5895 2908 5948 ad
2932 5895 3074 5948 hunc
3103 5897 3338 5963 gradum
3373 5899 3643 5954 divinitus
3668 5895 3794 5956 ἐιὶ-
