4070 6178
333 292 471 351 4375

1557 284 1916 342 ANASTASII
1957 281 2498 340 BIBLIOTHECARII

3590 278 3734 336 4376

330 418 818 484 vetustissimum_
863 416 1007 472 illud
1071 413 1410 484 opusculum
1471 413 1751 481 scriptum
1811 407 2297 484 atateAvatiani
2351 413 2538 476 partes
2570 407 3138 484 d_eclinatum;_c‘uhm
3193 406 3490 484 prioribus
3543 412 3738 460 autem

327 491 576 556 Damasi,
611 495 666 544 et
691 503 720 544 a
763 481 928 543 nebis
957 481 1175 542 editum
1207 499 1270 540 ex
1309 484 1586 538 Bucherio
1632 485 1781 537 inter
1831 483 1974 556 Pro-

329 555 640 631 legomena,
691 562 786 615 cui
850 559 1057 631 titulus
1087 563 1173 611 est
1223 557 1490 631 Depositio
1537 561 1866 631 martyrum:
1912 555 1973 605 ln

328 624 443 701 quo
498 624 814 686 Bucherius
855 627 1452 701 adnotav_it_margin_i_
1500 639 1630 701 esse
1673 624 1971 701 legendum

326 694 417 755 uia
448 702 689 767 Salaria,
755 707 819 756 ut
870 701 928 754 in
985 694 1350 755 Corbeiensif
1393 697 1494 750 Via
1543 697 1694 751 enim
1737 694 1971 750 Salaria

332 773 578 841 depositi
626 773 872 841 primum
917 778 1050 825 sunt
1093 774 1366 841 martyres
1411 768 1520 835 illi,
1570 767 1777 841 deinde
1823 779 1972 841 nou-

336 836 481 897 nulli
563 836 760 898 eorum
837 841 1100 896 translati
1161 854 1190 894 a
1245 836 1322 893 'B.
1390 839 1656 894 Marcello
1712 850 1852 906 papa
1911 836 1970 889 in

333 914 607 982 pradium
666 915 893 982 Lucina
939 913 1030 966 via
1075 911 1351 966 Ostiensi.
1406 909 1569 977 (Vide
1625 911 1793 964 Notas
1840 908 1971 982 Flo-

327 978 571 1049 rentinii,
623 981 760 1053 pag.
797 981 944 1052 740.)
993 982 1257 1051 Plerique
1300 987 1483 1035 tamen
1535 994 1602 1034 ex
1633 978 1972 1053 _cameterio

331 1051 824 1110 Priscilla—serius
850 1055 1086 1110 extracti
1123 1066 1220 1122 per
1236 1053 1495 1122 Sergium
1523 1053 1585 1116 ll,
1613 1051 1969 1122 dignoscun—r

330 1133 425 1180 tur
453 1127 508 1179 in
533 1125 766 1180 titulum
798 1125 1025 1195 equitii,
1056 1120 1278 1179 vetusto
1310 1120 1498 1190 lapide
1522 1122 1575 1176 id
1598 1120 1969 1195 testante,_ibi_

327 1198 656 1264 superstite,
720 1197 776 1250 in
827 1192 940 1266 quo
985 1195 1256 1264 leguntur
1313 1197 1543 1248 nomina
1609 1192 1972 1246 Crescentiani

325 1270 602 1335 martyris,
633 1269 911 1332 Memmia,
943 1268 1200 1330 Juliana,
1234 1267 1505 1331 uirginum
1549 1270 1608 1335 ct
1641 1268 1967 1335 martyrum,

327 1334 564 1405 Cyriaca
602 1339 802 1405 vidua,
839 1343 895 1392 et
936 1337 994 1391 in
1028 1336 1136 1390 ﬁne
1165 1335 1510 1406 Epigraphis
1556 1334 1810 1388 dicitur:
1845 1336 1970 1406 Hac

323 1414 631 1462 sanctorum
679 1423 904 1476 corpora
951 1408 1224 1460 translata
1261 1405 1387 1459 sunt
1437 1407 1501 1459 de
1539 1407 1797 1458 cimiterio
1840 1405 1971 1457 Pri-

324 1481 489 1533 scilla
505 1481 597 1532 via
640 1478 881 1532 Salaria.
912 1478 1156 1533 Viduam
1200 1491 1333 1531 vero
1364 1476 1518 1530 illam
1551 1476 1840 1544 Cyriacam
1869 1487 1970 1528 seu

322 1549 667 1619 Cyriacetem
694 1550 761 1603 ad
789 1549 930 1602 hanc
955 1553 1172 1602 atatem
1203 1547 1452 1602 Cornelii
1480 1547 1771 1619 pertinere
1789 1551 1970 1600 osten-

323 1616 413 1675 dit
439 1621 714 1688 pradium
733 1619 984 1688 ejusdem
1007 1621 1064 1673 in
1079 1632 1198 1672 eam
1210 1632 1276 1686 po
1295 1620 1510 1673 Verano
1527 1620 1594 1672 ad
1615 1616 1969 1688 sepulturam

326 1687 638 1760 martyrum
713 1687 964 1746 oblatum
1040 1689 1306 1744 Ecclesia
1371 1689 1479 1760 sub
1556 1690 1734 1758 Xysto
1783 1689 1849 1752 ll,
1910 1687 1968 1740 in

325 1775 440 1830 quo
474 1759 544 1824 is,
589 1775 716 1816 cum
751 1761 1056 1816 Laurentio
1099 1761 1397 1829 depositus
1446 1759 1558 1814 fuit
1603 1761 1660 1813 in
1698 1772 1968 1828 persecu-

325 1833 479 1886 tione
508 1832 795 1887 Valeriani
821 1832 907 1902 (ut
939 1831 1106 1900 paulo
1135 1838 1259 1899 post
1289 1831 1539 1900 legemus
1573 1836 1696 1898 post
1721 1830 1962 1902 alterum

323 1903 642 1974 numerum)
667 1903 775 1958 sub
814 1916 923 1972 qua
963 1908 1019 1957 et
1072 1903 1192 1970 ipsa
1241 1903 1516 1957 decedens
1559 1901 1965 1974 dormitionem

321 1975 539 2042 accepit
566 1971 633 2028 in'
674 1987 810 2044 agro
834 1971 966 2040 suo,
1000 1974 1415 2041 depositionem
1448 1985 1577 2027 vero
1609 1972 1864 2044 obtinuit
1905 1971 1964 2025 in

324 2045 596 2099 Priscilla
624 2046 692 2099 ad
717 2042 1038 2114 proximam
1066 2045 1218 2098 viam
1254 2044 1527 2104 Salariam
1551 2061 1563 2096 :
1600 2042 1749 2096 unde
1773 2055 1803 2096 a
1830 2043 1966 2114 Ser-

364 2115 420 2169 io
451 2117 494 2168 ll
517 2113 782 2170 extracta
807 2115 1059 2183 ejusdem
1085 2115 1348 2185 reliquia
1377 2115 1579 2169 divisa
1604 2113 1963 2185 postmodum

347 2185 964 2241 ueruntintertitulum
987 2186 1194 2255 equitii
1216 2183 1582 2240 etbasilicam
1599 2187 1652 2237 S.
1673 2183 1962 2238 Laurentii

320 2263 477 2311 extra
502 2270 715 2311 muros.
749 2259 810 2310 In
832 2257 1026 2311 eodem
1073 2256 1352 2326 opusculo
1387 2256 1742 2310 Bucheriano
1776 2267 1964 2309 mense

317 2327 474 2382 Julio
501 2339 673 2396 prOpe
701 2328 1086 2383 cameterium
1113 2325 1389 2382 Priscilla
1417 2327 1565 2397 quod
1597 2325 1873 2392 nominat,
1905 2326 1963 2397 in

321 2395 643 2453 adhaerente
672 2399 995 2453 cameterio
1023 2399 1400 2454 Jordanorum
1434 2395 1753 2462 'scribitur,
1787 2395 1960 2450 recoli

323 2469 649 2523 memoriam
670 2469 973 2537 Martialis,
1005 2470 1233 2539 Vitalis,
1261 2475 1316 2524 et
1348 2469 1653 2524 Alexandri
1682 2467 1960 2539 (ﬁliorum

319 2552 418 2594 sex
443 2539 779 2611 Felicitatis)
805 2545 859 2595 et
892 2541 949 2594 in
975 2542 1208 2594 Maximi
1244 2538 1607 2611 (cmmeterio)
1630 2538 1801 2593 recoli
1839 2551 1962 2592 me-

321 2609 559 2664 moriam
590 2609 809 2665 Silani:
841 2611 941 2666 ubi
974 2611 1168 2665 abdit:
1205 2609 1347 2664 hunc
1383 2609 1634 2664 Silanum
1666 2614 1963 2676 martyrem

317 2681 515 2735 Novati
540 2682 721 2746 furati
744 2686 905 2746 sunt;
937 2694 1134 2748 nempe
1155 2681 1469 2746 Novatia-ni,
1506 2686 1568 2734 ut
1608 2681 1666 2734 in
1710 2679 1964 2748 margine

319 2750 581 2805 emendat
632 2750 968 2805 Bucherius.
1005 2751 1401 2806 Cmmeterium
1449 2753 1682 2804 Maaimi
1705 2750 1822 2804 hac
1849 2750 1965 2803 Ta—

321 2820 727 2892 bulaindicare
741 2821 986 2888 videtur,
1011 2835 1138 2876 cum
1158 2822 1282 2890 ejus
1306 2822 1535 2876 nomine
1555 2830 1608 2875 et
1627 2821 1874 2892 imagine
1891 2818 1964 2892 ef-

319 2890 466 2946 fossa
491 2891 558 2946 ad
593 2893 979 2948 cameterium
1007 2893 1285 2948 Priscilla
1315 2892 1405 2947 via
1433 2892 1653 2947 Salaria
1681 2890 1863 2960 primo
1892 2890 1962 2945 ab

318 2961 464 3017 Urbe
500 2963 689 3031 lapide
716 2964 775 3017 in
806 2966 968 3018 vinea
993 2963 1075 3019 Cl.
1109 2966 1170 3020 V.
1195 2966 1308 3020 Jos.
1337 2964 1601 3032 Baptista
1627 2963 1818 3018 Sintes
1850 2975 1962 3018 una

318 3047 446 3089 cum
479 3033 744 3102 pluribus
773 3035 1274 3104 inscriptionibus,
1296 3034 1757 3090 Christianorum
1789 3035 1962 3102 depo-

319 3105 563 3177 sitiones
594 3105 1008 3176 indicantibus,
1049 3115 1104 3162 et
1132 3107 1433 3177 insignitis
1461 3105 1793 3161 nominibus
1818 3118 1964 3177 con—

319 3175 548 3231 sulum:
600 3190 743 3247 quas
790 3179 871 3247 ad
905 3175 1371 3233 invisendas‘me
1420 3177 1838 3232 humanissime
1866 3176 1962 3230 in«

318 3249 558 3302 vitatum
598 3245 747 3304 anno
780 3245 920 3303 4745
965 3249 1179 3305 donare
1209 3249 1379 3304 etiam
1409 3249 1595 3303 voluit
1627 3248 1784 3303 hisce
1829 3261 1964 3316 pre-

320 3319 488 3373 tiosis
521 3319 905 3374 monumentis
936 3321 1330 3390 antiquitatis,
1361 3325 1427 3374 ut
1455 3332 1799 3374 asservarem
1831 3332 1961 3390 cum

317 3390 539 3444 cateris
562 3391 628 3444 ad
654 3390 998 3446 illustranda
1022 3397 1330 3459 martyrum
1355 3392 1698 3454 coemeteria,
1715 3396 1768 3445 et
1788 3389 1962 3443 Chro.

319 3460 1018 3532 n010giamhconsularem
1066 3462 1340 3517 collectis.
1387 3462 1781 3532 Cosmeterium
1833 3462 1960 3512 Ma-

316 3530 560 3586 mimi'ex
584 3530 685 3586 illo
707 3532 972 3599 opusculi
999 3532 1217 3588 indicio
1263 3535 1618 3602 recognoscit
1649 3531 1965 3587 Bucherius

320 3602 380 3657 in
413 3603 567 3658 notis
588 3603 1051 3674 rmarginalibus:
1086 3604 1144 3658 in
1180 3617 1294 3674 quo
1323 3617 1452 3658 cum
1488 3603 1709 3674 legatur
1738 3603 1962 3657 Silanus

320 3681 536 3743 martyr
578 3673 839 3743 (fortasse
865 3674 1124 3729 Silvanus
1172 3673 1579 3743 nominandus)
1617 3689 1744 3730 cum
1787 3674 1964 3729 sociis

319 3744 534 3799 ibidem
559 3745 860 3813 depositis,
885 3759 1128 3814 eumque
1147 3746 1301 3801 dicat
1329 3744 1638 3801 suﬁ'uratos
1661 3744 1840 3800 fuisse
1856 3747 1965 3800 No-

316 3817 567 3869 vatianos
595 3834 613 3882 ;
644 3816 1078 3871 consolidantur
1121 3817 1339 3871 indicia
1369 3817 1629 3872 eumdem
1661 3815 1966 3871 referentia

319 3899 456 3968 curn
480 3886 1066 3968 Secundinoaliisque
1115 3900 1181 3968 ex
1215 3887 1726 3968 nominatis_in_ter
1777 3888 1966 3942 socios

318 3955 706 4028 confessionis
751 3955 985 4028 Maximi
1031 3957 1367 4028 presbyteri,
1401 3959 1469 4012 ad
1517 3959 1823 4014 Ecclesiam
1866 3972 1968 4013 ca-

317 4027 588 4099 tholicam
622 4027 729 4099 sub
759 4027 1022 4082 Cornelio
1054 4027 1318 4099 regressi,
1358 4035 1484 4098 post
1505 4029 1733 4084 fraudes
1763 4029 1965 4085 Novati

319 4097 586 4169 detectas,
628 4098 866 4165 ejusque
904 4097 1240 4169 gregalium.
1271 4097 1428 4168 Quod
1456 4109 1643 4155 autem
1675 4101 1733 4155 hi
1781 4099 1970 4155 suﬁ'u-

320 4168 440 4240 rari
468 4167 761 4240 voluerint
777 4167 987 4240 corpus
1013 4167 1279 4240 martyris
1296 4167 1494 4236 Silani,
1522 4178 1622 4226 aut
1643 4172 1857 4226 Silvani
1880 4171 1969 4224 de-

323 4238 496 4310 positi
531 4239 589 4290 in
617 4239 940 4310 eameterio
971 4238 1292 4308 Maximini,
1344 4243 1630 4310 suspicari
1664 4255 1967 4310 possumus

321 4309 375 4381 id
399 4307 578 4363 fuisse
601 4309 923 4381 meditatos,
943 4311 1027 4365 vel
1053 4318 1114 4366 ut
1134 4318 1432 4381 martyrem
1451 4307 1567 4366 sua
1589 4307 1825 4368 factioni
1850 4313 1969 4366 vin-

318 4379 580 4451 dicarent
606 4378 1022 4447 fraudulenter,
1050 4395 1216 4451 quem
1246 4378 1389 4437 forte
1410 4385 1702 4437 incautum
1725 4385 1793 4438 ad
1817 4397 1966 4437 eam-

319 4450 444 4522 dem
485 4451 680 4506 dolose
711 4450 1104 4520 pertraxeran’t
1133 4461 1435 4522 antequam
1461 4454 1821 4522 resipisceret
1844 4473 1858 4520 ;
1881 4454 1967 4508 vel

320 4521 677 4594 uthonorem
704 4524 972 4592 martyris
998 4521 1401 4580 subtraherent
1422 4521 1693 4594 reliquiis
1713 4526 1966 4594 ejusdem

318 4592 498 4668 Silani
529 4598 629 4668 aut
669 4594 909 4668 Silvani,
945 4609 1111 4665 quem
1163 4602 1292 4665 post
1317 4592 1637 4668 regressum
1670 4592 1968 4652 ad'Eccle-

320 4664 490 4738 siam,
521 4665 643 4738 sive
658 4665 844 4738 etiam
897 4664 1248 4738 constantem
1282 4664 1411 4722 cum
1442 4671 1630 4738 Moyse
1676 4682 1967 4738 nunquam

319 4733 568 4789 alienato
597 4734 712 4809 sibi
746 4734 984 4809 fortasse
1033 4737 1402 4794 infensiorem
1437 4733 1550 4809 pra
1577 4733 1970 4795 cateris'fue-

320 4807 719 4882 rantrexperti.
749 4807 888 4882 _Cum
922 4821 1235 4882 versemur,
1270 4810 1418 4864 inter
1439 4807 1686 4877 indicia,
1715 4825 1781 4882 ex
1809 4810 1969 4882 frag-

322 4877 530 4931 mentis
559 4877 931 4950 epistolarum
955 4885 1011 4934 et
1034 4879 1292 4935 historia
1312 4882 1676 4950 expiscanda,
1711 4877 1966 4949 lapidum

322 4960 550 5020 quoque
576 4948 856 5018 reliquias
876 4963 1000 5004 esse
1027 4951 1120 5005 hic
1150 4948 1515 5020 proferendas
1544 4948 1718 5006 duxi:
1758 4948 1821 5006 ut
1850 4953 1968 5007 ali-

320 5019 550 5086 quando
572 5024 794 5087 possint
816 5020 1094 5076 inservire
1119 5019 1185 5077 ad
1215 5023 1522 5091 pleniorem
1545 5023 1809 5077 notitiam
1840 5025 1971 5078 isto-

320 5098 811 5169 rumnmartyrum
882 5092 1310 5169 ordinandam;
1363 5095 1413 5148 si
1475 5092 1621 5149 forte
1672 5096 1968 5169 contingat

319 5158 434 5234 alia
468 5158 780 5234 fragmenta
809 5175 847 5234 e7
870 5163 1180 5219 ruderibus
1209 5165 1387 5219 vinea
1417 5177 1482 5219 ac
1511 5165 1821 5220 cametetii
1853 5158 1964 5234 ipsi

319 5229 663 5288 adhaerentis
688 5232 855 5288 effodi
883 5251 895 5286 :
929 5248 1053 5302 qua
1070 5237 1376 5302 conjuncta
1401 5249 1528 5290 cum
1560 5229 1961 5302 marmoribus,

320 5305 376 5378 et
407 5305 706 5368 postremis
734 5319 1000 5378 versuum
1034 5306 1566 5374 syllabisindicatis
1599 5307 1874 5378 integram
1901 5309 1965 5363 il-

321 5369 503 5428 lorum
536 5377 874 5431 sententiam
907 5369 1316 5433 demonstrent.

389 5446 609 5518 Moysis
663 5448 976 5518 presbyteri
1049 5448 1394 5518 (cujusmodi
1467 5463 1669 5506 nomen
1749 5449 1963 5505 Graecis

318 5512 534 5595 litteris
563 5512 1174 5595 elegantis'sculptura
1192 5522 1438 5595 incisum
1463 5522 1646 5595 reperi
1669 5522 1726 5576 in
1749 5522 1965 5595 cryptis

318 5585 576 5668 ejusdem
605 5585 914 5668 c‘ameterii
948 5585 1247 5668 Priscilla,
1294 5593 1389 5647 sed
1425 5585 1542 5668 non
1580 5594 1656 5668 ita
1686 5585 1966 5668 proximis

318 5657 497 5710 vinea
520 5657 878 5732 Sintesiana)
900 5661 1062 5732 beato
1085 5661 1194 5717 ﬁne
1212 5657 1267 5732 in
1287 5663 1616 5718 carceribus
1641 5657 1718 5717 ita
1743 5665 1965 5732 pariato

318 5739 451 5810 cum
481 5739 668 5810 mense
697 5729 1009 5810 Novembri
1030 5735 1166 5787 anni
1201 5731 1306 5810 259
1331 5739 1386 5788 et
1415 5747 1543 5810 cum
1577 5734 1685 5788 ﬁne
1709 5729 1962 5810 ejusdem

318 5802 455 5852 anni
477 5802 676 5868 jugata
707 5802 1050 5866 temporaria
1079 5805 1398 5861 secessione
1422 5805 1710 5861 sociorum
1740 5802 1809 5861 ad
1841 5807 1963 5861 No-

1994 4493 2048 4553 D

2089 480 2381 534 mensibus
2423 486 2554 533 ante
2596 479 2805 534 Pascha
2849 479 2984 533 anni
3028 476 3151 541 25-1,
3188 478 3452 546 expedito
3495 489 3740 532 eorum-

2083 549 2208 604 dem
2243 564 2501 620 regressu
2527 551 2594 605 ad
2622 549 2946 605 Cornelium
2970 555 3024 603 et
3043 549 3109 603 ad
3134 549 3399 604 Ecclesia
3429 549 3734 620 unitatem,

2083 626 2284 675 catera
2312 618 2427 677 rite
2457 623 2772 690 procedunt
2795 634 2977 690 usque
2997 621 3061 674 ad
3097 621 3430 690 martyrium
3451 618 3730 674 Cornelii.

2082 693 2242 760 Nam,
2272 701 2530 747 versante
2559 694 2730 748 Decio
2766 692 2822 745 in
2859 691 3147 746 Pannonia
3182 705 3278 760 per
3307 696 3558 745 aestatem
3591 692 3729 744 anni

2080 758 2206 827 250,
2239 765 2481 819 amulus
2511 765 2776 833 princeps
2800 763 2990 817 Julius
3009 758 3210 817 Valens
3240 769 3437 817 contra
3467 762 3731 816 eumdem

2082 833 2408 889 elevabatur
2435 836 2586 890 circa
2621 835 2820 890 Urbem
2849 853 2860 887 :
2887 835 3021 888 dum
3045 834 3366 896 Cornelius,
3404 833 3735 901 intrepidus

2082 904 2182 958 Dei
2209 908 2491 973 sacerdos,
2523 907 2581 960 in
2603 907 2871 960 cathedra
2893 905 3230 959 sacerdotali
3257 908 3441 959 Roma
3473 903 3736 958 conside-

2085 981 2168 1046 ret
2194 977 2409 1032 electus
2451 977 2726 1046 pontifex,
2761 983 2815 1030 et
2847 976 3160 1031 concilium
3190 976 3590 1044 episcoporum
3625 974 3733 1027 ha-

2082 1044 2241 1102 beret
2287 1049 2357 1102 de
2418 1044 2888 1103 reconciliatione
2931 1047 3218 1113 lapsorum
3271 1048 3422 1101 circa
3476 1057 3728 1100 mensem

2081 1115 2398 1189 Octobrem,
2435 1120 2637 1174 mitius
2662 1125 2861 1189 agente
2895 1119 2952 1172 in
2993 1118 3156 1172 [talia
3207 1118 3602 1186 persecutione
3637 1128 3731 1189 per

2080 1187 2402 1245 absentiam
2435 1191 2628 1245 Decii:
2661 1187 2926 1258 viresque
2954 1195 3010 1244 et
3044 1189 3290 1243 consilia
3321 1189 3575 1257 ejusdem
3623 1187 3732 1240 ad-

2083 1263 2484 1320 ministrorum
2501 1260 2961 1316 distrahentibus
2976 1261 3221 1331 negotiis
3239 1259 3426 1314 amuli
3445 1258 3730 1328 principis

2081 1333 2336 1391 Valentis
2364 1346 2546 1402 usque
2575 1333 2642 1388 ad
2670 1333 2885 1386 exitum
2927 1333 3085 1385 anni.
3124 1333 3338 1386 Interea
3365 1331 3532 1384 Decio
3572 1337 3730 1395 patre

2082 1422 2145 1462 Ill
2179 1410 2235 1460 et
2288 1404 2408 1458 ﬁlio
2440 1405 2648 1458 iterum
2688 1402 3027 1458 consulibus
3069 1403 3467 1470 aperientibus
3511 1413 3724 1454 annum

2078 1477 2176 1534 251
2218 1476 2275 1529 in
2318 1475 2628 1541 Pannonia,
2673 1474 2822 1529 unde
2851 1474 2919 1528 ad
2953 1473 3165 1528 bellum
3210 1473 3538 1542 Scythicum
3590 1485 3729 1538 pro-

2081 1546 2374 1620 perabant.
2406 1545 2663 1620 mittitur
2684 1546 2752 1599 ad
2783 1544 2984 1620 Urbem
3010 1543 3364 1610 Valerianus,
3393 1543 3580 1620 delata
3614 1542 3726 1609 ipsi

2079 1615 2320 1676 censura
2356 1617 2466 1686 ipsi
2498 1615 2664 1684 paulo
2683 1621 2816 1670 ante
2839 1616 3124 1670 destinata
3145 1629 3212 1670 ex
3241 1615 3525 1670 sententia
3552 1625 3728 1686 sena-

2081 1699 2210 1747 tus:
2247 1687 2346 1758 qui
2380 1683 2830 1756 persecutionem
2864 1687 3019 1741 Decii
3065 1700 3191 1740 cum
3237 1686 3482 1740 Maximo
3519 1683 3726 1758 prafe-

2005 1772 2055 1831 B
2077 1772 2168 1818 cto
2199 1755 2368 1816 Urbis
2386 1755 2457 1813 ’in
2476 1758 2838 1831 Christianos
2862 1758 2940 1831 ita
2967 1758 3275 1831 promovi_t._
3293 1763 3488 1831 utuna
3507 1755 3731 1831 eadem-

2079 1847 2188 1903 que
2213 1831 2408 1903 habita
2437 1831 2516 1884 sit
2557 1829 3087 1903 persecutioDecii,
3129 1829 3303 1896 Galli,
3338 1827 3648 1903 Volusiani
3675 1835 3727 1880 et

2079 1897 2364 1958 Valeriani
2398 1919 2412 1968 ;
2457 1906 2576 1955 tum
2609 1902 2743 1970 quia
2777 1900 2943 1955 Decio
2991 1901 3302 1968 imperante
3337 1912 3432 1970 per
3464 1897 3725 1952 Valeria-

2077 1989 2214 2030 num
2242 1985 2530 2027 censorem
2566 1969 2830 2026 mandato
2859 1971 3140 2039 principis
3171 1969 3542 2024 exercebatur
3573 1981 3724 2022 anno

2073 2044 2199 2110 251,
2236 2045 2478 2098 maxima
2515 2042 2614 2097 illa
2662 2046 2939 2111 potestate
2976 2049 3229 2106 auctum,
3260 2054 3427 2110 quam
3457 2053 3634 2109 supra
3667 2039 3724 2092 in

2079 2117 2232 2172 notis
2287 2113 2712 2182 chronologicis
2763 2114 3022 2168 recensui
3092 2127 3161 2166 ex
3210 2111 3540 2166 Trebellio:
3603 2116 3720 2164 tum

2078 2188 2214 2257 quia
2242 2187 2385 2240 hanc
2420 2186 2597 2253 ipsam
2625 2185 3093 2257 prosequebatur,
3128 2197 3241 2257 non
3267 2190 3518 2257 tam‘suo
3553 2194 3724 2257 quam

2074 2252 2700 2324 dominorumingeuio
2733 2252 2976 2310 in‘brevi
3012 2255 3253 2323 imperio
3283 2253 3433 2309 Galli
3465 2260 3518 2307 et
3553 2252 3724 2306 Volu-

2074 2330 2225 2384 siani
2261 2341 2358 2397 per
2376 2323 2588 2381 annum
2611 2323 2736 2391 252,
2768 2333 2909 2397 tum,
2932 2326 3199 2395 denique.
3231 2326 3364 2395 quia
3397 2325 3490 2378 his
3522 2324 3582 2378 in
3619 2324 3717 2377 im-

2076 2401 2235 2469 perio
2262 2395 2575 2454 succedens
2618 2410 2768 2469 anno
2814 2395 2938 2464 253,
2992 2397 3330 2469 Valerianus
3360 2408 3428 2469 ex
3464 2406 3724 2469 censore,

2073 2465 2300 2525 creatus
2329 2470 2626 2540 Augustus
2655 2469 2724 2522 ab
2754 2468 2998 2540 inceptis
3020 2473 3146 2536 post
3175 2467 3410 2540 aliquod
3433 2471 3554 2540 _tem
3569 2465 3724 2533 poris

2077 2537 2445 2596 intervallum
2471 2553 2580 2594 non
2613 2540 2858 2604 destitit,
2889 2537 3026 2594 licet
3050 2539 3332 2593 initio‘sui
3361 2537 3728 2606 principatus

2077 2613 2306 2667 mitiora
2336 2612 2405 2666 de
2431 2611 2647 2665 nostris
2679 2611 2936 2665 sentiret.
2978 2611 3121 2664 Hinc
3153 2615 3342 2663 autem
3374 2609 3567 2662 oritur
3596 2621 3729 2661 con-

2075 2683 2227 2739 fusio
2257 2681 2357 2737 illa
2386 2687 2702 2750 temporum
2723 2689 2777 2736 et
2795 2688 3080 2751 gestorum
3112 2681 3285 2749 hujus
3319 2679 3502 2751 mista
3539 2692 3722 2747 perse-

2073 2755 2350 2821 cutionis,
2385 2753 2442 2807 in
2470 2767 2581 2822 qua
2605 2750 2904 2808 Valeriano
2935 2753 3265 2821 imperatori
3289 2750 3586 2819 complura
3613 2751 3725 2804 tri-

2073 2825 2350 2889 buuntur,
2373 2838 2498 2894 qua
2513 2823 3196 2893 anteimperiumjcensori
3215 2822 3580 2892 gerebantur,
3602 2826 3722 2875 tum

2073 2897 2253 2963 Decii,
2279 2904 2396 2950 tum
2415 2895 2566 2949 Galli
2607 2901 2662 2948 et
2687 2895 2980 2950 Volusiani
3009 2895 3292 2948 mandatis
3314 2894 3427 2962 ipsi
3453 2905 3723 2947 commu-

2073 2967 2248 3022 nibus
2271 2981 2400 3021 cutn
2431 2966 2674 3020 Maximo
2702 2965 2961 3034 prafecto
2983 2966 3190 3034 Urbis;
3215 2971 3270 3020 et
3297 2971 3498 3020 contra
3523 2963 3722 3030 Decio,

2072 3047 2128 3093 et
2156 3038 2341 3105 Gallo,
2369 3050 2434 3091 ac
2463 3037 2760 3092 Volusiani
2790 3045 2947 3104 gesta
2968 3039 3338 3107 assignantur
3372 3043 3496 3104 post
3519 3049 3719 3089 eorum

1993 3098 2041 3160 C
2072 3110 2278 3164 cadem
2300 3098 2340 3164 a'
2359 3107 2656 3162 Valeriano
2681 3098 2919 3176 patrata,
2941 3098 3121 3177 quasi
3131 3121 3227 3177 per
3247 3098 3502 3174 ejusdem
3524 3119 3724 3159 censu-

2076 3195 2195 3236 ram
2228 3180 2336 3235 snb
2360 3179 2563 3234 iisdem
2595 3179 2995 3234 decessoribus
3024 3178 3384 3248 principibus
3428 3177 3721 3246 contigis-

2074 3258 2226 3307 sent:
2256 3258 2319 3306 ut
2335 3250 2698 3306 constabitex
2712 3250 3210 3305 observationibus
3223 3263 3347 3318 qua
3368 3255 3716 3318 sequuntur.

2141 3323 2414 3377 Caterum
2453 3322 2756 3376 Cornelius
2797 3335 2938 3390 papa
2967 3323 3052 3391 (ut
3075 3323 3143 3376 ad
3173 3321 3298 3389 ejus
3329 3327 3487 3390 gesta
3517 3319 3721 3374 ordine

2072 3407 2176 3448 suo
2191 3393 2464 3449 tradenda
2484 3392 2854 3462 revertamur)
2872 3393 3183 3459 praevidens
3202 3394 3409 3446 armari
3426 3396 3626 3446 contra
3642 3402 3723 3443 sa-

2071 3465 2328 3520 cerdotes
2357 3464 2453 3518 Dei
2485 3464 2768 3532 pracipua
2799 3465 2906 3518 tela
2940 3463 3353 3532 persecutionis
3379 3463 3561 3526 Decii,
3597 3474 3724 3515 ma-

2073 3541 2201 3590 ture
2234 3535 2672 3604 promovendum
2703 3537 2930 3589 censuit
2956 3536 3192 3590 Lucium
3225 3534 3518 3589 Vicarium
3550 3545 3718 3604 suum

2074 3607 2141 3662 ad
2177 3603 2434 3662 ordinem
2458 3606 2836 3675 episcopalem
2866 3607 2961 3660 die
2999 3605 3316 3665 Dominica,
3350 3619 3477 3675 qua
3511 3603 3724 3675 incidit

2077 3679 2133 3732 in
2167 3677 2292 3731 Kal.
2345 3674 2669 3731 Decembris
2703 3690 2852 3732 anno
2886 3675 2991 3732 250
3029 3679 3114 3746 (ut
3141 3674 3382 3732 constat
3411 3689 3478 3730 ex
3507 3674 3724 3743 epocha

2075 3761 2356 3804 annorum
2387 3761 2472 3815 lll,
2507 3748 2858 3817 totidemque
2913 3749 3195 3803 mensium
3238 3754 3293 3802 et
3338 3747 3566 3801 dierum
3602 3747 3726 3813 ejus

2077 3820 2432 3888 episcopatui
2459 3819 2736 3873 attributa
2767 3820 2824 3873 in
2873 3820 3117 3887 picturis
3153 3819 3405 3874 Paulina
3444 3817 3723 3888 basilicas,

2079 3887 2415 3959 caterisque
2439 3890 2798 3944 documentis
2830 3891 3088 3958 proximo
3128 3902 3363 3945 numero
3397 3887 3726 3954 afferendis)

2078 3968 2379 4030 antequam
2403 3961 2739 4015 Valerianus
2755 3973 2976 4028 censor,
2993 3975 3118 4015 cum
3137 3959 3477 4016 'savioribus
3502 3960 3726 4030 manda.

2077 4033 2156 4086 tis
2187 4029 2304 4086 sibi
2337 4032 2552 4088 futuris
2583 4031 2982 4086 communibus
3027 4045 3155 4086 cum
3181 4032 3424 4086 Maximo
3457 4029 3725 4098 prafecto

2081 4102 2272 4170 Urbis,
2300 4115 2331 4156 a
2360 4103 2530 4157 Decio
2561 4103 2616 4155 in
2670 4102 2868 4157 Urbem
2899 4103 3135 4157 rediret.
3189 4105 3322 4156 Post
3356 4103 3483 4169 ejus
3506 4102 3724 4156 adven-

2077 4178 2197 4228 tum
2217 4175 2414 4242 jussus
2439 4173 2700 4227 exsulare
2723 4173 3138 4229 Centumcellas
3165 4174 3488 4242 intrepidus
3510 4172 3721 4226 ibidem

2078 4244 2360 4312 substitit,
2375 4251 2428 4299 et
2445 4244 2658 4299 litteris
2673 4244 2822 4299 ultro
2836 4245 3096 4314 citroque
3107 4247 3258 4300 datis
3269 4246 3336 4299 ad
3349 4244 3718 4314 Cyprianum.

2079 4314 2220 4370 fovit
2239 4323 2492 4370 mutuam
2514 4316 2818 4384 utriusque
2839 4313 3497 4384 prasullsconstantiam
3519 4316 3574 4369 in
3593 4313 3719 4368 ﬁde.

2078 4387 2154 4440 Im
2167 4388 2328 4456 pavid
2341 4401 2406 4440 us
2444 4391 2657 4439 tantum
2688 4390 2941 4456 temporis
2967 4387 3106 4440 sedit
3131 4391 3445 4456 ewSpectans
3484 4388 3724 4456 corporis

2078 4452 2491 4524 sui'carniﬁccs,
2522 4465 2573 4509 et
2612 4452 2838 4524 tyranhi
2859 4461 3169 4525 ferocientis
3196 4452 3414 4523 ultores,
3446 4452 3592 4511 anni
3622 4452 3718 4511 254

2083 4536 2238 4598 parte
2259 4528 2502 4598 reliqua.
2526 4527 2685 4582 Circa
2704 4530 2938 4582 .lunlum
2964 4535 3206 4597 utroque
3229 4529 3395 4582 Decio
3423 4528 3481 4582 in
3502 4528 3725 4596 campis

2079 4600 2364 4670 Scythicis
2390 4601 2648 4670 caso,ad
2687 4600 2992 4668 imperium
3037 4601 3299 4654 evehitur
3325 4599 3726 4670 Trebonianus

2079 4669 2280 4726 Gallus
2311 4671 2496 4739 primo
2523 4669 2594 4723 ab
2615 4671 2892 4738 exercitu,
2913 4670 3119 4724 deinde
3137 4685 3168 4726 a
3189 4678 3411 4736 senatu,
3433 4671 3534 4739 qui
3556 4669 3727 4725 colle-

2081 4755 2205 4812 gam
2278 4741 2578 4812 dignitatis
2641 4742 2909 4811 Augusta
2961 4755 3088 4796 cum
3152 4741 3314 4798 Gallo
3365 4741 3523 4796 dixit
3575 4741 3724 4795 alte—

2082 4811 2207 4867 rum
2239 4811 2396 4866 Decii
2430 4811 2613 4866 ﬁlium
2649 4818 2786 4868 natu
2819 4813 3095 4867 minorem
3129 4812 3542 4881 Hostilianum,
3579 4813 3724 4866 reli—

2079 4891 2232 4939 ctum
2282 4883 2465 4937 Romae
2517 4896 2548 4936 a
2599 4889 2755 4952 patre
2813 4884 2979 4938 Decio
3031 4888 3083 4938 et
3121 4889 3371 4940 creatum
3418 4885 3721 4938 Casarem.

2077 4954 2277 5009 Gallus
2311 4954 2480 5008 initio
2511 4955 2764 5023 imperii,
2793 4960 2856 5008 ut
2885 4955 3143 5009 Zosimus
3175 4961 3386 5018 narrat,
3429 4975 3453 5004 α
3490 4954 3722 5024 imperii

2077 5025 2310 5079 Deciani
2332 5026 2658 5080 memoriam
2677 5039 2805 5079 cum
2829 5026 3037 5081 honore
3059 5039 3122 5080 ac
3146 5025 3538 5080 benevolentia
3562 5040 3724 5080 usur-

2079 5096 2266 5166 pabat,
2300 5103 2356 5150 et
2384 5096 2625 5150 alterum
2654 5109 2721 5150 ex
2747 5097 2874 5165 ejus
2903 5097 3044 5151 ﬁliis
3075 5097 3439 5166 superstitem
3473 5097 3725 5164 adopta—

2078 5167 2192 5236 bat,
2227 5184 2251 5216 n
2292 5181 2498 5238 nempe
2544 5168 2948 5238 Hostilianum,
2980 5181 3145 5238 quem
3182 5168 3369 5223 Victor
3414 5169 3472 5222 in
3508 5167 3613 5221 lib.
3657 5169 3726 5220 de

2075 5237 2396 5292 Casaribus
2426 5251 2454 5290 a
2487 5237 2748 5306 patribus
2777 5237 3021 5308 quoque,
3057 5252 3255 5308 nempe
3278 5253 3309 5293 a
3343 5245 3572 5306 senatu,
3613 5239 3726 5293 Au-

2119 5311 2228 5364 usti
2263 5307 2644 5377 appellatione
2673 5307 2946 5364 donatum
2989 5324 3118 5364 cum
3150 5307 3314 5366 Gallo
3361 5309 3554 5376 refert,
3592 5323 3718 5364 cum

2099 5380 2223 5434 ialli
2253 5379 2405 5434 ﬁlius
2430 5379 2774 5434 Volusianus
2794 5381 3059 5436 Casarao
3091 5387 3311 5436 tantum
3341 5381 3516 5436 titulo
3546 5381 3726 5436 deco-

2077 5456 2319 5505 raretur.
2343 5452 2542 5505 Verum
2573 5465 2683 5504 non
2710 5452 2811 5506 diu
2833 5451 3190 5519 superfuisse
3211 5453 3364 5508 Decii
3392 5453 3577 5507 ﬁlium
3607 5454 3720 5506 llo-

2064 5523 2365 5582 stilianum
2402 5529 2641 5591 uterque
2665 5524 2938 5586 ostendit,
2975 5529 3031 5578 et
3060 5525 3280 5578 nummi
3303 5524 3719 5593 comprobant;

2075 5595 2195 5654 sive
2216 5593 2439 5648 artibus
2469 5593 2808 5648 Treboniani
2836 5595 2986 5649 Galli
3024 5600 3394 5663 peremptum,
3422 5601 3484 5650 ut
3514 5595 3721 5648 scribit

2075 5666 2360 5723 Zosimus:
2387 5665 2507 5719 sive
2532 5665 2852 5730 pestilentia
2879 5665 3193 5725 sublatum,
3213 5666 3720 5730 utnarratVictor,

2077 5750 2203 5810 qua
2242 5748 2398 5810 _anno
2455 5727 2561 5790 252
2587 5736 2904 5810 Itomamim
2951 5737 3142 5792 orbem
3175 5736 3347 5792 ferme
3371 5727 3714 5810 universum

2077 5806 2303 5876 invasit,
2332 5810 2456 5861 orta
2487 5819 2554 5862 ex
2580 5806 2870 5876 Ethiopia
2896 5825 2910 5877 ;
2942 5813 2994 5863 et
3028 5821 3126 5877 per
3150 5821 3329 5864 annos
3351 5808 3547 5865 decem
3574 5824 3715 5864 con«
