4052 6178
335 305 471 364 4377

329 431 632 498 sequentes
656 426 958 498 desolavit.

333 496 521 567 potuit
563 512 712 555 anno
744 496 870 566 252,
904 496 1131 569 quando
1170 501 1469 557 Cornelius
1510 496 1672 557 exsul
1701 503 1975 556 Centum—

328 569 494 625 cellis
524 571 745 625 accitus
776 571 835 625 in
878 571 1076 626 Urbem
1106 586 1136 626 a
1166 574 1429 640 Maximo,
1465 579 1518 626 et
1556 579 1687 626 ante
1718 572 1971 628 tribunal

331 641 666 714 productus,
692 642 1182 714 interrogantibus
1207 646 1364 696 Decio
1393 643 1520 713 (hoc
1549 649 1634 698 est
1663 645 1818 698 Decii
1855 644 1973 699 ﬁlio

325 713 655 784 Hostiliam,
701 726 865 781 quem
907 713 1041 768 Acta
1074 717 1290 768 Decium
1323 715 1631 784 appellant)
1652 720 1708 768 et
1727 716 1973 770 Maximo

329 780 594 855 prafecto
606 780 975 855 responditea
999 799 1122 852 qua
1152 785 1206 838 in
1223 780 1578 855 gestis—illius
1595 780 1852 855 martyrii
1878 800 1972 840 re—

325 859 520 908 censet
546 853 991 926 Schelestratius
1025 853 1404 925 Antia—Eccl.
1438 856 1667 911 dissert.
1700 853 1753 924 ᾖ
1777 871 1897 926 cap.
1915 856 1968 925 6,

323 931 380 979 et
411 938 515 980 nos
559 923 708 978 infra
740 925 1122 993 expendemus
1155 923 1212 980 in
1255 929 1408 982 notis
1433 928 1498 982 ad
1533 926 1636 982 lin.
1675 926 1758 994 46,
1792 923 1971 983 donec

322 995 417 1049 via
455 996 639 1068 Appia
678 997 926 1051 secundo
965 997 1036 1050 ab
1075 996 1222 1051 Urbe
1250 998 1523 1053 milliario
1566 999 1873 1068 perductus
1899 1000 1968 1054 ad

324 1066 599 1139 templum
644 1068 864 1139 Martis,
911 1068 1080 1137 eique
1126 1069 1450 1124 sacriﬁcare
1489 1066 1755 1125 recusans
1783 1070 1969 1139 capite

325 1137 526 1210 plexus
548 1150 679 1210 cum
695 1138 1222 1210 sociismartyrium
1242 1140 1546 1210 complevit
1572 1141 1668 1196 die
1687 1155 1824 1196 xvm
1843 1137 1966 1196 Kal.

326 1206 598 1263 Octobris
622 1221 772 1263 anno
799 1207 923 1264 955.

392 1279 565 1334 Linea
602 1277 656 1333 8.
693 1308 768 1318 —
807 1280 1042 1346 Rogatus
1089 1297 1123 1334 a
1169 1282 1408 1349 quadam
1454 1287 1706 1336 matrona
1759 1284 1969 1336 Lucina

321 1365 552 1418 corpora
578 1350 944 1420 apostolorum
973 1353 1120 1405 Petri
1159 1358 1208 1406 et
1252 1354 1408 1406 Pauli
1431 1354 1497 1406 de
1526 1353 1856 1406 catacumbis
1884 1354 1970 1406 le—

314 1423 470 1474 vavit
493 1427 674 1485 noctu,
724 1426 834 1476 etc.
863 1422 1184 1478 Translatio
1212 1424 1396 1493 prima
1435 1436 1729 1478 sacrornm
1770 1436 1968 1492 corpo-

319 1505 447 1564 rum
481 1493 640 1564 Petri
677 1497 731 1547 et
764 1493 923 1548 Pauli
977 1508 1044 1548 ex
1084 1494 1208 1549 loco
1255 1496 1509 1560 ipsorum
1555 1495 1812 1564 martyrii
1843 1493 1962 1562 (ubi

320 1561 548 1634 fuerant
563 1563 749 1632 primu
764 1577 815 1617 m
837 1565 1116 1633 deposita,
1137 1570 1192 1620 et
1213 1564 1312 1619 ubi
1344 1571 1552 1634 tropaa
1573 1561 1964 1634 apostolorum

320 1633 612 1706 indicabat
640 1634 812 1690 Caius
824 1637 1072 1705 scriptor
1095 1636 1328 1691 secundi
1349 1633 1565 1706 saeuli)
1584 1633 1652 1691 ad
1671 1644 1966 1691 catacum-

317 1702 421 1758 bas
467 1719 638 1774 prope
685 1702 1072 1762 cameterium
1109 1706 1354 1775 Callisti,
1408 1702 1720 1775 prac'edere
1765 1707 1966 1762 debuit

319 1775 466 1848 hanc
513 1777 840 1844 secundam,
883 1792 1009 1848 qua
1051 1793 1116 1833 ex
1146 1775 1499 1834 catacumbis
1545 1779 1744 1833 retulit
1779 1779 1964 1833 Tusco

315 1850 374 1900 et
403 1846 574 1921 Basso
599 1846 939 1904 consulibus
960 1850 1159 1921 eadem
1195 1862 1356 1904 sacra
1390 1850 1626 1921 pignora
1651 1851 1720 1905 ad
1764 1850 1962 1918 pristi-

319 1930 454 1990 num
485 1918 670 1974 locum
692 1933 810 1975 sua
839 1919 1238 1976 confessionis.
1267 1921 1345 1974 De
1375 1918 1557 1990 prima
1574 1934 1704 1976 vero
1726 1921 1966 1975 transla-

321 1987 477 2042 tione
498 2003 627 2044 cum
642 1990 719 2044 sit
739 1991 918 2046 altum
939 1991 1260 2057 silentium,
1292 1987 1668 2047 liacsecunda
1689 1991 1962 2047 attribui-

317 2065 416 2113 tur
438 2058 718 2123 Cornelio.
739 2062 838 2132 qui
870 2069 1020 2117 certe
1045 2062 1230 2117 solido
1256 2063 1657 2132 quinquennio
1686 2063 1963 2118 anteTus-

315 2143 448 2184 cum
478 2137 534 2185 et
559 2132 792 2188 Bassum
824 2133 1088 2188 consules
1118 2139 1331 2202 martyr
1360 2134 1652 2189 occubuit.
1687 2135 1712 2186 J
1724 2147 1822 2189 ure
1845 2135 1964 2204 igi-

316 2206 416 2274 tur
445 2203 702 2274 narratio
735 2204 908 2258 istius
940 2204 1338 2259 translationis
1377 2210 1487 2260 tam
1523 2205 1764 2261 Baronio
1791 2203 1960 2274 quam

317 2271 588 2345 pluribus
611 2274 874 2345 Historia
903 2275 1303 2330 ecclesiastica
1319 2275 1704 2345 scriptoribus
1737 2271 1856 2331 visa
1877 2283 1964 2331 est

313 2341 1034 2416 obnoxiaditﬁcultatibus.
1058 2347 1312 2401 Profecto
1326 2341 1682 2416 hiincjudico
1700 2360 1876 2402 unum
1894 2361 1964 2402 ex

314 2414 799 2486 anachronismis,
843 2430 987 2486 quos
1022 2417 1189 2485 paulo
1227 2423 1357 2472 ante
1400 2414 1778 2474 memorabam
1812 2419 1962 2472 irre-

319 2485 503 2552 psisse
531 2486 588 2540 in
618 2485 967 2543 breviatores
989 2490 1258 2544 Actorum
1289 2489 1564 2556 Cornelii,
1595 2494 1650 2544 et
1683 2489 1848 2544 hasce
1878 2490 1963 2544 Vi-

315 2560 402 2610 tas
437 2556 577 2631 inde
591 2558 880 2631 collectas,
908 2559 1027 2614 sive
1051 2573 1119 2615 ex
1151 2559 1378 2616 lacunis
1406 2560 1815 2631 cata10gorum,
1844 2559 1964 2615 sive

314 2627 778 2701 ex__confusione
829 2639 1116 2701 gestorum
1158 2631 1216 2685 in
1262 2627 1658 2700 persecutioﬁe
1701 2632 1855 2686 Decii
1910 2635 1965 2686 et

314 2696 491 2767 Galli,
529 2696 856 2756 Valeriano‘
883 2715 1136 2769 censore,
1182 2708 1237 2756 et
1263 2696 1427 2757 Decii
1478 2701 1586 2757 ﬁlii
1626 2716 1755 2758 cum
1801 2701 1965 2757 Gallo

330 2775 457 2843 post
485 2778 718 2826 mortem
765 2774 944 2841 patris
981 2775 1235 2843 Augusta
1264 2773 1647 2842 appellatione
1679 2773 1868 2842 potiti,
1899 2787 1964 2828 ac

329 2840 389 2914 in
410 2841 660 2898 Casarea
691 2840 1009 2899 conﬁrmati
1046 2840 1143 2913 per
1175 2840 1425 2912 Gallum,
1452 2859 1582 2900 cum
1630 2840 1961 2914 volusiano,

330 2911 388 2964 in
420 2926 676 2970 censura
716 2928 948 2986 munere
984 2911 1342 2984 permanente
1371 2911 1690 2986 Valeriano,
1723 2921 1779 2970 et
1811 2911 1967 2971 alio-'-

329 2990 772 3057 rumgestorum
798 2985 906 3040 sub
935 2986 1249 3057 Valeriano,
1258 2986 1374 3055 jam
1399 2987 1676 3057 principe,
1701 2987 1772 3042 ad
1796 3000 1962 3057 quem

331 3056 764 3122 pertinetTusci
797 3062 852 3111 et
875 3057 1033 3111 Bassi
1055 3056 1410 3117 consulatus.
1442 3056 1773 3114 referendus
1793 3056 1962 3114 etiam

1153 305 1470 363 HISTORIA
1507 308 1595 363 DE
1632 309 1804 365 VlTlS
1842 308 2008 366 ROM.
2050 309 2244 367 PONT.
2291 339 2364 353 —
2391 313 2445 368 S.
2487 308 2887 388 CORNELIUS.

977 429 1532 497 QuareHostilianus
1547 436 1835 499 superstes
1852 442 1976 486 esse
1995 429 2054 490 A
2083 430 2349 487 Ecclesia
2381 430 2687 488 transferre
2717 431 3024 487 constituit
3041 431 3339 488 Cornelius
3354 434 3421 490 ad
3440 438 3726 490 catacum-

3584 308 3724 368 4378

2083 500 2183 557 bas
2215 521 2226 556 :
2261 504 2359 558 ubi
2387 505 2503 573 jam
2543 503 2816 557 Callistus
2841 503 2984 557 satis
3012 503 3262 571 amplum
3290 517 3354 559 ac
3384 511 3570 560 lutum
3602 520 3723 561 ca-

2085 575 2382 630 meterium
2415 581 2470 630 et
2491 583 2827 630 conventum
2847 573 3134 642 episcopis
3148 581 3203 628 et
3218 574 3721 642 plebiChristiana

2082 651 2381 714 aperuerat
2422 664 2433 698 :
2471 651 2845 716 praeterquam
2877 644 3027 716 quod
3059 644 3360 716 Cornelius
3385 648 3573 716 gentis
3604 662 3722 702 sua

2085 717 2359 783 pradium
2392 714 2484 771 via
2512 717 2692 785 Appia
2724 716 2874 770 circa
2910 715 3153 769 alterum
3185 714 3255 768 ab
3285 714 3421 786 urbe
3451 716 3717 786 lapidem,

2084 786 2181 840 ubi
2201 788 2588 843 Corneliorum
2611 795 2856 842 veterum
2878 786 3141 854 sepulcra
3165 789 3277 840 sita
3300 785 3478 841 fuisse
3497 785 3724 843 Tullius

2082 866 2373 922 memorat,
2417 857 2657 913 fortasse
2690 858 2958 927 possedit,
2989 867 3043 910 et
3071 857 3208 911 huic
3233 858 3363 912 usui
3406 857 3722 914 liberaliter

2081 928 2291 984 obtulit
2317 950 2332 983 :
2365 943 2428 984 ac
2448 927 2873 984 translationem
2909 929 3096 982 tutius
3127 941 3391 998 peragere
3415 930 3602 996 potuit
3625 935 3724 984 ut-

2082 1006 2208 1067 pote
2242 1001 2297 1054 in
2339 1001 2633 1068 proprium
2667 1002 2926 1066 fundum,
2964 999 3199 1067 perinde
3237 1011 3302 1052 ac
3336 1000 3386 1054 si
3419 999 3670 1068 alicujus
3695 1013 3724 1055 e

2079 1075 2242 1139 gente
2262 1084 2366 1125 sua
2397 1070 2572 1125 funus
2588 1076 2830 1125 curaret.
2856 1071 3054 1125 Sixtus
3077 1083 3205 1124 vero
3231 1071 3519 1125 secundus
3540 1071 3724 1127 Tusco

2079 1148 2134 1195 et
2178 1143 2347 1196 Basso
2379 1140 2715 1196 consulibus
2757 1142 3024 1196 retulisse
3064 1142 3292 1196 videtur
3325 1141 3382 1195 in
3416 1142 3721 1210 pristinam

2079 1213 2264 1266 sedem
2297 1225 2326 1265 e
2360 1211 2731 1272 catacumbis,
2755 1212 3053 1267 scilicetin
3079 1212 3411 1267 Vaticanum
3445 1213 3722 1282 reliquias

2078 1283 2250 1350 Petri,
2281 1283 2442 1336 Pauli
2472 1295 2606 1336 vero
2637 1282 2692 1336 in
2729 1283 3002 1350 pradium
3037 1285 3265 1338 Lucina
3298 1283 3382 1337 via
3414 1283 3667 1338 Ostiensi
3702 1303 3716 1351 ;

2077 1366 2205 1406 cum
2231 1366 2262 1407 a
2283 1353 2552 1421 Stephani
2580 1367 2732 1421 papa
2749 1355 3020 1422 martyrio
3042 1355 3097 1409 in
3119 1353 3470 1409 catacumbis
3486 1355 3722 1424 perinde

2079 1430 2212 1495 nota
2242 1425 2400 1478 sedes
2440 1430 2750 1478 conventus
2797 1425 3255 1480 Christianorum
3309 1424 3504 1480 haberi
3532 1432 3724 1495 posset

2076 1494 2144 1548 ad
2178 1495 2563 1550 camelerium
2583 1495 2829 1558 Callisti,
2860 1508 2925 1550 ac
2959 1501 3084 1550 nota
3114 1495 3332 1550 censeri
3362 1494 3722 1565 antea’pote-

2078 1570 2166 1636 rat
2190 1566 2364 1619 statio
2393 1567 2461 1620 ad
2505 1566 2860 1630 Vaticanum,
2906 1565 3216 1636 Utriusque
3245 1572 3433 1620 autem
3467 1567 3722 1623 transla-

2076 1635 2255 1690 tionis
2288 1636 2614 1690 commistio
2648 1637 2706 1691 in
2731 1641 2946 1691 textum
2978 1635 3230 1706 irrepsit,
3263 1638 3381 1692 sive
3397 1651 3464 1692 ex
3493 1637 3717 1700 lacuna,

2075 1706 2272 1776 quales
2306 1708 2363 1762 in
2411 1707 2667 1776 catalogo
2715 1707 3017 1763 Liberiano
3067 1721 3242 1776 supra
3293 1708 3720 1764 observavimus

2073 1779 2481 1848 conjungentes
2507 1792 2815 1847 suppresso
2847 1779 3009 1833 hiatu
3042 1779 3212 1834 initia
3241 1779 3414 1834 unius
3430 1779 3720 1848 pontiﬁcis

2073 1863 2200 1903 cum
2235 1849 2344 1903 ﬁne
2373 1849 2652 1915 alterius;
2681 1850 2802 1905 sive
2832 1864 2898 1904 ex
2930 1849 3254 1918 perturbata
3289 1851 3495 1904 notitia
3524 1864 3722 1919 perse-

2072 1919 2328 1974 cutionis
2358 1920 2510 1974 Decii
2550 1923 2752 1984 Patris,
2785 1920 2958 1980 Galli.
2993 1928 3048 1975 et
3079 1920 3184 1975 ﬁlii
3214 1921 3369 1975 Decii
3408 1921 3716 1977 Hostiliani

2077 1990 2546 2060 perValerianum
2560 2005 2851 2046 censorem
2883 1991 2991 2046 sub
3015 1993 3218 2047 iisdem
3248 1991 3567 2047 Casaribus
3588 2006 3717 2047 cum

2072 2062 2250 2117 altera
2275 2062 2460 2130 ipsius
2487 2063 2772 2118 Valeriani
2796 2064 2913 2132 jam
2943 2063 3244 2132 principis,
3272 2069 3334 2118 ut
3354 2077 3501 2133 sape
3516 2063 3720 2119 obser—

2073 2134 2317 2188 vandum
2352 2133 2703 2188 monuimus.

2143 2203 2316 2259 Linea
2352 2203 2432 2258 l6.
2466 2234 2538 2243 —
2563 2207 2757 2259 Decius
2775 2205 2948 2272 jussit
2969 2206 3300 2274 praesentari
3319 2220 3438 2259 cum
3463 2207 3716 2274 praefecto

2077 2275 2235 2328 Urbis
2276 2277 2337 2328 in
2382 2275 2684 2329 Interludio
2722 2282 2881 2330 noctu
2918 2282 3044 2330 ante
3081 2276 3336 2344 templum
3364 2277 3608 2331 Palladis
3636 2277 3718 2331 Ex

2073 2346 2250 2416 gestis
2285 2347 2542 2416 martyrii
2596 2347 2712 2402 hac
2745 2347 3008 2415 periocha
3038 2347 3339 2414 desumpta
3377 2353 3478 2412 est,
3517 2347 3650 2403 licet
3686 2361 3720 2403 a

2073 2417 2205 2471 rudi
2233 2416 2570 2485 breviatore,
2590 2425 2692 2473 aut
2711 2418 3066 2488 descriptore
3086 2416 3676 2474 nonnihildeformata
3699 2435 3713 2472 :

2074 2501 2243 2557 quam
2288 2501 2356 2542 ex
2398 2489 2642 2558 vestigio
2691 2491 2899 2544 veteris
2933 2490 3116 2543 Roma
3149 2488 3408 2544 restituit
3439 2503 3722 2558 germana

2075 2558 2306 2613 lectioni
2333 2559 2846 2630 prastantissimus
2876 2559 3303 2630 Antiquitatum
3329 2560 3610 2629 interpres
3631 2561 3717 2616 Jo.

2075 2631 2274 2684 Petrus
2313 2629 2616 2697 Bellorius,
2664 2631 2974 2686 Nardinum
3024 2636 3276 2698 secutus,
3311 2636 3374 2685 ut
3417 2631 3628 2686 asserit
3659 2631 3718 2686 in

2075 2701 2230 2772 notis
2251 2701 2318 2755 ad
2346 2701 2615 2756 Tabulam
2639 2714 2740 2756 xm
2774 2701 3002 2772 vestigii
3027 2702 3237 2756 veteris
3267 2703 3472 2756 Roma.
3505 2701 3722 2757 Obser-

2076 2781 2167 2826 vat
2205 2771 2262 2825 in
2319 2785 2616 2840 marmore,
2671 2771 3146 2842 Ichnographiam
3198 2771 3368 2828 Urbis
3415 2773 3720 2828 exhibente

2074 2842 2182 2897 sub
2215 2842 2390 2912 impp.
2419 2844 2621 2898 Severo
2649 2847 2704 2897 et
2721 2843 3030 2908 Caracalla,
3056 2856 3230 2912 prope
3254 2843 3502 2898 Telluris
3522 2844 3717 2914 adem,

2077 2914 2386 2969 indicatam
2432 2928 2530 2983 per
2568 2913 2792 2969 litteras
2838 2915 2908 2967 ΙΝ
2951 2915 3121 2968 TELL
3150 2914 3436 2969 delineata
3460 2915 3717 2983 conspici

2074 2985 2283 3054 templa
2320 2984 2453 3052 duo,
2504 2985 2756 3053 ascripto
2809 2985 3028 3039 indicio
3071 2985 3452 3054 AEDES.......
3504 2986 3717 3041 Horum

2074 3053 2252 3111 unum
2278 3054 2549 3109 attribuit
2574 3055 2840 3109 Minerva
2868 3067 3039 3123 prope
3068 3053 3254 3110 forum
3277 3055 3597 3110 Palladium
3615 3070 3718 3112 seu

325 3125 395 3200 ad
444 3127 839 3200 Pontiﬁcatum
884 3129 1031 3200 Sixti
1066 3128 1326 3200 secundi.
1375 3129 1513 3183 Vide
1561 3132 1621 3181 in
1650 3145 1768 3182 eum
1807 3134 1962 3183 notas
1993 3140 2039 3200 ί]
2072 3126 2259 3182 forum
2278 3127 2489 3200 Nerva,
2514 3129 2569 3200 _et
2588 3125 3174 3200 comprobateuActis
3193 3127 3248 3179 S.
3272 3126 3720 3200 Gordianiihunc

323 3196 484 3269 Pagii
509 3199 665 3262 infra
703 3213 852 3251 num.
882 3195 971 3253 24.
1001 3199 1123 3254 Non
1151 3199 1334 3269 igitur
1357 3200 1641 3254 assentiar
1662 3200 1963 3255 Pearsonio

329 3266 726 3339 interpretanti
743 3266 1492 3338 translationem'corporum
1520 3271 1823 3338 utriusque
1838 3284 1967 3339 apo-

323 3337 457 3392 stoli
502 3339 571 3410 de
603 3339 724 3393 loco
755 3340 1009 3408 ipsorum
1045 3337 1307 3410 martyrii
1337 3341 1404 3394 ad
1437 3337 1800 3395 catacumbas
1835 3337 1967 3408 per-

322 3415 502 3462 actam
532 3408 707 3464 fuisse
736 3411 917 3467 Tusco
946 3418 1002 3466 et
1031 3408 1206 3466 Basso
1228 3424 1397 3478 coss.,
1427 3424 1491 3465 eo
1523 3412 1671 3480 quod
1709 3412 1766 3465 in
1802 3413 1967 3480 Depo-

320 3480 516 3551 sitione
552 3481 881 3550 Martyrium
933 3483 1089 3538 tertii
1126 3482 1391 3551 opusculi
1424 3482 1762 3536 Bucheriani
1794 3480 1968 3550 (inter

321 3550 722 3623 Prolegomena
769 3554 982 3623 nostra)
1027 3550 1354 3622 assignetur
1393 3553 1512 3607 dici
1573 3566 1634 3607 ill
1683 3553 1804 3607 Kal.
1858 3555 1968 3608 Ju-

323 3620 390 3694 lii
437 3625 707 3694 memoria
745 3620 1124 3694 depositionis
1155 3620 1313 3678 ‘Petri
1374 3625 1432 3678 in
1487 3624 1860 3692 catacumbis,
1911 3630 1967 3679 et

323 3693 484 3747 Pauli
508 3695 600 3748 vio
620 3693 872 3750 OstienSi
905 3695 1117 3750 eisdem
1135 3694 1478 3765 consulibus
1493 3695 1676 3750 Tusco
1697 3701 1752 3749 et
1770 3696 1962 3765 Basso,

322 3765 748 3837 pertinentibus
781 3768 849 3821 ad
877 3780 1090 3821 annum
1122 3763 1247 3837 268,
1281 3767 1552 3821 sexennio
1594 3771 1720 3836 post
1747 3763 1966 3837 martyé-

321 3835 473 3890 rium
504 3836 776 3907 Cornelii.
811 3838 1120 3892 Admittam
1147 3836 1316 3907 facile
1348 3850 1418 3892 ex
1447 3837 1570 3892 loco
1602 3835 1864 3907 martyrii
1891 3835 1960 3892 ad

319 3906 682 3962 catacumbas
724 3908 942 3964 idcirco
984 3908 1258 3964 translata
1297 3906 1477 3963 fuisse
1519 3909 1710 3963 eadem
1742 3906 1963 3963 Sacrata

317 3991 576 4046 corpora,
614 3979 897 4048 pracipue
926 3987 1114 4035 autem
1140 3980 1310 4048 Petri,
1351 3979 1655 4034 inchoante
1692 3993 1965 4048 persecu—

320 4049 477 4120 tione
501 4050 659 4104 Decii
693 4064 820 4106 cum
869 4051 994 4119 ejus
1031 4051 1293 4119 imperio,
1327 4064 1426 4120 per
1455 4049 1780 4104 Cornelium
1810 4063 1963 4105 anno

315 4116 465 4194 251,Δ
491 4132 556 4194 ei;
613 4120 712 4194 illa
769 4116 950 4194 causa,
992 4116 1157 4192 quam
1195 4121 1275 4176 ibi
1320 4116 1662 4194 Cestriensis
1699 4126 1964 4194 recenset

316 4191 467 4258 apud
527 4193 780 4261 Pagium,
826 4191 1026 4262 nempe
1066 4197 1126 4246 ut
1172 4194 1254 4246 ibi
1295 4195 1466 4246 tutius
1517 4192 1706 4245 haberi
1745 4201 1964 4260 possent

318 4263 599 4315 stationes.
650 4264 809 4319 Addo
856 4264 933 4332 id,
981 4263 1132 4332 quod
1167 4264 1510 4318 Cestriensis
1541 4277 1652 4317 non
1694 4263 1960 4332 attendit,

319 4345 521 4400 nempe
546 4335 910 4389 consuevisse
924 4334 1118 4389 haberi
1141 4335 1534 4390 ordinationes
1551 4334 1619 4388 ad
1652 4335 1794 4388 Petri
1819 4347 1962 4389 con—

319 4401 620 4458 fessionem
662 4406 717 4458 in
752 4406 1041 4474 Vaticano,
1073 4411 1136 4460 ut
1167 4406 1435 4474 pluribus
1485 4405 1869 4460 demonstravi
1903 4407 1960 4460 in

318 4473 801 4546 prafationetomi
822 4479 860 4538 l,
881 4473 1036 4531 num.
1052 4473 1638 4546 30:quemadmod_um
1665 4477 1964 4531 etAlexan-

2076 3199 2261 3267 ipsum
2279 3195 2462 3250 locum
2478 3195 2612 3267 ejus
2628 3196 2899 3267 martyrio
2919 3195 3243 3250 delectuma
3267 3195 3528 3263 prafecto
3551 3197 3720 3252 Urbis

2071 3265 2490 3324 Crescentiano.
2525 3265 2730 3320 Bellori
2782 3265 2948 3321 verba
2980 3267 3384 3322 transcribam.
3431 3287 3456 3319 α
3489 3268 3721 3324 Famia-

2076 3337 2488 3409 nusiNardinus
2511 3337 2742 3406 regione
2769 3350 2843 3404 IV,
2866 3337 3137 3407 templum
3151 3339 3719 3409 Tellurisinquirens

2077 3411 2134 3465 in
2180 3408 2302 3463 foro
2355 3409 2565 3468 Nerva.
2619 3409 2863 3463 advertit
2901 3409 3083 3464 Servii
3134 3409 3302 3465 verba
3348 3411 3415 3465 ad
3474 3408 3578 3464 lib.
3613 3424 3716 3464 vni

2072 3481 2370 3535 zEneidis:
2421 3481 2633 3535 Carina
2656 3485 2787 3534 sunt
2834 3480 3065 3548 aediﬁcia
3105 3483 3259 3545 facta
3303 3483 3362 3534 in
3389 3480 3719 3536 Carinarum

2072 3552 2307 3616 modum,
2367 3566 2486 3619 qua
2524 3558 2683 3604 erant
2727 3554 2878 3604 intra
2929 3553 3184 3620 templum
3230 3553 3480 3606 Telluris.
3514 3552 3718 3607 Probat

2077 3623 2218 3677 illud
2264 3624 2413 3675 intra
2445 3635 2555 3677 non
2587 3622 2893 3690 importare
2931 3637 3057 3692 qua
3089 3623 3146 3677 in
3192 3623 3402 3692 templo
3431 3629 3588 3686 sunt,
3616 3623 3714 3678 sed

2076 3692 2282 3762 templo
2319 3692 2639 3760 adjacentia
2683 3692 2948 3758 adificia,
3001 3694 3165 3763 quasi
3223 3693 3372 3749 infra
3416 3693 3712 3762 templum,

2073 3777 2184 3819 non
2231 3765 2288 3817 in
2329 3763 2559 3832 templo.
2606 3764 2968 3818 Assentimur
2997 3765 3268 3833 Nardino,
3297 3766 3393 3820 sed
3443 3764 3715 3833 ampliori

2073 3835 2542 3903 interpretatione
2575 3853 2588 3896 ;
2620 3835 2768 3891 intra
2803 3835 3073 3904 templum
3105 3835 3372 3898 Telluris,
3415 3840 3471 3890 et
3494 3837 3550 3890 in
3582 3835 3718 3890 Tel-

2069 3905 2195 3962 lure
2227 3906 2370 3960 idein
2405 3919 2548 3962 esse.
2572 3906 2840 3977 idemque
2859 3907 3175 3977 signiﬁcari
3196 3908 3487 3962 credimus
3507 3920 3575 3961 ex
3605 3919 3719 3963 no-

2070 3978 2176 4032 stri
2237 3977 2466 4048 vestigii
2516 3976 2710 4044 titulo,
2759 3976 3073 4048 referrique
3111 3978 3179 4033 ad
3225 3977 3512 4032 exteriora
3558 3977 3704 4034 loca.

2069 4049 2222 4104 Satis
2261 4047 2502 4116 probant
2551 4050 2688 4103 Acta
2727 4050 2910 4103 sancti
2941 4048 3217 4104 Gordiani
3250 4066 3262 4102 :
3310 4048 3716 4102 Clementianus

2062 4121 2319 4189 praecepit
2349 4123 2512 4187 caput
2535 4121 2585 4172 ei
2619 4121 2900 4188 amputari
2941 4124 3065 4173 ante
3095 4120 3350 4187 templum
3378 4120 3438 4172 in
3481 4121 3714 4189 Tellure,

2071 4206 2369 4260 corpusque
2394 4191 2510 4258 ejus
2520 4191 2724 4258 projici
2749 4195 2876 4244 ante
2902 4190 3348 4244 Palladisadem.
3376 4191 3718 4246 Anastasius

2069 4263 2140 4317 de
2183 4262 2320 4316 Divo
2349 4261 2647 4317 Cornelio:
2675 4260 2841 4325 Quem
2873 4265 3051 4315 tamen
3064 4261 3238 4328 jussit
3261 4262 3367 4315 sibi
3385 4265 3718 4330 prasentari

2070 4349 2192 4386 cum
2211 4335 2466 4402 prafecto
2516 4333 2672 4388 Urbis
2703 4334 2762 4385 in
2795 4333 3092 4386 Interlude.
3123 4333 3398 4388 Emendat
3426 4334 3718 4388 Nardinus

2070 4407 2130 4458 in
2165 4405 2393 4458 Tellure.
2429 4404 2577 4459 Idem
2607 4404 2897 4459 Nardinus
2931 4403 3210 4473 templum
3228 4403 3476 4457 Telluris
3512 4405 3717 4458 statuit

2072 4475 2140 4530 ad
2183 4474 2370 4531 forum
2400 4477 2610 4541 Nerva,
2647 4489 2748 4529 seu
2778 4472 3116 4542 Palladium,
3163 4472 3257 4527 ubi
3288 4485 3436 4526 nunc
3472 4473 3716 4528 adicula

315 4541 479 4613 dria,
506 4551 646 4600 teste
663 4546 922 4602 Liberato
953 4547 1011 4601 in
1043 4541 1340 4602 Breviculo
1361 4560 1483 4616 cap.
1517 4544 1604 4602 20.
1635 4548 1961 4602 Patriarcha
1991 4541 2045 4602 D
2073 4552 2282 4602 sancta
2315 4548 2503 4600 Maria
2549 4546 2892 4616 Angelorum
2941 4546 2998 4598 in
3029 4541 3554 4616 viaAlexandrina,
3590 4557 3716 4616 qua

315 4630 616 4672 successor
644 4631 815 4686 super
848 4619 1166 4674 decessoris
1194 4617 1452 4673 defuncti
1472 4619 1963 4688 corpusexcubias

313 4687 537 4757 agebat,
572 4701 915 4761 manumque
947 4690 1234 4745 dexteram
1271 4690 1396 4757 ejus
1431 4702 1537 4761 suo
1566 4690 1741 4761 capiti
1773 4691 1965 4761 impo-g

316 4771 524 4825 nens,a
550 4759 772 4828 sepulto
798 4759 1061 4816 manibus
1080 4762 1207 4816 suis
1235 4759 1774 4829 accipebatpallium
1809 4759 1959 4814 beati

315 4829 514 4901 Marci,
555 4829 817 4901 colloque
847 4833 1185 4901 apponebat,
1218 4837 1272 4886 et
1309 4838 1447 4901 tunc
1486 4829 1741 4900 legitime
1768 4832 1962 4886 sedere

313 4899 673 4956 censebatur.
725 4899 1304 4958 Roma'seclusa'hac
1335 4899 1591 4957 defuncti
1637 4907 1962 4957 contrecta-

311 4973 494 5041 tione,
543 4987 714 5043 prOpe
749 4973 936 5029 locum
981 4975 1131 5029 Petri
1178 4973 1560 5030 confessionis
1604 4985 1668 5026 ac
1710 4973 1958 5041 depositi

313 5044 578 5113 corporis
610 5045 888 5100 stationes
933 5045 1290 5100 habebantur
1332 5046 1389 5100 in
1426 5043 1607 5100 sacris
1632 5043 1962 5101 ordinatio-

314 5114 510 5181 nibus,
549 5121 612 5170 ut
642 5122 864 5171 constat
889 5129 958 5171 ex
987 5117 1348 5172 sermonibus
1377 5115 1581 5172 Leonis
1615 5116 1825 5185 magni.
1851 5117 1960 5170 Di—

314 5186 538 5257 rigente
569 5186 750 5257 igitur
777 5187 949 5243 Decio
978 5203 1095 5243 sua
1128 5188 1547 5257 persecutionis
1576 5188 1725 5243 ictus
1755 5187 1960 5255 praci-

315 5271 459 5326 puos
484 5258 540 5311 in
564 5258 906 5320 sacerdotes,
941 5259 1279 5327 utepistola
1310 5259 1560 5314 Cornelii
1595 5265 1650 5313 et
1668 5258 1954 5328 Cypriani,

311 5333 491 5397 atque
534 5328 816 5384 Eusebius
859 5335 1160 5397 testantur,
1204 5344 1431 5386 necesse
1470 5330 1581 5385 fuit
1611 5331 1961 5385 ordinandos

310 5398 635 5454 subducere
677 5413 709 5455 a
751 5407 1023 5456 consueto
1066 5401 1337 5456 stationis
1380 5403 1520 5468 loco,
1555 5401 1807 5456 ethnicis
1843 5400 1959 5469 jam

309 5469 456 5524 satis
478 5476 612 5525 noto
642 5471 748 5526 sub
779 5472 1019 5540 imperio
1043 5473 1372 5528 Alexandri.
1399 5473 1534 5526 Cum
1563 5477 1747 5525 tamen
1770 5471 1963 5539 place-

309 5546 399 5596 ret
433 5542 649 5596 servari
694 5548 931 5597 veterem
978 5543 1452 5599 consuetudinem
1491 5542 1770 5611 vigilandi
1808 5541 1959 5609 apud

308 5625 521 5682 corpus
552 5613 840 5682 principis
867 5616 1277 5684 apostolorum,
1323 5614 1422 5684 qui
1458 5613 1516 5666 in
1555 5605 1803 5684 secunda
1832 5605 1983 5680 epi-‘

309 5684 457 5766 stola
497 5697 601 5739 sua
641 5683 1226 5766 edinerat’daturum
1257 5698 1318 5766 se
1352 5683 1585 5753 Operam
1630 5683 1957 5766 diligenter,

311 5761 378 5811 ut
407 5753 733 5825 frequentes
767 5755 996 5814 haberet
1024 5766 1149 5826 post
1177 5758 1396 5813 obitum
1428 5769 1597 5810 suum
1631 5755 1825 5810 ﬁdeles
1845 5753 1958 5810 sibi

309 5827 676 5883 concreditos
711 5845 726 5898 ;
761 5827 867 5884 hoc
896 5829 1086 5899 ipsum
1112 5842 1322 5899 corpus
1349 5827 1676 5884 fundatoris
1696 5827 1961 5884 Romana

2072 4618 2398 4688 antiquitus
2430 4613 2751 4688 tedebat'_ad
2785 4616 3044 4688 Carinas,
3079 4613 3485 4688 dividebatque
3518 4615 3716 4682 regio-

2073 4703 2170 4744 nes
2202 4684 2305 4742 via
2348 4700 2522 4741 sacra
2559 4694 2614 4742 et
2648 4685 2757 4741 fori
2789 4686 3028 4741 Romani
3060 4702 3072 4738 :
3109 4697 3234 4754 qua
3271 4684 3361 4739 via
3414 4685 3474 4738 in
3518 4689 3715 4741 nostro

2070 4760 2314 4829 vestigio
2366 4763 2626 4829 apparet.
2665 4775 2690 4806 io

2141 4826 2380 4884 Nardini
2408 4826 2474 4884 ac
2501 4827 2732 4883 Bellorii
2762 4826 3148 4882 emendationi
3175 4838 3240 4881 ac
3280 4831 3577 4882 sententia
3611 4840 3716 4882 ne—

2073 4902 2281 4957 minem
2333 4906 2469 4969 puto
2525 4897 2965 4970 refragatu_rum.
3010 4897 3239 4970 Addere
3286 4903 3477 4970 tamen
3529 4899 3710 4970 juvat,

2071 4974 2218 5042 quod
2255 4967 2422 5040 paulo
2449 4977 2581 5026 ante
2613 4967 2956 5036 indicabam,
3006 4969 3064 5022 in
3093 4970 3254 5042 actis
3281 4968 3716 5042 Deciumexhi—

2072 5038 2192 5098 beri
2220 5038 2530 5110 jubentem,
2574 5048 2637 5096 ut
2670 5046 2944 5110 prasente
2977 5038 3240 5108 prafecto
3285 5039 3452 5093 Urbis
3481 5039 3595 5094 sibi
3625 5040 3716 5094 si—

2071 5120 2316 5170 steretur
2342 5113 2678 5168 Cornelius:
2713 5125 2879 5181 quem
2913 5111 3160 5166 subinde
3185 5111 3255 5166 ad
3287 5111 3486 5165 Martis
3506 5110 3713 5165 deduci

2073 5186 2330 5254 imperat,
2381 5191 2436 5240 et
2484 5183 2765 5238 nolentem
2815 5182 3139 5237 sacriﬁcare
3191 5181 3373 5254 capite
3425 5184 3708 5254 truncari.

2069 5251 2227 5311 Decii
2269 5255 2425 5310 ﬁlius
2455 5255 2830 5320 Hostilianas,
2861 5255 3090 5309 nomine
3131 5254 3273 5307 Decii
3305 5251 3715 5323 intelligendus

2073 5328 2167 5382 hic
2222 5333 2352 5382 est:
2409 5340 2575 5395 quem
2639 5332 2932 5394 pr0pterea
2973 5326 3194 5379 Decium
3248 5323 3510 5377 Casarem
3575 5323 3714 5378 Acta

2071 5408 2290 5467 semper
2315 5397 2600 5466 appellant
2629 5415 2641 5449 :
2677 5402 2798 5451 erat
2839 5395 2990 5450 enim
3033 5396 3273 5467 Casara
3308 5399 3464 5467 pat_re
3488 5399 3715 5467 creatus

2071 5464 2576 5538 antequam'Urbe
2625 5467 2944 5522 discederet
2999 5464 3329 5538 adbellum
3371 5465 3714 5538 Scythicum

2071 5554 2199 5595 cum
2221 5536 2430 5608 majore
2452 5545 2589 5593 natu
2612 5538 2733 5594 ﬁlio
2753 5539 2821 5606 Q.
2861 5537 3142 5592 Herennio
3165 5536 3284 5608 (qui
3308 5536 3714 5608 etiamiDecius

2073 5606 2406 5667 nominatur
2434 5611 2492 5665 in
2525 5610 2778 5665 nummis
2797 5606 3374 5676 etinscriptionibus)
3398 5614 3451 5662 et
3486 5607 3543 5661 in
3569 5606 3714 5662 Urbe

2073 5683 2309 5738 relictus
2342 5702 2354 5737 :
2387 5681 2484 5738 ubi
2533 5688 2658 5752 post
2688 5681 2909 5752 obitum
2938 5679 3117 5748 patris
3145 5684 3198 5733 et
3231 5676 3427 5752 fratris
3455 5677 3713 5748 Augusto

2074 5755 2314 5823 imperio
2363 5749 2593 5810 auctum
2635 5766 2765 5808 cum
2813 5751 2995 5818 Gallo,
3022 5764 3070 5823 7a
3110 5763 3224 5820 quo
3261 5749 3563 5823 adOp_ta_tus
3603 5755 3709 5815 est,

2073 5821 2347 5883 memorat
2376 5827 2590 5884 Victor.
2620 5825 2782 5881 Hunc
2807 5823 2989 5895 igitur
3010 5822 3273 5892 juvenem
3293 5821 3519 5891 judicia
3543 5830 3714 5875 exer-
