4070 6178
411 320 550 380 4383

1639 315 1998 374 ANASTASII
2033 317 2576 375 BIBLIOTHECARII

3665 317 3811 377 4384

399 460 549 502 mum
583 448 671 500 est
692 443 842 514 quod
873 441 1088 498 sentire
1128 452 1486 514 nequaquam
1516 440 1788 497 debemus
1809 453 2046 514 ac‘pro-
2070 445 2125 503 A
2155 443 2292 510 hac,
2349 445 2652 514 quaerenda
2698 449 2783 499 est
2837 444 2897 498 in
2936 443 3337 499 occasionibus
3367 443 3601 504 oblatis,
3646 450 3704 500 et
3750 446 3809 500 in

397 531 428 572 n
441 518 682 578 untiare,
706 512 838 569 licet
854 515 1172 583 indignitas
1188 513 1252 566 ad
1267 513 1426 566 missi
1450 514 1715 566 criminis
1735 512 2047 581 peculiaris

398 587 789 643 vehementius
837 585 978 638 illud
1031 583 1348 652 impelleret
1373 584 1438 636 ad
1477 583 1680 638 thesim
1724 584 2042 651 genericam

401 660 528 726 plus
554 660 711 725 justo
743 656 1164 726 quodammodo
1192 655 1698 722 perstringendam.
1736 655 1888 708 Hanc
1913 667 2044 708 vero

396 724 786 797 exceptionem
819 728 1045 795 generis
1078 724 1288 797 inferre
1322 737 1550 797 necesse
1593 731 1679 779 est
1715 737 1783 779 ex
1816 725 1895 797 iis
1919 738 2044 794 quae

395 803 450 855 S.
492 795 797 866 episcOpus
825 797 1081 851 centenis
1134 796 1188 849 in
1224 795 1367 850 locis
1405 796 1619 850 diserte
1649 795 1927 864 expressit
1974 797 2044 850 de

397 881 663 938 suprema
693 869 976 938 dignitate
1007 869 1268 938 Romanis
1299 866 1488 921 sedis:
1526 880 1696 936 quam
1733 867 2039 936 imaginari

2154 516 2688 584 Opportunitatibus
2723 529 2788 569 ac
2821 515 3260 570 necessitatibus
3315 516 3579 569 Ecclesiae
3611 517 3808 584 eXpli-

2153 587 2304 642 catio
2331 587 2424 640 illa
2451 593 2502 640 et
2534 586 2802 640 enodatio
2824 587 3045 653 jurium
3068 593 3324 655 augusta:
3359 587 3495 640 huic
3513 587 3638 641 sedi
3663 589 3811 641 divi-

2155 659 2315 712 nitus
2344 656 2776 716 attributorum,
2813 658 2963 711 unde
2995 657 3128 711 licet
3157 657 3478 711 eorumdem
3507 659 3808 712 extensio-

2153 741 2276 782 nem
2310 727 2722 796 amplissimam
2756 727 2982 796 plenius
3014 740 3428 797 recognoscere.
3467 729 3522 782 L.
3557 730 3807 798 Cypria-

2153 813 2282 866 nus,
2317 800 2414 868 qui
2469 798 2665 866 procul
2694 798 2873 853 dubio
2904 799 3231 868 rec0gnovit
3260 800 3317 852 in
3349 799 3602 853 Romana
3652 800 3807 854 Petri

2152 871 2282 924 sede
2321 870 2605 939 principia
2652 871 2800 924 unde
2834 870 2890 924 in
2939 882 3061 924 eam
3091 869 3354 924 derivant
3398 871 3670 924 universa
3707 871 3808 925 illa

397 937 548 996 certe
612 937 963 1010 nonipotuit
1022 951 1087 1010 ac
1138 937 1432 1010 traducere
1484 943 1755 1010 tanquam
1817 938 2040 1010 inanem
2146 941 2276 1009 jura
2310 937 2760 1010 principalitatis
2786 954 2850 995 ac
2883 941 3286 1010 praerogativae,
3309 942 3679 995 continenter
3712 955 3809 1010 per

397 1011 634 1066 titulum
666 1009 824 1065 nullo
848 1009 1212 1064 auctoritatis
1238 1010 1432 1077 vigore
1460 1022 1525 1063 ac
1546 1009 1871 1064 substantia
1902 1007 2042 1063 soli-

399 1085 617 1138 datum.

467 1155 525 1208 Id
573 1151 797 1206 tandem
867 1163 1134 1219 reponam
1194 1150 1363 1205 tertio
1431 1150 1776 1220 scriptorum
1849 1149 2040 1221 generi

395 1230 558 1278 antea
606 1223 902 1277 indicato:
951 1223 1088 1291 quid
1142 1221 1273 1275 inde
1315 1228 1722 1291 consequatur,
1775 1221 1826 1275 si
1870 1222 2042 1276 etiam

394 1296 594 1350 demus
619 1295 759 1363 jura
776 1298 984 1348 sancta:
1013 1293 1176 1347 Sedis
1209 1291 1435 1360 plenum
1468 1306 1533 1346 ac
1561 1292 1804 1363 liberum
1833 1293 2044 1346 exerci-

395 1367 541 1419 tium
568 1361 841 1433 consequi
872 1377 978 1418 non
1003 1376 1224 1431 semper
1257 1365 1510 1431 potuisse
1541 1361 1833 1431 prioribus
1864 1363 2046 1418 Eccle-

393 1438 496 1490 sia:
535 1435 766 1490 szeculis
813 1435 962 1502 apud
1014 1435 1313 1488 universas
1361 1434 1684 1500 provincias
1726 1433 1886 1488 orbis
1917 1447 2043 1502 quae

393 1507 505 1561 ﬁde
527 1507 856 1560 Christiana
899 1510 1017 1558 tum
1053 1504 1329 1573 temporis
1365 1505 1774 1572 induebamur,
1823 1517 2046 1574 praepe-

393 1577 692 1633 dientibus
717 1576 1037 1632 obstaculis
1057 1577 1538 1646 persecutionum,
1562 1576 1813 1645 aliisque
1834 1577 1901 1631 ad
1929 1589 2043 1630 rem

395 1649 544 1702 tanti
601 1647 869 1702 momenti
923 1646 1321 1701 stabiliendam
1357 1660 1467 1702 non
1518 1645 1832 1716 defuturis,
1879 1647 2042 1717 quid,

399 1719 656 1789 inquam,
702 1719 835 1772 inde
864 1722 1250 1787 consequetur
1275 1718 1303 1772 ‘I

516 1807 690 1855 Tantae
721 1805 873 1854 molis
905 1808 1012 1854 erat
1045 1805 1401 1854 Romanorum
1439 1806 1662 1855 condere
1695 1809 1921 1866 gentem.

393 1885 556 1943 Nihil
587 1892 834 1942 attamen
865 1885 1191 1941 evidentius
1220 1890 1322 1940 aut
1354 1885 1579 1940 ﬁrmius
1609 1885 2046 1941 constabilitum

394 1972 454 2012 se
483 1957 828 2024 manifestat,
863 1971 1030 2026 quam
1085 1957 1483 2028 primordialia
1513 1963 1569 2011 et
1598 1957 1911 2028 originalia
1945 1957 2047 2012 illa

389 2030 519 2097 jura
549 2030 812 2084 Romana:
835 2028 1118 2083 cathedrae
1149 2027 2046 2096 aciurisdictionis.'Consulan—

395 2107 490 2154 tur
517 2100 750 2154 oracula
781 2099 1108 2154 divinarum
1150 2100 1602 2167 Scripturarum,
1643 2105 1700 2152 et
1730 2099 1866 2154 libri
1895 2099 2044 2153 anti-

393 2183 636 2240 quorum
667 2172 893 2224 Patrum
922 2169 1324 2224 vetustissima:
1366 2170 1698 2224 traditionis
1718 2176 2041 2240 sequestres

396 2241 499 2295 hoc
533 2239 700 2294 nobis
727 2241 1051 2309 depositum
1081 2246 1525 2310 praeservantes;
1571 2239 1860 2296 constabit
1903 2241 2044 2296 nul-

393 2311 505 2366 lam
559 2317 890 2380 potestatem
942 2311 1000 2365 in
1034 2313 1205 2366 terris
1253 2312 1582 2367 evidentius
1609 2325 1673 2366 ac
1724 2311 2042 2367 solemnius

391 2387 893 2454 auctoramentum,
921 2381 1177 2438 obtinere
1207 2396 1240 2438 a
1272 2382 1441 2439 verbo
1471 2396 1535 2438 ac
1565 2382 1687 2454 lege
1716 2384 1836 2452 Dei,
1870 2396 2039 2454 quam

396 2452 553 2509 illam
608 2453 663 2506 S.
704 2453 834 2508 Sedi
866 2453 935 2509 de
976 2467 1087 2524 qua
1135 2454 1430 2524 loquimur
1462 2455 1539 2509 ita
1568 2452 1919 2510 concessam.
1957 2455 2036 2510 Ad

399 2630 502 2644 ’,μδ-
529 2635 564 2640 ρ...
586 2634 704 2641 _.._,_.
721 2635 891 2642 ⁵...----
906 2636 1132 2643 -——_—.---
1147 2637 1188 2642 ς.

1243 2636 1650 2645 —_———_————.

1534 2793 1797 2861 XXIII.

1651 2631 2674 2642 ~—..—_._.._._——————_—--_______—.__.._.__.-.
2693 2632 2764 2636 -_..-

2154 1013 2333 1081 ipsam
2417 1024 2677 1081 possessa
2737 1017 2793 1066 et
2849 1013 3099 1067 exercita
3167 1011 3397 1066 saeculis
3451 1015 3807 1076 consecutis,

2151 1082 2378 1150 Opinari
2420 1086 2627 1150 potuit,
2671 1083 2894 1151 judicia
2925 1082 3442 1138 ecclesiasticorum
3475 1083 3714 1138 deﬁniri
3749 1097 3812 1138 ac

2151 1155 2450 1208 terminari
2485 1160 2744 1222 oportere
2765 1154 2820 1208 in
2844 1153 3056 1208 eisdem
3087 1153 3402 1222 provinciis
3428 1153 3527 1208 ubi
3556 1153 3812 1209 subortaa

2153 1224 2812 1292 fuerantaccusationes;
2828 1225 3065 1294 quemad
3077 1225 3199 1280 mod
3212 1239 3240 1278 u
3255 1239 3302 1278 m
3317 1225 3563 1279 credidit
3579 1225 3810 1280 nullum

2149 1309 2273 1351 esse
2313 1296 2694 1366 quodcunque
2733 1295 3036 1364 baptisma,
3085 1309 3116 1366 a
3148 1296 3353 1364 quovis
3403 1295 3806 1351 haereticorum

2157 1381 2359 1436 genere
2407 1367 2818 1421 ministratum.
2865 1368 3009 1422 Num
3057 1365 3274 1421 idcirco
3328 1366 3383 1420 id
3416 1373 3536 1420 erat
3579 1368 3811 1422 veritati

2151 1451 2465 1493 consonum
2499 1439 2647 1507 quod
2684 1438 2762 1492 ita
2790 1437 3072 1506 Cypriano
3111 1437 3458 1492 videbatur?
3488 1437 3638 1492 Num
3671 1453 3811 1493 usus

2153 1509 2500 1565 universalis
2529 1509 2922 1564 auctoritatem
2959 1507 3098 1578 legis
3133 1508 3598 1563 accommodabat
3632 1522 3812 1578 pecu-

2156 1579 2288 1635 liari
2343 1578 2744 1634 Africanorum
2779 1579 2960 1647 praxi,
3005 1583 3068 1634 ut
3093 1591 3214 1634 eam
3265 1581 3324 1633 in
3361 1593 3463 1634 sua
3508 1581 3809 1646 provincia

2153 1651 2473 1722 Cyprianus
2518 1650 2840 1722 assereret?
2887 1651 3007 1704 Non
3069 1650 3150 1705 ita
3215 1662 3369 1722 sane.
3425 1648 3804 1722 (Ecumenica

2157 1719 2403 1778 concilia
2442 1721 2511 1776 de
2543 1727 2787 1790 utroque
2829 1719 2999 1775 hocce
3055 1721 3298 1790 quaesito
3345 1721 3612 1776 consulta
3643 1721 3807 1790 pleno

2075 1824 2126 1884 B
2160 1793 2272 1884 [91"
2285 1791 3808 1884 i.’_'.i_9"P9§“?fP.9‘.9139?!lcil‘ll'i’f‘l‘iif’fnn‘i‘ff’fl":

2157 1866 2259 1919 sia:
2293 1866 2424 1932 jura
2462 1861 2573 1918 non
2613 1863 2757 1918 satis
2797 1861 3038 1917 fortasse
3066 1863 3294 1932 cognita
3334 1869 3436 1917 aut
3463 1876 3736 1932 expressa
3774 1878 3804 1918 a

2159 1942 2404 2004 martyre
2443 1935 2747 2004 Cypriano.
2788 1933 3046 1988 Concilia
3105 1933 3207 1988 illa
3260 1940 3715 2003 recognoverunt
3752 1942 3806 1988 et

2153 2007 2512 2062 admiserunt
2541 2005 2637 2074 jus
2679 2004 3098 2066 provocationis
3119 2004 3187 2058 ad
3215 2004 3268 2059 S.
3302 2005 3498 2060 Sedem
3529 2010 3801 2074 tanquam

2153 2092 2330 2133 unum
2353 2091 2420 2132 ex
2446 2076 2748 2132 attributis
2777 2089 3054 2144 supremae
3086 2075 3258 2144 hujus
3292 2077 3574 2146 dignitati
3602 2090 3671 2130 ac
3703 2090 3805 2144 po—

2153 2149 2344 2204 testati
2372 2148 2613 2203 adnexis
2646 2165 2664 2213 ;
2693 2160 2803 2202 non
2835 2159 3001 2202 secus
3025 2160 3089 2201 ac
3118 2149 3242 2214 ejus
3274 2145 3523 2201 ﬁdelitas
3557 2148 3805 2202 inviola-

2150 2219 2287 2274 bilis
2308 2222 2365 2274 in
2394 2219 2767 2274 custodiendo
2795 2217 2923 2272 ﬁdei
2947 2217 3207 2286 deposito
3234 2218 3358 2272 suis
3383 2218 3442 2271 in
3463 2219 3718 2272 decretis
3736 2218 3798 2272 ad

2151 2290 2420 2360 baptismi
2440 2290 2791 2345 validitatem
2817 2288 3264 2360 pertinentibus,
3289 2289 3401 2360 rite
3422 2288 3493 2342 ab
3514 2289 3804 2344 bsereticis

2148 2362 2198 2416 si
2229 2359 2596 2417 conferatur:
2635 2360 2782 2430 quod
2813 2359 2936 2414 loco
2965 2373 3071 2414 suo
3115 2361 3172 2414 in
3207 2359 3466 2430 proxime
3494 2372 3803 2416 recensen-

2148 2433 2241 2489 dis
2273 2431 2640 2504 pontiﬁcibus
2671 2431 2767 2485 ﬁet
2805 2430 3189 2487 manifestum.

3267 2628 3360 2634 --ν
3381 2631 3386 2634 .
3402 2627 3630 2636 4----ὡφς..
3659 2626 3787 2635 ___-

1885 2789 2256 2860 SANCTUS
2333 2789 2666 2862 LUCIUS.

1350 2970 1528 3016 ANNO
1567 2968 1823 3016 CHRISTI
1866 2951 2005 3026 255,
2041 2967 2224 3013 GALLI
2252 2969 2334 3013 ET
2373 2967 2724 3014 VOLUSIANI
2751 2951 2811 3010 2.

1883 3117 2276 3131 ’.ι’-*αι*

708 3235 838 3302 23.
883 3232 1128 3301 Lucius
1185 3235 1459 3300 natione
1517 3236 1772 3300 Tuscus
1804 3246 1878 3316 α,
1940 3235 2020 3300 de
2072 3235 2341 3300 civitate
2390 3237 2589 3315 Luca,
2650 3251 2732 3298 ex
2775 3238 2961 3315 patre
3017 3231 3288 3313 Lucino,
3348 3229 3522 3298 sedit
3577 3248 3797 3297 annos

628 3338 789 3415 tres,
822 3352 1082 3400 menses
1111 3339 1275 3416 octo,
1329 3336 1473 3399 dies
1501 3339 1640 3398 tres
1669 3335 1697 3378 δ
1727 3379 1740 3394 .
1798 3335 2145 3413 Martyrio
2188 3338 2574 3397 coronatur.
2610 3336 2780 3397 Fuit
2807 3337 3031 3397 autem
3062 3333 3473 3414 temporibus
3506 3332 3708 3396 Galli
3736 3336 3796 3394 et

631 3433 992 3500 Volusiani
1039 3451 1250 3516 usque
1295 3435 1386 3498 ad
1422 3433 1863 3498 Valerianum
1908 3434 2186 3496 tertium
2235 3437 2300 3496 et
2357 3432 2795 3496 Gallicanum
2823 3445 2848 3474 ο
2883 3481 2896 3493 .
2931 3433 2960 3474 ἀ
3009 3433 3148 3494 Hic
3175 3431 3415 3494 exsilio
3458 3430 3614 3511 fuit
3644 3433 3796 3493 rele-

624 3535 852 3612 gatus,
936 3537 1169 3614 postea
1250 3536 1430 3596 nutu
1508 3533 1638 3595 Dei
1709 3529 2076 3594 incolumis
2142 3531 2233 3594 ad
2303 3529 2684 3594 Ecclesium
2761 3547 3072 3594 reversus
3153 3533 3276 3592 est.
3340 3529 3480 3592 Hic
3539 3545 3796 3609 praece-

544 3635 583 3695 5
620 3633 734 3714 pit
780 3635 860 3696 ut
919 3633 1048 3695 duo
1109 3630 1500 3714 presbyteri
1549 3634 1615 3693 et
1669 3634 1810 3694 tres
1857 3630 2130 3694 diaconi
2183 3630 2264 3692 in
2327 3629 2507 3691 omni
2555 3628 2691 3692 loco
2759 3629 3142 3710 episcopum
3207 3645 3343 3690 non
3409 3628 3795 3691 desere-rent

615 3735 907 3813 propter
981 3729 1442 3794 testimonium
1522 3728 2070 3793 ecclesiasticum.
2144 3727 2277 3802 Qui
2332 3728 2538 3791 etiam
2602 3743 2644 3789 a
2707 3727 3061 3792 Valeriano
3120 3726 3341 3807 capite
3421 3729 3792 3790 truncat-as

625 3833 724 3890 est
775 3847 846 3890 III
881 3829 1122 3892 Nonas
1173 3827 1426 3890 Martii
1453 3838 1478 3867 θ
1534 3825 1656 3888 Hic
1707 3829 2098 3906 potestatem
2146 3824 2327 3887 dedit
2378 3823 2595 3886 omnis
2650 3823 2959 3886 Ecclesiae
3031 3824 3364 3904 Stephano
3433 3824 3794 3886 Archidia—

623 3942 785 3986 cono
823 3941 964 4002 suo,
1022 3923 1184 3986 dum
1229 3924 1312 3985 ad
1366 3922 1745 4002 passionem
1789 3926 2115 4003 pergeret.
2172 3923 2310 3986 Hic
2360 3921 2528 4002 fecit
2579 3922 3048 3984 ordinationes
3091 3922 3264 3984 duas
3315 3936 3448 4001 per
3507 3939 3789 3984 mensem

626 4019 1003 4083 Decembris
1049 4043 1061 4081 :
1109 4019 1543 4101 presbyteros
1608 4025 1925 4101 quatuor,
1993 4021 2307 4084 diaconos
2363 4022 2678 4100 quatuor,
2734 4019 3074 4099 episcopos
3121 4034 3251 4098 per
3306 4019 3586 4080 diversa
3656 4018 3790 4080 loca

505 4121 578 4180 10
636 4132 911 4179 numero
961 4122 1095 4180 tres
1127 4117 1150 4158 ί
1192 4165 1206 4179 .
1268 4119 1402 4193 Qui
1436 4118 1645 4181 etiam
1692 4119 2010 4199 sepultus
2057 4123 2156 4183 est
2201 4119 2276 4181 in
2331 4117 2689 4180 cameterio
2751 4115 3038 4194 Caliati,
3074 4116 3187 4180 cia
3213 4114 3467 4196 Appia,
3504 4134 3629 4178 VIII
3657 4120 3792 4178 Ka-

623 4213 802 4276 lend.
839 4213 1194 4294 Septemb.
1225 4220 1289 4279 et
1319 4217 1608 4279 cessavit
1643 4217 2072 4297 episcopatus
2101 4217 2242 4280 dies
2269 4215 2554 4294 triginta
2581 4213 2901 4295 quinque.

1544 4349 2039 4411 CATALOGUS
2079 4350 2235 4412 SUB
2266 4347 2624 4410 LIBERIO.

461 4455 707 4520 Lucius
757 4473 970 4519 annos
1000 4456 1154 4534 tres,
1206 4469 1468 4517 menses
1507 4459 1671 4533 octo,
1725 4453 1866 4516 dies
1920 4454 2162 4518 decem.
2225 4455 2379 4518 Fuit
2408 4451 2817 4532 temporibus
2865 4451 3047 4516 Galli
3076 4455 3142 4515 et
3168 4449 3545 4530 Volusiani,
3577 4464 3789 4531 usque

380 4556 735 4617 Valeriano
787 4573 857 4616 III
928 4557 992 4617 et
1036 4554 1348 4617 Gallieno
1399 4571 1469 4614 II.
1502 4553 1628 4614 Hic
1655 4554 1854 4615 exsul
1883 4553 2035 4628 fuit,
2095 4557 2161 4615 et
2206 4556 2432 4632 postea
2461 4554 2633 4614 nutu
2672 4551 2816 4633 Dei,
2870 4551 3229 4614 incolumis
3277 4549 3360 4612 ad
3409 4549 3781 4612 Ecclesiam

380 4668 684 4717 reversus
720 4656 842 4717 est.
890 4653 1186 4717 Decessit
1215 4670 1283 4714 III
1323 4655 1548 4716 Nonas
1597 4652 1820 4714 Martii
1863 4670 2029 4715 coss.
2078 4651 2574 4734 suprascriptis.

1516 4785 1690 4829 NOTU
1699 4787 1792 4828 LE
1835 4786 2250 4831 MARGINALES
2301 4786 2420 4828 FAB
2428 4784 2647 4829 RO'I‘TI.

447 4915 477 4947 ι
503 4904 604 4972 CB,
635 4903 867 4959 natione
902 4902 1188 4957 Romanus
1214 4915 1282 4956 ex
1310 4907 1467 4970 patre
1498 4902 1832 4972 Porphyrio.

379 5049 524 5106 Non.
636 5044 660 5088 f
691 5046 793 5114 CB,
833 5049 1069 5114 septem.

1955 4900 2060 4955 bB.
2092 4901 2327 4955 biennio
2355 4903 2569 4955 minus.

447 4915 477 4947 ι
503 4904 604 4972 CB,
635 4903 867 4959 natione
902 4902 1188 4957 Romanus
1214 4915 1282 4956 ex
1310 4907 1467 4970 patre
1498 4902 1832 4972 Porphyrio.
1955 4901 2060 4971 bB,
2092 4901 2327 4958 biennio
2355 4903 2569 4958 minus.
2681 4911 2707 4940 ο
2736 4902 2798 4968 Β,
2830 4914 2863 4956 a
2884 4915 3029 4958 coss.
3065 4901 3228 4958 Gallo
3259 4904 3312 4956 et
3336 4901 3378 4955 V

377 4978 660 5033 lerianum
684 4982 740 5030 et
776 4973 1122 5030 Gallienum.
1157 4972 1214 5043 C,
1243 4974 1556 5029 secundum
1588 4993 1602 5043 ς
1648 4973 1706 5042 C,
1745 4973 2072 5030 Gallienum
2095 4987 2242 5030 coss.
2320 4971 2349 5014 ἀ
2390 4974 2526 5030 Vide
2582 4973 2764 5027 Baron
2801 4973 3028 5028 adcum.
3055 4970 3162 5030 255
3185 4968 3378 5028 et257.

2681 4911 2707 4940 ο
2736 4902 2798 4968 Β,
2830 4914 2863 4956 a
2884 4915 3029 4958 coss.
3065 4899 3228 4958 Gallo
3259 4904 3312 4956 et
3336 4899 3534 4956 Volus.
3564 4901 3639 4958 ad
3679 4901 3785 4956 Va-

2681 4986 2764 5025 -οη
2801 4973 2875 5028 ad
2895 4989 3028 5028 ann.
3055 4970 3162 5030 255
3185 4978 3232 5027 et
3252 4968 3378 5028 257.
3529 4980 3552 5008 °
3585 4975 3694 5030 CB.
3731 4983 3779 5028 tv

1676 5143 1958 5210 VARIE
1997 5142 2458 5207 LECTIONES
2504 5168 2507 5170 ·

655 5248 828 5320 Apud
857 5249 1164 5304 Fabrottum
1193 5262 1260 5302 ea:
1296 5247 1471 5302 codice
1495 5248 1734 5304 Freheri.

443 5341 604 5397 Num.
649 5336 740 5401 23,
774 5339 870 5408 lin.
918 5335 966 5402 4,
1015 5339 1129 5404 AB,
1162 5336 1390 5392 natione
1425 5337 1732 5408 Romanus,
1764 5351 1830 5394 ex
1865 5346 2022 5408 patre

371 5411 706 5482 Porphyrio,
734 5411 814 5463 lin
841 5407 918 5482 ἓξ
940 5410 1057 5479 ΑΒ,
1087 5422 1304 5464 menses
1347 5414 1481 5465 tres.
1530 5409 1628 5464 lin.
1660 5407 1713 5478 9,
1745 5407 1932 5480 presb.
1963 5409 2017 5482 3,

373 5482 452 5534 lin
484 5477 591 5550 '40',
617 5477 855 5537 numero
883 5477 939 5536 7.

618 5570 705 5622 Ea:
732 5570 910 5624 codice
934 5570 1114 5636 Regio,
1143 5569 1422 5624 Mazarino
1443 5574 1491 5624 et
1525 5570 1768 5625 Thuano.

440 5655 568 5730 Lin.
593 5654 643 5724 4,
676 5657 906 5730 natione
926 5657 1234 5730 Romanus,
1258 5671 1324 5712 ex
1349 5663 1506 5725 patre
1531 5660 1866 5730 Porphyrio.
1897 5660 2018 5717 sed.

369 5739 503 5798 ann.
538 5725 589 5795 3,
618 5796 629 5798 Α
659 5740 730 5780 m.
774 5725 827 5790 3,
856 5727 911 5779 d.
947 5725 1000 5781 3.
1033 5729 1165 5783 Fuit
1193 5734 1380 5784 autem
1413 5725 1800 5798 temp.ilin.'3,
1833 5732 1927 5786 hic
1958 5733 2018 5788 in

370 5797 575 5853 exsilio
609 5796 740 5864 fuit,
790 5803 982 5863 postea
1031 5807 1176 5852 nutu
1207 5801 1266 5852 D.
1299 5800 1397 5852 lin.
1425 5800 1459 5855 6
1501 5796 1556 5854 et
1578 5797 1632 5867 7,
1661 5796 2019 5860 ecclesiasti—

369 5880 520 5924 cum.
551 5868 655 5924 ilic
694 5870 1027 5936 potestatem
1047 5867 1209 5922 dedit
1237 5870 1426 5926 omnis
1457 5871 1721 5928 Ecclesiae
1745 5873 1800 5928 S.
1829 5875 1928 5930 lin.
1958 5873 2014 5946 8,

2133 5256 2420 5320 pergeret;
2455 5252 2555 5320 qui
2579 5251 2747 5308 etiam
2782 5266 2815 5308 a
2835 5249 3138 5307 Valeriano
3159 5248 3346 5318 capite
3371 5253 3687 5304 truncatus
3705 5253 3785 5320 est

2131 5317 2196 5448 in
2219 5317 2378 5448 Nam.
2404 5317 2506 5378 Hic
2535 5321 3082 5380 fecitordinationes
3103 5317 3338 5390 tres’per
3367 5333 3450 5375 In.
3486 5320 3554 5374 D.
3591 5321 3695 5374 lin.
3728 5317 3786 5374 4O

2155 5406 2253 5449 oca
2313 5434 2325 5446 .

2555 5467 2643 5520 Ea:
2682 5467 2860 5520 codice
2911 5466 3134 5520 Thuano
3163 5464 3354 5518 altero.

2199 5556 2324 5625 Lin.
2354 5551 2404 5625 4,
2430 5555 2661 5611 natione
2677 5557 2984 5622 Romanus,
3008 5568 3076 5609 ex
3112 5558 3268 5625 patre
3291 5551 3630 5625 Porphyrio.
3664 5550 3782 5625 sed.

2131 5639 2265 5682 ann.
2285 5623 2338 5692 3,
2367 5619 2436 5696 In.
2467 5625 2521 5682 3.
2551 5628 2645 5682 lin.
2667 5626 2720 5696 3,
2745 5627 2839 5682 hic
2861 5627 2920 5682 in
2949 5619 3160 5682 exsilio
3183 5623 3294 5680 fuit
3318 5619 3533 5694 postea.
3567 5623 3668 5676 lin.
3701 5619 3781 5691 40,

2131 5710 2370 5754 numero
2397 5694 2452 5753 7.

2377 5787 2546 5857 Apud
2592 5789 2932 5843 Holstem'um
2979 5792 3030 5842 et
3064 5785 3524 5842 Schclcstratium.

2196 5875 2317 5931 Lin.
2357 5872 2409 5947 4,
2448 5876 2596 5946 Vat.,
2629 5878 2757 5945 Reg.
2785 5882 2835 5932 et
2860 5878 3007 5932 Flor.
3043 5876 3170 5947 duo,
3206 5875 3497 5930 Romanus
3521 5886 3590 5928 ex
3619 5876 3771 5942 patre
