4070 6178
249 383 388 440 4389

1137 385 1449 442 HISTORIA
1491 387 1578 440 DE
1619 384 1791 440 VITIS
1833 382 1996 438 ROM.
2042 384 2236 441 PONT.
2279 414 2352 424 —
2386 388 2442 443 S.
2483 387 2894 443 STEPHANUS.

3499 382 3640 443 4390

247 507 357 563 ﬁne
385 516 514 576 cap;
556 503 611 572 6,
639 504 871 578 dissert.
897 502 943 578 2
963 504 1235 578 antiquit.
1273 506 1423 562 Eccl.
1456 505 1744 561 deﬁniunt
1771 509 1885 559 octo
1909 506 1967 567 A
1992 503 2133 578 253;
2183 512 2240 562 et
2280 509 2440 563 Lucii
2472 508 2810 578 martyrium
2846 509 3031 577 pariat
3059 526 3189 568 cum
3212 514 3309 572 die
3340 528 3402 569 ιιι
3444 518 3635 574 Nonas

246 580 518 632 mensibus
545 577 706 632 Lucii
753 576 1168 647 pontiﬁcatum,
1213 576 1454 634 fortasse
1503 590 1615 632 non
1641 591 1887 646 compu-

246 657 431 705 tantes
475 657 696 718 tempus
741 649 993 717 ejusdem
1046 649 1448 719 relegationis;
1503 662 1631 704 cum
1679 655 1736 704 et
1768 649 1888 717 ipse

245 723 591 791 Stephanum
616 733 683 775 ex
708 721 1114 775 archidiacono
1137 721 1466 790 episcopum
1489 720 1769 776 vicarium
1787 733 1890 776 or—

246 794 539 850 dinaverit
571 798 636 848 ut
669 791 996 848 videbimus
1019 805 1253 847 numero
1283 792 1569 863 sequenti.

816 929 969 972 ΝΟΤᾸΞ
1001 929 1300 973 ΗΙΞΤΟΒῘΕΕ
1311 958 1324 970 .

314 1027 486 1082 Linea
511 1023 560 1094 4,
578 1023 722 1080 2.-
740 1024 929 1079 Annos
950 1039 1038 1094 lli,
1056 1040 1262 1080 menses
1287 1037 1412 1087 Vill,
1436 1025 1550 1079 dies
1574 1038 1659 1079 ιιι.
1680 1025 1813 1080 Dixi
1832 1025 1891 1080 in
1938 1067 1947 1076 .

245 1100 400 1155 notis
417 1097 863 1167 chronologicis,
890 1110 1186 1152 numerum
1210 1097 1526 1166 mensium;
1551 1097 1608 1151 in
1629 1097 1890 1165 exemplo

249 1169 536 1225 Liberiani
566 1169 808 1238 catalogi
836 1181 868 1222 a
906 1168 1129 1223 caeteris
1153 1167 1608 1236 dissentientem,
1644 1169 1888 1224 istorum

247 1241 578 1298 testimonio
607 1247 663 1294 et
694 1240 1048 1308 picturarum
1075 1240 1177 1295 aevi
1204 1239 1478 1295 Leoniani
1517 1253 1640 1295 esse
1665 1239 1734 1294 ad
1768 1245 1890 1294 ter-

245 1313 474 1370 narium
506 1311 907 1382 redigendum.

317 1385 489 1439 Linea
531 1382 582 1437 3.
605 1379 678 1422 4
716 1382 1066 1436 Valerianum
1093 1396 1157 1436 Ill
1186 1386 1234 1436 et
1265 1380 1626 1436 Gallicanum.
1671 1379 1886 1436 Ibidem

247 1456 479 1526 probavi
511 1452 920 1526 restituendam
951 1466 1074 1526 esse
1097 1453 1395 1508 lectionem
1415 1452 1798 1526 Aconsulatus,
1831 1459 1888 1508 et

243 1522 649 1596 exprimendos
678 1538 823 1579 coss.
861 1525 1306 1596 Valerianumiu
1332 1528 1380 1577 et
1401 1522 1709 1596 Gallienum
1724 1564 1737 1578 .

317 1595 490 1653 Linea
515 1595 566 1652 4.
587 1625 661 1636 —-
683 1597 782 1648 Hic
806 1597 1081 1664 praecepit,
1114 1601 1174 1649 ut
1201 1595 1306 1648 duo
1332 1595 1658 1664 presbyteri,
1686 1599 1736 1649 et
1780 1600 1886 1649 tres

243 1670 465 1724 diaconi
485 1671 543 1722 in
567 1669 711 1721 omni
731 1667 841 1720 loco
862 1669 1167 1736 episcopum
1191 1682 1300 1720 non
1324 1667 1648 1728 desererent,
1661 1671 1888 1736 propter

241 1743 605 1795 testimonium
633 1739 1063 1792 ecclesiasticum.
1107 1739 1289 1807 Supra
1315 1738 1376 1792 in
1425 1738 1682 1792 Evaristo
1715 1752 1878 1793 num.

242 1811 280 1868 6
307 1813 580 1878 vidimus,
639 1810 906 1879 episc0po
955 1809 1291 1878 praedicanti
1323 1809 1502 1864 fuisse
1539 1809 1884 1865 attributum

243 1884 582 1938 comitatum
613 1886 811 1950 septem
855 1882 1209 1935 diaconorum
1251 1884 1471 1949 propter
1501 1882 1706 1948 stylum
1733 1883 1886 1934 veri—

243 1957 396 2009 tatis.
431 1955 532 2008 Hic
557 1967 687 2008 vero
714 1954 982 2022 episcopo
1034 1952 1249 2022 ubique
1288 1951 1476 2022 agenti
1507 1951 1740 2007 comites
1787 1952 1889 2007 in-

242 2026 473 2081 dividui
503 2025 855 2094 deputantur
903 2024 1215 2095 presbyteri
1262 2023 1460 2077 saltem
1486 2023 1622 2088 duo,
1650 2023 1882 2079 diaconi

243 2103 381 2164 tres,
405 2102 628 2166 propter
649 2099 1010 2149 testimonium
1040 2097 1476 2150 ecclesiasticum.
1504 2096 1570 2148 Et
1597 2095 1701 2150 hoc
1719 2107 1886 2163 expo-

240 2169 424 2224 situm
455 2167 567 2223 fuit
612 2168 668 2221 in
720 2168 882 2238 notis
903 2167 1221 2238 Altaserrae,
1242 2235 1257 2238 Α
1281 2166 1532 2232 Bencini,
1560 2171 1617 2221 et
1643 2167 1883 2238 nostris,

243 2254 391 2310 quas
411 2238 647 2294 consule
670 2251 702 2292 a
722 2238 830 2294 col.
863 2234 998 2292 4437
1026 2239 1094 2293 ad
1128 2235 1280 2293 4446.

320 2313 490 2366 Linea
514 2310 567 2365 6.
597 2339 671 2350 ——
699 2312 883 2380 Capite
935 2314 1221 2363 truncatus
1247 2313 1325 2363 est
1369 2321 1407 2363 il
1457 2309 1642 2365 Nonas
1672 2309 1884 2362 Martii.

239 2386 346 2438 Hic
372 2387 687 2451 potestatem
711 2382 863 2436 dedit
904 2383 1077 2435 omnis
1125 2381 1376 2435 Ecclesiae
1399 2381 1668 2448 Stephano
1697 2380 1889 2433 archi—

240 2456 474 2509 diacono
505 2469 618 2519 suo,
653 2454 776 2507 dum
829 2452 904 2507 ad
929 2454 1236 2521 passionem
1260 2457 1528 2521 pergeret.
1567 2451 1713 2506 Idem
1741 2465 1889 2520 prae-

242 2527 454 2581 stitum
486 2539 516 2579 a
550 2525 846 2590 Cornelio;
881 2525 998 2579 nisi
1031 2523 1297 2593 periocha
1329 2523 1437 2577 ista
1465 2535 1533 2577 ex
1567 2523 1696 2576 Vita
1725 2523 1888 2593 Lucii

243 2597 527 2652 translata
547 2597 625 2651 sit
653 2597 710 2650 in
737 2597 917 2650 Vitam
935 2592 1213 2651 Cornelii:
1245 2595 1389 2664 quod
1413 2594 1699 2663 suspicari
1723 2592 1893 2649 facile

243 2668 385 2739 quis
418 2668 624 2736 poterit
647 2681 714 2722 ex
749 2667 966 2739 adjecta
1006 2667 1359 2739 indicatione
1381 2666 1647 2739 ejusdem
1679 2665 1797 2720 diei
1831 2666 1889 2720 in

243 2736 412 2794 tium.
440 2739 689 2794 Cornelii
722 2739 824 2793 lin.
860 2736 964 2793 23;
998 2759 1024 2790 α
1054 2741 1184 2794 Post
1217 2737 1341 2806 hoc,
1379 2737 1434 2791 id
1475 2743 1561 2791 est
1593 2750 1657 2791 lli
1700 2739 1889 2792 Nonas

242 2811 440 2866 Martii
453 2811 566 2878 jam
581 2818 710 2865 ante
722 2810 1041 2880 passionem
1057 2823 1239 2878 suam,
1260 2809 1450 2864 omnia
1463 2807 1606 2880 bona
1622 2807 1889 2864 Ecclesia:

241 2883 494 2938 tradidit
520 2878 804 2950 Stephano
824 2882 1234 2937 archidiacono
1264 2893 1391 2935 suo.
1421 2896 1446 2928 ››
1476 2878 1604 2934 Dies
1642 2880 1794 2934 enim
1823 2893 1886 2934 Ili

241 2957 440 3010 Nonas
478 2954 668 3007 Martii
699 2966 761 3007 ea
794 2950 926 3020 fuit,
971 2966 1080 3022 qua
1112 2953 1182 3008 ad
1227 2951 1561 3022 martyrium
1612 2957 1890 3022 processnt

242 3026 486 3092 Lucius,
527 3031 590 3078 ut
621 3024 714 3078 hic
744 3021 1043 3091 asseritu’r,
1077 3029 1133 3078 et
1174 3022 1435 3077 Ecclesia:
1469 3021 1674 3076 tabula:
1696 3029 1886 3077 conte-

1996 577 2188 632 Martii
2219 581 2354 633 anni
2387 575 2516 634 254.
2554 575 2635 633 lta
2665 579 2818 634 enim
2847 575 2932 648 lit,
2960 586 3022 636 ut
3051 583 3120 638 ab
3143 587 3507 643 ordinatione
3529 602 3634 644 sua

1996 649 2510 721 adepisc0patum
2565 648 2882 721 (referenda
2939 653 3007 708 ad
3063 655 3214 710 diem
3269 659 3629 714 Dominicam

1999 719 2123 774 Kal.
2180 721 2469 793 Decembr.
2515 719 2651 776 anni
2701 719 2827 788 250,
2884 737 2994 793 qua
3023 726 3276 784 vicarius
3315 731 3636 785 aCornelio

1999 792 2478 871 constituebatur)
2534 792 2916 871 numerentur
2970 797 3221 871 ejusdem
3274 802 3639 871 episcopatus

2001 864 2256 942 a_nni1u_,
2310 877 2528 942 menses
2575 878 2658 929 ιιι,
2705 870 2761 919 et
2797 866 2892 942 die
2940 864 3201 942 totidem,
3250 864 3324 929 ut'
3360 875 3419 930 in
3471 864 3639 928 nobis

2001 933 2424 1006 chronologicis
2448 936 2849 992 demonstravi.

2659 1043 2975 1102 CIACONII.

2071 1132 2242 1211 Linea
2290 1129 2343 1211 3.
2370 1161 2443 1173 —
2469 1133 2915 1211 Luciusngtione
2947 1139 3171 1211 Tuscus.
3219 1143 3298 1197 De
3345 1143 3471 1211 ejus
3499 1159 3640 1202 suc-

1998 1204 2364 1280 cessione_in
2395 1203 2526 1280 sede
2554 1204 2845 1280 pontiﬁcia
2870 1209 3122 1276 proxime
3155 1220 3281 1280 post
3307 1203 3634 1273 Cornelium

1998 1275 2119 1330 trad
2133 1280 2234 1356 unt
2260 1274 2734 1356 EusebiusLﬂist.
2759 1277 2798 1331 l.
2833 1274 2933 1356 vi},
2954 1295 3013 1356 _c_._
3029 1279 3064 1336 2
3086 1274 3356 1352 ςσριειῐιιε
3373 1289 3419 1341 lli
3429 1287 3648 1344 ilevita-

2000 1359 2130 1428 nus,
2154 1345 2254 1428 lib.
2283 1350 2540 1428 lLCOMi’a
2561 1347 2814 1428 liar‘men.
2838 1351 2930 1428 ;__S.
2952 1345 3638 1428 HieronymusdeScript.

1998 1416 2199 1499 eccles.
2219 1417 2282 1499 in
2298 1416 2505 1500 Chron.
2533 1417 2628 1500 ;IS.
2648 1416 3033 1500 Augustinus,
3058 1416 3225 1500 epist.
3255 1424 3374 1497 463,
3403 1434 3458 1483 et
3476 1416 3643 1500 S.Cy—

1999 1489 2238 1570 p_rian_ns
2271 1488 2327 1542 in
2354 1488 2600 1558 epistola
2624 1491 2693 1545 ad
2719 1488 2978 1549 eumdem
2998 1488 3236 1553 Lucium
3259 1488 3459 1570 papam
3483 1488 3643 1560 tanto

1995 1561 2121 1616 viro
2145 1559 2339 1631 digna.

2548 1650 2549 1653 “
2653 1647 2986 1707 SOMMIER.

2069 1737 2239 1818 Linea
2347 1737 2620 1818 —ﬂic_in
2637 1740 2826 1818 exsilio
2845 1742 2961 1806 fuit
2985 1744 3274 1813 relegatus,
3294 1754 3506 1818 postea,
3530 1755 3638 1808 etc.

1918 1795 1965 1857 Β
1996 1808 2168 1892 Illico‘
2191 1808 2393 1891 pulsus
2418 1807 2526 1892 fuit
2549 1809 2606 1892 in
2629 1795 2964 1892 ensi-iiuna
2997 1795 3636 1892 peréééiii’it'diihi’ﬁd

1994 1881 2344 2006 guantocius
2361 1881 2665 1936 restitutus
2679 1880 2793 1937 fuit
2811 1880 3075 1941 Ecclesia:
3093 1902 3229 1959 suae,
3243 1892 3355 1948 Deo
3368 1880 3637 1950 donante.

2045 1951 2262 2006 fricana
2295 1965 2425 2006 vero
2457 1953 2731 2006 Ecclesia.
2763 1968 2890 2006 una;
2920 1957 2988 2006 ad
3022 1961 3278 2006 eumde
3327 1965 3637 2006 gnrineprnt

2045 1951 2262 2033 fricana
2295 1965 2425 2033 vero
2457 1953 2731 2033 Ecclesia,
2763 1968 2890 2024 quae
2920 1951 3281 2033 adeumdem
3327 1965 3640 2033 scripserat

1996 2023 2460 2100 superelectione
2480 2029 2656 2100 suaet
2672 2023 2846 2100 super
2867 2027 3096 2100 exsilio,
3118 2043 3228 2087 non
3249 2023 3638 2092 omisit'etiam

1995 2096 2064 2150 de
2091 2095 2289 2176 reditu
2314 2095 2720 2176 litterasndare.
2755 2099 2886 2151 Post
2927 2095 3293 2158 enuntiatum
3338 2108 3637 2176 gaudium,

1998 2166 2228 2235 quodin
2255 2166 2525 2221 Romanis
2542 2165 2810 2223 ﬁdelibus
2830 2182 3131 2227 commune
3150 2182 3272 2230 erat
3288 2165 3642 2234 dé'restituto

1997 2237 2111 2318 sibi
2140 2235 2428 2318 pontiﬁce,
2450 2242 2507 2292 et
2529 2236 2928 2318 Africanorum
2954 2248 3101 2318 vota,
3120 2247 3478 2314 cupientium
3496 2250 3644 2318 ejus-

1997 2309 2124 2391 dem
2148 2308 2346 2389 gaudii
2369 2309 2478 2363 vim
2500 2312 2816 2391 praesentiae
2843 2313 3034 2391 fructu
3050 2308 3367 2391 cumulare,
3390 2308 3644 2376 declarat

1997 2381 2243 2457 vicarias
2264 2393 2528 2435 accessus
2549 2381 2653 2457 sui
2681 2395 2739 2436 se
2762 2381 2898 2457 dare
2919 2385 2992 2457 ad
3032 2399 3162 2442 eum
3191 2381 3433 2457 litteras,
3463 2398 3645 2447 testa—

2000 2451 2245 2531 turas'in
2273 2453 2733 2531 commnnionem
2767 2454 3336 2531 laetitiaanonminus
3357 2451 3525 2531 quam
3553 2462 3650 2518 ob-

2001 2522 2186 2606 sequii
2214 2535 2273 2606 se
2294 2537 2423 2577 cum
2453 2525 2726 2606 Romanis
2745 2526 2962 2606 venire,
2990 2527 3288 2606 ﬁdelisque
3305 2522 3646 2589 ob'edientiae

2004 2598 2362 2672 interpretes,
2388 2608 2556 2672 quam
2585 2598 2959 2672 transmarini
2979 2598 3230 2669 episcopi
3254 2616 3381 2658 cum
3405 2604 3531 2659 suis
3557 2619 3652 2672 po-

2003 2664 2158 2748 pulis
2187 2665 2297 2734 ipsi
2333 2665 2700 2748 praestabant.
2737 2664 3060 2748 Enuntiant
3082 2664 3255 2748 etiam
3309 2664 3644 2748 hujusmodi

2002 2737 2228 2803 litteras,
2263 2749 2330 2791 ex
2363 2750 2475 2807 quo
2530 2737 2810 2793 daemonis
2853 2746 3015 2796 astus
3047 2742 3264 2798 idcirco
3294 2737 3647 2802 orthodoxos

2003 2808 2392 2887 tantummodo
2420 2809 2921 2887 aggrediebantur,
2951 2813 3102 2887 quod
3137 2814 3436 2872 haereticos
3474 2825 3648 2887 atque

1999 2879 2404 2954 schismaticos
2431 2879 2550 2954 sub
2567 2886 2842 2954 potestate
2890 2879 2995 2937 sua
3025 2885 3142 2951 jam
3184 2891 3432 2954 teneret;
3465 2879 3644 2945 Deum

2001 2950 2348 3034 permisisse,
2369 2954 2430 3004 ut
2447 2951 2734 3034 malignus
2749 2952 2847 3034 ille
2860 2950 3109 3034 spiritus
3125 2950 3644 3034 tunc_suscitaverit

1999 3022 2559 3102 pe_rsecutores,_qui_
2594 3022 2652 3076 in
2692 3023 2844 3102 solos
2887 3024 3205 3102 catholicos
3260 3029 3644 3102 insurgentes,

240 3090 513 3182 stantur;
541 3095 996 3185 Cornelips‘vero
1019 3090 1115 3185 die
1146 3091 1212 3148 44
1242 3093 1599 3185 Septembris
1634 3093 1889 3185 adupas-
1915 3126 1962 3185 Ο
1999 3091 2224 3185 relictis
2271 3090 2604 3185 irnnplanida
2627 3096 3129 3185 quietssectariis,
3160 3090 3643 3182 serviren-{etiarn

241 3171 471 3225 sionem
518 3165 952 3236 perducebatur,
1004 3172 1067 3220 ut
1117 3179 1184 3220 ex
1242 3163 1888 3236 Hieronymonaliisque

240 3234 639 3308 scriptoribus
666 3251 730 3292 ac
757 3234 1118 3292 documentis
1152 3237 1211 3290 in
1247 3237 1372 3304 ejus
1405 3237 1543 3308 >Vita
1573 3234 1882 3308 observari.

245 3306 446 3366 Potuit
463 3317 706 3364 attamen
734 3309 906 3363 etiam
926 3307 1228 3363 Cornelius
1253 3306 1513 3362 eumdem
1537 3306 1891 3361 archidiaco-

248 3397 388 3438 num
409 3381 610 3436 habere
625 3379 992 3448 Stephanum,
1017 3379 1299 3449 quietiam
1319 3378 1492 3433 Lucio
1518 3376 1886 3449 ministravit,

247 3459 305 3508 et
331 3454 614 3508 diversam
635 3456 965 3521 potestatem
993 3448 1191 3520 nempe
1219 3451 1278 3504 in
1307 3450 1450 3504 bona
1473 3448 1734 3521 Ecclesiae
1759 3453 1891 3521 tem-

251 3525 473 3594 poralia
502 3525 554 3579 ei
583 3520 858 3590 conferre,
879 3528 940 3578 ut
963 3521 1153 3578 fusius
1174 3534 1446 3591 exponam
1471 3520 1530 3574 in
1559 3520 1712 3575 notis
1733 3520 1895 3575 chro-

251 3596 534 3666 nolOgicis
559 3596 628 3650 ad
658 3595 1033 3663 Stephanum.

324 3663 498 3722 Linea
556 3666 704 3721 8.—
735 3668 880 3722 Fecit
930 3666 1298 3719 ordinationes
1349 3663 1491 3717 duas
1518 3676 1615 3730 per
1661 3677 1894 3716 mensem

247 3740 575 3792 Decembris.
615 3740 741 3792 Haec
763 3738 1041 3803 indicant,
1076 3739 1392 3791 Romanum
1425 3732 1750 3803 pontiﬁcem
1772 3736 1894 3790 Lu-

249 3812 406 3865 cium
427 3811 728 3880 plusquam
751 3822 901 3864 anno
919 3807 1105 3880 solido
1123 3807 1387 3880 Ecclesia:
1410 3803 1741 3880 praefuisse;
1761 3819 1891 3861 cum

244 3881 398 3936 duas
423 3875 820 3936 ordinationes
850 3879 1117 3935 habuerit
1142 3892 1330 3933 mense
1355 3875 1672 3932 Decembri.
1707 3875 1893 3944 Quare

245 3953 628 4008 conﬁrmatur
648 3958 840 4007 nostra
858 3950 1251 4020 chronologia,
1275 3949 1571 4020 qutejuxta
1586 3947 1894 4020 Bibliothe-

245 4025 399 4078 carii
424 4029 659 4092 textum,
685 4028 812 4090 post
837 4022 1058 4078 obitum
1087 4018 1338 4092 Cornelii
1364 4018 1892 4092 attributisdiebus

242 4093 323 4150 35
354 4088 657 4151 vacationi'
679 4088 852 4149 Sedis.
900 4107 967 4148 ex
997 4093 1093 4147 die
1125 4089 1190 4146 44
1219 4090 1565 4161 Septembris
1597 4091 1732 4144 anni
1762 4088 1889 4158 252,

246 4180 369 4230 qua
398 4166 698 4222 Cornelius
719 4166 903 4233 capite
929 4169 1228 4219 truncatus
1251 4163 1493 4233 palmam
1519 4161 1800 4233 obtinuit,
1821 4161 1888 4216 ad

246 4235 324 4291 49
347 4237 632 4302 Octobris,
662 4232 1037 4308 qua’Lucius,
1070 4243 1200 4291 ante
1227 4232 1500 4308 vicarius,
1541 4233 1757 4308 electus
1779 4232 1892 4308 fuit

246 4323 554 4365 successor
595 4305 869 4378 Cornelii,
904 4308 1146 4377 primam
1184 4306 1605 4378 ordinationem
1655 4317 1687 4358 a
1716 4305 1892 4378 Lucio

242 4381 510 4436 Romano
566 4375 1140 4450 pontiﬁce'liabitam
1190 4377 1389 4450 referti
1416 4377 1484 4431 ad
1531 4375 1889 4450 Decembrem

1999 3162 2256 3218 nolentes
2281 3162 2376 3215 Dei
2401 3162 2666 3235 consilio,
2692 3164 2771 3218 ita
2791 3162 3144 3235 disponenti,
3171 3175 3233 3223 ut
3256 3183 3383 3224 vera
3408 3172 3539 3227 inde
3560 3173 3638 3227 di-

2000 3238 2368 3308 gnosceretur
2399 3233 3180 3308 Ecclesia,_cumnnovatorum
3217 3242 3463 3308 pudore:
3489 3243 3648 3298 testi-

2004 3303 2258 3359 monium
2284 3303 2494 3383 oppido
2511 3303 2884 3383 excellensde
2900 3314 3197 3383 constante
3216 3303 3325 3366 iide
3349 3325 3644 3383 nunquam

2003 3388 2113 3430 non
2136 3380 2351 3430 asserta
2385 3376 2649 3430 universa
2678 3376 2735 3430 in
2761 3377 3012 3433 Ecclesia
3043 3381 3142 3434 Dei
3168 3382 3238 3437 de
3263 3376 3523 3439 Romana:
3547 3386 3650 3440 hu-

1997 3447 2094 3515 jus
2117 3446 2462 3521 praestantia,
2481 3447 2648 3521 cujus
2669 3450 3003 3521 auctoritati
3025 3453 3460 3521 comprobanda:
3482 3455 3644 3512 nullo

2003 3531 2116 3572 non
2150 3524 2400 3592 tempore
2429 3518 2751 3592 inserviunt
2783 3520 2956 3575 iidem
2998 3521 3132 3592 ipsi,
3156 3518 3253 3592 qui
3280 3527 3346 3580 ad
3377 3540 3497 3582 eam
3537 3528 3646 3582 de-

2004 3589 2346 3668 struendam
2390 3590 2758 3668 animantur:
2794 3589 3127 3668 «.Vicarias:
3153 3589 3285 3668 vero
3314 3611 3415 3665 pro
3455 3598 3642 3668 nobis,

2003 3673 2126 3741 ego,
2156 3664 2212 3714 et
2239 3659 2490 3741 collegae,
2522 3669 2578 3741 et
2616 3659 2951 3741 fraternitas
2973 3665 3179 3732 omnis,
3212 3659 3403 3722 has'ad
3430 3681 3530 3741 v_os
3555 3659 3648 3741 litL

2005 3737 2155 3786 teras
2180 3732 2484 3810 mittimus,
2513 3732 2874 3810 charissime,
2906 3740 2962 3788 et
2990 3738 3647 3810 repraesentantesjvobis

2007 3816 2105 3883 per
2124 3801 2422 3883 epistolam
2444 3803 2718 3873 gaudium
2743 3807 3155 3883 no_strum,_ﬁd_a
3168 3807 3444 3879 obsequia
3459 3801 3650 3883 chari-

2004 3876 2144 3929 tatis
2163 3876 2589 3948 exponimus...
2614 3913 2626 3926 .
2650 3914 2662 3927 .
2698 3876 2850 3948 nnde
2869 3876 3166 3933 saecularis
3187 3876 3437 3948 potestas
3452 3881 3648 3936 subito

2006 3937 2356 4015 prorupérit,
2392 3949 2456 3998 ut
2484 3945 2552 3999 ad
2587 3945 3020 4003 confundendos
3050 3937 3351 4007 haereticos
3385 3958 3440 4007 et
3461 3960 3652 4008 retun-

2002 4017 2238 4093 dendos,
2281 4016 2602 4093 ostenderet
2639 4017 2921 4093 Dominus
2953 4033 3078 4093 quae
3109 4023 3186 4076 sit
3210 4024 3483 4091 Ecclesia,
3519 4023 3651 4093 quis

2003 4088 2306 4164 episcopus
2334 4088 2459 4156 ejus
2487 4101 2660 4164 unus,
2684 4087 2879 4164 divina
2901 4087 3265 4164 ordinatione
3285 4087 3648 4164 electusfqui

2004 4157 2130 4215 cum
2184 4159 2451 4228 episcopo
2509 4157 2824 4228 presbyteri
2870 4163 3210 4218 sacerdotali
3262 4165 3474 4222 honore
3505 4157 3649 4221 co'n-

1998 4231 2209 4306 juncti,
2237 4230 2685 4306 quisadunatus
2708 4237 2763 4287 et
2793 4245 2964 4288 verus
2991 4233 3204 4290 Christi
3240 4237 3508 4306 p0pulus,
3539 4239 3647 4292 Do-

2006 4302 2204 4377 minici
2238 4302 2428 4377 gregis
2479 4303 2762 4358 charitate
2784 4317 3123 4377 connexus;
3156 4302 3255 4377 qui
3288 4302 3650 4376 e‘ssent‘quos

2007 4373 2284 4446 inimicus
2306 4372 2677 4446 lacesserent;
2696 4375 2798 4444 qui
2822 4381 3046 4446 contra,
3066 4372 3280 4446 quibus
3300 4372 3570 4435 diabolus
3591 4384 3652 4434 ut

239 4453 511 4523 ejusdem
541 4438 678 4508 anni
703 4449 830 4521 252,
853 4451 1090 4507 alteram
1113 4462 1243 4506 vero
1268 4449 1336 4504 ad
1369 4446 1730 4502 Decembrem
1754 4447 1891 4502 anni
1918 4438 1974 4500 D
2005 4444 2133 4500 suis
2158 4448 2429 4513 parceret.
2454 4462 2478 4494 »
2504 4438 2812 4516 (Cyprium,
2846 4449 3004 4516 epist.
3026 4438 3141 4518 74.)

1285 4690 1546 4763 XXIV.
1634 4685 2010 4758 SANCTUS
2088 4681 2608 4760 STEPHANUS.

1205 4859 1384 4907 ANNO
1432 4858 1687 4904 CHRISTI
1725 4840 1869 4919 257,
1929 4853 2097 4901 GALII
2150 4855 2231 4899 ET
2283 4853 2635 4901 VOLUSIANI
2691 4837 2754 4901 4.

1742 4978 2154 4994 ﬂ

580 5058 691 5122 24
725 5056 1142 5141 Stephanus,
1189 5058 1469 5123 natione
1515 5060 1875 5136 Romanus,
1934 5073 2016 5120 ea
2061 5057 2270 5137 patre
2297 5051 2512 5133 Julia,
2556 5054 2737 5120 sedit
2781 5074 2992 5121 annos
3042 5060 3350 5141 quatuor,
3398 5076 3661 5127 menses

501 5157 688 5238 duos,
750 5158 894 5222 dies
955 5158 1182 5221 decem
1243 5169 1293 5220 δ.
1345 5156 1694 5238 Marti/rio
1750 5159 2128 5220 coronatur.
2207 5153 2379 5218 Fuit
2434 5157 2660 5218 autem
2709 5154 3120 5237 temporibus
3175 5157 3532 5223 Valeriani
3599 5164 3665 5226 et

506 5255 856 5321 Gallicani
882 5256 910 5299 δ
960 5261 1025 5321 et
1061 5257 1358 5322 Maximi
1398 5274 1610 5339 usque
1659 5257 1750 5321 ad
1783 5254 2225 5322 Valerianum
2262 5252 2546 5317 tertium
2587 5256 2652 5317 et
2701 5253 3141 5320 Gallicanum
3196 5259 3566 5322 secundum
3612 5270 3660 5322 ο.

506 5356 680 5434 [Suis
735 5357 1145 5438 temporibus
1201 5357 1409 5419 exilio
1447 5362 1546 5420 est
1597 5356 2003 5436 deportatus,
2037 5355 2267 5433 postea.
2308 5355 2482 5415 nutu
2519 5352 2640 5416 Dei
2679 5367 2983 5415 reversus
3037 5356 3136 5416 est
3189 5354 3274 5417 ad
3299 5357 3666 5422 Ecclesium

419 5453 462 5514 5
503 5454 882 5519 incolumis.
939 5458 1022 5519 Et
1047 5459 1194 5536 post
1217 5457 1358 5519 dies
1388 5455 1678 5534 triginta
1708 5455 1993 5534 quatuor
2015 5454 2241 5514 tentus
2273 5471 2314 5515 θ.
2341 5449 2753 5514 Maximiano
2799 5451 3046 5514 missus
3075 5454 3176 5516 est
3223 5453 3295 5515 in
3337 5471 3665 5519 carcerem

507 5571 662 5616 cum
712 5573 952 5619 novem
994 5555 1396 5636 presbyteris
1445 5558 1511 5617 et
1558 5552 1817 5616 duobus
1874 5553 2224 5632 episcopis,
2277 5551 2567 5614 Honorio
2614 5552 2679 5612 et
2717 5549 2934 5630 Casto,
2966 5553 3033 5614 et
3081 5550 3297 5616 tribus
3340 5552 3664 5636 diaconis,

507 5653 720 5727 Xisto,
789 5653 1111 5736 Dionysio
1175 5656 1240 5716 et
1284 5653 1470 5717 Gaio.
1536 5650 1795 5715 Ibidem
1852 5650 1923 5712 in
1971 5666 2228 5715 carcere
2275 5648 2360 5712 ad
2408 5652 2652 5713 Arcum
2705 5650 2925 5715 Stellae
2982 5647 3138 5714 fecit
3189 5651 3545 5735 synodum,
3605 5657 3672 5718 et

1399 5769 1673 5815 NOTULIE
1730 5767 2146 5813 MARGINALES
2194 5766 2545 5812 FABROT'I‘I.

326 5851 445 5914 ⁸Β,
468 5861 604 5907 ann.
645 5849 700 5924 5,
727 5865 801 5908 m.
847 5849 900 5920 3,
934 5851 992 5908 d.
1023 5849 1114 5910 22.
1141 5850 1170 5894 b
1198 5853 1262 5915 B,
1297 5851 1614 5920 Volusiani,
1660 5849 1950 5907 Valeriani
1976 5853 2032 5905 et
2060 5847 2313 5907 Gallieni
2358 5861 2392 5905 a
2417 5861 2563 5905 coss.
2595 5846 2778 5905 Valer.
2812 5850 2870 5904 et
2907 5845 3154 5919 Galleni,
3195 5848 3265 5906 ad
3295 5848 3480 5907 Valer.
3527 5857 3585 5905 ιν
3614 5852 3672 5904 et

176 5940 420 6010 Gali.
466 5953 554 5997 ill.
586 5951 612 5982 ο
640 5941 699 6011 C,
726 5941 1094 5999 Valerianum
1125 5945 1329 6013 quarto
1350 5944 1405 5998 et
1437 5940 1799 5999 Gallicanum
1833 5940 2026 5998 tertio.
