4070 6178
468 329 598 390 4394

1670 333 2024 388 ANASTASII
2060 331 2598 388 BlBLlOTHECARlI

3742 331 3879 389 4392

711 455 939 518 omnia
954 472 1121 518 vasa
1144 455 1453 518 Ecclesiae
1496 453 1960 518 archidiacono
1989 471 2109 516 suo
2141 453 2330 517 Xisto
2364 454 2432 516 in
2467 455 2866 534 potestatem
2897 453 3099 534 dedit,
3132 455 3240 518 vel
3271 471 3496 518 arcam
3544 454 3875 535 pecunia.

710 557 776 616 et
800 554 948 634 post
986 553 1126 614 dies
1163 568 1277 615 sex
1304 551 1534 615 exiens
1574 552 1697 615 sub
1729 551 2033 615 custodia
2063 551 2206 631 ipse
2253 551 2458 614 simul
2487 553 2706 634 capite
2755 554 3106 614 truncatus
3157 547 3303 624 est.]
3329 552 3470 615 Hic
3506 552 3870 616 constituit

618 653 690 715 10
707 651 1082 717 sacerdotes
1113 654 1177 714 et
1211 649 1479 726 levitas,
1513 655 1592 715 ut
1623 654 1835 714 vestes
1875 653 2186 714 sacratas
2215 651 2294 714 in
2320 667 2452 713 usu
2496 652 2895 732 quotidiana
2946 667 3082 712 non
3130 649 3254 729 uti,
3298 650 3438 712 nisi
3467 649 3548 712 in
3595 647 3878 713 ecclesia

697 751 985 811 tantum.
1017 749 1156 812 Hic
1184 747 1351 830 fecit
1377 749 1842 813 ordinationes
1872 750 2045 812 duas
2070 765 2198 829 per
2225 765 2514 812 mensem
2537 748 3044 813 Decembrium:
3073 746 3489 829 presbyteros
3517 750 3780 829 septem
3803 760 3833 789 ι
3859 799 3873 827 ,

710 847 1020 909 diaconos
1074 847 1394 927 quinque,
1427 847 1766 926 episcopos
1795 862 1910 926 per
1937 847 2206 908 diversa
2244 847 2390 910 loca
2418 865 2695 910 numero
2725 850 2881 909 tres.
2924 847 3048 921 Qui
3079 846 3284 909 etiam
3309 845 3633 925 sepultus
3671 852 3776 911 est
3803 849 3874 911 in

708 946 1063 1010 ccemeterio
1093 943 1383 1025 Caliati,
1432 945 1551 1009 cia
1578 945 1831 1027 Appia,
1864 963 1933 1007 1v
1960 947 2184 1008 Nonas
2210 945 2528 1023 Augusti.
2565 947 2663 1009 Et
2689 945 2979 1010 cessauit
3007 947 3436 1027 episcopatus
3466 946 3615 1010 dies
3644 947 3871 1028 vigin-

709 1044 770 1109 ti
799 1045 988 1110 duos.

1628 1141 2121 1204 CATALOGUS
2151 1142 2307 1204 SUB
2355 1143 2711 1205 LIBERIO.

545 1273 924 1355 Stephanus
989 1289 1200 1335 annos
1245 1273 1546 1353 quatuor,
1621 1285 1884 1335 menses
1913 1270 2100 1351 duos,
2133 1271 2384 1350 viginti
2435 1290 2672 1335 unum.
2730 1272 2888 1336 Fuit
2942 1272 3355 1353 temporibus
3411 1275 3767 1338 Valeriani
3816 1278 3873 1338 et

466 1371 785 1452 Gallieni,
819 1388 861 1433 a
889 1371 1244 1436 consulatu
1271 1368 1624 1434 Volusiani
1653 1372 1719 1433 et
1747 1368 2106 1432 Maximini
2133 1385 2346 1450 usque
2377 1371 2738 1434 Valeriano
2758 1389 2831 1435 III
2858 1371 2920 1435 el
2951 1372 3260 1438 Gallieno
3283 1389 3352 1434 II.

1613 1507 1890 1552 NOTULtE
1937 1505 2354 1552 MARGINALES
2380 1507 2699 1553 FABRO'I‘TI
2709 1537 2722 1552 .

537 1600 559 1628 ³
579 1589 683 1659 CB,
716 1603 836 1646 sex.

1742 1679 2026 1742 VARIE

746 1795 916 1853 Apud
943 1795 1259 1850 Fabrottum
1287 1809 1356 1849 ea:
1377 1793 1556 1850 codice
1586 1795 1824 1850 Frehe-r-i.

532 1872 692 1929 Num.
754 1864 845 1930 2i,
900 1869 980 1921 lin
1026 1868 1141 1929 AB,
1187 1867 1312 1922 dies
1355 1864 1440 1922 45.
1497 1868 1595 1922 lin.
1624 1864 1676 1929 4,
1729 1867 1854 1924 suis
1886 1871 2111 1936 tempo-

464 1941 627 1998 ribus
663 1944 793 2010 etc.,
825 1940 1023 1994 desunt
1051 1941 1110 1993 in
1155 1939 1258 2010 AB
1302 1954 1472 2008 usque
1516 1939 1610 1994 hic
1641 1940 1973 2010 constituit,
2004 1939 2107 2010 lin.

461 2012 546 2082 40,
573 2013 647 2075 A,
681 2007 938 2068 vestibus
959 2009 1221 2079 sacratis,
1250 2011 1313 2080 B,
1344 2007 1498 2066 veste
1525 2017 1763 2066 sacrata.
1791 2013 1890 2066 lin.
1917 2007 2000 2076 44,
2031 2009 2106 2078 Α,

457 2086 639 2141 Nonis
668 2085 936 2154 Augusti.

710 2152 796 2207 Ea:
835 2154 952 2208 cod.
987 2155 1170 2222 Regio,
1205 2152 1487 2207 Mazarino
1531 2157 1580 2206 et
1609 2153 1855 2207 Thuano.

529 2227 655 2288 Lin,
687 2222 736 2293 4,
767 2226 885 2294 sed.
919 2238 1052 2280 ann.
1079 2221 1134 2291 7,
1167 2237 1238 2279 m.
1272 2222 1326 2293 5,
1353 2225 1413 2280 d.
1435 2223 1489 2279 2.
1518 2224 1860 2280 Fuitautem
1881 2229 2108 2294 tempo-

456 2297 638 2354 ribus.
671 2298 774 2351 lin.
805 2293 856 2365 4,
882 2296 1229 2352 secundum:
1264 2296 1358 2350 hic
1380 2295 1687 2352 constituit
1709 2293 2031 2352 sacerdotes
2053 2299 2108 2350 et

454 2371 678 2426 Levitas
703 2368 961 2423 vestibus
987 2369 1230 2423 sacratis
1261 2367 1319 2421 in
1352 2381 1462 2423 usu
1488 2367 1809 2424 cottidiano
1849 2381 1964 2423 non
1994 2367 2104 2426 uti.

454 2442 571 2496 nisi
603 2444 826 2496 tantum
849 2439 907 2495 in
931 2439 1191 2494 ecclesia.
1221 2438 1323 2493 Hic
1349 2438 1487 2494 fecit
1508 2439 1695 2494 ordin.
1725 2437 1762 2495 2
1792 2453 1891 2508 per
1923 2450 2101 2493 mens.

452 2513 518 2566 D.
555 2513 737 2582 presb.
776 2510 830 2578 6,
859 2511 1008 2566 diac.
1044 2509 1095 2576 5,
1131 2524 1219 2580 ep.
1255 2511 1434 2582 perrd.
1466 2507 1593 2565 1.3:
1627 2509 1728 2581 qui
1756 2507 1930 2566 etiam
1963 2522 2108 2565 mar-

455 2581 606 2654 tyrio
644 2587 952 2638 coronatus
982 2587 1091 2654 est,
1108 2587 1178 2654 et
1208 2594 1326 2654 sep.
1361 2581 1420 2635 in
1453 2581 1639 2654 cimit.

881 2653 969 2705 Ea:
993 2651 1171 2705 codice
1226 2653 1452 2705 Thuano
1481 2653 1672 2707 altera.

523 2724 650 2779 Lin.
685 2721 737 2794 4,,
767 2735 836 2794 ex
863 2727 1022 2792 patre
1043 2722 1245 2794 .Iobio:
1278 2723 1397 2777 sed.
1428 2735 1522 2777 an.
1548 2719 1603 2791 7,
1640 2736 1714 2778 m.
1743 2721 1798 2794 5,
1829 2723 1886 2778 d.
1914 2722 1966 2779 2.
2000 2723 2098 2778 lin.

455 2793 509 2867 3,
540 2794 664 2850 Val.
690 2793 824 2867 Gal._
864 2790 922 2867 et
952 2795 1023 2848 M.
1051 2793 1149 2847 (in.
1178 2790 1229 2854 4,
1280 2790 1618 2848 secundum.
1649 2795 1754 2867 Hic
1787 2790 2106 2851 "constituit

455 2864 782 2924 sacerdotes
811 2864 1031 2933 levitas,
1068 2869 1133 2920 ut
1162 2869 1345 2920 vestes
1394 2869 1646 2921 sacratas
1680 2865 1739 2920 in
1787 2879 1899 2922 usu
1948 2869 2104 2922 coti-

451 2938 628 2994 diano
660 2951 770 2994 non
790 2936 1038 3010 uti,‘nisi
1058 2936 1407 3010 inecclesia,
1436 2941 1566 3008 etc.,
1591 2940 1653 2992 ut
1673 2939 1772 2993 lin.
1797 2933 1883 3010 44,
1902 2938 2017 2994 nisi
2041 2938 2103 2994 in

450 3010 714 3067 ecclesia.
748 3009 851 3064 Hic
891 3007 930 3064 f.
967 3009 1071 3063 lin.
1113 3005 1199 3079 42,
1227 3023 1312 3079 pr.
1345 3009 1396 3065 6.

2097 1679 2590 1745 LECTIONES.

2138 1801 2199 1862 A

2471 1796 2646 1867 Apud
2691 1797 3033 1852 Holstenium
3063 1800 3114 1850 et
3156 1795 3630 1851 Schelestratium.

2292 1904 2422 1957 Lin.
2459 1900 2509 1967 4,
2538 1905 2667 1971 Reg.
2699 1907 2749 1958 et
2775 1905 2919 1959 Flor.
2950 1918 3076 1969 sec.,
3108 1903 3286 1972 Jovio,
3310 1904 3463 1972 Flor.
3497 1902 3608 1955 duo
3640 1905 3694 1955 et
3725 1903 3862 1968 Rea,

2221 1987 2404 2030 annos
2429 1988 2529 2045 vn,
2575 1988 2823 2042 mens.v,
2857 1975 2986 2030 dies
3014 1988 3053 2029 ιι
3087 1975 3184 2028 lin.
3220 1971 3361 2030 4-40
3393 1974 3566 2028 verba
3591 1973 3721 2029 suis
3746 1980 3863 2028 tem-

2222 2045 2488 2114 poribus.
2511 2086 2523 2098 .
2547 2086 2560 2100 .
2587 2050 2890 2102 truncatus
2907 2052 3014 2115 est,
3037 2046 3239 2100 absunt
3261 2063 3296 2100 a
3316 2046 3471 2099 codd.
3504 2047 3712 2110 Vatia,
3730 2046 3864 2098 Flor.

2219 2117 2429 2171 duobus
2459 2122 2509 2171 et
2528 2118 2654 2186 Reg.
2688 2118 2784 2172 lin.
2819 2116 2906 2186 40,
2938 2125 3002 2174 ut
3029 2123 3249 2185 vestes;
3284 2122 3349 2173 ut
3375 2117 3523 2171 deest
3552 2119 3614 2169 in
3652 2117 3757 2169 Vat
3779 2119 3864 2184 qui

2219 2189 2345 2255 legit
2383 2194 2536 2244 veste
2566 2196 2808 2245 sacrata.
2841 2191 3079 2244 Florent.
3108 2191 3305 2243 retinet
3335 2193 3414 2253 ut,
3436 2188 3538 2242 sed
3576 2189 3726 2254 legit,
3763 2202 3859 2242 non

2217 2265 2472 2315 utantur.
2510 2261 2608 2314 lin.
2635 2262 2735 2316 ult.
2761 2262 2922 2315 addit
2951 2261 3095 2316 Flor.
3120 2281 3136 2314 .-
3162 2267 3217 2315 et
3244 2259 3559 2329 presbyteri
3619 2258 3864 2327 praefue-

2218 2337 2356 2386 runt
2380 2344 2412 2386 a
2452 2332 2756 2387 consulatu
2785 2332 3014 2388 Maximi
3046 2338 3102 2388 et
3121 2331 3454 2388 Glabrionis
3505 2344 3544 2384 ιι
3576 2344 3764 2399 usque
3798 2332 3866 2385 ad

2215 2403 2461 2458 Tuscum
2495 2407 2552 2456 et
2578 2405 2837 2472 Bassum,
2867 2418 2900 2458 a
2930 2403 3236 2459 consulatu
3266 2404 3436 2458 Tusci
3465 2406 3526 2456 et
3556 2401 3719 2456 Bassi
3769 2415 3866 2456 us-

2218 2486 2330 2544 que
2382 2487 2497 2528 xvn
2555 2474 2794 2530 Kalend.
2842 2475 2986 2545 Aug.
3022 2487 3136 2545 quo
3181 2481 3434 2542 tempore
3459 2472 3575 2529 fuit
3627 2473 3869 2528 maxima

2217 2546 2542 2626 persecutio
2581 2545 2689 2602 sub
2711 2545 2915 2626 Decio,
2935 2547 3172 2626 Florent.
3202 2546 3535 2614 subjungit:
3568 2559 3700 2615 qua:
3741 2559 3861 2601 mox

2217 2616 2275 2671 in
2304 2616 2485 2686 Xysto
2511 2630 2741 2688 quoque
2770 2621 3128 2688 repetuntur.

2498 2740 2673 2811 Apud
2705 2741 2931 2796 Peniam
2983 2755 3050 2796 eat
3098 2739 3276 2795 codice
3325 2737 3580 2795 Cavensi.

2282 2867 2407 2921 Lin.
2429 2863 2482 2938 6,
2515 2865 2743 2923 duobus
2772 2865 3063 2937 episcOpis
3093 2866 3408 2938 Honorium
3439 2871 3495 2938 et
3509 2865 3779 2938 Castam,
3801 2869 3852 2921 et

2215 2951 2278 2992 Ill
2317 2936 2749 3009 diac.'Xistum,
2779 2936 3120 3009 Dionysium
3150 2944 3205 2994 et
3226 2937 3457 2993 Gaium.
3483 2936 3728 3007 ibidem,
3749 2943 3848 3008 etc,

2214 3011 2313 3063 lin.
2345 3008 2396 3076 9,
2437 3011 2558 3080 ipse
2588 3011 2741 3081 sing.

1777 3120 2023 3185 NOTAE
2069 3120 2536 3185 VARIORUM.

969 3229 1013 3285 A
1044 3228 1582 3284 SCHELESTRATE.

525 3336 697 3392 Linea
727 3332 780 3391 4.
810 3335 1030 3390 —Suis
1078 3336 1422 3405 temporibus,
1480 3341 1586 3391 etc.
1638 3334 1774 3403 Quae
1831 3335 1934 3390 hac
1967 3340 2098 3390 nota

451 3409 492 3462 B
523 3409 914 3476 continentur,
947 3421 977 3462 a
1007 3407 1276 3477 pluribus
1297 3420 1434 3462 mss.
1459 3407 1762 3462 codicibus
1778 3405 2009 3475 absunt,
2038 3411 2100 3462 ut

453 3493 521 3535 ex
545 3481 696 3534 Luca
724 3479 1020 3535 Holstenio
1053 3479 1111 3533 in
1143 3480 1399 3549 margine
1432 3485 1690 3533 notatum
1721 3485 1828 3533 est.
1868 3479 2097 3532 Certum

449 3557 638 3607 autem
664 3551 911 3618 videtur,
945 3550 1132 3620 priora
1151 3549 1313 3606 verba
1347 3550 1417 3604 de
1438 3549 1628 3605 reditu
1666 3549 1736 3604 ab
1779 3549 2004 3617 exsilio,
2031 3563 2098 3604 ex

451 3623 598 3678 actis
643 3623 802 3678 Lucii
839 3623 898 3677 in
940 3622 1092 3677 hunc
1124 3621 1310 3678 locum
1345 3621 1683 3690 irrepsisse;
1713 3626 1915 3675 caetera
1949 3621 2099 3676 unde

448 3693 750 3762 desumpta
775 3699 912 3748 sunt
936 3693 1006 3747 ab
1041 3693 1142 3748 illo
1171 3693 1270 3762 qui
1303 3692 1538 3747 Librum
1571 3691 1958 3748 Pontiﬁcalem
1993 3691 2099 3746 hoc

452 3764 576 3818 loco
605 3765 996 3833 interpolavit,
1031 3763 1214 3820 fateor
1255 3777 1340 3818 me
1370 3763 1654 3833 ignorare,
1705 3776 1818 3819 non
1854 3764 2006 3818 enim
2039 3763 2097 3817 in

447 3835 596 3889 actis
615 3832 915 3905 ejus,’quaa
941 3836 997 3888 in
1025 3849 1127 3890 ms.
1153 3835 1350 3890 codice
1366 3832 1499 3889 5774
1531 3835 1803 3891 Vaticano
1829 3833 2096 3905 exhiben-

452 3908 567 3976 tur,
622 3903 873 3973 reperire
922 3906 1122 3975 potui:
1162 3905 1304 3976 quin
1355 3905 1546 3974 potius
1578 3907 1794 3962 ibidem
1831 3903 2096 3973 refertur,

449 3975 799 4048 Stephanum
834 3978 890 4048 in
949 3975 1272 4033 coemeterio
1299 3977 1534 4048 Calixti,
1591 3979 1651 4033 in
1686 3978 1919 4048 propria
1971 3976 2102 4032 sede

455 4046 800 4103 decollatum
832 4047 1034 4104 fuisse.

1062 4155 1505 4210 ALTASERRIE.

531 4262 702 4317 Linea
753 4261 837 4317 40.
873 4291 942 4299 -
984 4262 1086 4315 Hic
1125 4263 1408 4316 constituit
1465 4262 1768 4317 sacerdotes
1807 4267 1858 4316 et
1911 4263 2102 4318 levitas

454 4341 626 4390 vestes
667 4337 913 4387 sacratas
943 4335 1003 4386 in
1036 4348 1139 4386 usu
1169 4333 1490 4401 quotidiana
1515 4349 1624 4386 non
1651 4335 1751 4399 uti,
1786 4336 1898 4388 nisi
1934 4338 1993 4388 in
2019 4353 2102 4389 ec-

457 4407 622 4460 clesia
646 4409 876 4460 tantum.
910 4404 990 4460 Ne
1021 4404 1334 4474 presbyteri
1379 4410 1434 4459 et
1462 4403 1688 4460 diaconi
1716 4405 1898 4460 sacris
1921 4407 2104 4462 vesti-

463 4477 571 4532 bus
599 4482 898 4533 uterentur
927 4477 985 4531 in
1014 4491 1122 4532 usu
1161 4475 1520 4546 quotidiana,
1547 4476 1730 4532 vetuit
1752 4477 2098 4546 Stephanus.

461 4549 703 4604 Nomine
734 4554 1006 4604 notantur
1036 4547 1295 4615 Vandali,
1343 4548 1492 4617 quod
1521 4547 1592 4602 de
1637 4548 1820 4604 sacris
1850 4549 2019 4618 pallis
2050 4556 2105 4604 et

464 4619 721 4674 vestibus
740 4624 922 4676 vestes
945 4619 1059 4674 sibi
1083 4607 1660 4676 facerent.'Sigebert.
1688 4621 1778 4676 ad.
1809 4607 1944 4675 ann.
1967 4618 2100 4675 454:
2134 4607 2182 4673 Ο

467 4692 578 4763 all]
593 4661 1298 4747 Africavexardescentibus
1319 4661 1590 4763 Vandalis
1603 4661 1756 4763 cum:
1774 4661 2104 4747 itaudiviiios

468 4761 650 4817 libros
678 4769 1002 4826 exurerent,
1031 4769 1087 4816 et
1114 4763 1184 4816 de
1221 4762 1403 4816 sacris
1435 4761 1631 4832 palliis
1657 4775 1722 4818 ac
1745 4761 2001 4819 vestibus
2019 4777 2107 4818 ve-

466 4839 582 4889 stes
608 4833 722 4888 sibi
751 4832 1018 4889 facerent.
1044 4853 1069 4882 »
1100 4832 1405 4887 Proculum
1439 4835 1678 4889 missum
1701 4835 1997 4890 Genserici
2025 4847 2104 4889 re-

466 4906 557 4976 gis
587 4904 969 4976 Vaindalorum
1000 4904 1194 4976 arguit
1225 4904 1417 4976 Victor
1444 4905 1699 4959 Uticens.
1720 4906 1791 4960 de
1811 4905 2099 4976 Persecut.

467 4974 700 5031 Vandal.
732 4976 882 5046 quod
914 4975 985 5032 de
1011 4974 1182 5046 pallis
1202 4974 1404 5032 altaris
1429 4975 1696 5032 camisias
1716 4976 1829 5033 sibi
1861 4981 1917 5032 et
1937 4975 2106 5033 femo-

469 5046 614 5102 ralia
638 5046 868 5102 faceret.

469 5049 614 5103 ralia
638 5049 868 5102 faceret.

1130 5135 1422 5190 BENCINI.

531 5226 704 5282 Linea
735 5222 788 5280 4.
818 5224 1036 5280 —Suis
1073 5225 1400 5294 temporibus
1417 5225 1610 5297 exsilio
1635 5228 1714 5279 est
1760 5225 2099 5297 deportatus,

454 5303 647 5367 postea
675 5301 816 5352 nutu
857 5299 957 5352 Dei
979 5312 1226 5351 reversus
1248 5301 1326 5350 est
1356 5295 1432 5367 ad
1469 5297 1765 5350 Ecclesium
1790 5295 2094 5354 incolumis.

463 5366 688 5426 Electus
738 5368 1060 5438 Stephanus
1126 5369 1184 5423 in
1238 5369 1361 5437 ipso
1408 5366 1624 5425 fervore
1663 5368 2000 5438 edictorum
2065 5383 2098 5426 a

459 5439 624 5494 Gallo
669 5444 726 5495 et
770 5439 1081 5497 Volusiano
1107 5439 1593 5508 conﬁrmatorum,
1650 5437 1893 5495 forsitan
1926 5440 2094 5496 etiam

459 5510 795 5581 Novatianis
827 5511 1249 5581 perorantibus,
1286 5511 1693 5580 imperatorum
1712 5511 1882 5580 jussu
1915 5513 1972 5566 in
2003 5526 2093 5567 ex-

456 5579 659 5634 silium
685 5580 800 5636 fuit
829 5579 1211 5639 demandatus
1235 5579 1638 5653 cum’reliquis
1679 5579 1749 5638 de
1773 5583 1946 5639 clero.
1980 5584 2093 5639 Ve-

457 5663 584 5705 rum
615 5665 744 5724 cum
766 5653 1102 5724 Valerianus
1151 5654 1457 5723 imperium
1485 5655 1753 5724 capessit,
1799 5656 1919 5711 sive
1947 5667 2092 5710 con-

455 5725 618 5786 sueta
645 5721 1024 5794 indulgentia,
1052 5737 1162 5794 qua
1203 5721 1284 5779 rei
1320 5721 1605 5794 praecipue
1625 5721 1835 5784 exsilio
1861 5726 2088 5782 multati

459 5740 618 5786 5118ιᾷ
645 5740 1024 5792 inunigenua,
1052 5740 1162 5794 qua
1203 5740 1284 5779 ΓΘΙ

459 5789 870 5860 revocabantur
888 5792 960 5845 ab
979 5793 1053 5846 im
1065 5740 1356 5860 peratorig

451 5873 522 5915 ex
545 5859 790 5930 quadam
820 5859 880 5914 in
908 5859 1271 5920 Christianos
1301 5865 1680 5934 proclivitate,
1704 5872 1840 5923 tunc
1859 5859 2090 5939 Stepha-

2130 3233 2179 3292 Β
2212 3242 2321 3284 nus
2353 3229 2842 3286 revertiturliber.
2871 3231 2948 3286 De
2977 3230 3080 3286 hac
3102 3229 3526 3300 persecutionis
3540 3230 3852 3286 cessatione

2210 3299 2474 3372 loquitur
2489 3301 2800 3372 Dionysius
2824 3303 2882 3357 in
2910 3316 3016 3357 sua
3046 3299 3311 3371 epistola,
3336 3301 3487 3371 apud
3515 3301 3726 3356 Euseb.
3760 3301 3852 3356 lib.

2207 3385 2307 3439 vn,
2363 3386 2413 3427 c.
2449 3370 2499 3441 4,
2553 3370 2692 3428 dum
2749 3372 2940 3438 refert,
2974 3379 3030 3428 et
3063 3370 3209 3428 mala
3239 3370 3595 3439 communia,
3647 3380 3703 3428 et
3736 3387 3850 3443 qua

2211 3444 2366 3568 ﬁassi
2389 3444 2880 3507 suntChristiani,
2909 3451 2965 3500 et
3005 3444 3371 3500 subsecutum
3405 3457 3636 3513 pacem:
3674 3465 3699 3495 (ς
3735 3445 3852 3500 Post

2251 3528 2329 3568 asc
2356 3514 2568 3568 bellum
2596 3523 2651 3568 et
2691 3514 2866 3568 fames
2887 3516 3143 3568 excepit:
3179 3530 3304 3568 quae
3337 3516 3572 3568 quidem
3604 3529 3710 3568 nos
3734 3529 3848 3568 cum

2251 3528 2329 3569 asc
2356 3514 2568 3570 bellum
2596 3523 2651 3570 et
2691 3514 2866 3570 fames
2887 3516 3143 3585 excepit:
3179 3530 3304 3586 quae
3337 3516 3572 3585 quidem
3604 3529 3710 3570 nos
3734 3529 3848 3569 cum

2209 3586 2529 3656 gentilibus
2562 3587 2813 3655 junctim
2849 3585 3212 3653 pertulimus.
3244 3588 3310 3641 Et
3337 3600 3400 3641 ea
3424 3587 3666 3656 quidem
3700 3585 3848 3652 mala,

2211 3670 2336 3726 qua:
2364 3670 2466 3712 nos
2509 3659 2876 3728 attriverunt,
2935 3658 3041 3713 soli
3071 3658 3483 3714 sustinuimus.
3507 3658 3648 3726 Quae
3677 3664 3848 3712 autem

2213 3728 2324 3796 ipsi
2358 3728 2472 3782 sibi
2506 3729 2763 3784 vicissim
2807 3729 3152 3795 intulerunt,
3185 3736 3242 3784 et
3269 3729 3421 3798 passi
3475 3735 3640 3798 sunt,
3668 3742 3849 3784 eorum

2212 3803 2426 3867 partem
2459 3800 2850 3856 toleravimus.
2902 3802 3002 3855 Sed
3037 3815 3240 3856 rursus
3270 3801 3588 3855 oblectavit
3631 3814 3735 3855 nos
3761 3814 3849 3869 pax

2212 3869 2332 3941 illa,
2365 3883 2532 3941 quam
2555 3872 2822 3927 Christus
2846 3872 3013 3928 nobis
3037 3871 3178 3927 solis
3206 3872 3476 3926 indulsit.
3518 3889 3545 3919 ιι
3583 3872 3852 3927 Eusebius

2211 3939 2252 3994 l.
2280 3939 2397 4012 vn,
2415 3957 2459 3997 c.
2488 3941 2572 4012 40,
2597 3943 2828 4012 quidem
2851 3943 3136 3998 Valeriani
3162 3943 3533 4012 imperatoris
3555 3943 3852 4012 primordia

2213 4010 2483 4081 referens,
2512 4010 2637 4082 ejus
2657 4015 2711 4068 in
2743 4015 3108 4070 Christianos
3139 4010 3598 4069 benevolentiam
3629 4015 3724 4069 his
3753 4027 3856 4068 ver-

2213 4083 2305 4139 bis
2353 4085 2744 4140 commendat:
2786 4107 2813 4133 ‹‹
2853 4088 3184 4141 Mansuetus
3229 4085 3458 4154 quidem
3490 4093 3550 4139 et
3582 4085 3852 4156 benignus

2212 4163 2333 4211 erat
2353 4170 2484 4226 erga
2511 4156 2756 4211 famulos
2772 4158 2894 4212 Dei.
2914 4159 3108 4227 Neque
3134 4157 3286 4211 enim
3310 4156 3465 4210 ullus
3491 4158 3852 4226 superiorum

2214 4228 2566 4296 principum,
2583 4241 2650 4282 ne
2667 4227 2755 4282 illi
2776 4229 3008 4298 quidem
3028 4228 3126 4297 qui
3145 4227 3326 4297 palam
3344 4228 3668 4282 Christiani
3685 4227 3853 4283 fuisse

2211 4299 2511 4367 dicuntur,
2543 4303 2699 4353 tanta
2727 4299 3082 4354 humanitate
3106 4312 3171 4354 ac
3207 4299 3603 4354 benevolentia
3639 4307 3853 4354 nostros

2213 4370 2544 4439 complexus
2599 4376 2704 4440 est,
2765 4378 3039 4440 quantum
3092 4370 3190 4425 ille
3241 4369 3644 4439 praeseferebat
3693 4371 3853 4425 initio

2217 4441 2578 4510 principatus
2600 4441 2723 4496 sui:
2752 4446 2982 4511 totaque
2998 4443 3123 4511 ejus
3143 4440 3364 4496 familia
3386 4441 3500 4508 piis
3524 4442 3850 4497 hominibus

2212 4512 2560 4582 abundabat,
2593 4526 2656 4568 ac
2686 4513 2785 4567 Dei
2819 4513 3072 4569 Ecclesia
3102 4527 3225 4568 esse
3268 4513 3598 4568 videbatur.
3625 4531 3651 4560 ι
3713 4516 3851 4568 Inte-

2216 4585 2326 4638 rim
2350 4589 2535 4638 tamen
2563 4585 2854 4639 advertere
2870 4587 3093 4653 oportet
3137 4583 3368 4638 Librum
3411 4584 3803 4640 Pontiﬁcalem
3825 4597 3849 4636 a

2215 4655 2522 4710 schismate
2547 4655 2860 4712 Novatiano
2885 4655 3159 4710 adnotare
3189 4655 3422 4710 solitum
3463 4654 3850 4711 confessiones

2255 4725 2552 4782 ontificum
2582 4727 2884 4796 repetitas;
2917 4731 2980 4781 ut
3009 4739 3073 4782 eo
3123 4727 3292 4781 etiam
3326 4725 3499 4781 titulo
3534 4729 3848 4782 ostenderet

2238 4798 2530 4868 egitimam
2553 4799 2974 4854 successionem
3005 4798 3061 4851 in
3090 4797 3360 4852 cathedra
3389 4798 3568 4865 Petri,
3596 4812 3732 4854 cum
3764 4800 3851 4852 No-

2215 4868 2428 4924 vatiani
2481 4870 2944 4938 persecutionum
3002 4874 3265 4924 auctores
3296 4868 3408 4924 tuti
3457 4871 3844 4937 persisterent,

2216 4940 2380 4995 nullo
2411 4939 2540 4994 fidei
2563 4939 2946 4996 confessionis
2976 4941 3309 5010 specimine,
3339 4939 3605 4996 illustres
3634 4939 3846 5010 pontiﬁ-

2213 5024 2306 5067 ces
2335 5024 2466 5066 vero
2495 5023 2560 5066 ac
2592 5011 2803 5082 reliqui
2837 5011 3029 5068 fideles
3053 5024 3201 5069 saeva
3246 5017 3682 5082 persecutorum
3715 5020 3845 5069 tem—

2213 5088 2428 5153 pestate
2457 5082 2907 5153 exagitarentur.

2283 5153 2474 5209 Lineis
2515 5150 2654 5208 7'et
2704 5153 2759 5209 8.
2781 5184 2853 5194 —
2879 5154 3087 5210 Ibidem
3117 5156 3175 5208 in
3220 5170 3487 5210 carcerem
3517 5155 3598 5210 ad
3652 5157 3841 5210 Amm

2210 5223 2392 5297 Stella:
2436 5227 2565 5292 fecit
2616 5227 2902 5293 synodum,
2952 5231 3060 5281 etc.
3116 5226 3376 5282 Forsitan
3408 5226 3576 5282 locus
3604 5241 3636 5282 a
3665 5229 3838 5297 signo.

2209 5295 2452 5369 alioque»
2469 5309 2604 5369 casu
2631 5297 2716 5353 sic
2745 5297 3110 5368 indigitatus.
3144 5299 3337 5369 Neque
3374 5299 3628 5354 carceris
3664 5295 3840 5367 angu-

2209 5368 2332 5422 stite
2377 5367 2714 5440 inhibebant
2740 5367 2891 5439 quin
2925 5369 3179 5438 episcopi
3219 5367 3500 5440 synodum
3539 5371 3839 5432 haberent;

2207 5440 2363 5512 rigor
2388 5438 2563 5512 enim,
2598 5441 2718 5508 ipse
2756 5438 3080 5512 edictorum
3123 5438 3687 5512 Decianorum,qua:
3717 5451 3842 5512 spe:

2203 5507 2432 5565 cialiter
2458 5507 2698 5579 majores
2719 5511 2960 5567 clericos
2989 5511 3440 5580 insectabantur,
3465 5507 3839 5567 célébratibni

2203 5580 2395 5638 forsan
2421 5581 2610 5637 locum
2635 5582 2831 5650 dedit;
2869 5588 3183 5652 potuerunt
3209 5585 3362 5639 enim
3388 5585 3703 5639 convenire
3724 5593 3844 5637 cum

2201 5653 2470 5722 pontiﬁce
2507 5654 2806 5725 Stephano
2839 5655 3030 5723 plures
3083 5655 3362 5725 episcopi,
3397 5655 3439 5709 ii
3473 5667 3679 5725 nempe
3709 5665 3851 5725 quos

2200 5724 2367 5793 prius
2393 5723 2656 5780 Ecclesia:
2670 5738 2940 5797 concessa
2970 5723 3369 5797 tranquillitas
3401 5727 3459 5780 in
3481 5723 3688 5782 Urbem
3718 5723 3854 5779 adn-

1364 5800 1702 5869 usrecenter
1720 5795 1940 5865 electis,
1967 5797 2089 5869 sive
2197 5800 2448 5869 navarat,
2507 5800 2607 5851 aut
2640 5796 2682 5850 ii
2735 5797 2838 5869 qui
2877 5810 2947 5869 ex
2977 5795 3146 5853 Urbis
3181 5797 3526 5869 presbyteris
3556 5798 3617 5853 in
3647 5797 3852 5854 eodem

2195 5865 2474 5938 degebant
2500 5880 2727 5925 carcere
2751 5865 2966 5926 clausi.

3017 5869 3142 5939 Quo
3172 5882 3347 5926 sensu
3385 5869 3622 5940 scripsit
3646 5869 3856 5926 eodem
