4052 6178
274 209 300 268 Ι
310 209 418 270 393

273 341 554 425 tempore
579 339 896 425 Cyprianus
951 339 1122 414 (epist.
1168 339 1261 425 82)
1292 361 1322 425 _:
1382 362 1408 394 α
1439 340 1587 425 Quid
1620 342 1730 422 autg

267 417 476 466 caetero
529 423 633 484 nos
681 412 980 468 observare
1009 412 1329 484 conveniat,
1383 420 1688 482 antequam
1720 413 1777 465 in
1810 423 1920 484 Ame

266 495 446 555 super
471 481 830 555 confessione
856 485 1108 540 nominis
1123 486 1222 540 Dei
1249 481 1553 555 proconsul
1575 482 1917 538 sententiam

266 551 433 619 ferat,
467 554 789 610 instruente
812 557 1054 612 Domino
1078 557 1136 611 in
1159 551 1459 612 commune
1478 557 1866 622 disponemus.
1890 571 1916 604 γ

261 623 362 678 Sic
383 631 618 680 sanctus
645 627 844 682 Petrus
869 627 1025 682 Alex.
1057 629 1115 683 in
1149 628 1260 683 fine
1279 627 1410 682 vita;
1435 626 1682 682 similem
1714 624 1920 693 dispo—

261 694 730 769 si_t_ionem_fecit,
765 699 851 753 uti
877 699 1101 755 laudata
1132 712 1303 769 supra
1334 699 1472 754 Acta
1500 712 1532 753 a
1583 695 1919 769 Combetisio

261 767 421 840 edita
473 766 748 823 referunt.
801 771 1076 840 Equidem
1123 766 1420 840 pontifices
1464 770 1518 824 in
1566 769 1698 823 vitae
1754 767 1914 822 exitu

261 837 468 911 saltem
490 837 900 896 archidiacono
946 837 1311 897 consuevisse
1340 841 1656 911 generalem
1690 839 1919 911 instru-

261 909 510 964 ctionem
545 911 769 967 tradere
789 912 952 968 docet
973 913 1140 969 Liber
1158 909 1514 969 Pontiﬁcalis
1547 912 1603 966 in
1625 909 1910 978 Cornelio,

259 981 462 1063 Lucio,
496 982 734 1063 et_Sixto
757 985 808 1063 _II
856 1002 868 1038 :
903 985 981 1063 ita
1013 985 1277 1063 Liberius
1306 984 1364 1038 in
1395 983 1666 1063 exsilium
1701 983 1915 1063 depor-

262 1052 496 1121 tandus,
530 1053 682 1108 clero
703 1055 993 1124 advocato,
1045 1059 1348 1111 Damasum
1378 1056 1660 1110 vicarium
1686 1052 1914 1109 consti-

261 1125 398 1188 tuit,
438 1125 515 1178 ita
543 1138 670 1179 eum
708 1125 1110 1182 commendans
1143 1129 1200 1183 in
1244 1128 1373 1183 Vita
1409 1127 1674 1181 Damasi:
1715 1146 1739 1176 «
1794 1124 1912 1178 Ha-

257 1193 412 1249 betis
465 1202 651 1251 autem
691 1198 972 1252 vicarium
1006 1197 1258 1254 fratrem.
1303 1205 1356 1254 et
1385 1196 1908 1267 compresbyterum

257 1267 588 1340 Damasum,
642 1269 830 1323 virum
883 1270 1085 1340 utique
1135 1265 1535 1325 fidelissimum
1586 1274 1640 1323 et
1683 1265 1910 1322 cunctis

257 1337 582 1394 virtutibus
629 1337 1007 1411 adornatum.‘
1040 1342 1206 1410 cujus
1237 1341 1621 1411 prudentiam,
1669 1343 1725 1411 et
1765 1349 1910 1391 con—

257 1411 532 1481 stantiam
575 1410 720 1464 mihi
762 1410 990 1478 publice
1025 1409 1370 1481 praedicatis,
1412 1418 1475 1467 ut
1514 1409 1912 1481 prawioﬂpost

253 1479 436 1534 Deum
471 1481 529 1535 in
581 1483 806 1537 cunctis
845 1483 959 1538 viis
985 1479 1190 1539 vestris
1220 1483 1485 1539 utamini.
1517 1479 1542 1530 ᾧ)
1590 1480 1684 1535 Vel
1718 1480 1910 1534 dicere

256 1564 589 1622 possumus,
621 1553 674 1607 S.
729 1553 1072 1622 Stephanum
1120 1568 1230 1610 non
1265 1555 1324 1608 in
1371 1567 1595 1610 carcere
1636 1551 1807 1608 obvio
1852 1556 1908 1604 et

253 1622 553 1695 eriminali
580 1621 862 1695 'synodum
895 1625 1181 1692 habuisse,
1215 1627 1311 1682 sed
1345 1625 1404 1680 in
1433 1631 1650 1695 crypta,
1679 1622 1776 1679 ubi
1799 1621 1906 1676 de-

1093 211 1414 270 HISTORIA
1452 213 1542 268 DE
1582 212 1757 268 VITIS
1796 212 1962 269 ROM.
2008 210 2204 268 PONT.
2244 241 2318 251 —
2356 218 2410 273 S.
2449 212 2864 269 STEPHANUS.

3548 211 3688 272 4394

1310 361 1322 397 :
1382 362 1408 394 α
1439 340 1587 410 Quid
1620 342 1808 416 autem
1850 338 1922 394 de
1946 333 2007 395 A
2032 335 2273 416 obscure
2295 338 2608 416 indicatur,
2631 352 2664 395 a
2683 339 2946 416 Cornelio
2969 343 3293 416 eontradita
3321 342 3502 416 fuisse
3521 357 3679 416 vasa,

2031 421 2184 480 opes,
2218 415 2274 465 et
2316 409 2463 466 bona
2511 411 2846 480 temporalia
2877 413 3144 469 Ecclesia
3173 414 3574 472 distribuenda
3620 409 3683 471 in

2029 479 2362 555 alimoniam
2423 479 2864 555 pauperum,ret
2905 484 2975 555 ad
3007 497 3201 541 eorum
3235 486 3485 555 inapiam
3527 487 3680 543 rele-

2028 552 2289 628 vandam,
2330 552 2738 628 archidiacono
2768 554 3093 628 Stephano;
3126 570 3236 628 non
3268 552 3432 613 secus
3460 572 3526 613 ac
3557 560 3680 628 ipse

2026 623 2349 700 Stephanus
2375 638 2516 694 papa
2547 625 2715 700 Xisto
2762 623 3171 700 archidiacono
3203 627 3433 684 dedisse
3467 623 3678 700 legitur

2025 692 2241 763 (supra,
2285 697 2342 749 in
2376 692 2556 766 leti-tu)
2585 699 2640 749 in
2665 699 2982 766 potestalem
3011 699 3193 752 omnia
3239 715 3374 753 vasa
3406 692 3674 755 Ecclizsiz.

2025 766 2110 838 vel
2157 781 2342 820 arcam
2372 769 2683 836 pecuniae.A
2714 769 2889 823 Lucio
2918 782 3070 838 vero,
3128 770 3229 838 qui
3260 770 3519 825 eumdem
3548 772 3678 826 Ste-

2029 835 2278 912 phanum
2310 835 2778 912 archidiaeonum
2821 835 3159 909 provexerat
3181 841 3249 895 ad
3285 842 3542 897 ordinem
3565 843 3683 912 epi-

2025 909 2307 982 scopalem
2359 923 2508 965 anno
2553 907 2678 979 253,
2735 907 2930 982 mense
2976 912 3124 967 Maio
3178 907 3677 982 (quemadmodum

2023 979 2322 1050 colligitur
2346 994 2414 1035 ex
2433 982 2684 1049 ejusdem
2708 981 2959 1050 epocha),
2981 979 3369 1051 potestas—data
3390 989 3476 1040 est
3501 987 3676 1039 omnis

2020 1052 2291 1113 Ecclesiae,
2324 1052 2402 1106 ita
2443 1057 2506 1107 ut
2540 1051 2841 1108 haberetur
2879 1054 3078 1122 simul,
3121 1062 3175 1110 et
3227 1055 3674 1112 archidiaconus

2024 1121 2081 1196 in
2114 1123 2444 1196 erogatione
2471 1123 2800 1196 patrimonii
2848 1121 3248 1194 ecclesiastici,
3283 1133 3339 1182 et
3367 1127 3675 1196 episcopus

2020 1191 2270 1248 vicarius
2304 1195 2361 1248 in
2413 1193 2749 1264 supplendis
2805 1196 3029 1251 vicibus
3075 1191 3249 1252 ofﬁcii
3302 1191 3675 1254 sacerdotalis

2022 1276 2120 1346 per
2149 1264 2465 1346 absentiam
2512 1273 2615 1321 aut
2659 1267 3044 1324 detentionem
3091 1269 3362 1338 Stephani
3407 1269 3674 1325 exsulare

2013 1347 2186 1402 jUSSL

2086 1404 2360 1481 Confusio
2392 1421 2516 1481 qua:
2535 1408 2776 1481 irrepsit
2803 1409 2862 1463 in
2883 1409 3019 1465 Acta
3043 1410 3232 1480 ipsius
3263 1412 3516 1480 septimae
3543 1425 3672 1481 per-

2016 1478 2332 1552 secutionis
2357 1492 2388 1533 a
2414 1480 2585 1552 Decio
2613 1481 2993 1552 pertingentis
3039 1478 3106 1537 ad
3135 1478 3521 1550 Valerianum,
3546 1478 3672 1538 sive

2018 1547 2076 1601 in
2117 1547 2464 1605 breviatores
2497 1547 2772 1622 Actorum
2808 1547 2890 1607 ad
2931 1553 3183 1608 eamdem
3217 1547 3668 1622 persecutiOnem

2012 1621 2392 1694 spectantium
2423 1621 2530 1678 sub
2562 1623 2924 1692 principibus
2969 1623 3159 1679 brevis
3200 1621 3428 1694 imperii
3476 1627 3669 1694 Decio,

251 1691 657 1781 litescebaeob
692 1697 1141 1781 persecutionem
1171 1691 1903 1781 metamkqu‘a'mcareerem
1936 1720 1988 1781 Β
2016 1691 2200 1781 gallo,
2251 1691 2582 1760 Volusiano,
2602 1691 2954 1781 _1Emiliano,
3009 1691 3299 1781 perperam
3326 1768 3338 1779 .
3351 1697 3556 1781 retulit
3598 1691 3668 1781 ad

254 1766 463 1837 utique
483 1765 870 1822 voluntarium
898 1768 992 1824 hic
1025 1768 1187 1824 Liber
1225 1765 1580 1824 Ponti’ticalis
1607 1765 1899 1837 indigitat.

252 1836 521 1909 Forsitan
557 1837 609 1892 id
634 1839 956 1908 desumpsit
979 1853 1048 1894 ex
1077 1841 1257 1895 sancti
1285 1840 1557 1909 Stephani
1576 1836 1904 1906 Actisapud

249 1908 513 1981 Surium,
547 1923 673 1978 qua:
704 1916 1009 1980 testantur,
1046 1931 1072 1962 «
1106 1925 1233 1966 eum
1262 1912 1321 1966 in
1354 1908 1570 1981 cryptis
1603 1914 1903 1978 martyrem

249 1979 489 2034 assidue
521 1981 746 2051 missas,
798 1988 854 2038 et
878 1981 1125 2038 concilia
1155 1979 1490 2053 celebrasse,
1539 1986 1596 2038 et
1629 1981 1709 2037 ibi
1734 1985 1908 2051 caput

250 2055 632 2120 amputatum.
665 2070 692 2102 υ

809 2143 971 2198 BINII
1004 2157 1069 2197 ET
1095 2141 1352 2198 LABBEI.

326 2227 499 2283 Linea
529 2226 581 2284 3.
620 2258 694 2269 —
755 2231 1108 2286 Valerianum
1149 2235 1384 2286 tertium.
1420 2231 1753 2287 Mendosum
1779 2243 1905 2286 esse

255 2298 461 2373 probat
508 2300 789 2357 Baronius
814 2316 966 2358 anno
988 2303 1206 2359 Christi
1242 2302 1368 2373 260,
1397 2317 1553 2358 num.
1603 2299 1657 2358 2.
1690 2301 1903 2371 Quarto

250 2371 410 2424 enim
444 2373 770 2444 consulatu
824 2373 1134 2444 Valeriani,
1201 2371 1363 2432 Acta
1395 2375 1580 2431 sancti
1631 2373 1904 2444 Stephani

250 2442 649 2500 emendatiora
675 2445 1013 2516 consignata
1041 2442 1195 2502 sunt.

913 2549 1235 2606 BLANCINI

753 2668 904 2712 ΝΟΤᾸΞ
959 2669 1021 2712 CH
1029 2669 1373 2713 BONOLOGICE
1383 2697 1396 2712 .

319 2761 461 2834 Cum
529 2762 777 2834 picturis
826 2763 1081 2820 basilicae
1131 2765 1187 2820 S.
1223 2765 1383 2820 Pauli
1436 2765 1687 2834 potiores
1740 2768 1905 2820 cata-

246 2833 366 2903 logi
399 2833 726 2906 consentire
757 2834 1188 2906 intelliguntur,
1211 2833 1902 2906 editiin’Prolegomenis.

243 2906 388 2978 Nam
438 2904 781 2978 Liberianus
834 2904 1092 2962 omnium
1141 2904 1586 2978 antiquissimus
1628 2904 1756 2962 cum
1789 2921 1904 2962 cae-

243 2975 391 3030 teris
436 2976 616 3031 Italiae
671 2977 1116 3034 vestustioribus
1161 2975 1437 3035 consonat
1498 2979 1556 3034 in
1621 2980 1792 3034 annis
1838 2992 1904 3034 ac

2019 1764 2166 1836 diem
2195 1777 2527 1835 progressus
2551 1766 2619 1820 ad
2653 1764 3175 1836 martyrium'beati
3206 1767 3366 1822 Lucii
3402 1769 3547 1824 hanc
3581 1769 3675 1824 de-

2015 1835 2355 1908 legationem
2388 1836 2618 1891 vicaria:
2665 1839 2984 1906 potestatis,
3030 1837 3251 1893 collatae
3278 1839 3564 1908 Stephano
3602 1853 3671 1894 ex

2014 1907 2420 1980 archidiacono
2444 1908 2501 1962 in
2524 1908 2856 1980 episcopum
2869 1910 3189 1977 adjutorem
3211 1907 3527 1980 assumpto,
3543 1925 3669 1980 quae

2017 1976 2309 2034 referenda
2337 1985 2459 2034 erat
2486 1976 2573 2035 ad'
2611 1976 2882 2049 epocham
2913 1976 3166 2049 ejusdem
3207 1976 3427 2049 exsilii,
3465 1976 3674 2037 memo-

2017 2050 2126 2122 rati
2153 2051 2210 2104 in
2237 2050 2504 2119 epistolis
2527 2050 2676 2122 beati
2705 2051 2995 2122 Cypriani.
3030 2053 3142 2109 Hoc
3171 2065 3302 2108 vero
3336 2055 3547 2109 mirum
3577 2053 3675 2108 vi-

2013 2121 2138 2176 deri
2173 2134 2530 2191 nequaquam
2561 2121 2757 2190 debet,
2782 2129 2844 2178 ut
2876 2123 2934 2177 in
2961 2137 3082 2179 eam
3114 2123 3338 2180 scilicet
3376 2123 3670 2180 confusio-

2014 2206 2137 2247 nem
2165 2193 2773 2265 inciderintActorum
2794 2193 3162 2265 breviatores,
3191 2196 3376 2250 aetatis
3399 2196 3623 2252 dissitas
3653 2213 3669 2265 ;

2012 2278 2141 2336 cum
2172 2264 2411 2320 Orosius
2435 2263 2536 2319 lib.
2566 2279 2668 2334 v11,
2701 2279 2827 2334 cap.
2869 2263 2955 2333 M,
2987 2266 3057 2322 de
3085 2263 3178 2322 his
3205 2267 3419 2323 eisdem
3447 2263 3672 2336 tempo—l

2014 2335 2178 2408 ribus
2206 2349 2400 2406 agens,
2442 2349 2475 2391 a
2514 2336 2728 2408 quibus
2760 2350 2871 2408 non
2894 2336 3144 2408 distabat
3167 2338 3472 2408 plusquam
3499 2335 3671 2392 annis

2015 2404 2137 2475 MO,
2167 2404 2457 2475 perperam
2479 2404 2794 2463 confundat
2811 2407 3038 2464 Gallum
3061 2404 3192 2464 cum
3214 2404 3556 2472 Hos‘tiliano,
3581 2409 3664 2464 uti

2013 2479 2307 2604 adnotezit
2333 2479 2563 2550 Pagius,
2597 2478 2784 2534 critic.
2818 2479 2878 2534 in
2925 2481 3130 2536 Baron.
3158 2481 3228 2537 ad
3273 2494 3488 2538 annum
3537 2478 3668 2550 252,

2013 2563 2177 2604 num.
2267 2591 2280 2603 .

2013 2563 2177 2606 num.
2195 2563 2280 2604 14.

2089 2620 2452 2679 Profecturus
2478 2621 2661 2693 igitur
2679 2624 2839 2678 extra
2857 2620 3063 2678 Urbem
3087 2622 3298 2679 Lucius
3316 2623 3376 2677 in
3398 2622 3672 2679 exsilium

2014 2705 2128 2747 non
2160 2693 2504 2748 diuturnum
2533 2693 2704 2763 (quod
2737 2699 2986 2747 attamen
3016 2694 3085 2749 ad
3118 2699 3389 2749 semestre
3418 2695 3671 2762 spatium

2017 2764 2359 2838 redigereex
2386 2764 2558 2838 initio
2599 2764 3019 2838 persecutionis
3047 2765 3255 2838 Pagius
3277 2767 3406 2835 jure
3430 2766 3675 2838 denegat

2014 2833 2345 2904 Pear'sonio,
2377 2833 2594 2891 frustra
2622 2836 2680 2891 id
2703 2835 2975 2906 colligere
2996 2833 3363 2892 contendenti
3385 2850 3453 2891 ex
3480 2833 3677 2892 adv'er-

2014 2906 2111 2963 bio
2140 2922 2332 2975 nuper,
2369 2919 2465 2974 per
2483 2906 2828 2976 Cyprianum
2851 2907 3111 2962 adhibito
3128 2909 3300 2962 etiam
3323 2907 3388 2962 ad
3413 2909 3668 2976 spatium

2012 2977 2694 3048 trienniigdenotandum‘,
2727 2984 2792 3031 ut
2823 2977 3035 3031 ibidem
3062 2977 3323 3032 observat
3357 2979 3564 3048 Pagius
3595 2979 3665 3033 ad

245 3046 873 3122 mensi_bus._expuncto
898 3062 1091 3122 errore
1120 3051 1509 3122 amanuensis,
1549 3051 1649 3121 qui
1695 3049 1900 3122 siglam
1933 3052 1980 3113 C
2012 3063 2144 3104 ann.
2181 3046 2319 3122 252,
2342 3061 2588 3122 numero
2617 3043 2703 3116 l7)
2741 3048 2895 3122 circa
2943 3052 3180 3108 atatem.
3205 3043 3667 3122 autver-{adul-

239 3118 468 3174 denarii
496 3133 532 3173 x
565 3118 958 3188 imprudenter
974 3121 1202 3177 addidit
1240 3121 1350 3177 soli
1378 3118 1654 3189 Farfensi,
1683 3127 1738 3176 et
1757 3118 1904 3176 uni-

244 3194 419 3244 tatem
463 3190 716 3244 detraxit
766 3191 876 3246 soli
919 3191 1174 3248 Cavensi.
1225 3194 1458 3248 Dierum
1516 3205 1791 3248 numerus
1841 3192 1899 3246 in

250 3261 571 3342 Eergomati
611 3259 965 3342 deformatus
995 3261 1110 3319 fuit
1136 3265 1199 3342 in_
1223 3278 1284 3318 ιιι
1337 3277 1414 3342 ex
1435 3277 1507 3318 xv
1551 3263 1900 3342 detr-itepo—

246 3333 479 3405 steriori
502 3333 682 3387 ductu
712 3333 972 3390 denarii:
1008 3349 1137 3390 cum
1167 3335 1491 3404 descriptor
1532 3333 1777 3405 catalogi
1799 3333 1902 3388 Li—

246 3403 478 3457 beriani
509 3411 697 3475 notam
724 3405 949 3461 denarii
981 3403 1380 3475 duplicaverit.
1411 3406 1685 3461 Caeterum
1715 3403 1901 3460 l'talici

245 3475 378 3546 dies
407 3487 479 3529 xv
522 3474 798 3546 exhibent
835 3490 963 3532 cum
998 3474 1240 3546 picturis
1271 3477 1593 3533 Leonianis.
1643 3477 1746 3531 His
1774 3490 1899 3532 om-

249 3545 394 3619 nino
415 3545 1066 3619 concordantcataIOgus
1088 3549 1349 3619 Belgicus
1369 3548 1762 3618 Papehrochii,
1787 3560 1902 3618 quo

245 3628 318 3702 ex
343 3615 712 3702 Colbertinis,
738 3625 805 3702 et
820 3615 999 3702 codex
1036 3615 1716 3702 Ocriculensis‘quartus,
1743 3615 1906 3702 eam-

243 3688 375 3761 dem
407 3687 679 3761 epocham
729 3692 1058 3757 retinentes,
1111 3705 1235 3761 quae
1278 3687 1519 3747 resultat
1557 3705 1625 3746 ex
1656 3687 1903 3761 picturis

243 3757 302 3812 S.
340 3758 590 3833 Pauliet
627 3772 697 3814 ex
725 3761 998 3833 catalogis
1031 3757 1333 3818 Liberiano
1375 3771 1431 3819 et
1459 3757 1700 3833 ltalicis,
1733 3775 1904 3818 anno-

244 3843 377 3885 rum
399 3829 624 3885 scilicet
649 3845 726 3894 1v,
753 3829 1037 3888 mensium
1067 3847 1129 3900 ιι,
1157 3835 1382 3890 dierum
1413 3848 1508 3888 xv.

320 3901 456 3975 Dies
485 3904 748 3972 martyrii
772 3904 830 3957 B.
862 3904 1157 3975 Stephani,
1184 3919 1248 3960 ac
1271 3906 1675 3975 depositionis,
1705 3905 1766 3960 in
1789 3905 1904 3963 lau-

244 3972 384 4046 dgto
410 3971 753 4046 documento
794 3977 980 4031 aetatis
1027 3971 1547 4046 Liberianae'supra
1575 3978 1730 4032 edito
1777 3977 1895 4032 col.

245 4039 358 4118 972
388 4057 545 4118 seqq,
584 4045 661 4118 fin
695 4046 1125 4118 Prolegomenis
1171 4061 1238 4104 ex
1267 4039 1569 4115 Buche'rio,
1599 4061 1816 4104 necnon
1843 4048 1901 4104 in

250 4114 562 4191 tabulariis
582 4114 952 4191 Ecclesiaefet
973 4119 1027 4174 in
1056 4119 1226 4176 Libro
1252 4114 1570 4175 Pontiﬁcali
1598 4119 1902 4191 consigna-

251 4183 798 4259 t_urdie3Augusti:
829 4183 1034 4255 Quarto
1063 4193 1248 4247 Nonas
1274 4191 1517 4259 Augusti
1553 4183 1820 4259 Stephani
1844 4194 1904 4245 in

249 4256 491 4332 ϐριιιὶειιῑἶ
532 4256 810 4332 Consules
855 4275 987 4317 vero
1025 4263 1278 4332 expressi
1331 4256 1390 4317 in
1437 4256 1694 4332 catalogo
1732 4262 1908 4317 Libe—

251 4327 419 4383 riano
449 4329 782 4386 Valerianus
816 4346 877 4386 ιιι
926 4339 982 4388 et
1004 4327 1304 4389 Gallienus
1329 4347 1370 4389 ιι
1403 4327 1662 4390 indicant
1691 4346 1903 4389 annum

249 4411 379 4475 aera:
397 4399 615 4475 Christi
637 4404 960 4459 communis
977 4402 1103 4473 255,
1131 4406 1229 4475 qui
1255 4418 1479 4460 numeri
1499 4405 1903 4460 consulatuum

2011 3127 2133 3176 tum
2186 3115 2322 3175 anni
2351 3115 2478 3190 253,
2505 3115 2817 3188 episcOpali
2841 3119 3172 3190 charactere
3204 3118 3510 3190 insignivit
3537 3120 3668 3175 Ste-

2015 3192 2264 3261 phanum
2286 3189 2778 3258 archidiaconum,
2800 3189 2971 3261 eique
2994 3189 3672 3261 potestatem’impertivit

2011 3259 2276 3319 Ecclesiae
2297 3262 2562 3316 Romana:
2593 3274 2692 3330 per
2719 3260 2813 3316 sui
2841 3259 3158 3316 absentiam
3185 3261 3404 3318 vicario
3435 3259 3668 3320 nomine

2011 3333 2413 3406 gubernanda.

2081 3405 2286 3460 Eadem
2317 3403 2494 3459 ferme
2513 3407 2861 3473 tempestate,
2892 3416 3004 3474 qua
3036 3403 3094 3458 in
3120 3402 3391 3459 exsilium
3410 3403 3668 3472 pelleba-

2012 3483 2110 3532 tur
2137 3476 2367 3544 Lucius,
2401 3475 2681 3545 perlatum
2714 3481 2801 3530 est
2820 3483 2890 3530 ex
2929 3475 3261 3544 Pannoniis,
3285 3475 3357 3531 ab
3386 3476 3488 3532 illo
3513 3489 3667 3532 exero

2011 3549 2130 3604 citu
2163 3547 2230 3602 ad
2267 3547 2571 3616 imperium
2598 3545 2901 3601 acclamari
2936 3546 3301 3602 lEmilianum
3354 3547 3558 3604 ducem
3583 3547 3668 3602 li-

2013 3619 2172 3675 mitis
2217 3619 2444 3674 Moesiae.
2496 3619 2703 3673 Contra
2753 3618 3013 3672 eumdem
3064 3616 3351 3687 profectus
3396 3618 3466 3673 ab
3518 3618 3667 3674 Urbe

2010 3688 2640 3755 TrebonianusGallus,
2663 3690 3024 3744 Interamniaa
3037 3702 3166 3743 cum
3188 3702 3252 3744 eo
3273 3689 3662 3760 conﬂigensin

2012 3763 2135 3818 acie
2164 3762 2424 3817 caeditur.
2483 3761 2803 3816 Remissius
2830 3773 2995 3830 agere
3020 3761 3192 3830 ccepit
3222 3759 3328 3816 sub
3352 3759 3664 3816 zEmiliano

2015 3834 2276 3903 principe
2308 3831 2509 3889 localis
2540 3831 2641 3887 illa
2671 3833 3011 3901 persecutio,
3038 3845 3207 3903 quam
3228 3833 3418 3887 Romae
3445 3845 3558 3888 non
3581 3832 3666 3887 in-

2014 3905 2337 3962 termiserat
2360 3903 2578 3960 Gallus.
2611 3904 2780 3959 Breve
2802 3911 2986 3959 tamen
3013 3903 3318 3973 imperium
3344 3903 3663 3972 Emiliani,

2013 3977 2302 4032 trimestre
2331 3981 2429 4030 aut
2453 3975 2869 4044 quadrimestre
2897 3975 3144 4044 spatium
3181 3975 3273 4029 vix
3301 3975 3514 4030 emensi
3569 3988 3668 4044 per

2011 4053 2260 4103 aestatem
2284 4047 2421 4102 anni
2444 4044 2571 4113 253,
2595 4047 2782 4116 locum
2807 4045 2941 4101 fecit
2962 4046 3316 4116 principatui
3338 4046 3660 4102 Valeriani:

2012 4125 2069 4174 et
2114 4119 2345 4187 quidem
2373 4119 2478 4174 hoc
2509 4131 2658 4173 anno
2681 4115 2788 4173 253
2834 4131 2958 4172 aera:
2996 4115 3212 4173 Christi
3243 4122 3376 4173 ante
3425 4123 3667 4174 autum-

2015 4204 2172 4258 num,
2206 4197 2269 4246 ut
2299 4190 2551 4246 ostendit
2576 4202 2847 4245 nummus
2869 4189 3162 4260 lEgiorum
3195 4189 3255 4244 in
3281 4189 3489 4260 Cilicia
3529 4203 3664 4260 per-

2014 4276 2219 4318 cussus
2245 4261 2571 4327 lEmiliano,
2595 4267 2652 4316 et
2683 4258 3080 4332 signatur’aera
3103 4259 3242 4330 ΘιιΣ
3271 4258 3434 4332 (299),
3458 4258 3666 4317 viden-

2013 4333 2190 4389 dusin
2219 4347 2426 4388 muszeo
2447 4332 2728 4393 Corrario.
2753 4346 2820 4387 ex
2838 4346 2951 4402 quo
2964 4332 3220 4403 vulgavit
3236 4333 3587 4388 Vaillantius
3602 4333 3662 4386 in

2014 4405 2262 4460 secunda
2292 4405 2572 4460 editione.
2605 4404 2744 4459 Nam
2768 4417 2888 4472 aera
2922 4404 3212 4472 Egiorum
3257 4417 3387 4458 cum
3421 4403 3665 4472 incipiat

249 4471 634 4547 signabantur
661 4486 720 4547 ιιι
751 4477 996 4530 termino
1033 4467 1370 4532 decessoris.
1398 4477 1500 4532 Sed
1525 4478 1763 4547 quemad
1777 4491 1904 4533 mo-
1931 4467 1986 4530 D
2011 4490 2078 4533 ex
2108 4483 2386 4532 autumno
2409 4476 2547 4531 anni
2572 4476 2634 4530 U.
2668 4475 2728 4530 C.
2758 4471 2880 4547 706,
2914 4467 3120 4547 Caleno
3144 4473 3464 4547 e_t__Va_tinio
3493 4467 3664 4542 coss.,

247 4541 390 4614 dum
420 4541 500 4597 ibi
527 4542 827 4614 legendum
878 4560 1001 4603 esse
1038 4547 1231 4603 monui
1266 4541 1595 4603 Valerianus
1622 4563 1660 4604 ιι
1694 4555 1743 4604 et
1772 4549 1903 4604 Gal-

248 4613 460 4680 lienus;
492 4613 707 4671 ita’hic
751 4617 1116 4674 scribendum
1149 4632 1272 4674 esse
1299 4619 1524 4675 affirmo
1575 4622 1905 4675 Valerianus

251 4691 394 4761 tv_et
422 4685 722 4761 Gallienus
755 4702 839 4757 ιιι,
871 4695 932 4744 ut
963 4690 1220 4745 indicent
1246 4703 1458 4746 annum
1488 4688 1614 4747 257.
1649 4693 1728 4746 Ex
1760 4705 1906 4761 pon-

251 4755 478 4832 tificatu
508 4756 656 4812 Sixti
683 4755 1035 4816 successoris
1080 4761 1287 4817 collato
1313 4775 1440 4816 cum
1485 4763 1631 4818 actis
1657 4755 1907 4832 procon—

250 4827 548 4905 suletibus
580 4832 838 4905 martyrii
859 4833 911 4887 S.
935 4833 1226 4903 Cypriani,
1253 4846 1470 4888 necnon
1492 4846 1560 4888 ex
1582 4827 1757 4903 hujus
1777 4835 1906 4905 epi-

251 4898 507 4974 sto_lis_id
530 4898 784 4974 evincam
819 4898 1056 4959 numero
1085 4898 1368 4974 sequenti.

326 4971 415 5047 Ex
439 4969 541 5047 hoc
587 4971 771 5047 igitur
810 4976 1053 5031 termino
1081 4969 1199 5031 diei
1237 4973 1272 5030 3
1314 4976 1560 5047 Augusti
1601 4977 1736 5032 anni
1775 4972 1901 5045 257,

253 5041 570 5116 recedendo
598 5043 658 5098 in
691 5047 982 5102 anteriora
1010 5054 1262 5116 tempora
1296 5061 1393 5116 per
1410 5041 1604 5103 annos
1629 5061 1705 5113 ιν,
1740 5041 1906 5102 men-'-

252 5125 348 5167 ses
367 5126 429 5172 ιι,
458 5114 583 5169 dies
605 5128 698 5180 xv,
721 5131 846 5173 sese
865 5117 1026 5174 otl‘ert
1049 5114 1175 5174 dies
1191 5114 1579 5175 ordinationis
1600 5119 1750 5175 beati
1775 5121 1906 5175 Ste-

256 5183 456 5252 phani,
485 5198 518 5241 a
545 5193 741 5244 sancto
775 5190 952 5245 Lucio
986 5204 1147 5260 papa,
1185 5191 1352 5259 cujus
1377 5197 1500 5247 erat
1538 5191 1906 5247 archidiaco-

255 5267 390 5322 nus,
410 5260 666 5332 promoti
698 5260 765 5315 ad
808 5264 1216 5332 episcopatum,
1252 5270 1315 5318 ut
1343 5263 1616 5318 vicariam
1645 5263 1906 5318 admini—

252 5327 594 5404 strationem
637 5327 886 5404 inWUrh'e
934 5327 1239 5402 exerceret,
1293 5334 1431 5389 dum
1485 5335 1608 5404 ipse
1650 5334 1905 5404 pontifex

254 5397 472 5475 Lueius
503 5400 562 5475 in
601 5403 873 5460 exsilium
901 5398 1230 5475 pelleretur.

329 5470 654 5548 Notandum
695 5481 881 5532 tamen
902 5470 1016 5541 'est,
1052 5477 1244 5548 phrasi
1272 5476 1497 5548 diversa
1530 5477 1750 5548 narrari
1782 5477 1911 5548 pri-

258 5553 414 5617 mum
438 5545 721 5603 delectum
752 5548 1025 5617 Stephani
1052 5545 1448 5603 archidiaconi
1475 5560 1507 5601 a
1529 5545 1793 5603 Cornelio
1819 5547 1911 5604 ha-

256 5611 467 5688 bitum,
487 5624 542 5673 et
563 5611 878 5676 secundum
895 5634 926 5674 a
948 5621 1142 5676 Lucio.
1174 5619 1231 5674 In
1260 5619 1440 5688 priori
1459 5618 1609 5672 enim
1633 5617 1912 5677 electione

253 5683 562 5762 pol-uenus
591 5691 852 5747 tradebat
879 5691 1164 5762 Stephano
1207 5683 1387 5745 omnia
1430 5690 1568 5743 bona
1601 5691 1910 5762 Ecclesiae;

260 5756 324 5810 in
351 5762 623 5833 secundo,
652 5764 885 5820 Lucius.
913 5756 1122 5819 omnem
1140 5766 1462 5834 potestatem
1487 5760 1756 5817 Ecclesia.
1788 5756 1910 5820 Non

2014 4562 2128 4620 quo
2177 4553 2401 4602 constat
2427 4548 2701 4620 Caesarem
2733 4559 2766 4600 a
2820 4545 2982 4620 Syria
3013 4557 3114 4613 per
3155 4543 3424 4620 Ciliciam
3468 4550 3666 4599 trans-

2013 4613 2261 4688 euntem,
2287 4625 2427 4674 teste
2453 4618 2658 4688 Hirtio,
2685 4613 2978 4688 beneficia,
3007 4613 3302 4688 complura
3325 4614 3502 4684 hujus
3525 4628 3665 4688 pro-

2015 4684 2258 4756 vinciae,
2293 4684 3015 4748 civitatibus’contulisse;
3065 4685 3376 4756 lEgienses,
3438 4685 3539 4756 qui
3592 4684 3663 4740 ab

2011 4761 2335 4816 Alexandro
2366 4762 2566 4830 Magno
2597 4759 2883 4813 conditam
2927 4757 3123 4812 urbem
3164 4769 3340 4825 suam,
3379 4769 3662 4830 memora-

2014 4832 2172 4903 bant,
2225 4839 2282 4886 et
2329 4844 2439 4903 aera
2464 4828 2856 4885 ‘Macedonica
2889 4841 2970 4903 ex‘
3011 4834 3289 4903 autumno
3329 4828 3663 4903 utebantur,

2014 4898 2196 4959 annos
2233 4916 2370 4958 suos
2417 4902 2908 4971 imposterumhex
2959 4900 3065 4955 hoc
3109 4898 3381 4954 beneﬂcio
3425 4899 3672 4971 Caesaris

2014 4978 2445 5043 computarunt:
2491 4968 2735 5043 quorum
2784 4968 2891 5027 299
2921 4972 3182 5042 pariatur
3205 4984 3339 5043 cum
3373 4970 3667 5028 mensibus

2014 5042 2231 5102 aestivis
2254 5046 2391 5100 anni
2412 5042 2662 5100 253mm
2689 5043 2903 5098 Christi
2927 5042 3272 5098 communis.

2085 5118 2514 5187 Quadrimestre
2541 5116 2646 5172 hoc
2682 5114 2986 5185 imperium
3016 5113 3328 5187 Emiliani
3354 5113 3577 5184 excepit
3599 5126 3668 5169 ex

2016 5184 2206 5245 mense
2252 5188 2568 5258 Septembri
2623 5184 2982 5258 prinCipatus
3043 5184 3671 5258 Valeriani,_ut_recte

2012 5261 2220 5317 statuit
2248 5255 2540 5327 Lydiatus,
2578 5255 2634 5315 et
2677 5257 3050 5327 comprobant
3079 5256 3299 5312 nummi
3348 5255 3419 5311 ab
3463 5256 3670 5312 iisdem

2013 5331 2401 5404 lEgaeensibus
2424 5331 2646 5404 Cilicia;
2674 5329 2930 5398 percussi
2962 5341 3108 5404 novo
3128 5330 3387 5404 Augusto
3415 5327 3669 5404 Valeria-

2016 5398 2247 5459 no'cum
2281 5409 2414 5458 nota
2443 5403 2486 5456 T
2512 5403 2647 5457 anni
2692 5399 3075 5455 tercentesimi
3108 5398 3335 5468 epochaa
3382 5404 3544 5456 antea
3574 5399 3671 5455 in-

2015 5476 2240 5534 dicatae,
2265 5473 2366 5544 qui
2385 5479 2523 5529 tunc
2542 5473 2805 5528 inibatex
2825 5477 3120 5544 autumno.
3147 5469 3370 5544 Quanta
3401 5470 3450 5544 is
3477 5471 3678 5528 huma-

2019 5549 2200 5602 nitate
2224 5541 2298 5600 ac‘
2315 5544 2702 5601 benevolentis
2725 5544 2897 5599 initio
2930 5543 3292 5612 principatus
3310 5541 3672 5598 Christianos

2018 5617 2509 5687 complecteretur,
2543 5622 2797 5687 testatur
2822 5613 3065 5687 epistola
3112 5612 3372 5687 Dionysii
3416 5614 3497 5687 ad
3530 5615 3680 5669 Here-

2021 5685 2415 5758 mammonem,
2448 5688 2597 5758 apud
2635 5685 2945 5758 Eusebium
2975 5686 3228 5758 legenda,
3262 5685 3408 5740 Hist.
3437 5685 3540 5740 lib.
3569 5697 3672 5758 vn.

2019 5775 2141 5832 cap.
2197 5757 2282 5817 40.
2337 5754 2462 5817 Haec
2489 5754 2692 5816 tamen
2733 5754 3060 5830 benignitas
3103 5757 3288 5812 otiosa
3319 5771 3422 5827 pro
3459 5754 3673 5813 nostris
