4070 6178
389 212 412 270 4
421 210 528 272 395

1602 203 1957 260 ANASTASII
1997 201 2541 260 BIBLIOTHECARII

3649 201 3670 255 4
3681 199 3794 259 396

392 342 743 402 Christianis
779 340 931 412 fuit;
964 354 1094 396 cum
1127 337 1297 412 nulla
1313 337 1383 393 ad
1412 350 1606 412 eorum
1636 336 1886 412 levamen
1913 331 2110 405 legeA
2145 336 2369 412 Pagius
2397 334 2720 392 rationibus
2749 335 2930 412 toties
2958 333 3289 404 propositis,
3339 337 3510 412 atque
3540 331 3639 388 hic
3687 343 3797 412 re-

400 415 635 488 periata,
666 427 848 488 neque
876 407 1092 488 abolito
1110 410 1470 488 superiorum
1499 408 1827 488 principum
1851 407 2036 488 inter—-

389 481 567 554 dicto,
589 481 960 555 magistratus
989 482 1097 539 sub
1126 481 1294 537 Decio
1320 481 1536 555 assueti
1562 485 1820 555 extrema
1841 484 2038 534 contra

395 572 502 614 nos
549 550 842 627 supplicia
880 555 1184 610 decernere
1229 566 1297 608 ex
1342 551 1570 627 legibus
1613 550 2033 627 Antoninorum

395 623 690 699 nunquam
721 626 989 693 sublatis,
1019 629 1414 699 potueruntet
1439 623 1677 678 Lucium
1728 635 1951 691 papam,
1983 625 2037 699 et

392 691 718 769 complures
764 691 1040 767 martyres
1070 696 1235 769 morti
1267 695 1565 769 addicere,
1619 698 1814 769 utpote
1837 691 2036 769 _sem_el

392 762 630 828 delatos.
685 770 826 825 Vide
869 762 1042 839 supra
1074 768 1132 823 in
1162 767 1314 821 notis
1338 766 1404 820 ad
1459 765 1641 839 Vitam
1671 764 1887 820 Soteris
1911 762 2026 839 col.

398 839 738 900 4244-4248.
773 835 959 896 Romae
988 852 1119 894 vero
1149 839 1420 893 severitas
1452 838 1632 906 major
1661 835 2039 904 exspectanda

393 922 518 970 erat
543 914 601 968 in
635 911 1108 984 magistratibus;
1137 923 1265 965 cum
1295 909 1866 984 ValeriusMaximus
1888 920 2038 984 prm-

397 985 580 1042 fectus
605 977 918 1040 Urbianno
941 979 1068 1051 252,
1097 977 1525 1051 etmemoratus
1558 980 1617 1034 in
1637 979 1783 1034 actis
1811 977 1866 1032 S.
1893 978 2038 1032 Cor—

397 1057 536 1113 nelii
567 1069 740 1125 papae,
776 1055 881 1110 hoc
908 1049 1063 1108 anno
1085 1049 1212 1122 253,
1243 1065 1356 1121 quo
1383 1051 1618 1125 Lucium
1651 1051 1903 1105 dicimus
1932 1062 2039 1103 ex-

395 1122 654 1196 sulasse,
687 1125 1082 1196 ordinarium”
1103 1129 1322 1196 gereret
1367 1122 1750 1196 consulatum,
1795 1127 1852 1196 et
1888 1131 2037 1174 anno

398 1192 656 1270 proxime
685 1192 1128 1270 consecuto25£
1175 1192 1780 1270 prrefecturam__U_rbi_s
1828 1193 2035 1246 iterum

392 1263 823 1327 administraret
852 1268 958 1322 sub
991 1263 1226 1321 initium
1255 1264 1481 1334 imperii
1515 1277 1546 1318 a
1567 1263 1866 1334 Valeriano
1896 1276 2036 1317 sus-

395 1343 566 1410 cepti,
598 1355 711 1410 quo
740 1353 975 1394 censore
1019 1333 1532 1410 praefectuseUrbis
1563 1333 1766 1401 fuerat,
1796 1335 2035 1410 ejusque

395 1406 701 1482 collega'in
724 1410 958 1478 capitali
988 1409 1271 1482 sententia
1310 1406 1539 1482 ferenda
1577 1412 1776 1460 contra
1801 1406 2036 1482 Corne-

394 1477 571 1548 lium:
585 1489 650 1537 ut
678 1477 850 1550 hujus
882 1479 1168 1549 passionis
1187 1479 1324 1550 Acta
1354 1478 1766 1550 demonstrant.
1800 1477 2036 1550 Frustra

396 1567 526 1610 vero
550 1547 898 1624 suggillaturf
919 1557 1175 1624 actorum
1200 1549 1340 1624 ﬁdes
1354 1562 1422 1603 ex
1447 1548 1744 1624 apparenti
1764 1547 2036 1624 a_nach_ro-

396 1627 585 1681 nismo
614 1617 1067 1678 iu'describendo
1088 1620 1340 1676 Cornelii
1374 1620 1646 1689 martyria
1676 1619 1731 1672 in
1763 1617 1909 1673 Urbe
1935 1619 2039 1672 Ro-

395 1709 512 1759 ma;
536 1709 662 1750 cum
691 1708 757 1750 ex
784 1692 1282 1750 observationibus
1318 1697 1483 1746 antea
1503 1690 1797 1759 productis
1821 1689 2037 1745 dissol—

396 1774 602 1822 vantur
650 1766 896 1822 dissidia
944 1770 1283 1834 temporum,
1327 1769 1384 1818 et
1420 1761 1841 1834 conﬁrmentur
1883 1767 2039 1834 gesta

398 1838 686 1908 passionis
732 1851 800 1892 ex
859 1832 1219 1908 documentis
1268 1848 1302 1890 a
1347 1832 1750 1908 Scﬁhelestraeio
1800 1832 2040 1904 prolatis

397 1901 628 1965 dissert.
651 1907 686 1964 2
708 1909 981 1978 antiquit.
1011 1906 1224 1962 Eccles.
1247 1919 1369 1975 cap.
1398 1903 1453 1978 6,
1484 1918 1638 1978 num.
1661 1901 1716 1960 7.

464 1981 698 2036 Constat
737 1975 919 2050 igitur
950 1986 1269 2047 temporum
1307 1981 1365 2032 et
1399 1976 1659 2032 historia:
1713 1975 1862 2050 ratio
1910 1987 2039 2050 cum

397 2053 653 2108 numeris
674 2046 1528 2122 catalogorum’praacipuorume,
1551 2054 1603 2103 et
1637 2060 1766 2103 cum
1800 2046 2043 2122 picturis

398 2124 657 2179 bacilicae
695 2123 748 2178 S.
784 2118 981 2192 Pauli;
1012 2122 1060 2176 si
1083 2121 1343 2176 dicamus
1363 2119 1712 2192 Stephanum
1743 2118 2044 2192 archidia-

398 2209 607 2252 conum
633 2194 796 2250 Lucii
824 2190 1007 2249 fuisSe
1035 2192 1364 2248 ordinatum
1403 2191 1756 2260 episcopum,
1800 2196 1864 2244 ut
1894 2190 2046 2245 vices

400 2268 655 2334 ejusdem
694 2265 987 2334 suppleret
1033 2264 1293 2334 proxime
1340 2261 1608 2334 abeuntis
1657 2261 1717 2334 in
1747 2261 2044 2334 exsilium,

401 2332 716 2393 Volusiano
738 2332 783 2390 ιι
810 2332 867 2390 et
891 2332 1136 2390 Maximo
1166 2333 1508 2390 consulibus
1534 2332 1850 2403 (catalogus
1877 2332 2049 2387 Libe-

402 2410 607 2464 rianus
633 2409 1005 2480 Maximinum
1029 2407 1236 2480 vitiose
1273 2403 1722 2480 expressit)_,edie
1751 2405 2049 2480 Dominica

401 2482 758 2536 Pentecostes
782 2476 852 2534 23
877 2478 1034 2546 Maii,
1056 2478 1221 2546 juxta
1239 2490 1516 2532 summam
1555 2475 1780 2531 dierum
1800 2475 2048 2546 catalogi

402 2551 775 2623 Bergomatis,
804 2549 889 2604 vel
919 2544 1421 2623 die_'_Ascens_i_oni§
1440 2547 1748 2623 pominicze
1790 2544 1862 2602 23
1891 2544 2047 2623 Maii,

399 2615 564 2690 juxta
612 2615 934 2689 catalogum
968 2619 1179 2674 Liberii
1229 2619 1353 2672 dies
1389 2615 1452 2672 21
1509 2623 1919 2684 numerantem,
1963 2617 2049 2690 vel

403 2689 502 2747 die
531 2696 727 2746 octava
773 2690 1144 2744 Ascensionis
1195 2695 1252 2743 et
1281 2693 1410 2743 ante
1441 2690 1803 2743 Pentecosten
1859 2689 2049 2744 tertia.

399 2763 565 2831 juxta
617 2767 851 2817 caeteros
877 2760 1187 2828 catalogos,
1221 2759 1492 2827 Stephani
1537 2759 1902 2827 episcopatus
1925 2759 2051 2814 dies

404 2847 479 2959 ἓν
533 2833 917 2903 exprimentes
964 2843 1139 2900 supra
1185 2842 1369 2885 annos
1417 2835 1683 2899 quatuor,
1734 2836 1790 2884 et
1833 2843 2054 2887 menses

447 2918 569 2959 uos.

447 2918 569 2960 1105.

478 2980 641 3031 Anno
655 2970 784 3040 254,
815 2986 962 3028 coss.
993 2971 1296 3027 Valeriano
1333 2972 1592 3041 Augusto
1622 2985 1664 3025 ιι
1694 2970 2053 3041 etGaIlieno,

408 3049 622 3105 Lucius
653 3045 926 3115 martyrio
957 3049 1265 3115 coronatur
1293 3043 1388 3098 die

412 3121 628 3176 tionem
656 3112 1054 3174 sedisdierum
1077 3112 1166 3182 35,
1196 3115 1361 3183 juxta
1388 3113 1619 3170 Librum
1645 3115 2054 3186 Pontiﬁcalem,

403 3189 722 3259 Stephanus
750 3202 818 3244 ex
846 3188 1064 3242 vicario
1085 3185 1657 3259 eligituresuccessor
1681 3186 1838 3241 Lucii
1864 3194 1920 3241 et
1957 3185 2062 3242 ca;-

405 3256 663 3317 thedram
686 3261 992 3315 Romanam
1024 3256 1287 3312 ascendit
1316 3258 1413 3312 die
1431 3256 1732 3312 Dominica
1761 3259 2059 3315 Passionis

408 3333 443 3388 9
480 3333 720 3402 Aprilis,
751 3337 817 3386 ut
837 3328 1153 3402 Paschalia
1173 3327 1316 3402 festa
1341 3335 1654 3400 perageret,
1687 3342 1751 3384 eo
1775 3342 1926 3386 anno
1961 3331 2060 3386 in-

409 3397 662 3460 cidentia
704 3401 761 3456 in
794 3402 943 3456 diem
983 3399 1191 3468 aprilis
1217 3397 1304 3454 23.

475 3475 742 3528 Proximo
794 3469 1098 3540 consulatu
1147 3469 1435 3524 Valeriani
1485 3484 1549 3524 ιιι
1595 3477 1651 3525 et
1692 3469 1943 3526 Gallieni
1990 3486 2053 3540 ιι,

406 3546 623 3601 Christi
678 3556 827 3599 anno
864 3539 990 3610 255,
1050 3539 1372 3610 Stephanus
1420 3541 1702 3596 vicarium
1749 3544 2056 3598 constituit

405 3617 661 3673 Sixtum:
689 3615 787 3685 qui
811 3613 1171 3683 postmodum
1198 3612 1286 3668 illi
1310 3613 1609 3683 successit,
1637 3619 1698 3668 ut
1719 3613 1777 3667 in
1801 3613 2056 3682 ejusdem

410 3701 648 3744 numero
679 3686 1064 3741 ostendemus.

480 3760 644 3814 Anno
680 3757 932 3826 denique
971 3750 1098 3824 257,
1142 3755 1468 3826 Valeriano,
1495 3769 1548 3809 1v
1595 3759 1646 3808 et
1695 3753 1959 3812 Gallieno
1992 3771 2056 3812 ιιι

411 3844 580 3898 coss.,
607 3825 930 3897 Stephanus
951 3826 1005 3880 in
1035 3827 1290 3898 sedesua
1315 3825 1621 3898 considens
1651 3827 1718 3880 ad
1753 3827 2062 3898 Catacum-f

411 3902 534 3966 bas,
572 3897 645 3954 in
695 3899 1020 3954 cmmeterio
1045 3897 1293 3958 Callisti,
1336 3897 1523 3965 capite
1548 3905 1844 3953 truncatur
1901 3900 1996 3954 die
2024 3897 2060 3955 2

411 3969 698 4042 Augusti;
723 3983 852 4024 cum
881 3973 1207 4042 numeraret
1248 3966 1318 4022 ab
1348 3967 1661 4042 episcopali
1693 3969 2058 4042 ordinatione

414 4039 596 4098 annos
623 4054 701 4110 iV,
744 4051 970 4110 menses
1019 4052 1081 4108 ιι,
1114 4039 1239 4094 dies
1287 4052 1382 4105 xv,
1427 4039 1589 4106 juxta
1622 4040 1844 4109 potiora
1874 4042 2058 4096 docu—

417 4118 626 4176 menta,
667 4110 751 4165 vel
803 4124 882 4182 x1e
913 4109 1048 4182 dies
1083 4110 1247 4177 juxta
1293 4110 1613 4182 catalogum
1654 4112 2060 4182 Bergomatem,

415 4183 506 4244 vel
537 4196 636 4236 χχι
669 4181 834 4249 jux-ta
864 4180 1263 4250 Liberianum;
1294 4180 1538 4251 quorum
1568 4195 1871 4250 annorum,
1902 4180 2066 4238 men-'-

417 4255 592 4321 sium,
621 4251 936 4324 acrdierum
981 4257 1193 4319 partem
1229 4253 1531 4324 maximam
1567 4253 1922 4324 impenderat
1951 4268 2063 4324 qua

417 4324 674 4382 vicarius
692 4322 879 4391 Lucii,
907 4334 1018 4391 qua
1046 4335 1361 4392 successor,
1389 4323 1472 4376 uti
1494 4323 1900 4392 explicuimus.

489 4396 619 4451 Scio
647 4394 740 4448 his
787 4391 1186 4463 vicariatibus,
1219 4393 1493 4448 admissis
1535 4391 1981 4464 a’Papebrochio
2005 4403 2063 4451 et

419 4484 452 4524 a
475 4464 873 4536 compluribus
912 4452 1185 4520 historiae
1205 4464 1512 4534 pontiﬁcis:
1541 4452 1926 4534 scriptoribus
1966 4469 2064 4523 in—
2093 4452 2144 4514 Ι)

420 4540 643 4596 fensum
674 4537 911 4608 Pagium
937 4537 996 4590 in
1023 4536 1251 4609 Baronii
1279 4537 1483 4591 critica
1507 4537 1576 4592 ad
1599 4537 1860 4609 singulas
1890 4539 2066 4596 ferme

422 4612 660 4682 paginas
695 4609 897 4664 horum
929 4608 1560 4682 praesertimannorum
1589 4621 1685 4663 eos
1708 4608 2060 4681 suggillare.

419 4679 584 4738 Nuda
615 4686 798 4736 tamen
829 4679 999 4734 verba
1045 4679 1332 4752 proponit,
1374 4679 1765 4752 etdictatoria
1813 4679 2062 4752 quadam

419 4752 763 4809 auctoritate
791 4751 1155 4819 pronuntiat:
1195 4771 1220 4801 ‹‹
1249 4752 1370 4805 Non
1401 4751 1752 4822 audiendum
1777 4751 2062 4822 Papebro-

419 4825 642 4880 chium:
671 4822 986 4877 vicariatus
1005 4835 1128 4877 esse
1145 4822 1577 4890 supposititios:
1603 4824 1670 4878 ad
1695 4821 1890 4879 idiem
1925 4827 2066 4880 Illar-

419 4897 488 4952 tii
517 4895 654 4950 anni
683 4890 790 4949 254
806 4894 966 4948 Lucii
989 4893 1160 4948 vitam
1193 4893 1512 4964 pertingere
1533 4907 1722 4962 posse:
1755 4894 2066 4964 praeferen-

420 4969 558 5024 dum
590 4965 982 5028 Pearsonium,
1026 4981 1052 5013 »
1077 4977 1206 5020 cum
1239 4979 1352 5033 quo
1377 4964 1547 5018 audet
1576 4966 1855 5034 divinare.
1900 4969 2062 5025 nullo

423 5041 628 5095 idoneo
659 5036 887 5107 testeid
911 5041 1218 5107 asserente,
1247 5055 1271 5086 cr
1299 5035 1594 5090 mensibus
1615 5038 1891 5107 quinque,
1933 5040 2065 5095 die-

422 5111 532 5167 bus
555 5111 747 5166 decem
773 5105 844 5161 ab
875 5106 1236 5179 ordinatione
1265 5114 1528 5179 constare
1571 5105 1854 5179 integrum
1898 5112 2062 5167 Lucii

426 5181 844 5308 pontifiiigltum.
868 5195 894 5228 »
926 5179 1010 5234 Ita
1027 5177 1598 5234 conﬁdenterscribit
1621 5180 1688 5234 ad
1701 5177 1920 5237 annum
1937 5181 2065 5256 252,

426 5267 582 5308 num.
688 5292 700 5304 .

423 5267 582 5309 num.
612 5267 700 5308 1'2.

494 5327 563 5380 At
616 5323 760 5379 bona
776 5333 904 5378 cum
932 5320 1097 5376 venia
1112 5320 1227 5374 viri
1252 5320 1465 5376 eruditi
1486 5322 1790 5387 contendo,
1813 5324 2071 5380 vicaria-

426 5401 519 5452 tus
557 5403 614 5452 et
655 5409 762 5451 usu
804 5397 1077 5462 receptos,
1111 5399 1165 5446 et
1204 5391 1590 5450 admittendos
1621 5407 1775 5449 esse:
1820 5396 2071 5453 audien—

425 5468 561 5524 dum
593 5464 1041 5534 Papebrochium
1066 5477 1160 5534 eos
1181 5472 1556 5520 asserentem:
1592 5471 1646 5520 et
1667 5467 2068 5534 producentem

425 5539 598 5592 vitam
632 5532 791 5591 Lucii
820 5537 890 5591 ad
921 5535 1070 5590 diem
1104 5532 1140 5588 2
1177 5535 1371 5591 Martii
1400 5538 1536 5592 anni
1562 5532 1687 5605 253,
1717 5544 1772 5592 et
1799 5541 2071 5596 receden-

423 5609 621 5733 elurtnba
647 5607 970 5673 Pearsonio,
995 5606 1164 5661 aliter
1188 5613 1472 5663 statuente
1501 5609 1611 5663 sub
1641 5608 1820 5666 nullis
1847 5611 2073 5668 idoneis

446 5694 552 5733 BSl
602 5693 686 5733 llS.

424 5680 686 5738 testibus.

493 5750 653 5821 Quod
680 5747 829 5804 enim
856 5748 1063 5802 attinet
1081 5749 1151 5803 ad
1172 5748 1506 5821 vicariatus,
1531 5752 1871 5820 respondeat
1897 5754 2067 5811 velim

2149 401 2406 476 petendis
2463 413 2516 462 et
2570 401 3137 463 cumulandismova
3188 401 3518 461 accessione
3579 401 3796 472 proba-

2147 481 2368 535 tionum
2417 485 2473 535 et
2511 478 2922 548 exemplorum.
2962 477 3235 533 Liberalis
3281 482 3367 532 est
3402 477 3796 531 vlcariatuum

2146 552 2355 621 Pagius
2380 550 2486 606 sub
2527 552 2688 606 Petro
2738 551 3022 619 apostolo,
3071 549 3167 604 cui
3205 548 3411 621 Linum
3447 561 3580 621 per_
3599 548 3798 621 plures

2148 615 2328 678 annos
2367 622 2646 694 vicarium
2691 615 2950 694 assignat
2990 615 3140 676 anno
3192 618 3284 688 65,
3333 615 3490 694 num.
3549 615 3612 672 2.
3663 617 3799 694 Pri-

2149 708 2238 749 mo
2268 694 2450 763 igitur
2481 692 2711 761 saeculo,
2765 689 2841 748 ac
2865 693 2974 748 sub
3016 693 3142 762 ipso
3190 691 3582 760 apostolorum
3631 689 3804 758 prin-

2146 765 2272 834 cipe
2321 767 2584 820 Romana:
2626 764 2778 820 sedis
2808 764 3108 820 fundatore
3137 763 3480 818 vicariorum
3529 776 3679 834 usus
3705 772 3802 834 re-

2147 831 2347 906 ceptus
2377 835 2501 892 fuit.
2538 836 2837 891 Retentum
2877 835 3126 892 fateatur
3155 848 3385 890 necesse
3418 840 3506 888 est
3539 835 3597 888 in
3615 831 3804 906 Occi-

2147 905 2397 963 dentalis
2437 907 2864 978 patriarchatus
2912 909 3176 964 terminis
3227 919 3393 962 nsum
3445 905 3801 960 vicariorum

2147 979 2317 1050 etiam
2345 987 2551 1049 quarto
2571 979 2779 1035 saeculo
2800 998 2813 1034 :
2834 993 2964 1035 cum
2985 979 3350 1050 Augustinus
3372 991 3540 1050 usum
3555 989 3675 1050 suo
3696 989 3803 1050 ex—_

2147 1049 2332 1120 emplo
2348 1045 2725 1118 demonstret;
2758 1052 2898 1122 quin
2927 1045 3106 1122 etiam
3128 1049 3280 1106 ultra
3309 1049 3527 1122 limites
3555 1045 3802 1122 legitimi

2149 1117 2290 1177 usus
2314 1122 2373 1177 in
2393 1123 2640 1178 Ecclesia
2662 1117 3016 1192 llipponensi
3039 1121 3280 1177 abusum
3305 1119 3636 1192 Obrepsisse
3653 1117 3805 1172 facto

2149 1206 2254 1248 suo
2280 1194 2542 1250 ostendat
2573 1189 2824 1264 eligendi
2853 1195 3152 1263 episcopos
3182 1192 3432 1264 vicarios
3452 1189 3804 1264 cumefutura

2145 1266 2530 1320 successione:
2556 1263 2706 1334 quod
2729 1265 2838 1320 sibi
2862 1265 3124 1336 contigit,
3144 1265 3280 1320 dum
3301 1263 3531 1336 adjutor
3550 1263 3802 1336 eligere-

2145 1341 2240 1390 tur
2267 1350 2301 1391 a
2329 1336 2572 1400 Valerio,
2601 1342 2657 1391 et
2677 1337 2814 1391 dum
2845 1335 3165 1405 adjutorem
3190 1336 3472 1390 asciscere
3500 1335 3805 1405 Eradium.

2144 1408 2293 1478 quod
2312 1408 2370 1462 in
2389 1407 2646 1476 publicas
2659 1404 2924 1463 Ecclesiae
2937 1407 3160 1463 tabulas
3175 1406 3374 1462 referri
3387 1419 3418 1460 a
3434 1404 3809 1478 notariisjus-

2145 1477 2222 1535 sit
2235 1478 2477 1546 epistola
2494 1478 2514 1533 l
2532 1478 2614 1546 lO,
2634 1494 2800 1549 quam
2817 1493 2991 1548 supra
3006 1479 3176 1534 retuli
3190 1479 3245 1532 in
3264 1479 3416 1534 notis
3428 1479 3495 1534 ad
3511 1478 3570 1531 S.
3586 1477 3807 1530 Cletum

2144 1559 2201 1607 et
2219 1552 2287 1606 ad
2304 1551 2644 1605 Evaristum.
2663 1553 2823 1605 Hunc
2842 1556 3028 1605 tamen
3051 1550 3290 1605 abusum
3307 1549 3556 1618 eligendi
3582 1549 3806 1616 adjuto-

2151 1623 2232 1677 ris
2257 1623 2478 1676 vivente
2498 1621 2766 1691 episcopo
2787 1636 2913 1677 cum
2939 1621 3135 1677 futura
3160 1621 3525 1676 successione
3554 1620 3807 1674 Romana

2082 1699 2132 1760 Β
2151 1693 2400 1749 Ecclesia
2421 1693 2678 1748 omnium
2709 1693 2998 1763 magistra,
3051 1706 3234 1762 neque
3259 1693 3317 1746 in
3359 1705 3420 1746 se
3440 1697 3678 1759 experta
3701 1698 3802 1756 est,

2149 1779 2331 1834 neque
2374 1765 2432 1818 in
2465 1764 2686 1820 caeteris
2715 1765 2990 1819 toleravit.
3020 1764 3123 1820 Sed
3162 1777 3323 1819 usum
3351 1763 3681 1832 legitimum
3714 1764 3808 1815 vi-

2148 1837 2292 1892 carii
2317 1836 2460 1891 citra
2478 1836 2576 1904 jus
2621 1837 3010 1891 successionis
3032 1835 3358 1890 assumendi
3395 1848 3498 1903 pro
3537 1834 3805 1889 Ecclesia:

2151 1908 2410 1964 utilitate
2438 1908 2507 1962 ad
2539 1906 2893 1976 pontiﬁcalia
2918 1908 3089 1963 etiam
3128 1920 3364 1961 munera
3391 1905 3661 1961 obeunda
3705 1907 3802 1960 ad-

2153 1980 2334 2060 misit,
2356 1979 2685 2060 praesertim
2733 1985 2973 2060 urgente
3001 1979 3413 2060 persecutione,
3465 1991 3532 2032 ac
3563 1977 3807 2060 retinuit

2153 2053 2324 2108 etiam
2354 2051 2413 2104 in
2456 2063 2589 2119 pace
2621 2050 2882 2105 Ecclesiae
2907 2050 3268 2120 gravissimis
3292 2063 3359 2104 ex
3411 2050 3614 2103 causis
3642 2054 3807 2118 atque

2155 2122 2483 2179 transmisit
2510 2121 2578 2176 ad
2611 2128 2916 2191 sequentes
2935 2129 3148 2187 aetates,
3193 2127 3255 2175 ut
3284 2121 3456 2175 etiam
3491 2128 3694 2174 nostra
3721 2132 3806 2172 ex-

2156 2195 2433 2264 perimur.
2461 2193 2783 2248 Mirandum
2815 2193 2980 2264 plane
3005 2199 3089 2247 est
3109 2192 3547 2264 doctumivirum
3583 2191 3664 2244 ita
3691 2204 3808 2264 suc-

2156 2262 2452 2322 censuisse
2471 2264 2704 2319 vicariis
2729 2263 3012 2332 episcopis
3029 2277 3123 2332 per
3145 2263 3458 2318 secundum
3481 2275 3548 2316 ac
3573 2262 3807 2316 tertium

2157 2336 2432 2394 smculum
2453 2334 2689 2407 (quibus
2713 2341 2896 2407 tamen
2931 2341 3160 2407 constat
3180 2334 3586 2407 continuatum
3622 2347 3806 2407 usum,

2161 2411 2208 2466 si
2237 2405 2468 2478 epocha:
2493 2405 2858 2475 episcopatus
2884 2406 2942 2460 in
2973 2406 3232 2478 singulis,
3251 2411 3462 2478 attente
3487 2418 3555 2478 ex
3570 2405 3810 2478 pendan-

2160 2476 2314 2551 tur)‘:
2347 2493 2475 2534 cum
2511 2478 2811 2551 admittere
2841 2483 3084 2551 cogatur
3103 2477 3320 2532 Christi
3363 2476 3599 2551 saeculis
3632 2476 3810 2543 primo

2160 2558 2216 2608 et
2237 2548 2461 2621 quarto,
2482 2563 2547 2604 ac
2573 2548 3060 2621 subsequentibus
3074 2549 3220 2621 hanc
3239 2549 3490 2602 eamdem
3511 2555 3813 2621 consuetu:

2161 2617 2353 2680 dinem
2407 2617 2606 2676 vicarii
2639 2617 2892 2689 episeopi
2925 2620 3256 2674 assumendi
3293 2625 3463 2688 atque
3494 2617 3811 2672 adhibendi

2162 2695 2334 2750 etiam
2375 2693 2435 2747 in
2467 2697 2648 2746 tractu
2701 2691 3122 2759 patriarchatus
3176 2690 3350 2758 hujus
3401 2690 3670 2756 Romani,
3717 2702 3815 2742 seu

2161 2764 2567 2833 Occidentalis,
2598 2762 2694 2816 ubi
2739 2762 3049 2818 necessitas
3069 2768 3170 2817 aut
3203 2759 3529 2833 necessitati
3554 2760 3814 2833 proxima

2164 2836 2392 2894 utilitas
2409 2835 2486 2889 ita
2499 2831 2784 2888 suaderet.
2809 2833 2969 2888 Addo
2985 2847 3155 2898 nunc,
3174 2833 3407 2902 Pagium
3423 2831 3647 2886 litteris
3666 2831 3812 2884 beati

2161 2907 2434 2977 Cypriani
2482 2905 2740 2960 adactum
2773 2917 2915 2977 esse
2961 2905 3028 2960 ad
3068 2905 3326 2977 evicarios
3365 2903 3671 2977 episcopos
3713 2902 3818 2977 ad:-

2167 2972 2476 3034 mittendos
2511 2977 2682 3032 tertio
2709 2975 2880 3030 etiam
2912 2975 3141 3044 saeculo,
3173 2982 3229 3030 et
3256 2975 3362 3029 hac
3387 2975 3514 3044 ipsa
3538 2972 3817 3038 Cornelii,

1482 3043 1695 3108 Martii,
1725 3045 1856 3116 Post
1887 3058 2057 3100 vaca-
2091 3054 2139 3116 ί]
2168 3050 2354 3115 Lucii,
2393 3047 2664 3116 Stephani
2705 3053 2888 3115 aatate,
2937 3048 3007 3102 de
3035 3059 3148 3116 qua
3187 3053 3272 3102 est
3312 3059 3519 3113 sermo,
3553 3044 3728 3098 etiam
3763 3046 3815 3097 in

2170 3127 2356 3176 tractu
2377 3119 2804 3173 Patriarchatus
2825 3117 3233 3184 Occidentalis,
3259 3118 3318 3172 in
3342 3131 3456 3187 quo
3485 3121 3714 3171 certum
3735 3123 3817 3169 est

2167 3191 2491 3247 Africanam
2528 3188 2833 3245 Ecclesiam
2874 3190 3180 3245 contineri.
3226 3188 3567 3257 Ultroenim
3595 3199 3818 3257 cogno-

2169 3264 2280 3318 scit
2301 3276 2426 3318 cum
2451 3261 2694 3316 Baronio
2711 3261 2780 3315 ad
2803 3273 3016 3315 annum
3045 3257 3174 3326 254,
3204 3273 3359 3314 num.
3380 3256 3468 3323 36,
3492 3256 3820 3314 suum’vero

2165 3332 2291 3395 250,
2328 3347 2481 3388 ιιιιιη.
2521 3328 2607 3398 l7,
2639 3332 2962 3386 Caldonium
3000 3339 3056 3386 et
3100 3332 3470 3386 Herculanum
3518 3330 3819 3399 episcOpos

2167 3413 2223 3462 et
2242 3403 2488 3474 collegas
2511 3417 2648 3458 suos
2671 3417 2798 3457 cum
2823 3404 3110 3458 Numidico
3133 3401 3482 3474 presbytero,
3511 3415 3684 3474 quem
3711 3415 3820 3454 nu-

2169 3491 2268 3547 per
2312 3472 2465 3531 clero
2497 3474 2954 3547 Carthaginensi
2987 3475 3350 3547 adjunxerat,
3414 3472 3815 3547 Carthaginem

2169 3543 2324 3604 initti
2350 3560 2382 3601 a
2403 3547 2456 3600 S.
2481 3546 2762 3615 Cypriano
2784 3551 2922 3600 tunc
2942 3545 3262 3610 exsulante,
3287 3557 3497 3614 eosque
3522 3565 3546 3594 α
3570 3556 3705 3615 cum
3729 3543 3819 3594 Ro-

2167 3621 2391 3687 gatiano
2439 3613 2616 3672 vicem
2665 3629 2825 3671 suam
2856 3623 3088 3687 acturos
3114 3617 3350 3669 vicarius
3402 3613 3708 3687 Constitui,
3763 3621 3819 3687 ut

2171 3682 2538 3745 necessitates
2565 3687 2807 3742 fratrum
2836 3686 3164 3757 sumptibus
3194 3691 3607 3756 expungerent,
3648 3682 3818 3738 simul

2168 3762 2340 3816 etiam
2364 3766 2420 3814 et
2449 3767 2643 3815 anates
2671 3771 2890 3823 eorum,
2923 3765 2980 3812 et
3008 3759 3210 3813 merita
3230 3758 3662 3824 discernerent,
3692 3763 3814 3818 etc.,

2170 3839 2226 3887 et
2251 3831 2464 3887 fatetur
2499 3843 2745 3901 quoque,
2768 3829 3112 3901 Cyprianum
3143 3829 3394 3901 sc_ribere
3424 3828 3498 3901 ad
3532 3828 3639 3901 hos
3672 3829 3819 3879 tica—

2171 3905 2281 3957 rios
2297 3918 2420 3957 suos
2443 3896 2740 3972 epistolam
2771 3896 3126 3970 44,Pamelio
3149 3896 3240 3964 37,
3273 3913 3388 3969 qua
3415 3899 3541 3954 illis
3571 3900 3629 3954 in
3661 3910 3818 3972 man-

2170 3975 2323 4030 datis
2343 3974 2459 4042 dat,
2479 3968 2548 4028 ut
2575 3968 2890 4027 Felicissim
2904 3985 2994 4027 um
3017 3968 3532 4036 excommunicent,
3564 3989 3590 4019 »
3614 3978 3726 4024 etc.
3747 3968 3817 4022 En

2178 4046 2359 4114 igitur
2381 4045 2552 4099 etiam
2582 4044 2752 4099 tertio
2770 4042 2977 4098 sreculo
2999 4043 3248 4098 vicarios
3267 4042 3563 4097 adhibitos
3590 4043 3816 4110 episco-

2176 4131 2277 4186 pos
2297 4115 2544 4186 collegas
2569 4114 2639 4169 ab
2658 4115 2926 4184 episcopo
2945 4115 3230 4184 Cypriano
3255 4114 3322 4168 ad
3352 4127 3590 4186 munera
3630 4118 3820 4181 pasto-

2175 4185 2256 4243 ris
2283 4189 2342 4242 in
2370 4185 2473 4242 sua
2499 4187 2731 4242 dioecesi
2755 4187 2879 4254 ejus
2902 4186 3133 4240 nomine
3164 4187 3500 4255 peragenda.
3527 4185 3642 4238 Hos
3668 4187 3818 4255 vocat

2173 4259 2496 4329 Cyprianus
2522 4260 2773 4322 visa-rios,
2835 4257 2912 4311 ita
2946 4254 3237 4329 nominare
3276 4254 3539 4329 adigitur
3585 4254 3815 4329 Pagius.

2174 4324 2455 4399 Excipiet,
2483 4329 2552 4385 ad
2576 4335 2763 4384 certos
2780 4335 2942 4383 actus
2970 4327 3149 4383 fuisse
3176 4328 3368 4396 potius
3386 4324 3624 4396 judices
3669 4324 3821 4379 dele-

2177 4401 2633 4472 gatos.ltepono,
2664 4399 2769 4472 hoc
2799 4400 2988 4472 ipsum
3039 4399 3245 4472 vicarii
3291 4412 3502 4454 munus
3531 4402 3820 4472 importat,

2177 4467 2334 4529 utita
2350 4467 2642 4542 delegatus
2672 4469 2741 4524 ab
2767 4467 3034 4540 episcopo
3066 4470 3429 4541 intelligatur
3453 4483 3558 4538 pro
3585 4482 3698 4542 suo
3726 4467 3821 4542 be—

2177 4543 2462 4613 neplacito
2485 4539 2555 4598 ad
2588 4556 2652 4597 ea
2672 4539 3016 4613 peragenda,
3042 4557 3167 4612 qua:
3193 4539 3322 4611 jure
3352 4553 3459 4596 suo
3495 4541 3622 4608 ipse
3669 4539 3823 4613 dele—

2175 4611 2314 4686 gans
2335 4615 2638 4683 episcopus
2660 4611 2868 4686 faceret
2889 4613 2947 4667 in
2979 4611 3207 4681 prOpria
3234 4613 3471 4666 dioecesi
3498 4614 3625 4686 sive
3642 4611 3823 4680 juris-

2174 4683 2470 4750 dictionis,
2503 4686 2623 4741 sive
2651 4685 2898 4751 ordinis,
2936 4698 3179 4753 quorum
3203 4687 3280 4738 sit
3301 4695 3479 4750 capax
3509 4683 3822 4754 delegatus,

2174 4758 2354 4813 donec
2380 4756 2665 4828 delegatio
2697 4756 2804 4810 ista
2834 4756 3035 4828 vicarii
3074 4760 3409 4828 perseveret.
3444 4755 3648 4824 Neque
3681 4753 3822 4828 enim

2176 4828 2324 4884 alios
2354 4825 2601 4882 vicarios
2638 4834 2934 4882 constante
2963 4826 3080 4882 vita
3109 4825 3401 4896 pontiﬁcis
3453 4825 3822 4896 recognosci-

2178 4915 2324 4962 mus,
2359 4899 2472 4953 nisi
2530 4898 2858 4967 hujusmodi
2899 4911 3028 4952 cum
3084 4896 3458 4953 facultatibus
3511 4897 3818 4967 delegatos.

2176 4971 2337 5027 nullo
2353 4983 2480 5026 cum
2504 4977 2687 5040 pacto,
2705 4969 2947 5037 autjure
2969 4969 3387 5024 successionis:
3408 4969 3549 5023 licet
3573 4968 3820 5040 plerum-

2177 5057 2287 5126 que
2315 5039 2691 5126 contingeret,
2736 5046 2800 5095 ut
2823 5040 3592 5126 successores.eligerentur,
3622 5053 3656 5092 a
3682 5039 3819 5126 clero

2180 5083 2352 5170 iddem
2395 5113 2494 5182 qui
2518 5083 2838 5180 tadjut’ores,
2895 5083 3202 5166 etvvicar'ii
3235 5083 3759 5181 deTega'tiwfuerant
3794 5119 3818 5160 a

2177 5187 2491 5251 decessore,
2526 5188 2720 5251 utpote
2747 5196 2989 5252 quorum
3027 5183 3386 5252 prudentiam
3418 5183 3752 5252 regiminis,
3775 5186 3818 5235 et

2178 5257 2420 5311 virtutes
2460 5255 2726 5323 episcopo
2755 5255 2961 5325 dignas
3009 5261 3374 5323 perceperant
3413 5256 3816 5322 experimento.

2178 5330 2290 5383 Nec
2304 5340 2470 5381 secus
2489 5325 2735 5395 contigit
2755 5327 2927 5379 etiam
2953 5326 3011 5380 in
3033 5325 3300 5394 pluribus
3324 5325 3722 5381 Occidentalis
3747 5325 3818 5378 is—

2180 5400 2300 5454 tius
2332 5396 2752 5466 patriarchatus
2784 5396 3077 5466 Ecclesiis,
3124 5410 3255 5451 cum
3286 5397 3354 5451 ad
3405 5397 3816 5451 successionem

2183 5474 2648 5540 promoverentur
2687 5481 2719 5522 a
2744 5467 2883 5522 cieri
2918 5467 3211 5540 suffragiis
3241 5471 3368 5537 post
3393 5473 3644 5540 mortem
3705 5467 3819 5540 epi-

2182 5537 2338 5610 scopi
2373 5539 2460 5595 illi
2491 5540 2803 5608 adjutores,
2833 5540 2932 5608 qui
2982 5537 3165 5594 eide'm
3195 5539 3449 5609 juvando
3473 5537 3547 5610 ab
3576 5538 3818 5610 Ecclesia

2181 5609 2432 5668 Romana
2452 5611 2800 5677 transmissi,
2825 5619 2924 5665 aut
2944 5611 3013 5666 ab
3038 5611 3162 5678 ipso
3183 5611 3453 5680 episcopo
3473 5609 3705 5665 fuerant
3729 5609 3820 5664 ad-

2179 5685 2334 5753 jecti.
2371 5682 2703 5751 Exemplum
2734 5681 2961 5736 illustre
2983 5681 3200 5753 obtulit
3230 5689 3435 5752 quarto
3474 5682 3690 5753 saeculo
3722 5684 3820 5735 Ec-

2183 5751 2360 5811 clesia
2395 5753 2842 5809 Mediolanensis
2884 5753 2944 5809 in
2972 5751 3275 5809 Ambrosio
3314 5766 3380 5808 ac
3422 5752 3818 5823 Simpliciano.
