  <div class='ocr_page' id='page_1' title='image "/cluster/home/n/w/nwhite01/storage/ocr_20150623/127/hvd.32044054759881/705.png"; bbox 0 0 4070 6178; ppageno 0'>
   <div class='ocr_carea' id='block_1_1' title="bbox 412 239 592 320">
    <p class='ocr_par' dir='ltr' id='par_1_1' title="bbox 412 239 592 320">
     <span class='ocr_line' id='line_1_1' title="bbox 412 239 592 320; baseline 0.017 -23"><span class='ocrx_word' id='word_1_1' title='bbox 412 239 548 301; x_wconf 77' lang='grc'><strong>4399</strong></span> <span class='ocrx_word' id='word_1_2' title='bbox 589 317 592 320; x_wconf 29' lang='grc'><em>,</em></span> 
     </span>
    </p>
   </div>
   <div class='ocr_carea' id='block_1_2' title="bbox 1630 236 2564 296">
    <p class='ocr_par' dir='ltr' id='par_1_2' title="bbox 1630 236 2564 296">
     <span class='ocr_line' id='line_1_2' title="bbox 1630 236 2564 296; baseline -0.003 -1"><span class='ocrx_word' id='word_1_3' title='bbox 1630 239 1854 296; x_wconf 76' lang='lat' dir='ltr'><strong>ANAST</strong></span> <span class='ocrx_word' id='word_1_4' title='bbox 1857 238 1989 295; x_wconf 62' lang='lat' dir='ltr'><strong>A511</strong></span> <span class='ocrx_word' id='word_1_5' title='bbox 2028 236 2564 295; x_wconf 77' lang='lat' dir='ltr'><strong>BIBLIOTHECARII</strong></span> 
     </span>
    </p>
   </div>
   <div class='ocr_carea' id='block_1_3' title="bbox 3673 231 3812 292">
    <p class='ocr_par' dir='ltr' id='par_1_3' title="bbox 3673 231 3812 292">
     <span class='ocr_line' id='line_1_3' title="bbox 3673 231 3812 292; baseline 0.043 -6"><span class='ocrx_word' id='word_1_6' title='bbox 3673 231 3812 292; x_wconf 67' lang='lat' dir='ltr'><strong>M00</strong></span> 
     </span>
    </p>
   </div>
   <div class='ocr_carea' id='block_1_4' title="bbox 423 367 3814 442">
    <p class='ocr_par' dir='ltr' id='par_1_4' title="bbox 423 367 3814 442">
     <span class='ocr_line' id='line_1_4' title="bbox 423 367 3814 442; baseline -0.004 -11"><span class='ocrx_word' id='word_1_7' title='bbox 423 373 904 431; x_wconf 87' lang='lat' dir='ltr'><strong>Paschaliveteris</strong></span> <span class='ocrx_word' id='word_1_8' title='bbox 933 372 1191 428; x_wconf 84' lang='lat' dir='ltr'><strong>instituti</strong></span> <span class='ocrx_word' id='word_1_9' title='bbox 1218 371 1732 442; x_wconf 88' lang='lat' dir='ltr'><strong>venirentapostoli</strong></span> <span class='ocrx_word' id='word_1_10' title='bbox 1756 390 1768 426; x_wconf 91' lang='lat'><strong>:</strong></span> <span class='ocrx_word' id='word_1_11' title='bbox 1793 371 1863 428; x_wconf 90' lang='lat' dir='ltr'><strong>ad</strong></span> <span class='ocrx_word' id='word_1_12' title='bbox 1891 384 2061 441; x_wconf 88' lang='lat' dir='ltr'><strong>quam</strong></span> <span class='ocrx_word' id='word_1_13' title='bbox 2087 367 2144 428; x_wconf 86' lang='lat' dir='ltr'><strong>A</strong></span> <span class='ocrx_word' id='word_1_14' title='bbox 2171 370 2368 440; x_wconf 80' lang='lat' dir='ltr'><strong>tibus;</strong></span> <span class='ocrx_word' id='word_1_15' title='bbox 2401 369 2672 442; x_wconf 85' lang='lat' dir='ltr'><strong>colligere</strong></span> <span class='ocrx_word' id='word_1_16' title='bbox 2700 374 2756 426; x_wconf 89' lang='lat' dir='ltr'><strong>et</strong></span> <span class='ocrx_word' id='word_1_17' title='bbox 2774 369 3083 442; x_wconf 88' lang='lat' dir='ltr'><strong>conjectari</strong></span> <span class='ocrx_word' id='word_1_18' title='bbox 3105 367 3293 442; x_wconf 82' lang='lat' dir='ltr'><strong>facile</strong></span> <span class='ocrx_word' id='word_1_19' title='bbox 3312 380 3645 438; x_wconf 81' lang='lat' dir='ltr'><strong>possumus,</strong></span> <span class='ocrx_word' id='word_1_20' title='bbox 3670 377 3814 442; x_wconf 79' lang='lat' dir='ltr'><strong>com-</strong></span> 
     </span>
    </p>
   </div>
   <div class='ocr_carea' id='block_1_5' title="bbox 423 443 2062 516">
    <p class='ocr_par' dir='ltr' id='par_1_5' title="bbox 423 443 2062 516">
     <span class='ocr_line' id='line_1_5' title="bbox 423 443 2062 516; baseline -0.004 -14"><span class='ocrx_word' id='word_1_21' title='bbox 423 448 605 516; x_wconf 91' lang='lat' dir='ltr'><strong>ipsam</strong></span> <span class='ocrx_word' id='word_1_22' title='bbox 624 450 778 501; x_wconf 90' lang='lat' dir='ltr'><strong>certo</strong></span> <span class='ocrx_word' id='word_1_23' title='bbox 800 444 961 500; x_wconf 85' lang='lat' dir='ltr'><strong>cultu</strong></span> <span class='ocrx_word' id='word_1_24' title='bbox 985 445 1342 516; x_wconf 90' lang='lat' dir='ltr'><strong>pracinctos,</strong></span> <span class='ocrx_word' id='word_1_25' title='bbox 1375 449 1432 499; x_wconf 89' lang='lat' dir='ltr'><strong>et</strong></span> <span class='ocrx_word' id='word_1_26' title='bbox 1461 443 1696 516; x_wconf 88' lang='lat' dir='ltr'><strong>baculos</strong></span> <span class='ocrx_word' id='word_1_27' title='bbox 1726 449 1981 516; x_wconf 88' lang='lat' dir='ltr'><strong>tenentes</strong></span> <span class='ocrx_word' id='word_1_28' title='bbox 2003 443 2062 496; x_wconf 90' lang='lat' dir='ltr'><strong>in</strong></span> 
     </span>
    </p>
   </div>
   <div class='ocr_carea' id='block_1_6' title="bbox 421 514 2067 586">
    <p class='ocr_par' dir='ltr' id='par_1_6' title="bbox 421 514 2067 586">
     <span class='ocr_line' id='line_1_6' title="bbox 421 514 2067 586; baseline -0.004 -12"><span class='ocrx_word' id='word_1_29' title='bbox 421 514 690 574; x_wconf 86' lang='lat' dir='ltr'><strong>manibus</strong></span> <span class='ocrx_word' id='word_1_30' title='bbox 702 517 970 571; x_wconf 91' lang='lat' dir='ltr'><strong>accedere</strong></span> <span class='ocrx_word' id='word_1_31' title='bbox 994 515 1309 586; x_wconf 82' lang='lat' dir='ltr'><strong>oportebat,</strong></span> <span class='ocrx_word' id='word_1_32' title='bbox 1323 529 1494 571; x_wconf 92' lang='lat' dir='ltr'><strong>causa</strong></span> <span class='ocrx_word' id='word_1_33' title='bbox 1506 514 1872 586; x_wconf 89' lang='lat' dir='ltr'><strong>signiﬁcandi</strong></span> <span class='ocrx_word' id='word_1_34' title='bbox 1889 519 2067 568; x_wconf 89' lang='lat' dir='ltr'><strong>trans-</strong></span> 
     </span>
    </p>
   </div>
   <div class='ocr_carea' id='block_1_7' title="bbox 423 586 2064 645">
    <p class='ocr_par' dir='ltr' id='par_1_7' title="bbox 423 586 2064 645">
     <span class='ocr_line' id='line_1_7' title="bbox 423 586 2064 645; baseline -0.003 -1"><span class='ocrx_word' id='word_1_35' title='bbox 423 591 568 645; x_wconf 86' lang='lat' dir='ltr'><strong>itum</strong></span> <span class='ocrx_word' id='word_1_36' title='bbox 625 587 882 643; x_wconf 88' lang='lat' dir='ltr'><strong>Domini.</strong></span> <span class='ocrx_word' id='word_1_37' title='bbox 935 586 1074 642; x_wconf 92' lang='lat' dir='ltr'><strong>Cum</strong></span> <span class='ocrx_word' id='word_1_38' title='bbox 1123 601 1253 642; x_wconf 90' lang='lat' dir='ltr'><strong>vero</strong></span> <span class='ocrx_word' id='word_1_39' title='bbox 1307 587 1376 641; x_wconf 88' lang='lat' dir='ltr'><strong>ad</strong></span> <span class='ocrx_word' id='word_1_40' title='bbox 1430 599 1619 641; x_wconf 78' lang='lat' dir='ltr'><strong>canas</strong></span> <span class='ocrx_word' id='word_1_41' title='bbox 1673 587 2064 641; x_wconf 81' lang='lat' dir='ltr'><strong>honestiorum</strong></span> 
     </span>
    </p>
   </div>
   <div class='ocr_carea' id='block_1_8' title="bbox 418 656 2061 724">
    <p class='ocr_par' dir='ltr' id='par_1_8' title="bbox 418 656 2061 724">
     <span class='ocr_line' id='line_1_8' title="bbox 418 656 2061 724; baseline -0.004 -8"><span class='ocrx_word' id='word_1_42' title='bbox 418 662 676 717; x_wconf 88' lang='lat' dir='ltr'><strong>virorum</strong></span> <span class='ocrx_word' id='word_1_43' title='bbox 718 659 1054 713; x_wconf 88' lang='lat' dir='ltr'><strong>candidatos</strong></span> <span class='ocrx_word' id='word_1_44' title='bbox 1101 658 1364 714; x_wconf 84' lang='lat' dir='ltr'><strong>accedere</strong></span> <span class='ocrx_word' id='word_1_45' title='bbox 1409 657 1659 712; x_wconf 87' lang='lat' dir='ltr'><strong>solemne</strong></span> <span class='ocrx_word' id='word_1_46' title='bbox 1690 656 1852 724; x_wconf 90' lang='lat' dir='ltr'><strong>foret,</strong></span> <span class='ocrx_word' id='word_1_47' title='bbox 1913 663 1977 712; x_wconf 93' lang='lat' dir='ltr'><strong>ut</strong></span> <span class='ocrx_word' id='word_1_48' title='bbox 2005 657 2061 710; x_wconf 93' lang='lat' dir='ltr'><strong>in</strong></span> 
     </span>
    </p>
   </div>
   <div class='ocr_carea' id='block_1_9' title="bbox 421 728 2066 802">
    <p class='ocr_par' dir='ltr' id='par_1_9' title="bbox 421 728 2066 802">
     <span class='ocr_line' id='line_1_9' title="bbox 421 728 2066 802; baseline -0.004 -15"><span class='ocrx_word' id='word_1_49' title='bbox 421 731 748 802; x_wconf 87' lang='lat' dir='ltr'><strong>evangelica</strong></span> <span class='ocrx_word' id='word_1_50' title='bbox 773 729 1038 798; x_wconf 84' lang='lat' dir='ltr'><strong>parabola</strong></span> <span class='ocrx_word' id='word_1_51' title='bbox 1060 730 1209 802; x_wconf 84' lang='lat' dir='ltr'><strong>apud</strong></span> <span class='ocrx_word' id='word_1_52' title='bbox 1236 728 1587 802; x_wconf 77' lang='lat' dir='ltr'><strong>Matthaum,</strong></span> <span class='ocrx_word' id='word_1_53' title='bbox 1621 742 1744 796; x_wconf 87' lang='lat' dir='ltr'><strong>cap.</strong></span> <span class='ocrx_word' id='word_1_54' title='bbox 1779 741 1918 802; x_wconf 71' lang='lat' dir='ltr'><strong>xxii,</strong></span> <span class='ocrx_word' id='word_1_55' title='bbox 1944 740 2066 802; x_wconf 75' lang='lat' dir='ltr'><strong>non</strong></span> 
     </span>
    </p>
   </div>
   <div class='ocr_carea' id='block_1_10' title="bbox 416 798 2063 869">
    <p class='ocr_par' dir='ltr' id='par_1_10' title="bbox 416 798 2063 869">
     <span class='ocr_line' id='line_1_10' title="bbox 416 798 2063 869; baseline -0.004 -10"><span class='ocrx_word' id='word_1_56' title='bbox 416 804 544 859; x_wconf 87' lang='lat' dir='ltr'><strong>sine</strong></span> <span class='ocrx_word' id='word_1_57' title='bbox 565 798 737 857; x_wconf 74' lang='lat' dir='ltr'><strong>causa</strong></span> <span class='ocrx_word' id='word_1_58' title='bbox 759 807 815 856; x_wconf 93' lang='lat' dir='ltr'><strong>et</strong></span> <span class='ocrx_word' id='word_1_59' title='bbox 835 801 1506 869; x_wconf 88' lang='lat' dir='ltr'><strong>compendioanimorum</strong></span> <span class='ocrx_word' id='word_1_60' title='bbox 1531 806 1651 854; x_wconf 86' lang='lat' dir='ltr'><strong>tum</strong></span> <span class='ocrx_word' id='word_1_61' title='bbox 1673 798 2063 868; x_wconf 80' lang='lat' dir='ltr'><strong>exemplailla,</strong></span> 
     </span>
    </p>
   </div>
   <div class='ocr_carea' id='block_1_11' title="bbox 418 870 2066 931">
    <p class='ocr_par' dir='ltr' id='par_1_11' title="bbox 418 870 2066 931">
     <span class='ocr_line' id='line_1_11' title="bbox 418 870 2066 931; baseline -0.004 0"><span class='ocrx_word' id='word_1_62' title='bbox 418 883 537 931; x_wconf 90' lang='lat' dir='ltr'><strong>tum</strong></span> <span class='ocrx_word' id='word_1_63' title='bbox 581 873 798 928; x_wconf 90' lang='lat' dir='ltr'><strong>monita</strong></span> <span class='ocrx_word' id='word_1_64' title='bbox 841 871 1272 926; x_wconf 88' lang='lat' dir='ltr'><strong>institutionum</strong></span> <span class='ocrx_word' id='word_1_65' title='bbox 1314 877 1367 926; x_wconf 91' lang='lat' dir='ltr'><strong>et</strong></span> <span class='ocrx_word' id='word_1_66' title='bbox 1388 885 1540 927; x_wconf 90' lang='lat' dir='ltr'><strong>cura</strong></span> <span class='ocrx_word' id='word_1_67' title='bbox 1569 870 1873 926; x_wconf 88' lang='lat' dir='ltr'><strong>munditiei</strong></span> <span class='ocrx_word' id='word_1_68' title='bbox 1896 871 2066 925; x_wconf 90' lang='lat' dir='ltr'><strong>etiam</strong></span> 
     </span>
    </p>
   </div>
   <div class='ocr_carea' id='block_1_12' title="bbox 417 939 2072 1016">
    <p class='ocr_par' dir='ltr' id='par_1_12' title="bbox 417 939 2072 1016">
     <span class='ocr_line' id='line_1_12' title="bbox 417 939 2072 1016; baseline -0.004 -15"><span class='ocrx_word' id='word_1_69' title='bbox 417 947 478 1001; x_wconf 91' lang='lat' dir='ltr'><strong>in</strong></span> <span class='ocrx_word' id='word_1_70' title='bbox 511 943 1002 1016; x_wconf 84' lang='lat' dir='ltr'><strong>legibusvestium</strong></span> <span class='ocrx_word' id='word_1_71' title='bbox 1021 942 1491 1016; x_wconf 85' lang='lat' dir='ltr'><strong>suggerebautur.</strong></span> <span class='ocrx_word' id='word_1_72' title='bbox 1523 942 1865 1016; x_wconf 90' lang='lat' dir='ltr'><strong>Candidatos</strong></span> <span class='ocrx_word' id='word_1_73' title='bbox 1890 939 2072 1016; x_wconf 85' lang='lat' dir='ltr'><strong>a_fon-</strong></span> 
     </span>
    </p>
   </div>
   <div class='ocr_carea' id='block_1_13' title="bbox 418 1012 2070 1085">
    <p class='ocr_par' dir='ltr' id='par_1_13' title="bbox 418 1012 2070 1085">
     <span class='ocr_line' id='line_1_13' title="bbox 418 1012 2070 1085; baseline -0.004 -12"><span class='ocrx_word' id='word_1_74' title='bbox 418 1024 472 1074; x_wconf 91' lang='lat' dir='ltr'><strong>te</strong></span> <span class='ocrx_word' id='word_1_75' title='bbox 493 1012 759 1085; x_wconf 81' lang='lat' dir='ltr'><strong>baptismi</strong></span> <span class='ocrx_word' id='word_1_76' title='bbox 775 1012 1462 1069; x_wconf 44' lang='lat' dir='ltr'><strong>Christiano’selevandos</strong></span> <span class='ocrx_word' id='word_1_77' title='bbox 1481 1027 1604 1069; x_wconf 91' lang='lat' dir='ltr'><strong>esse</strong></span> <span class='ocrx_word' id='word_1_78' title='bbox 1628 1013 1866 1070; x_wconf 91' lang='lat' dir='ltr'><strong>solemni</strong></span> <span class='ocrx_word' id='word_1_79' title='bbox 1903 1012 2015 1067; x_wconf 91' lang='lat' dir='ltr'><strong>ritu</strong></span> <span class='ocrx_word' id='word_1_80' title='bbox 2037 1025 2070 1066; x_wconf 91' lang='lat' dir='ltr'><strong>a</strong></span> 
     </span>
    </p>
   </div>
   <div class='ocr_carea' id='block_1_14' title="bbox 423 1085 2069 1160">
    <p class='ocr_par' dir='ltr' id='par_1_14' title="bbox 423 1085 2069 1160">
     <span class='ocr_line' id='line_1_14' title="bbox 423 1085 2069 1160; baseline -0.002 -17"><span class='ocrx_word' id='word_1_81' title='bbox 423 1087 759 1160; x_wconf 84' lang='lat' dir='ltr'><strong>primordiis</strong></span> <span class='ocrx_word' id='word_1_82' title='bbox 790 1085 1155 1160; x_wconf 87' lang='lat' dir='ltr'><strong>Ecclesia_ad</strong></span> <span class='ocrx_word' id='word_1_83' title='bbox 1197 1091 1393 1140; x_wconf 89' lang='lat' dir='ltr'><strong>nostra</strong></span> <span class='ocrx_word' id='word_1_84' title='bbox 1432 1092 1684 1160; x_wconf 85' lang='lat' dir='ltr'><strong>tempora</strong></span> <span class='ocrx_word' id='word_1_85' title='bbox 1732 1099 1837 1140; x_wconf 90' lang='lat' dir='ltr'><strong>nos</strong></span> <span class='ocrx_word' id='word_1_86' title='bbox 1864 1085 2069 1160; x_wconf 84' lang='lat' dir='ltr'><strong>docent</strong></span> 
     </span>
    </p>
   </div>
   <div class='ocr_carea' id='block_1_15' title="bbox 421 1156 2068 1226">
    <p class='ocr_par' dir='ltr' id='par_1_15' title="bbox 421 1156 2068 1226">
     <span class='ocr_line' id='line_1_15' title="bbox 421 1156 2068 1226; baseline -0.004 -10"><span class='ocrx_word' id='word_1_87' title='bbox 421 1156 558 1217; x_wconf 66' lang='lat' dir='ltr'><strong>Acta</strong></span> <span class='ocrx_word' id='word_1_88' title='bbox 586 1165 920 1226; x_wconf 85' lang='lat' dir='ltr'><strong>martyrum,</strong></span> <span class='ocrx_word' id='word_1_89' title='bbox 962 1163 1018 1211; x_wconf 92' lang='lat' dir='ltr'><strong>et</strong></span> <span class='ocrx_word' id='word_1_90' title='bbox 1054 1157 1528 1225; x_wconf 88' lang='lat' dir='ltr'><strong>Sacramentaria,</strong></span> <span class='ocrx_word' id='word_1_91' title='bbox 1560 1162 1617 1211; x_wconf 93' lang='lat' dir='ltr'><strong>et</strong></span> <span class='ocrx_word' id='word_1_92' title='bbox 1643 1170 1843 1212; x_wconf 91' lang='lat' dir='ltr'><strong>nomen</strong></span> <span class='ocrx_word' id='word_1_93' title='bbox 1880 1156 2068 1225; x_wconf 92' lang='lat' dir='ltr'><strong>ipsum</strong></span> 
     </span>
    </p>
   </div>
   <div class='ocr_carea' id='block_1_16' title="bbox 427 1226 2074 1297">
    <p class='ocr_par' dir='ltr' id='par_1_16' title="bbox 427 1226 2074 1297">
     <span class='ocr_line' id='line_1_16' title="bbox 427 1226 2074 1297; baseline -0.004 -10"><span class='ocrx_word' id='word_1_94' title='bbox 427 1229 788 1287; x_wconf 90' lang='lat' dir='ltr'><strong>hebdomada</strong></span> <span class='ocrx_word' id='word_1_95' title='bbox 820 1227 1133 1294; x_wconf 78' lang='lat' dir='ltr'><strong>Paschalis,</strong></span> <span class='ocrx_word' id='word_1_96' title='bbox 1167 1241 1334 1297; x_wconf 91' lang='lat' dir='ltr'><strong>quam</strong></span> <span class='ocrx_word' id='word_1_97' title='bbox 1371 1231 1430 1281; x_wconf 82' lang='lat' dir='ltr'><strong>in</strong></span> <span class='ocrx_word' id='word_1_98' title='bbox 1459 1229 1601 1282; x_wconf 84' lang='lat' dir='ltr'><strong>albis</strong></span> <span class='ocrx_word' id='word_1_99' title='bbox 1628 1233 1850 1282; x_wconf 89' lang='lat' dir='ltr'><strong>vetusta</strong></span> <span class='ocrx_word' id='word_1_100' title='bbox 1886 1226 2074 1296; x_wconf 89' lang='lat' dir='ltr'><strong>appel-</strong></span> 
     </span>
    </p>
   </div>
   <div class='ocr_carea' id='block_1_17' title="bbox 423 1297 2070 1368">
    <p class='ocr_par' dir='ltr' id='par_1_17' title="bbox 423 1297 2070 1368">
     <span class='ocr_line' id='line_1_17' title="bbox 423 1297 2070 1368; baseline -0.004 -9"><span class='ocrx_word' id='word_1_101' title='bbox 423 1303 637 1359; x_wconf 88' lang='lat' dir='ltr'><strong>latione</strong></span> <span class='ocrx_word' id='word_1_102' title='bbox 661 1300 927 1355; x_wconf 89' lang='lat' dir='ltr'><strong>dicimus.</strong></span> <span class='ocrx_word' id='word_1_103' title='bbox 959 1301 1267 1368; x_wconf 74' lang='lat' dir='ltr'><strong>EXponunt</strong></span> <span class='ocrx_word' id='word_1_104' title='bbox 1306 1300 1541 1368; x_wconf 85' lang='lat' dir='ltr'><strong>perinde</strong></span> <span class='ocrx_word' id='word_1_105' title='bbox 1571 1305 1819 1354; x_wconf 88' lang='lat' dir='ltr'><strong>recentes</strong></span> <span class='ocrx_word' id='word_1_106' title='bbox 1840 1297 2070 1353; x_wconf 92' lang='lat' dir='ltr'><strong>etanti-</strong></span> 
     </span>
    </p>
   </div>
   <div class='ocr_carea' id='block_1_18' title="bbox 429 1368 2074 1446">
    <p class='ocr_par' dir='ltr' id='par_1_18' title="bbox 429 1368 2074 1446">
     <span class='ocr_line' id='line_1_18' title="bbox 429 1368 2074 1446; baseline -0.005 -16"><span class='ocrx_word' id='word_1_107' title='bbox 429 1375 526 1446; x_wconf 90' lang='lat' dir='ltr'><strong>qui</strong></span> <span class='ocrx_word' id='word_1_108' title='bbox 551 1372 884 1446; x_wconf 85' lang='lat' dir='ltr'><strong>scriptores,</strong></span> <span class='ocrx_word' id='word_1_109' title='bbox 913 1376 1000 1446; x_wconf 83' lang='lat' dir='ltr'><strong>_1_1t</strong></span> <span class='ocrx_word' id='word_1_110' title='bbox 1034 1369 1345 1446; x_wconf 72' lang='lat' dir='ltr'><strong>venaptius</strong></span> <span class='ocrx_word' id='word_1_111' title='bbox 1371 1371 1736 1446; x_wconf 77' lang='lat' dir='ltr'><strong>Fgrtunatu_s,</strong></span> <span class='ocrx_word' id='word_1_112' title='bbox 1776 1368 2074 1446; x_wconf 51' lang='lat' dir='ltr'><strong>etfami-</strong></span> 
     </span>
    </p>
   </div>
   <div class='ocr_carea' id='block_1_19' title="bbox 429 1440 2074 1514">
    <p class='ocr_par' dir='ltr' id='par_1_19' title="bbox 429 1440 2074 1514">
     <span class='ocr_line' id='line_1_19' title="bbox 429 1440 2074 1514; baseline -0.005 -12"><span class='ocrx_word' id='word_1_113' title='bbox 429 1440 560 1512; x_wconf 78' lang='lat' dir='ltr'><strong>tius,</strong></span> <span class='ocrx_word' id='word_1_114' title='bbox 588 1443 830 1514; x_wconf 88' lang='lat' dir='ltr'><strong>aliique,</strong></span> <span class='ocrx_word' id='word_1_115' title='bbox 858 1442 1094 1514; x_wconf 90' lang='lat' dir='ltr'><strong>adducti</strong></span> <span class='ocrx_word' id='word_1_116' title='bbox 1121 1455 1152 1514; x_wconf 86' lang='lat' dir='ltr'><strong>a</strong></span> <span class='ocrx_word' id='word_1_117' title='bbox 1171 1442 1390 1514; x_wconf 69' lang='lat' dir='ltr'><strong>Eenato</strong></span> <span class='ocrx_word' id='word_1_118' title='bbox 1423 1441 1744 1514; x_wconf 84' lang='lat' dir='ltr'><strong>Laurentio</strong></span> <span class='ocrx_word' id='word_1_119' title='bbox 1759 1442 1827 1514; x_wconf 87' lang='lat' dir='ltr'><strong>de</strong></span> <span class='ocrx_word' id='word_1_120' title='bbox 1854 1441 1903 1514; x_wconf 75' lang='lat' dir='ltr'><strong>ia</strong></span> <span class='ocrx_word' id='word_1_121' title='bbox 1926 1440 2074 1494; x_wconf 76' lang='lat' dir='ltr'><strong>Bar-</strong></span> 
     </span>
    </p>
   </div>
   <div class='ocr_carea' id='block_1_20' title="bbox 428 1511 2071 1584">
    <p class='ocr_par' dir='ltr' id='par_1_20' title="bbox 428 1511 2071 1584">
     <span class='ocr_line' id='line_1_20' title="bbox 428 1511 2071 1584; baseline -0.005 -11"><span class='ocrx_word' id='word_1_122' title='bbox 428 1532 510 1584; x_wconf 88' lang='lat' dir='ltr'><strong>re,</strong></span> <span class='ocrx_word' id='word_1_123' title='bbox 536 1511 594 1570; x_wconf 88' lang='lat' dir='ltr'><strong>in</strong></span> <span class='ocrx_word' id='word_1_124' title='bbox 618 1511 1048 1584; x_wconf 82' lang='lat' dir='ltr'><strong>commentariis</strong></span> <span class='ocrx_word' id='word_1_125' title='bbox 1070 1513 1138 1584; x_wconf 91' lang='lat' dir='ltr'><strong>ad</strong></span> <span class='ocrx_word' id='word_1_126' title='bbox 1169 1512 1383 1584; x_wconf 88' lang='lat' dir='ltr'><strong>librum</strong></span> <span class='ocrx_word' id='word_1_127' title='bbox 1409 1512 1750 1584; x_wconf 85' lang='lat' dir='ltr'><strong>Tertulliani</strong></span> <span class='ocrx_word' id='word_1_128' title='bbox 1769 1513 1837 1566; x_wconf 93' lang='lat' dir='ltr'><strong>de</strong></span> <span class='ocrx_word' id='word_1_129' title='bbox 1852 1511 2071 1566; x_wconf 90' lang='lat' dir='ltr'><strong>Corona</strong></span> 
     </span>
    </p>
   </div>
   <div class='ocr_carea' id='block_1_21' title="bbox 427 1583 2072 1654">
    <p class='ocr_par' dir='ltr' id='par_1_21' title="bbox 427 1583 2072 1654">
     <span class='ocr_line' id='line_1_21' title="bbox 427 1583 2072 1654; baseline -0.003 -11"><span class='ocrx_word' id='word_1_130' title='bbox 427 1588 639 1644; x_wconf 87' lang='lat' dir='ltr'><strong>militis</strong></span> <span class='ocrx_word' id='word_1_131' title='bbox 663 1628 678 1647; x_wconf 85' lang='lat'><strong>.</strong></span> <span class='ocrx_word' id='word_1_132' title='bbox 698 1585 797 1641; x_wconf 92' lang='lat' dir='ltr'><strong>ubi</strong></span> <span class='ocrx_word' id='word_1_133' title='bbox 817 1583 1284 1654; x_wconf 88' lang='lat' dir='ltr'><strong>Carthaginensis</strong></span> <span class='ocrx_word' id='word_1_134' title='bbox 1303 1583 1403 1638; x_wconf 91' lang='lat' dir='ltr'><strong>ille</strong></span> <span class='ocrx_word' id='word_1_135' title='bbox 1419 1583 1710 1654; x_wconf 88' lang='lat' dir='ltr'><strong>presbyter</strong></span> <span class='ocrx_word' id='word_1_136' title='bbox 1729 1595 2072 1638; x_wconf 90' lang='lat' dir='ltr'><strong>enumerans</strong></span> 
     </span>
    </p>
   </div>
   <div class='ocr_carea' id='block_1_22' title="bbox 426 1655 2070 1724">
    <p class='ocr_par' dir='ltr' id='par_1_22' title="bbox 426 1655 2070 1724">
     <span class='ocr_line' id='line_1_22' title="bbox 426 1655 2070 1724; baseline -0.006 -9"><span class='ocrx_word' id='word_1_137' title='bbox 426 1659 768 1715; x_wconf 89' lang='lat' dir='ltr'><strong>traditiones</strong></span> <span class='ocrx_word' id='word_1_138' title='bbox 791 1656 1041 1711; x_wconf 90' lang='lat' dir='ltr'><strong>nondum</strong></span> <span class='ocrx_word' id='word_1_139' title='bbox 1063 1655 1328 1724; x_wconf 85' lang='lat' dir='ltr'><strong>scriptas,</strong></span> <span class='ocrx_word' id='word_1_140' title='bbox 1346 1671 1482 1724; x_wconf 88' lang='lat' dir='ltr'><strong>quas</strong></span> <span class='ocrx_word' id='word_1_141' title='bbox 1499 1657 1615 1708; x_wconf 87' lang='lat' dir='ltr'><strong>sine</strong></span> <span class='ocrx_word' id='word_1_142' title='bbox 1640 1656 1810 1708; x_wconf 78' lang='lat' dir='ltr'><strong>ullius</strong></span> <span class='ocrx_word' id='word_1_143' title='bbox 1827 1657 2070 1722; x_wconf 77' lang='lat' dir='ltr'><strong>scriptu-</strong></span> 
     </span>
    </p>
   </div>
   <div class='ocr_carea' id='block_1_23' title="bbox 425 1725 2072 1795">
    <p class='ocr_par' dir='ltr' id='par_1_23' title="bbox 425 1725 2072 1795">
     <span class='ocr_line' id='line_1_23' title="bbox 425 1725 2072 1795; baseline -0.004 -10"><span class='ocrx_word' id='word_1_144' title='bbox 425 1747 503 1785; x_wconf 78' lang='lat' dir='ltr'><strong>ra</strong></span> <span class='ocrx_word' id='word_1_145' title='bbox 532 1732 892 1784; x_wconf 85' lang='lat' dir='ltr'><strong>instrumento</strong></span> <span class='ocrx_word' id='word_1_146' title='bbox 917 1727 1086 1781; x_wconf 81' lang='lat' dir='ltr'><strong>solius</strong></span> <span class='ocrx_word' id='word_1_147' title='bbox 1118 1727 1436 1781; x_wconf 77' lang='lat' dir='ltr'><strong>traditionis</strong></span> <span class='ocrx_word' id='word_1_148' title='bbox 1461 1728 1768 1795; x_wconf 82' lang='lat' dir='ltr'><strong>patrocinio</strong></span> <span class='ocrx_word' id='word_1_149' title='bbox 1807 1725 2072 1780; x_wconf 77' lang='lat' dir='ltr'><strong>uindica-</strong></span> 
     </span>
    </p>
   </div>
   <div class='ocr_carea' id='block_1_24' title="bbox 426 1797 2068 1868">
    <p class='ocr_par' dir='ltr' id='par_1_24' title="bbox 426 1797 2068 1868">
     <span class='ocr_line' id='line_1_24' title="bbox 426 1797 2068 1868; baseline -0.004 -11"><span class='ocrx_word' id='word_1_150' title='bbox 426 1817 565 1868; x_wconf 88' lang='lat' dir='ltr'><strong>mus,</strong></span> <span class='ocrx_word' id='word_1_151' title='bbox 617 1801 847 1856; x_wconf 89' lang='lat' dir='ltr'><strong>orditur</strong></span> <span class='ocrx_word' id='word_1_152' title='bbox 872 1812 904 1853; x_wconf 92' lang='lat' dir='ltr'><strong>a</strong></span> <span class='ocrx_word' id='word_1_153' title='bbox 934 1798 1117 1853; x_wconf 91' lang='lat' dir='ltr'><strong>sacris</strong></span> <span class='ocrx_word' id='word_1_154' title='bbox 1156 1799 1538 1864; x_wconf 81' lang='lat' dir='ltr'><strong>caeremoniis,</strong></span> <span class='ocrx_word' id='word_1_155' title='bbox 1571 1797 1642 1852; x_wconf 90' lang='lat' dir='ltr'><strong>ab</strong></span> <span class='ocrx_word' id='word_1_156' title='bbox 1673 1797 1924 1853; x_wconf 86' lang='lat' dir='ltr'><strong>Ecclesia</strong></span> <span class='ocrx_word' id='word_1_157' title='bbox 1951 1797 2068 1866; x_wconf 91' lang='lat' dir='ltr'><strong>jam</strong></span> 
     </span>
    </p>
   </div>
   <div class='ocr_carea' id='block_1_25' title="bbox 427 1869 2069 1941">
    <p class='ocr_par' dir='ltr' id='par_1_25' title="bbox 427 1869 2069 1941">
     <span class='ocr_line' id='line_1_25' title="bbox 427 1869 2069 1941; baseline -0.005 -11"><span class='ocrx_word' id='word_1_158' title='bbox 427 1880 546 1930; x_wconf 92' lang='lat' dir='ltr'><strong>tum</strong></span> <span class='ocrx_word' id='word_1_159' title='bbox 583 1871 827 1941; x_wconf 87' lang='lat' dir='ltr'><strong>receptis</strong></span> <span class='ocrx_word' id='word_1_160' title='bbox 859 1871 916 1925; x_wconf 93' lang='lat' dir='ltr'><strong>in</strong></span> <span class='ocrx_word' id='word_1_161' title='bbox 949 1871 1068 1924; x_wconf 89' lang='lat' dir='ltr'><strong>ritu</strong></span> <span class='ocrx_word' id='word_1_162' title='bbox 1096 1869 1370 1924; x_wconf 90' lang='lat' dir='ltr'><strong>solemnis</strong></span> <span class='ocrx_word' id='word_1_163' title='bbox 1402 1869 1670 1941; x_wconf 87' lang='lat' dir='ltr'><strong>baptismi</strong></span> <span class='ocrx_word' id='word_1_164' title='bbox 1701 1870 1823 1941; x_wconf 12' lang='lat' dir='ltr'><strong>:rUt</strong></span> <span class='ocrx_word' id='word_1_165' title='bbox 1853 1885 1886 1922; x_wconf 91' lang='lat' dir='ltr'><strong>a</strong></span> <span class='ocrx_word' id='word_1_166' title='bbox 1915 1871 2069 1941; x_wconf 72' lang='lat' dir='ltr'><strong>Bap-</strong></span> 
     </span>
    </p>
   </div>
   <div class='ocr_carea' id='block_1_26' title="bbox 425 1939 2073 2010">
    <p class='ocr_par' dir='ltr' id='par_1_26' title="bbox 425 1939 2073 2010">
     <span class='ocr_line' id='line_1_26' title="bbox 425 1939 2073 2010; baseline -0.005 -9"><span class='ocrx_word' id='word_1_167' title='bbox 425 1948 640 2001; x_wconf 88' lang='lat' dir='ltr'><strong>tismate</strong></span> <span class='ocrx_word' id='word_1_168' title='bbox 666 1939 966 2010; x_wconf 76' lang='lat' dir='ltr'><strong>ingrediar,</strong></span> <span class='ocrx_word' id='word_1_169' title='bbox 1002 1957 1148 2010; x_wconf 88' lang='lat' dir='ltr'><strong>aqua</strong></span> <span class='ocrx_word' id='word_1_170' title='bbox 1176 1941 1385 2006; x_wconf 82' lang='lat' dir='ltr'><strong>aditur,</strong></span> <span class='ocrx_word' id='word_1_171' title='bbox 1413 1947 1519 1996; x_wconf 85' lang='lat' dir='ltr'><strong>etc.</strong></span> <span class='ocrx_word' id='word_1_172' title='bbox 1549 1943 1619 1995; x_wconf 90' lang='lat' dir='ltr'><strong>Et</strong></span> <span class='ocrx_word' id='word_1_173' title='bbox 1649 1940 1785 1996; x_wconf 90' lang='lat' dir='ltr'><strong>huic</strong></span> <span class='ocrx_word' id='word_1_174' title='bbox 1811 1939 2073 1995; x_wconf 87' lang='lat' dir='ltr'><strong>traditio-</strong></span> 
     </span>
    </p>
   </div>
   <div class='ocr_carea' id='block_1_27' title="bbox 428 2010 2071 2085">
    <p class='ocr_par' dir='ltr' id='par_1_27' title="bbox 428 2010 2071 2085">
     <span class='ocr_line' id='line_1_27' title="bbox 428 2010 2071 2085; baseline -0.004 -13"><span class='ocrx_word' id='word_1_175' title='bbox 428 2017 489 2072; x_wconf 90' lang='lat' dir='ltr'><strong>ni</strong></span> <span class='ocrx_word' id='word_1_176' title='bbox 522 2015 868 2085; x_wconf 82' lang='lat' dir='ltr'><strong>suﬁ&#39;ragatur</strong></span> <span class='ocrx_word' id='word_1_177' title='bbox 899 2019 1088 2068; x_wconf 82' lang='lat' dir='ltr'><strong>textus</strong></span> <span class='ocrx_word' id='word_1_178' title='bbox 1119 2012 1749 2085; x_wconf 30' lang='lat' dir='ltr'><strong>sacerhApocalypseos,</strong></span> <span class='ocrx_word' id='word_1_179' title='bbox 1794 2010 2071 2085; x_wconf 82' lang='lat' dir='ltr'><strong>exhibens</strong></span> 
     </span>
    </p>
   </div>
   <div class='ocr_carea' id='block_1_28' title="bbox 427 2083 2072 2154">
    <p class='ocr_par' dir='ltr' id='par_1_28' title="bbox 427 2083 2072 2154">
     <span class='ocr_line' id='line_1_28' title="bbox 427 2083 2072 2154; baseline -0.004 -11"><span class='ocrx_word' id='word_1_180' title='bbox 427 2090 487 2143; x_wconf 86' lang='lat' dir='ltr'><strong>in</strong></span> <span class='ocrx_word' id='word_1_181' title='bbox 524 2088 667 2142; x_wconf 85' lang='lat' dir='ltr'><strong>albis</strong></span> <span class='ocrx_word' id='word_1_182' title='bbox 703 2083 873 2140; x_wconf 75' lang='lat' dir='ltr'><strong>socios</strong></span> <span class='ocrx_word' id='word_1_183' title='bbox 918 2085 1088 2151; x_wconf 82' lang='lat' dir='ltr'><strong>Agni.</strong></span> <span class='ocrx_word' id='word_1_184' title='bbox 1128 2083 1414 2139; x_wconf 89' lang='lat' dir='ltr'><strong>Peculiari</strong></span> <span class='ocrx_word' id='word_1_185' title='bbox 1469 2097 1603 2154; x_wconf 88' lang='lat' dir='ltr'><strong>ergo</strong></span> <span class='ocrx_word' id='word_1_186' title='bbox 1637 2083 1797 2138; x_wconf 92' lang='lat' dir='ltr'><strong>cultu</strong></span> <span class='ocrx_word' id='word_1_187' title='bbox 1830 2083 2072 2137; x_wconf 89' lang='lat' dir='ltr'><strong>vestium</strong></span> 
     </span>
    </p>
   </div>
   <div class='ocr_carea' id='block_1_29' title="bbox 431 2154 2070 2230">
    <p class='ocr_par' dir='ltr' id='par_1_29' title="bbox 431 2154 2070 2230">
     <span class='ocr_line' id='line_1_29' title="bbox 431 2154 2070 2230; baseline -0.005 -14"><span class='ocrx_word' id='word_1_188' title='bbox 431 2175 466 2217; x_wconf 93' lang='lat' dir='ltr'><strong>a</strong></span> <span class='ocrx_word' id='word_1_189' title='bbox 520 2157 882 2230; x_wconf 90' lang='lat' dir='ltr'><strong>quotidianis</strong></span> <span class='ocrx_word' id='word_1_190' title='bbox 931 2155 1143 2230; x_wconf 84' lang='lat' dir='ltr'><strong>usibus</strong></span> <span class='ocrx_word' id='word_1_191' title='bbox 1196 2161 1477 2230; x_wconf 63' lang='lat' dir='ltr'><strong>separg_to_</strong></span> <span class='ocrx_word' id='word_1_192' title='bbox 1517 2155 1583 2230; x_wconf 80' lang='lat' dir='ltr'><strong>ad</strong></span> <span class='ocrx_word' id='word_1_193' title='bbox 1639 2168 1754 2210; x_wconf 90' lang='lat' dir='ltr'><strong>rem</strong></span> <span class='ocrx_word' id='word_1_194' title='bbox 1813 2154 2070 2230; x_wconf 84' lang='lat' dir='ltr'><strong>divinam</strong></span> 
     </span>
    </p>
   </div>
   <div class='ocr_carea' id='block_1_30' title="bbox 430 2225 2074 2298">
    <p class='ocr_par' dir='ltr' id='par_1_30' title="bbox 430 2225 2074 2298">
     <span class='ocr_line' id='line_1_30' title="bbox 430 2225 2074 2298; baseline -0.006 -10"><span class='ocrx_word' id='word_1_195' title='bbox 430 2245 494 2288; x_wconf 90' lang='lat' dir='ltr'><strong>se</strong></span> <span class='ocrx_word' id='word_1_196' title='bbox 539 2225 922 2298; x_wconf 64' lang='lat' dir='ltr'><strong>&#39;comparasse</strong></span> <span class='ocrx_word' id='word_1_197' title='bbox 1015 2227 1278 2298; x_wconf 85' lang='lat' dir='ltr'><strong>initiatos</strong></span> <span class='ocrx_word' id='word_1_198' title='bbox 1345 2225 1676 2282; x_wconf 90' lang='lat' dir='ltr'><strong>Christiano</strong></span> <span class='ocrx_word' id='word_1_199' title='bbox 1754 2225 2074 2298; x_wconf 88' lang='lat' dir='ltr'><strong>sacerdotio</strong></span> 
     </span>
    </p>
   </div>
   <div class='ocr_carea' id='block_1_31' title="bbox 430 2296 2072 2368">
    <p class='ocr_par' dir='ltr' id='par_1_31' title="bbox 430 2296 2072 2368">
     <span class='ocr_line' id='line_1_31' title="bbox 430 2296 2072 2368; baseline -0.005 -10"><span class='ocrx_word' id='word_1_200' title='bbox 430 2303 503 2358; x_wconf 90' lang='lat' dir='ltr'><strong>ab</strong></span> <span class='ocrx_word' id='word_1_201' title='bbox 550 2296 819 2356; x_wconf 80' lang='lat' dir='ltr'><strong>Ecclesia</strong></span> <span class='ocrx_word' id='word_1_202' title='bbox 863 2298 1180 2368; x_wconf 90' lang='lat' dir='ltr'><strong>primordio</strong></span> <span class='ocrx_word' id='word_1_203' title='bbox 1234 2296 1527 2354; x_wconf 88' lang='lat' dir='ltr'><strong>fatendum</strong></span> <span class='ocrx_word' id='word_1_204' title='bbox 1573 2303 1657 2353; x_wconf 91' lang='lat' dir='ltr'><strong>est</strong></span> <span class='ocrx_word' id='word_1_205' title='bbox 1708 2315 1722 2366; x_wconf 88' lang='lat'><strong>;</strong></span> <span class='ocrx_word' id='word_1_206' title='bbox 1770 2310 1900 2353; x_wconf 91' lang='lat' dir='ltr'><strong>cum</strong></span> <span class='ocrx_word' id='word_1_207' title='bbox 1956 2297 2072 2365; x_wconf 92' lang='lat' dir='ltr'><strong>jam</strong></span> 
     </span>
    </p>
   </div>
   <div class='ocr_carea' id='block_1_32' title="bbox 427 2369 2069 2438">
    <p class='ocr_par' dir='ltr' id='par_1_32' title="bbox 427 2369 2069 2438">
     <span class='ocr_line' id='line_1_32' title="bbox 427 2369 2069 2438; baseline -0.005 -8"><span class='ocrx_word' id='word_1_208' title='bbox 427 2372 685 2430; x_wconf 84' lang='lat' dir='ltr'><strong>Ecclesia</strong></span> <span class='ocrx_word' id='word_1_209' title='bbox 739 2369 1088 2425; x_wconf 88' lang='lat' dir='ltr'><strong>instituisset</strong></span> <span class='ocrx_word' id='word_1_210' title='bbox 1126 2370 1299 2426; x_wconf 92' lang='lat' dir='ltr'><strong>etiam</strong></span> <span class='ocrx_word' id='word_1_211' title='bbox 1338 2383 1666 2425; x_wconf 89' lang='lat' dir='ltr'><strong>accessuros</strong></span> <span class='ocrx_word' id='word_1_212' title='bbox 1717 2369 1786 2424; x_wconf 91' lang='lat' dir='ltr'><strong>ad</strong></span> <span class='ocrx_word' id='word_1_213' title='bbox 1838 2369 2069 2438; x_wconf 89' lang='lat' dir='ltr'><strong>ingres-</strong></span> 
     </span>
    </p>
   </div>
   <div class='ocr_carea' id='block_1_33' title="bbox 433 2440 2076 2510">
    <p class='ocr_par' dir='ltr' id='par_1_33' title="bbox 433 2440 2076 2510">
     <span class='ocr_line' id='line_1_33' title="bbox 433 2440 2076 2510; baseline -0.005 -9"><span class='ocrx_word' id='word_1_214' title='bbox 433 2458 562 2501; x_wconf 90' lang='lat' dir='ltr'><strong>sum</strong></span> <span class='ocrx_word' id='word_1_215' title='bbox 626 2442 894 2498; x_wconf 89' lang='lat' dir='ltr'><strong>Ecclesia</strong></span> <span class='ocrx_word' id='word_1_216' title='bbox 961 2455 1058 2507; x_wconf 87' lang='lat' dir='ltr'><strong>per</strong></span> <span class='ocrx_word' id='word_1_217' title='bbox 1104 2447 1519 2497; x_wconf 89' lang='lat' dir='ltr'><strong>sacramentum</strong></span> <span class='ocrx_word' id='word_1_218' title='bbox 1572 2440 1846 2510; x_wconf 87' lang='lat' dir='ltr'><strong>baptismi</strong></span> <span class='ocrx_word' id='word_1_219' title='bbox 1897 2441 2076 2496; x_wconf 91' lang='lat' dir='ltr'><strong>laicos</strong></span> 
     </span>
    </p>
   </div>
   <div class='ocr_carea' id='block_1_34' title="bbox 433 2511 2078 2581">
    <p class='ocr_par' dir='ltr' id='par_1_34' title="bbox 433 2511 2078 2581">
     <span class='ocr_line' id='line_1_34' title="bbox 433 2511 2078 2581; baseline -0.005 -9"><span class='ocrx_word' id='word_1_220' title='bbox 433 2522 492 2572; x_wconf 86' lang='lat' dir='ltr'><strong>et</strong></span> <span class='ocrx_word' id='word_1_221' title='bbox 531 2513 780 2570; x_wconf 87' lang='lat' dir='ltr'><strong>infantes</strong></span> <span class='ocrx_word' id='word_1_222' title='bbox 828 2513 1073 2568; x_wconf 90' lang='lat' dir='ltr'><strong>candida</strong></span> <span class='ocrx_word' id='word_1_223' title='bbox 1094 2513 1241 2568; x_wconf 91' lang='lat' dir='ltr'><strong>stola</strong></span> <span class='ocrx_word' id='word_1_224' title='bbox 1272 2513 1566 2567; x_wconf 89' lang='lat' dir='ltr'><strong>adornare.</strong></span> <span class='ocrx_word' id='word_1_225' title='bbox 1592 2513 1736 2567; x_wconf 91' lang='lat' dir='ltr'><strong>Sunt</strong></span> <span class='ocrx_word' id='word_1_226' title='bbox 1768 2511 1866 2581; x_wconf 89' lang='lat' dir='ltr'><strong>qui</strong></span> <span class='ocrx_word' id='word_1_227' title='bbox 1897 2524 1928 2565; x_wconf 90' lang='lat' dir='ltr'><strong>a</strong></span> <span class='ocrx_word' id='word_1_228' title='bbox 1958 2512 2078 2565; x_wconf 91' lang='lat' dir='ltr'><strong>Do—</strong></span> 
     </span>
    </p>
   </div>
   <div class='ocr_carea' id='block_1_35' title="bbox 434 2582 2076 2653">
    <p class='ocr_par' dir='ltr' id='par_1_35' title="bbox 434 2582 2076 2653">
     <span class='ocr_line' id='line_1_35' title="bbox 434 2582 2076 2653; baseline -0.004 -10"><span class='ocrx_word' id='word_1_229' title='bbox 434 2587 580 2644; x_wconf 92' lang='lat' dir='ltr'><strong>mini</strong></span> <span class='ocrx_word' id='word_1_230' title='bbox 608 2584 862 2653; x_wconf 89' lang='lat' dir='ltr'><strong>exempla</strong></span> <span class='ocrx_word' id='word_1_231' title='bbox 888 2583 1105 2640; x_wconf 90' lang='lat' dir='ltr'><strong>etillud</strong></span> <span class='ocrx_word' id='word_1_232' title='bbox 1136 2589 1428 2653; x_wconf 80' lang='lat' dir='ltr'><strong>repetant;</strong></span> <span class='ocrx_word' id='word_1_233' title='bbox 1451 2583 1678 2653; x_wconf 88' lang='lat' dir='ltr'><strong>quando</strong></span> <span class='ocrx_word' id='word_1_234' title='bbox 1704 2583 1772 2638; x_wconf 92' lang='lat' dir='ltr'><strong>ad</strong></span> <span class='ocrx_word' id='word_1_235' title='bbox 1807 2582 2076 2637; x_wconf 92' lang='lat' dir='ltr'><strong>lotionem</strong></span> 
     </span>
    </p>
   </div>
   <div class='ocr_carea' id='block_1_36' title="bbox 437 2653 2077 2726">
    <p class='ocr_par' dir='ltr' id='par_1_36' title="bbox 437 2653 2077 2726">
     <span class='ocr_line' id='line_1_36' title="bbox 437 2653 2077 2726; baseline -0.002 -15"><span class='ocrx_word' id='word_1_236' title='bbox 437 2669 817 2726; x_wconf 89' lang='lat' dir='ltr'><strong>processurus</strong></span> <span class='ocrx_word' id='word_1_237' title='bbox 837 2661 962 2722; x_wconf 90' lang='lat' dir='ltr'><strong>post</strong></span> <span class='ocrx_word' id='word_1_238' title='bbox 979 2668 1196 2709; x_wconf 88' lang='lat' dir='ltr'><strong>coenam</strong></span> <span class='ocrx_word' id='word_1_239' title='bbox 1211 2654 1476 2726; x_wconf 88' lang='lat' dir='ltr'><strong>typicam,</strong></span> <span class='ocrx_word' id='word_1_240' title='bbox 1498 2659 1628 2726; x_wconf 81' lang='lat' dir='ltr'><strong>ante</strong></span> <span class='ocrx_word' id='word_1_241' title='bbox 1655 2653 2077 2726; x_wconf 80' lang='lat' dir='ltr'><strong>institutionem</strong></span> 
     </span>
    </p>
   </div>
   <div class='ocr_carea' id='block_1_37' title="bbox 435 2723 2080 2793">
    <p class='ocr_par' dir='ltr' id='par_1_37' title="bbox 435 2723 2080 2793">
     <span class='ocr_line' id='line_1_37' title="bbox 435 2723 2080 2793; baseline -0.002 -11"><span class='ocrx_word' id='word_1_242' title='bbox 435 2723 817 2783; x_wconf 83' lang='lat' dir='ltr'><strong>Eucharistia</strong></span> <span class='ocrx_word' id='word_1_243' title='bbox 843 2726 1176 2778; x_wconf 89' lang='lat' dir='ltr'><strong>vestimenta</strong></span> <span class='ocrx_word' id='word_1_244' title='bbox 1198 2725 1409 2792; x_wconf 88' lang='lat' dir='ltr'><strong>posuit,</strong></span> <span class='ocrx_word' id='word_1_245' title='bbox 1441 2731 1496 2778; x_wconf 92' lang='lat' dir='ltr'><strong>et</strong></span> <span class='ocrx_word' id='word_1_246' title='bbox 1527 2723 1704 2778; x_wconf 92' lang='lat' dir='ltr'><strong>linteo</strong></span> <span class='ocrx_word' id='word_1_247' title='bbox 1738 2724 2080 2793; x_wconf 78' lang='lat' dir='ltr'><strong>praecinctus</strong></span> 
     </span>
    </p>
   </div>
   <div class='ocr_carea' id='block_1_38' title="bbox 435 2793 2077 2862">
    <p class='ocr_par' dir='ltr' id='par_1_38' title="bbox 435 2793 2077 2862">
     <span class='ocr_line' id='line_1_38' title="bbox 435 2793 2077 2862; baseline -0.002 -9"><span class='ocrx_word' id='word_1_248' title='bbox 435 2808 732 2853; x_wconf 88' lang='lat' dir='ltr'><strong>assumere</strong></span> <span class='ocrx_word' id='word_1_249' title='bbox 751 2794 938 2849; x_wconf 90' lang='lat' dir='ltr'><strong>voluit</strong></span> <span class='ocrx_word' id='word_1_250' title='bbox 957 2794 1014 2847; x_wconf 93' lang='lat' dir='ltr'><strong>in</strong></span> <span class='ocrx_word' id='word_1_251' title='bbox 1037 2800 1370 2848; x_wconf 89' lang='lat' dir='ltr'><strong>ornamento</strong></span> <span class='ocrx_word' id='word_1_252' title='bbox 1392 2807 1504 2848; x_wconf 90' lang='lat' dir='ltr'><strong>non</strong></span> <span class='ocrx_word' id='word_1_253' title='bbox 1519 2793 1702 2849; x_wconf 91' lang='lat' dir='ltr'><strong>solum</strong></span> <span class='ocrx_word' id='word_1_254' title='bbox 1724 2795 1955 2862; x_wconf 92' lang='lat' dir='ltr'><strong>mundo,</strong></span> <span class='ocrx_word' id='word_1_255' title='bbox 1982 2795 2077 2850; x_wconf 88' lang='lat' dir='ltr'><strong>sed</strong></span> 
     </span>
    </p>
   </div>
   <div class='ocr_carea' id='block_1_39' title="bbox 435 2865 2081 2936">
    <p class='ocr_par' dir='ltr' id='par_1_39' title="bbox 435 2865 2081 2936">
     <span class='ocr_line' id='line_1_39' title="bbox 435 2865 2081 2936; baseline -0.003 -11"><span class='ocrx_word' id='word_1_256' title='bbox 435 2871 506 2925; x_wconf 91' lang='lat' dir='ltr'><strong>ad</strong></span> <span class='ocrx_word' id='word_1_257' title='bbox 541 2866 932 2922; x_wconf 90' lang='lat' dir='ltr'><strong>mundandum</strong></span> <span class='ocrx_word' id='word_1_258' title='bbox 983 2870 1038 2936; x_wconf 85' lang='lat' dir='ltr'><strong>et</strong></span> <span class='ocrx_word' id='word_1_259' title='bbox 1063 2865 1502 2936; x_wconf 88' lang='lat' dir='ltr'><strong>abstergendum</strong></span> <span class='ocrx_word' id='word_1_260' title='bbox 1533 2873 1880 2934; x_wconf 88' lang='lat' dir='ltr'><strong>comparato,</strong></span> <span class='ocrx_word' id='word_1_261' title='bbox 1921 2879 2081 2935; x_wconf 86' lang='lat' dir='ltr'><strong>sym—</strong></span> 
     </span>
    </p>
   </div>
   <div class='ocr_carea' id='block_1_40' title="bbox 436 2935 2077 3006">
    <p class='ocr_par' dir='ltr' id='par_1_40' title="bbox 436 2935 2077 3006">
     <span class='ocr_line' id='line_1_40' title="bbox 436 2935 2077 3006; baseline -0.002 -10"><span class='ocrx_word' id='word_1_262' title='bbox 436 2939 632 2996; x_wconf 91' lang='lat' dir='ltr'><strong>bolum</strong></span> <span class='ocrx_word' id='word_1_263' title='bbox 663 2936 998 2992; x_wconf 91' lang='lat' dir='ltr'><strong>ministerii.</strong></span> <span class='ocrx_word' id='word_1_264' title='bbox 1013 2935 1198 3004; x_wconf 89' lang='lat' dir='ltr'><strong>Quare</strong></span> <span class='ocrx_word' id='word_1_265' title='bbox 1217 2935 1429 2991; x_wconf 77' lang='lat' dir='ltr'><strong>uestris</strong></span> <span class='ocrx_word' id='word_1_266' title='bbox 1446 2949 1673 3006; x_wconf 88' lang='lat' dir='ltr'><strong>quoque</strong></span> <span class='ocrx_word' id='word_1_267' title='bbox 1685 2936 2077 3004; x_wconf 88' lang='lat' dir='ltr'><strong>subdiaconis,</strong></span> 
     </span>
    </p>
   </div>
   <div class='ocr_carea' id='block_1_41' title="bbox 437 3007 2081 3077">
    <p class='ocr_par' dir='ltr' id='par_1_41' title="bbox 437 3007 2081 3077">
     <span class='ocr_line' id='line_1_41' title="bbox 437 3007 2081 3077; baseline -0.002 -11"><span class='ocrx_word' id='word_1_268' title='bbox 437 3011 507 3067; x_wconf 90' lang='lat' dir='ltr'><strong>ad</strong></span> <span class='ocrx_word' id='word_1_269' title='bbox 543 3022 677 3064; x_wconf 88' lang='lat' dir='ltr'><strong>vasa</strong></span> <span class='ocrx_word' id='word_1_270' title='bbox 699 3007 973 3063; x_wconf 88' lang='lat' dir='ltr'><strong>sacriﬁcii</strong></span> <span class='ocrx_word' id='word_1_271' title='bbox 1001 3007 1326 3064; x_wconf 89' lang='lat' dir='ltr'><strong>mundanda</strong></span> <span class='ocrx_word' id='word_1_272' title='bbox 1351 3007 1661 3076; x_wconf 88' lang='lat' dir='ltr'><strong>deputatis,</strong></span> <span class='ocrx_word' id='word_1_273' title='bbox 1710 3007 1990 3077; x_wconf 88' lang='lat' dir='ltr'><strong>mappula</strong></span> <span class='ocrx_word' id='word_1_274' title='bbox 2022 3009 2081 3062; x_wconf 93' lang='lat' dir='ltr'><strong>in</strong></span> 
     </span>
    </p>
   </div>
   <div class='ocr_carea' id='block_1_42' title="bbox 2172 436 3813 512">
    <p class='ocr_par' dir='ltr' id='par_1_42' title="bbox 2172 436 3813 512">
     <span class='ocr_line' id='line_1_42' title="bbox 2172 436 3813 512; baseline -0.005 -14"><span class='ocrx_word' id='word_1_275' title='bbox 2172 436 2414 512; x_wconf 81' lang='lat' dir='ltr'><strong>positam</strong></span> <span class='ocrx_word' id='word_1_276' title='bbox 2457 436 2593 498; x_wconf 79' lang='lat' dir='ltr'><strong>olim</strong></span> <span class='ocrx_word' id='word_1_277' title='bbox 2629 441 2811 497; x_wconf 90' lang='lat' dir='ltr'><strong>fuisse</strong></span> <span class='ocrx_word' id='word_1_278' title='bbox 2837 436 2906 496; x_wconf 66' lang='lat' dir='ltr'><strong>ei</strong></span> <span class='ocrx_word' id='word_1_279' title='bbox 2938 441 3154 510; x_wconf 91' lang='lat' dir='ltr'><strong>ephode</strong></span> <span class='ocrx_word' id='word_1_280' title='bbox 3189 436 3530 512; x_wconf 78' lang='lat' dir='ltr'><strong>levitarum,</strong></span> <span class='ocrx_word' id='word_1_281' title='bbox 3550 445 3618 512; x_wconf 89' lang='lat' dir='ltr'><strong>et_</strong></span> <span class='ocrx_word' id='word_1_282' title='bbox 3647 436 3813 498; x_wconf 74' lang='lat' dir='ltr'><strong>tiara,</strong></span> 
     </span>
    </p>
   </div>
   <div class='ocr_carea' id='block_1_43' title="bbox 2170 510 3818 584">
    <p class='ocr_par' dir='ltr' id='par_1_43' title="bbox 2170 510 3818 584">
     <span class='ocr_line' id='line_1_43' title="bbox 2170 510 3818 584; baseline -0.006 -15"><span class='ocrx_word' id='word_1_283' title='bbox 2170 510 2289 569; x_wconf 83' lang='lat' dir='ltr'><strong>sive</strong></span> <span class='ocrx_word' id='word_1_284' title='bbox 2300 527 2359 568; x_wconf 91' lang='lat' dir='ltr'><strong>ca</strong></span> <span class='ocrx_word' id='word_1_285' title='bbox 2370 514 2514 584; x_wconf 90' lang='lat' dir='ltr'><strong>pitio</strong></span> <span class='ocrx_word' id='word_1_286' title='bbox 2532 513 2892 580; x_wconf 88' lang='lat' dir='ltr'><strong>sacerdotali,</strong></span> <span class='ocrx_word' id='word_1_287' title='bbox 2906 512 3168 568; x_wconf 89' lang='lat' dir='ltr'><strong>consutis</strong></span> <span class='ocrx_word' id='word_1_288' title='bbox 3186 513 3245 567; x_wconf 89' lang='lat' dir='ltr'><strong>in</strong></span> <span class='ocrx_word' id='word_1_289' title='bbox 3263 513 3498 584; x_wconf 89' lang='lat' dir='ltr'><strong>unicum</strong></span> <span class='ocrx_word' id='word_1_290' title='bbox 3520 510 3818 584; x_wconf 79' lang='lat' dir='ltr'><strong>indumen-</strong></span> 
     </span>
    </p>
   </div>
   <div class='ocr_carea' id='block_1_44' title="bbox 2172 579 3817 653">
    <p class='ocr_par' dir='ltr' id='par_1_44' title="bbox 2172 579 3817 653">
     <span class='ocr_line' id='line_1_44' title="bbox 2172 579 3817 653; baseline -0.005 -13"><span class='ocrx_word' id='word_1_291' title='bbox 2172 591 2321 641; x_wconf 91' lang='lat' dir='ltr'><strong>tum:</strong></span> <span class='ocrx_word' id='word_1_292' title='bbox 2343 579 2442 640; x_wconf 52' lang='lat' dir='ltr'><strong>e&#39;ta</strong></span> <span class='ocrx_word' id='word_1_293' title='bbox 2469 586 2673 653; x_wconf 90' lang='lat' dir='ltr'><strong>primis</strong></span> <span class='ocrx_word' id='word_1_294' title='bbox 2700 579 2965 640; x_wconf 75' lang='lat' dir='ltr'><strong>EccleSia</strong></span> <span class='ocrx_word' id='word_1_295' title='bbox 2997 583 3432 639; x_wconf 88' lang='lat' dir='ltr'><strong>institutoribus</strong></span> <span class='ocrx_word' id='word_1_296' title='bbox 3456 595 3488 636; x_wconf 92' lang='lat' dir='ltr'><strong>e</strong></span> <span class='ocrx_word' id='word_1_297' title='bbox 3515 579 3817 653; x_wconf 85' lang='lat' dir='ltr'><strong>Palastina</strong></span> 
     </span>
    </p>
   </div>
   <div class='ocr_carea' id='block_1_45' title="bbox 2171 651 3816 726">
    <p class='ocr_par' dir='ltr' id='par_1_45' title="bbox 2171 651 3816 726">
     <span class='ocr_line' id='line_1_45' title="bbox 2171 651 3816 726; baseline -0.005 -15"><span class='ocrx_word' id='word_1_298' title='bbox 2171 661 2226 711; x_wconf 93' lang='lat' dir='ltr'><strong>et</strong></span> <span class='ocrx_word' id='word_1_299' title='bbox 2245 656 2405 726; x_wconf 88' lang='lat' dir='ltr'><strong>Syria</strong></span> <span class='ocrx_word' id='word_1_300' title='bbox 2441 651 2496 709; x_wconf 84' lang='lat' dir='ltr'><strong>in</strong></span> <span class='ocrx_word' id='word_1_301' title='bbox 2528 655 2967 726; x_wconf 59' lang='lat' dir='ltr'><strong>aliasZregiones</strong></span> <span class='ocrx_word' id='word_1_302' title='bbox 2986 655 3326 722; x_wconf 83' lang='lat' dir='ltr'><strong>traductam,</strong></span> <span class='ocrx_word' id='word_1_303' title='bbox 3355 652 3682 726; x_wconf 84' lang='lat' dir='ltr'><strong>etsacrarii</strong></span> <span class='ocrx_word' id='word_1_304' title='bbox 3710 651 3816 704; x_wconf 90' lang='lat' dir='ltr'><strong>mi-</strong></span> 
     </span>
    </p>
   </div>
   <div class='ocr_carea' id='block_1_46' title="bbox 2175 724 3821 794">
    <p class='ocr_par' dir='ltr' id='par_1_46' title="bbox 2175 724 3821 794">
     <span class='ocr_line' id='line_1_46' title="bbox 2175 724 3821 794; baseline -0.004 -12"><span class='ocrx_word' id='word_1_305' title='bbox 2175 724 2380 783; x_wconf 83' lang='lat' dir='ltr'><strong>nistris</strong></span> <span class='ocrx_word' id='word_1_306' title='bbox 2411 724 2703 782; x_wconf 47' lang='lat' dir='ltr'><strong>traditam’.</strong></span> <span class='ocrx_word' id='word_1_307' title='bbox 2738 727 2945 783; x_wconf 84' lang='lat' dir='ltr'><strong>Verum</strong></span> <span class='ocrx_word' id='word_1_308' title='bbox 2970 727 3040 782; x_wconf 91' lang='lat' dir='ltr'><strong>de</strong></span> <span class='ocrx_word' id='word_1_309' title='bbox 3070 727 3296 794; x_wconf 76' lang='lat' dir='ltr'><strong>origine</strong></span> <span class='ocrx_word' id='word_1_310' title='bbox 3325 730 3379 780; x_wconf 92' lang='lat' dir='ltr'><strong>et</strong></span> <span class='ocrx_word' id='word_1_311' title='bbox 3410 724 3596 779; x_wconf 90' lang='lat' dir='ltr'><strong>forma</strong></span> <span class='ocrx_word' id='word_1_312' title='bbox 3623 735 3821 794; x_wconf 79' lang='lat' dir='ltr'><strong>sacra—</strong></span> 
     </span>
    </p>
   </div>
   <div class='ocr_carea' id='block_1_47' title="bbox 2178 792 3820 868">
    <p class='ocr_par' dir='ltr' id='par_1_47' title="bbox 2178 792 3820 868">
     <span class='ocr_line' id='line_1_47' title="bbox 2178 792 3820 868; baseline -0.005 -15"><span class='ocrx_word' id='word_1_313' title='bbox 2178 813 2300 855; x_wconf 87' lang='lat' dir='ltr'><strong>rum</strong></span> <span class='ocrx_word' id='word_1_314' title='bbox 2321 799 2562 854; x_wconf 91' lang='lat' dir='ltr'><strong>vestium</strong></span> <span class='ocrx_word' id='word_1_315' title='bbox 2591 801 2701 854; x_wconf 89' lang='lat' dir='ltr'><strong>erit</strong></span> <span class='ocrx_word' id='word_1_316' title='bbox 2722 798 2864 854; x_wconf 89' lang='lat' dir='ltr'><strong>alibi</strong></span> <span class='ocrx_word' id='word_1_317' title='bbox 2885 792 3267 868; x_wconf 82' lang='lat' dir='ltr'><strong>opportunior</strong></span> <span class='ocrx_word' id='word_1_318' title='bbox 3281 796 3486 868; x_wconf 82' lang='lat' dir='ltr'><strong>agendi</strong></span> <span class='ocrx_word' id='word_1_319' title='bbox 3518 795 3708 850; x_wconf 89' lang='lat' dir='ltr'><strong>locus.</strong></span> <span class='ocrx_word' id='word_1_320' title='bbox 3729 792 3820 846; x_wconf 85' lang='lat' dir='ltr'><strong>Hic</strong></span> 
     </span>
    </p>
   </div>
   <div class='ocr_carea' id='block_1_48' title="bbox 2177 869 3823 935">
    <p class='ocr_par' dir='ltr' id='par_1_48' title="bbox 2177 869 3823 935">
     <span class='ocr_line' id='line_1_48' title="bbox 2177 869 3823 935; baseline -0.005 -9"><span class='ocrx_word' id='word_1_321' title='bbox 2177 869 2418 926; x_wconf 84' lang='lat' dir='ltr'><strong>sufﬁciet</strong></span> <span class='ocrx_word' id='word_1_322' title='bbox 2450 883 2642 926; x_wconf 89' lang='lat' dir='ltr'><strong>sacras</strong></span> <span class='ocrx_word' id='word_1_323' title='bbox 2670 885 2701 926; x_wconf 94' lang='lat' dir='ltr'><strong>a</strong></span> <span class='ocrx_word' id='word_1_324' title='bbox 2721 870 3129 926; x_wconf 90' lang='lat' dir='ltr'><strong>communibus</strong></span> <span class='ocrx_word' id='word_1_325' title='bbox 3156 869 3504 924; x_wconf 88' lang='lat' dir='ltr'><strong>discretaset</strong></span> <span class='ocrx_word' id='word_1_326' title='bbox 3531 870 3823 935; x_wconf 83' lang='lat' dir='ltr'><strong>separatas</strong></span> 
     </span>
    </p>
   </div>
   <div class='ocr_carea' id='block_1_49' title="bbox 2181 936 3819 1012">
    <p class='ocr_par' dir='ltr' id='par_1_49' title="bbox 2181 936 3819 1012">
     <span class='ocr_line' id='line_1_49' title="bbox 2181 936 3819 1012; baseline -0.004 -17"><span class='ocrx_word' id='word_1_327' title='bbox 2181 955 2601 1012; x_wconf 83' lang='lat' dir='ltr'><strong>recognoscere,</strong></span> <span class='ocrx_word' id='word_1_328' title='bbox 2635 947 2702 998; x_wconf 93' lang='lat' dir='ltr'><strong>ut</strong></span> <span class='ocrx_word' id='word_1_329' title='bbox 2722 942 2828 997; x_wconf 92' lang='lat' dir='ltr'><strong>hoc</strong></span> <span class='ocrx_word' id='word_1_330' title='bbox 2843 944 3011 997; x_wconf 90' lang='lat' dir='ltr'><strong>etiam</strong></span> <span class='ocrx_word' id='word_1_331' title='bbox 3040 943 3110 997; x_wconf 91' lang='lat' dir='ltr'><strong>de</strong></span> <span class='ocrx_word' id='word_1_332' title='bbox 3128 955 3240 1011; x_wconf 90' lang='lat' dir='ltr'><strong>quo</strong></span> <span class='ocrx_word' id='word_1_333' title='bbox 3265 941 3492 1010; x_wconf 78' lang='lat' dir='ltr'><strong>agimus</strong></span> <span class='ocrx_word' id='word_1_334' title='bbox 3512 937 3734 1012; x_wconf 67' lang='lat' dir='ltr'><strong>saeculo</strong></span> <span class='ocrx_word' id='word_1_335' title='bbox 3757 936 3819 989; x_wconf 88' lang='lat' dir='ltr'><strong>ad</strong></span> 
     </span>
    </p>
   </div>
   <div class='ocr_carea' id='block_1_50' title="bbox 2179 1009 3825 1069">
    <p class='ocr_par' dir='ltr' id='par_1_50' title="bbox 2179 1009 3825 1069">
     <span class='ocr_line' id='line_1_50' title="bbox 2179 1009 3825 1069; baseline -0.005 -1"><span class='ocrx_word' id='word_1_336' title='bbox 2179 1026 2296 1068; x_wconf 90' lang='lat' dir='ltr'><strong>rem</strong></span> <span class='ocrx_word' id='word_1_337' title='bbox 2316 1009 2598 1068; x_wconf 49' lang='lat' dir='ltr'><strong>&#39;divinam&#39;</strong></span> <span class='ocrx_word' id='word_1_338' title='bbox 2638 1013 2968 1069; x_wconf 88' lang='lat' dir='ltr'><strong>accederent</strong></span> <span class='ocrx_word' id='word_1_339' title='bbox 3021 1009 3337 1068; x_wconf 85' lang='lat' dir='ltr'><strong>Christiani</strong></span> <span class='ocrx_word' id='word_1_340' title='bbox 3391 1009 3726 1065; x_wconf 83' lang='lat' dir='ltr'><strong>sacerdotes</strong></span> <span class='ocrx_word' id='word_1_341' title='bbox 3774 1013 3825 1060; x_wconf 91' lang='lat' dir='ltr'><strong>et</strong></span> 
     </span>
    </p>
   </div>
   <div class='ocr_carea' id='block_1_51' title="bbox 2181 1082 3825 1155">
    <p class='ocr_par' dir='ltr' id='par_1_51' title="bbox 2181 1082 3825 1155">
     <span class='ocr_line' id='line_1_51' title="bbox 2181 1082 3825 1155; baseline -0.004 -17"><span class='ocrx_word' id='word_1_342' title='bbox 2181 1085 2436 1139; x_wconf 91' lang='lat' dir='ltr'><strong>ministri</strong></span> <span class='ocrx_word' id='word_1_343' title='bbox 2458 1085 2729 1140; x_wconf 91' lang='lat' dir='ltr'><strong>instructi</strong></span> <span class='ocrx_word' id='word_1_344' title='bbox 2749 1084 3048 1155; x_wconf 88' lang='lat' dir='ltr'><strong>aliquibus</strong></span> <span class='ocrx_word' id='word_1_345' title='bbox 3063 1083 3278 1153; x_wconf 76' lang='lat' dir='ltr'><strong>palliis,</strong></span> <span class='ocrx_word' id='word_1_346' title='bbox 3295 1082 3578 1155; x_wconf 85' lang='lat' dir='ltr'><strong>vestibus,</strong></span> <span class='ocrx_word' id='word_1_347' title='bbox 3592 1085 3651 1135; x_wconf 92' lang='lat' dir='ltr'><strong>et</strong></span> <span class='ocrx_word' id='word_1_348' title='bbox 3670 1091 3825 1155; x_wconf 83' lang='lat' dir='ltr'><strong>orna-</strong></span> 
     </span>
    </p>
   </div>
   <div class='ocr_carea' id='block_1_52' title="bbox 2182 1152 3824 1223">
    <p class='ocr_par' dir='ltr' id='par_1_52' title="bbox 2182 1152 3824 1223">
     <span class='ocr_line' id='line_1_52' title="bbox 2182 1152 3824 1223; baseline -0.004 -12"><span class='ocrx_word' id='word_1_349' title='bbox 2182 1157 2409 1220; x_wconf 86' lang='lat' dir='ltr'><strong>mentis,</strong></span> <span class='ocrx_word' id='word_1_350' title='bbox 2428 1157 2598 1212; x_wconf 89' lang='lat' dir='ltr'><strong>unice</strong></span> <span class='ocrx_word' id='word_1_351' title='bbox 2609 1152 2914 1212; x_wconf 80' lang='lat' dir='ltr'><strong>reservatis</strong></span> <span class='ocrx_word' id='word_1_352' title='bbox 2934 1152 3596 1223; x_wconf 79' lang='lat' dir='ltr'><strong>sacrisadoperandum;</strong></span> <span class='ocrx_word' id='word_1_353' title='bbox 3617 1152 3824 1206; x_wconf 86' lang='lat' dir='ltr'><strong>etiam—</strong></span> 
     </span>
    </p>
   </div>
   <div class='ocr_carea' id='block_1_53' title="bbox 2179 1223 3824 1297">
    <p class='ocr_par' dir='ltr' id='par_1_53' title="bbox 2179 1223 3824 1297">
     <span class='ocr_line' id='line_1_53' title="bbox 2179 1223 3824 1297; baseline -0.004 -15"><span class='ocrx_word' id='word_1_354' title='bbox 2179 1230 2232 1282; x_wconf 91' lang='lat' dir='ltr'><strong>si</strong></span> <span class='ocrx_word' id='word_1_355' title='bbox 2275 1227 2470 1296; x_wconf 90' lang='lat' dir='ltr'><strong>pallia,</strong></span> <span class='ocrx_word' id='word_1_356' title='bbox 2527 1236 2730 1297; x_wconf 90' lang='lat' dir='ltr'><strong>vestes,</strong></span> <span class='ocrx_word' id='word_1_357' title='bbox 2758 1235 2812 1284; x_wconf 92' lang='lat' dir='ltr'><strong>et</strong></span> <span class='ocrx_word' id='word_1_358' title='bbox 2847 1233 3178 1284; x_wconf 86' lang='lat' dir='ltr'><strong>ornamenta</strong></span> <span class='ocrx_word' id='word_1_359' title='bbox 3212 1225 3314 1281; x_wconf 91' lang='lat' dir='ltr'><strong>illa</strong></span> <span class='ocrx_word' id='word_1_360' title='bbox 3370 1238 3481 1281; x_wconf 89' lang='lat' dir='ltr'><strong>non</strong></span> <span class='ocrx_word' id='word_1_361' title='bbox 3515 1223 3824 1297; x_wconf 83' lang='lat' dir='ltr'><strong>admodum</strong></span> 
     </span>
    </p>
   </div>
   <div class='ocr_carea' id='block_1_54' title="bbox 2179 1294 3828 1368">
    <p class='ocr_par' dir='ltr' id='par_1_54' title="bbox 2179 1294 3828 1368">
     <span class='ocr_line' id='line_1_54' title="bbox 2179 1294 3828 1368; baseline -0.005 -14"><span class='ocrx_word' id='word_1_362' title='bbox 2179 1294 2474 1355; x_wconf 76' lang='lat' dir='ltr'><strong>differrent</strong></span> <span class='ocrx_word' id='word_1_363' title='bbox 2500 1312 2533 1354; x_wconf 86' lang='lat' dir='ltr'><strong>a</strong></span> <span class='ocrx_word' id='word_1_364' title='bbox 2563 1294 2744 1355; x_wconf 85' lang='lat' dir='ltr'><strong>forma</strong></span> <span class='ocrx_word' id='word_1_365' title='bbox 2775 1305 3042 1368; x_wconf 84' lang='lat' dir='ltr'><strong>vestium,</strong></span> <span class='ocrx_word' id='word_1_366' title='bbox 3075 1301 3352 1368; x_wconf 88' lang='lat' dir='ltr'><strong>velorum,</strong></span> <span class='ocrx_word' id='word_1_367' title='bbox 3384 1303 3440 1368; x_wconf 90' lang='lat' dir='ltr'><strong>et</strong></span> <span class='ocrx_word' id='word_1_368' title='bbox 3464 1302 3718 1352; x_wconf 89' lang='lat' dir='ltr'><strong>ornatus</strong></span> <span class='ocrx_word' id='word_1_369' title='bbox 3737 1294 3828 1368; x_wconf 81' lang='lat' dir='ltr'><strong>_ad-</strong></span> 
     </span>
    </p>
   </div>
   <div class='ocr_carea' id='block_1_55' title="bbox 2184 1365 3824 1434">
    <p class='ocr_par' dir='ltr' id='par_1_55' title="bbox 2184 1365 3824 1434">
     <span class='ocr_line' id='line_1_55' title="bbox 2184 1365 3824 1434; baseline -0.004 -9"><span class='ocrx_word' id='word_1_370' title='bbox 2184 1370 2371 1426; x_wconf 89' lang='lat' dir='ltr'><strong>hiberi</strong></span> <span class='ocrx_word' id='word_1_371' title='bbox 2406 1369 2564 1425; x_wconf 90' lang='lat' dir='ltr'><strong>soliti</strong></span> <span class='ocrx_word' id='word_1_372' title='bbox 2597 1373 2768 1426; x_wconf 90' lang='lat' dir='ltr'><strong>etiam</strong></span> <span class='ocrx_word' id='word_1_373' title='bbox 2801 1371 2868 1426; x_wconf 89' lang='lat' dir='ltr'><strong>ad</strong></span> <span class='ocrx_word' id='word_1_374' title='bbox 2893 1365 3040 1426; x_wconf 83' lang='lat' dir='ltr'><strong>alios</strong></span> <span class='ocrx_word' id='word_1_375' title='bbox 3071 1384 3214 1425; x_wconf 90' lang='lat' dir='ltr'><strong>usus</strong></span> <span class='ocrx_word' id='word_1_376' title='bbox 3244 1367 3315 1423; x_wconf 86' lang='lat' dir='ltr'><strong>ab</strong></span> <span class='ocrx_word' id='word_1_377' title='bbox 3340 1367 3544 1422; x_wconf 87' lang='lat' dir='ltr'><strong>iisdem</strong></span> <span class='ocrx_word' id='word_1_378' title='bbox 3575 1365 3824 1434; x_wconf 77' lang='lat' dir='ltr'><strong>populis,</strong></span> 
     </span>
    </p>
   </div>
   <div class='ocr_carea' id='block_1_56' title="bbox 2182 1438 3827 1512">
    <p class='ocr_par' dir='ltr' id='par_1_56' title="bbox 2182 1438 3827 1512">
     <span class='ocr_line' id='line_1_56' title="bbox 2182 1438 3827 1512; baseline -0.004 -15"><span class='ocrx_word' id='word_1_379' title='bbox 2182 1456 2327 1512; x_wconf 90' lang='lat' dir='ltr'><strong>quos</strong></span> <span class='ocrx_word' id='word_1_380' title='bbox 2361 1443 2512 1497; x_wconf 89' lang='lat' dir='ltr'><strong>inter</strong></span> <span class='ocrx_word' id='word_1_381' title='bbox 2535 1442 2929 1498; x_wconf 77' lang='lat' dir='ltr'><strong>versabantur.</strong></span> <span class='ocrx_word' id='word_1_382' title='bbox 2961 1442 3222 1512; x_wconf 88' lang='lat' dir='ltr'><strong>Sacratas</strong></span> <span class='ocrx_word' id='word_1_383' title='bbox 3254 1438 3455 1512; x_wconf 84' lang='lat' dir='ltr'><strong>pallas,</strong></span> <span class='ocrx_word' id='word_1_384' title='bbox 3499 1439 3678 1512; x_wconf 81' lang='lat' dir='ltr'><strong>toties</strong></span> <span class='ocrx_word' id='word_1_385' title='bbox 3712 1450 3827 1512; x_wconf 80' lang='lat' dir='ltr'><strong>me-</strong></span> 
     </span>
    </p>
   </div>
   <div class='ocr_carea' id='block_1_57' title="bbox 2183 1509 3827 1583">
    <p class='ocr_par' dir='ltr' id='par_1_57' title="bbox 2183 1509 3827 1583">
     <span class='ocr_line' id='line_1_57' title="bbox 2183 1509 3827 1583; baseline -0.004 -15"><span class='ocrx_word' id='word_1_386' title='bbox 2183 1509 2430 1568; x_wconf 85' lang='lat' dir='ltr'><strong>moratas</strong></span> <span class='ocrx_word' id='word_1_387' title='bbox 2453 1514 2510 1568; x_wconf 93' lang='lat' dir='ltr'><strong>in</strong></span> <span class='ocrx_word' id='word_1_388' title='bbox 2542 1515 2798 1569; x_wconf 90' lang='lat' dir='ltr'><strong>numeris</strong></span> <span class='ocrx_word' id='word_1_389' title='bbox 2822 1511 3293 1583; x_wconf 87' lang='lat' dir='ltr'><strong>pracedentibus,</strong></span> <span class='ocrx_word' id='word_1_390' title='bbox 3315 1511 3586 1581; x_wconf 88' lang='lat' dir='ltr'><strong>quisnam</strong></span> <span class='ocrx_word' id='word_1_391' title='bbox 3613 1509 3827 1583; x_wconf 76' lang='lat' dir='ltr'><strong>dixerit</strong></span> 
     </span>
    </p>
   </div>
   <div class='ocr_carea' id='block_1_58' title="bbox 2179 1579 3824 1655">
    <p class='ocr_par' dir='ltr' id='par_1_58' title="bbox 2179 1579 3824 1655">
     <span class='ocr_line' id='line_1_58' title="bbox 2179 1579 3824 1655; baseline -0.004 -16"><span class='ocrx_word' id='word_1_392' title='bbox 2179 1586 2248 1640; x_wconf 90' lang='lat' dir='ltr'><strong>ad</strong></span> <span class='ocrx_word' id='word_1_393' title='bbox 2283 1585 2430 1640; x_wconf 91' lang='lat' dir='ltr'><strong>alios</strong></span> <span class='ocrx_word' id='word_1_394' title='bbox 2448 1598 2678 1654; x_wconf 88' lang='lat' dir='ltr'><strong>quoque</strong></span> <span class='ocrx_word' id='word_1_395' title='bbox 2708 1579 2846 1640; x_wconf 82' lang='lat' dir='ltr'><strong>usus</strong></span> <span class='ocrx_word' id='word_1_396' title='bbox 2872 1586 3196 1655; x_wconf 90' lang='lat' dir='ltr'><strong>promiscue</strong></span> <span class='ocrx_word' id='word_1_397' title='bbox 3215 1579 3578 1655; x_wconf 83' lang='lat' dir='ltr'><strong>assumptas;</strong></span> <span class='ocrx_word' id='word_1_398' title='bbox 3604 1593 3738 1634; x_wconf 90' lang='lat' dir='ltr'><strong>cum</strong></span> <span class='ocrx_word' id='word_1_399' title='bbox 3766 1579 3824 1632; x_wconf 82' lang='lat' dir='ltr'><strong>il-</strong></span> 
     </span>
    </p>
   </div>
   <div class='ocr_carea' id='block_1_59' title="bbox 2182 1653 3826 1724">
    <p class='ocr_par' dir='ltr' id='par_1_59' title="bbox 2182 1653 3826 1724">
     <span class='ocr_line' id='line_1_59' title="bbox 2182 1653 3826 1724; baseline -0.003 -14"><span class='ocrx_word' id='word_1_400' title='bbox 2182 1655 2364 1710; x_wconf 90' lang='lat' dir='ltr'><strong>larum</strong></span> <span class='ocrx_word' id='word_1_401' title='bbox 2397 1653 2697 1712; x_wconf 83' lang='lat' dir='ltr'><strong>contactus</strong></span> <span class='ocrx_word' id='word_1_402' title='bbox 2723 1653 2894 1710; x_wconf 85' lang='lat' dir='ltr'><strong>etiam</strong></span> <span class='ocrx_word' id='word_1_403' title='bbox 2923 1658 3038 1711; x_wconf 92' lang='lat' dir='ltr'><strong>Deo</strong></span> <span class='ocrx_word' id='word_1_404' title='bbox 3067 1655 3274 1710; x_wconf 87' lang='lat' dir='ltr'><strong>dicatis</strong></span> <span class='ocrx_word' id='word_1_405' title='bbox 3303 1653 3639 1724; x_wconf 83' lang='lat' dir='ltr'><strong>virginibus</strong></span> <span class='ocrx_word' id='word_1_406' title='bbox 3673 1656 3826 1724; x_wconf 81' lang='lat' dir='ltr'><strong>veta-</strong></span> 
     </span>
    </p>
   </div>
   <div class='ocr_carea' id='block_1_60' title="bbox 2097 1722 3824 1802">
    <p class='ocr_par' dir='ltr' id='par_1_60' title="bbox 2097 1722 3824 1802">
     <span class='ocr_line' id='line_1_60' title="bbox 2097 1722 3824 1802; baseline -0.004 -20"><span class='ocrx_word' id='word_1_407' title='bbox 2097 1741 2148 1802; x_wconf 82' lang='lat' dir='ltr'>B</span> <span class='ocrx_word' id='word_1_408' title='bbox 2182 1733 2341 1802; x_wconf 81' lang='lat' dir='ltr'><strong>retur</strong></span> <span class='ocrx_word' id='word_1_409' title='bbox 2363 1726 2392 1780; x_wconf 75' lang='lat' dir='ltr'><strong>‘i</strong></span> <span class='ocrx_word' id='word_1_410' title='bbox 2417 1726 2663 1802; x_wconf 71' lang='lat' dir='ltr'><strong>i’allium</strong></span> <span class='ocrx_word' id='word_1_411' title='bbox 2685 1727 2844 1802; x_wconf 82' lang='lat' dir='ltr'><strong>beati</strong></span> <span class='ocrx_word' id='word_1_412' title='bbox 2863 1727 3038 1802; x_wconf 76' lang='lat' dir='ltr'><strong>Marci</strong></span> <span class='ocrx_word' id='word_1_413' title='bbox 3071 1722 3433 1802; x_wconf 77' lang='lat' dir='ltr'><strong>evangelista</strong></span> <span class='ocrx_word' id='word_1_414' title='bbox 3453 1739 3484 1778; x_wconf 89' lang='lat' dir='ltr'><strong>a</strong></span> <span class='ocrx_word' id='word_1_415' title='bbox 3506 1722 3824 1779; x_wconf 87' lang='lat' dir='ltr'><strong>decessoris</strong></span> 
     </span>
    </p>
   </div>
   <div class='ocr_carea' id='block_1_61' title="bbox 2179 1798 3827 1868">
    <p class='ocr_par' dir='ltr' id='par_1_61' title="bbox 2179 1798 3827 1868">
     <span class='ocr_line' id='line_1_61' title="bbox 2179 1798 3827 1868; baseline -0.005 -14"><span class='ocrx_word' id='word_1_416' title='bbox 2179 1798 2433 1868; x_wconf 85' lang='lat' dir='ltr'><strong>episcOpi</strong></span> <span class='ocrx_word' id='word_1_417' title='bbox 2448 1812 2686 1867; x_wconf 89' lang='lat' dir='ltr'><strong>corpore</strong></span> <span class='ocrx_word' id='word_1_418' title='bbox 2698 1799 2847 1867; x_wconf 90' lang='lat' dir='ltr'><strong>apud</strong></span> <span class='ocrx_word' id='word_1_419' title='bbox 2860 1798 3110 1854; x_wconf 84' lang='lat' dir='ltr'><strong>Alexand</strong></span> <span class='ocrx_word' id='word_1_420' title='bbox 3124 1798 3280 1853; x_wconf 90' lang='lat' dir='ltr'><strong>rinos</strong></span> <span class='ocrx_word' id='word_1_421' title='bbox 3291 1807 3685 1852; x_wconf 89' lang='lat' dir='ltr'><strong>successorem</strong></span> <span class='ocrx_word' id='word_1_422' title='bbox 3701 1808 3827 1868; x_wconf 78' lang='lat' dir='ltr'><strong>pra-</strong></span> 
     </span>
    </p>
   </div>
   <div class='ocr_carea' id='block_1_62' title="bbox 2179 1866 3824 1940">
    <p class='ocr_par' dir='ltr' id='par_1_62' title="bbox 2179 1866 3824 1940">
     <span class='ocr_line' id='line_1_62' title="bbox 2179 1866 3824 1940; baseline -0.005 -15"><span class='ocrx_word' id='word_1_423' title='bbox 2179 1866 2363 1925; x_wconf 81' lang='lat' dir='ltr'><strong>sulem</strong></span> <span class='ocrx_word' id='word_1_424' title='bbox 2378 1866 2512 1925; x_wconf 82' lang='lat' dir='ltr'><strong>suis</strong></span> <span class='ocrx_word' id='word_1_425' title='bbox 2531 1866 2798 1925; x_wconf 84' lang='lat' dir='ltr'><strong>manibus</strong></span> <span class='ocrx_word' id='word_1_426' title='bbox 2812 1871 3071 1940; x_wconf 80' lang='lat' dir='ltr'><strong>accipere</strong></span> <span class='ocrx_word' id='word_1_427' title='bbox 3091 1869 3480 1940; x_wconf 88' lang='lat' dir='ltr'><strong>consuevisse,</strong></span> <span class='ocrx_word' id='word_1_428' title='bbox 3514 1866 3824 1940; x_wconf 82' lang='lat' dir='ltr'><strong>etproprio</strong></span> 
     </span>
    </p>
   </div>
   <div class='ocr_carea' id='block_1_63' title="bbox 2179 1937 3824 2012">
    <p class='ocr_par' dir='ltr' id='par_1_63' title="bbox 2179 1937 3824 2012">
     <span class='ocr_line' id='line_1_63' title="bbox 2179 1937 3824 2012; baseline -0.005 -15"><span class='ocrx_word' id='word_1_429' title='bbox 2179 1940 2328 1997; x_wconf 92' lang='lat' dir='ltr'><strong>collo</strong></span> <span class='ocrx_word' id='word_1_430' title='bbox 2345 1941 2704 1997; x_wconf 88' lang='lat' dir='ltr'><strong>circumdare</strong></span> <span class='ocrx_word' id='word_1_431' title='bbox 2719 1937 2960 2012; x_wconf 87' lang='lat' dir='ltr'><strong>antiquo</strong></span> <span class='ocrx_word' id='word_1_432' title='bbox 2977 1955 3044 1995; x_wconf 84' lang='lat' dir='ltr'><strong>ex</strong></span> <span class='ocrx_word' id='word_1_433' title='bbox 3067 1941 3332 1996; x_wconf 90' lang='lat' dir='ltr'><strong>instituto</strong></span> <span class='ocrx_word' id='word_1_434' title='bbox 3365 1939 3536 2012; x_wconf 87' lang='lat' dir='ltr'><strong>illius</strong></span> <span class='ocrx_word' id='word_1_435' title='bbox 3566 1937 3824 2012; x_wconf 73' lang='lat' dir='ltr'><strong>Ecclesia</strong></span> 
     </span>
    </p>
   </div>
   <div class='ocr_carea' id='block_1_64' title="bbox 2180 2008 3824 2082">
    <p class='ocr_par' dir='ltr' id='par_1_64' title="bbox 2180 2008 3824 2082">
     <span class='ocr_line' id='line_1_64' title="bbox 2180 2008 3824 2082; baseline -0.004 -15"><span class='ocrx_word' id='word_1_436' title='bbox 2180 2025 2357 2082; x_wconf 89' lang='lat' dir='ltr'><strong>supra</strong></span> <span class='ocrx_word' id='word_1_437' title='bbox 2387 2014 2693 2068; x_wconf 86' lang='lat' dir='ltr'><strong>memoravi</strong></span> <span class='ocrx_word' id='word_1_438' title='bbox 2734 2008 2882 2068; x_wconf 64' lang='lat' dir='ltr'><strong>cum&#39;</strong></span> <span class='ocrx_word' id='word_1_439' title='bbox 2917 2012 3182 2068; x_wconf 87' lang='lat' dir='ltr'><strong>Liberato</strong></span> <span class='ocrx_word' id='word_1_440' title='bbox 3210 2012 3267 2066; x_wconf 93' lang='lat' dir='ltr'><strong>in</strong></span> <span class='ocrx_word' id='word_1_441' title='bbox 3317 2009 3606 2065; x_wconf 83' lang='lat' dir='ltr'><strong>Breviculi</strong></span> <span class='ocrx_word' id='word_1_442' title='bbox 3647 2008 3824 2082; x_wconf 78' lang='lat' dir='ltr'><strong>capite</strong></span> 
     </span>
    </p>
   </div>
   <div class='ocr_carea' id='block_1_65' title="bbox 2178 2079 3823 2152">
    <p class='ocr_par' dir='ltr' id='par_1_65' title="bbox 2178 2079 3823 2152">
     <span class='ocr_line' id='line_1_65' title="bbox 2178 2079 3823 2152; baseline -0.005 -12"><span class='ocrx_word' id='word_1_443' title='bbox 2178 2079 2269 2140; x_wconf 77' lang='grc' dir='ltr'><strong>2οζ</strong></span> <span class='ocrx_word' id='word_1_444' title='bbox 2284 2083 2425 2152; x_wconf 90' lang='lat' dir='ltr'><strong>Quis</strong></span> <span class='ocrx_word' id='word_1_445' title='bbox 2442 2085 2648 2140; x_wconf 88' lang='lat' dir='ltr'><strong>audeat</strong></span> <span class='ocrx_word' id='word_1_446' title='bbox 2668 2083 3016 2139; x_wconf 89' lang='lat' dir='ltr'><strong>confundere</strong></span> <span class='ocrx_word' id='word_1_447' title='bbox 3033 2096 3258 2138; x_wconf 89' lang='lat' dir='ltr'><strong>sacrum</strong></span> <span class='ocrx_word' id='word_1_448' title='bbox 3280 2081 3570 2151; x_wconf 88' lang='lat' dir='ltr'><strong>ejusmoﬁi</strong></span> <span class='ocrx_word' id='word_1_449' title='bbox 3587 2079 3823 2152; x_wconf 83' lang='lat' dir='ltr'><strong>pallium</strong></span> 
     </span>
    </p>
   </div>
   <div class='ocr_carea' id='block_1_66' title="bbox 2181 2151 3822 2225">
    <p class='ocr_par' dir='ltr' id='par_1_66' title="bbox 2181 2151 3822 2225">
     <span class='ocr_line' id='line_1_66' title="bbox 2181 2151 3822 2225; baseline -0.006 -13"><span class='ocrx_word' id='word_1_450' title='bbox 2181 2151 2322 2212; x_wconf 84' lang='lat' dir='ltr'><strong>cum</strong></span> <span class='ocrx_word' id='word_1_451' title='bbox 2345 2155 2542 2225; x_wconf 89' lang='lat' dir='ltr'><strong>palliis</strong></span> <span class='ocrx_word' id='word_1_452' title='bbox 2567 2155 2923 2224; x_wconf 89' lang='lat' dir='ltr'><strong>quotidianis</strong></span> <span class='ocrx_word' id='word_1_453' title='bbox 2945 2154 3420 2224; x_wconf 88' lang='lat' dir='ltr'><strong>philosophorum</strong></span> <span class='ocrx_word' id='word_1_454' title='bbox 3453 2160 3511 2207; x_wconf 93' lang='lat' dir='ltr'><strong>et</strong></span> <span class='ocrx_word' id='word_1_455' title='bbox 3533 2151 3822 2225; x_wconf 82' lang='lat' dir='ltr'><strong>Christia-</strong></span> 
     </span>
    </p>
   </div>
   <div class='ocr_carea' id='block_1_67' title="bbox 2184 2224 3826 2294">
    <p class='ocr_par' dir='ltr' id='par_1_67' title="bbox 2184 2224 3826 2294">
     <span class='ocr_line' id='line_1_67' title="bbox 2184 2224 3826 2294; baseline -0.004 -12"><span class='ocrx_word' id='word_1_456' title='bbox 2184 2224 2390 2283; x_wconf 91' lang='lat' dir='ltr'><strong>norum</strong></span> <span class='ocrx_word' id='word_1_457' title='bbox 2414 2226 2442 2280; x_wconf 67' lang='grc' dir='ltr'><strong>ἱ)</strong></span> <span class='ocrx_word' id='word_1_458' title='bbox 2460 2227 2752 2282; x_wconf 89' lang='lat' dir='ltr'><strong>Laminam</strong></span> <span class='ocrx_word' id='word_1_459' title='bbox 2776 2225 3076 2281; x_wconf 88' lang='lat' dir='ltr'><strong>frontalem</strong></span> <span class='ocrx_word' id='word_1_460' title='bbox 3099 2225 3353 2294; x_wconf 88' lang='lat' dir='ltr'><strong>ejusdem</strong></span> <span class='ocrx_word' id='word_1_461' title='bbox 3377 2224 3556 2279; x_wconf 82' lang='lat' dir='ltr'><strong>Marci</strong></span> <span class='ocrx_word' id='word_1_462' title='bbox 3589 2234 3826 2294; x_wconf 87' lang='lat' dir='ltr'><strong>evange-</strong></span> 
     </span>
    </p>
   </div>
   <div class='ocr_carea' id='block_1_68' title="bbox 2185 2293 3825 2367">
    <p class='ocr_par' dir='ltr' id='par_1_68' title="bbox 2185 2293 3825 2367">
     <span class='ocr_line' id='line_1_68' title="bbox 2185 2293 3825 2367; baseline -0.005 -13"><span class='ocrx_word' id='word_1_463' title='bbox 2185 2299 2353 2367; x_wconf 89' lang='lat' dir='ltr'><strong>lista,</strong></span> <span class='ocrx_word' id='word_1_464' title='bbox 2375 2311 2593 2353; x_wconf 92' lang='lat' dir='ltr'><strong>necnon</strong></span> <span class='ocrx_word' id='word_1_465' title='bbox 2619 2297 2915 2353; x_wconf 90' lang='lat' dir='ltr'><strong>adhibitas</strong></span> <span class='ocrx_word' id='word_1_466' title='bbox 2943 2311 2974 2351; x_wconf 91' lang='lat' dir='ltr'><strong>a</strong></span> <span class='ocrx_word' id='word_1_467' title='bbox 2995 2293 3208 2352; x_wconf 86' lang='lat' dir='ltr'><strong>Joanne</strong></span> <span class='ocrx_word' id='word_1_468' title='bbox 3232 2303 3287 2350; x_wconf 92' lang='lat' dir='ltr'><strong>et</strong></span> <span class='ocrx_word' id='word_1_469' title='bbox 3304 2294 3511 2367; x_wconf 74' lang='lat' dir='ltr'><strong>Iacobo</strong></span> <span class='ocrx_word' id='word_1_470' title='bbox 3528 2293 3825 2362; x_wconf 84' lang='lat' dir='ltr'><strong>apostolis,</strong></span> 
     </span>
    </p>
   </div>
   <div class='ocr_carea' id='block_1_69' title="bbox 2184 2366 3826 2439">
    <p class='ocr_par' dir='ltr' id='par_1_69' title="bbox 2184 2366 3826 2439">
     <span class='ocr_line' id='line_1_69' title="bbox 2184 2366 3826 2439; baseline -0.005 -13"><span class='ocrx_word' id='word_1_471' title='bbox 2184 2377 2240 2426; x_wconf 92' lang='lat' dir='ltr'><strong>et</strong></span> <span class='ocrx_word' id='word_1_472' title='bbox 2271 2366 2442 2438; x_wconf 89' lang='lat' dir='ltr'><strong>paulo</strong></span> <span class='ocrx_word' id='word_1_473' title='bbox 2477 2374 2610 2424; x_wconf 88' lang='lat' dir='ltr'><strong>ante</strong></span> <span class='ocrx_word' id='word_1_474' title='bbox 2633 2369 2950 2439; x_wconf 91' lang='lat' dir='ltr'><strong>descriptas</strong></span> <span class='ocrx_word' id='word_1_475' title='bbox 2990 2382 3119 2424; x_wconf 91' lang='lat' dir='ltr'><strong>cum</strong></span> <span class='ocrx_word' id='word_1_476' title='bbox 3165 2366 3425 2431; x_wconf 88' lang='lat' dir='ltr'><strong>Eusebio,</strong></span> <span class='ocrx_word' id='word_1_477' title='bbox 3464 2367 3826 2439; x_wconf 73' lang='lat' dir='ltr'><strong>Hieronymo,</strong></span> 
     </span>
    </p>
   </div>
   <div class='ocr_carea' id='block_1_70' title="bbox 2183 2436 3830 2510">
    <p class='ocr_par' dir='ltr' id='par_1_70' title="bbox 2183 2436 3830 2510">
     <span class='ocr_line' id='line_1_70' title="bbox 2183 2436 3830 2510; baseline -0.006 -12"><span class='ocrx_word' id='word_1_478' title='bbox 2183 2450 2240 2498; x_wconf 89' lang='lat' dir='ltr'><strong>et</strong></span> <span class='ocrx_word' id='word_1_479' title='bbox 2268 2436 2614 2510; x_wconf 84' lang='lat' dir='ltr'><strong>Epiphanio,</strong></span> <span class='ocrx_word' id='word_1_480' title='bbox 2656 2436 3154 2510; x_wconf 40' lang='lat' dir='ltr'><strong>nemo—negaverit</strong></span> <span class='ocrx_word' id='word_1_481' title='bbox 3187 2439 3439 2494; x_wconf 90' lang='lat' dir='ltr'><strong>redditas</strong></span> <span class='ocrx_word' id='word_1_482' title='bbox 3499 2436 3688 2510; x_wconf 81' lang='lat' dir='ltr'><strong>fuisse</strong></span> <span class='ocrx_word' id='word_1_483' title='bbox 3724 2437 3830 2510; x_wconf 84' lang='lat' dir='ltr'><strong>Deo</strong></span> 
     </span>
    </p>
   </div>
   <div class='ocr_carea' id='block_1_71' title="bbox 2187 2507 3832 2581">
    <p class='ocr_par' dir='ltr' id='par_1_71' title="bbox 2187 2507 3832 2581">
     <span class='ocr_line' id='line_1_71' title="bbox 2187 2507 3832 2581; baseline -0.005 -14"><span class='ocrx_word' id='word_1_484' title='bbox 2187 2507 2396 2568; x_wconf 76' lang='lat' dir='ltr'><strong>sacras</strong></span> <span class='ocrx_word' id='word_1_485' title='bbox 2410 2525 2508 2580; x_wconf 91' lang='lat' dir='ltr'><strong>per</strong></span> <span class='ocrx_word' id='word_1_486' title='bbox 2528 2512 2752 2567; x_wconf 92' lang='lat' dir='ltr'><strong>eosdem</strong></span> <span class='ocrx_word' id='word_1_487' title='bbox 2783 2507 3080 2581; x_wconf 81' lang='lat' dir='ltr'><strong>pontiﬁces</strong></span> <span class='ocrx_word' id='word_1_488' title='bbox 3102 2511 3268 2581; x_wconf 91' lang='lat' dir='ltr'><strong>signo</strong></span> <span class='ocrx_word' id='word_1_489' title='bbox 3289 2510 3487 2579; x_wconf 90' lang='lat' dir='ltr'><strong>aliquo</strong></span> <span class='ocrx_word' id='word_1_490' title='bbox 3499 2507 3832 2581; x_wconf 81' lang='lat' dir='ltr'><strong>dedicatio-</strong></span> 
     </span>
    </p>
   </div>
   <div class='ocr_carea' id='block_1_72' title="bbox 2189 2580 3827 2653">
    <p class='ocr_par' dir='ltr' id='par_1_72' title="bbox 2189 2580 3827 2653">
     <span class='ocr_line' id='line_1_72' title="bbox 2189 2580 3827 2653; baseline -0.005 -13"><span class='ocrx_word' id='word_1_491' title='bbox 2189 2585 2302 2653; x_wconf 92' lang='lat' dir='ltr'><strong>nis,</strong></span> <span class='ocrx_word' id='word_1_492' title='bbox 2330 2588 2387 2638; x_wconf 88' lang='lat' dir='ltr'><strong>et</strong></span> <span class='ocrx_word' id='word_1_493' title='bbox 2415 2580 2796 2639; x_wconf 85' lang='lat' dir='ltr'><strong>invocationis</strong></span> <span class='ocrx_word' id='word_1_494' title='bbox 2815 2583 3000 2638; x_wconf 90' lang='lat' dir='ltr'><strong>divini</strong></span> <span class='ocrx_word' id='word_1_495' title='bbox 3024 2580 3295 2638; x_wconf 86' lang='lat' dir='ltr'><strong>nominis.</strong></span> <span class='ocrx_word' id='word_1_496' title='bbox 3316 2580 3721 2636; x_wconf 89' lang='lat' dir='ltr'><strong>Tertullianus</strong></span> <span class='ocrx_word' id='word_1_497' title='bbox 3745 2591 3827 2632; x_wconf 84' lang='lat' dir='ltr'><strong>re-</strong></span> 
     </span>
    </p>
   </div>
   <div class='ocr_carea' id='block_1_73' title="bbox 2188 2653 3834 2726">
    <p class='ocr_par' dir='ltr' id='par_1_73' title="bbox 2188 2653 3834 2726">
     <span class='ocr_line' id='line_1_73' title="bbox 2188 2653 3834 2726; baseline -0.004 -17"><span class='ocrx_word' id='word_1_498' title='bbox 2188 2663 2350 2710; x_wconf 88' lang='lat' dir='ltr'><strong>vocat</strong></span> <span class='ocrx_word' id='word_1_499' title='bbox 2369 2654 2436 2709; x_wconf 86' lang='lat' dir='ltr'><strong>ad</strong></span> <span class='ocrx_word' id='word_1_500' title='bbox 2455 2655 2792 2710; x_wconf 87' lang='lat' dir='ltr'><strong>traditiones</strong></span> <span class='ocrx_word' id='word_1_501' title='bbox 2809 2653 3059 2726; x_wconf 81' lang='lat' dir='ltr'><strong>originis</strong></span> <span class='ocrx_word' id='word_1_502' title='bbox 3079 2653 3346 2726; x_wconf 84' lang='lat' dir='ltr'><strong>Ecclesia</strong></span> <span class='ocrx_word' id='word_1_503' title='bbox 3363 2665 3580 2726; x_wconf 81' lang='lat' dir='ltr'><strong>coavas</strong></span> <span class='ocrx_word' id='word_1_504' title='bbox 3598 2664 3721 2705; x_wconf 88' lang='lat' dir='ltr'><strong>eam</strong></span> <span class='ocrx_word' id='word_1_505' title='bbox 3747 2662 3834 2702; x_wconf 88' lang='lat' dir='ltr'><strong>no-</strong></span> 
     </span>
    </p>
   </div>
   <div class='ocr_carea' id='block_1_74' title="bbox 2190 2723 3833 2796">
    <p class='ocr_par' dir='ltr' id='par_1_74' title="bbox 2190 2723 3833 2796">
     <span class='ocr_line' id='line_1_74' title="bbox 2190 2723 3833 2796; baseline -0.005 -15"><span class='ocrx_word' id='word_1_506' title='bbox 2190 2732 2365 2782; x_wconf 90' lang='lat' dir='ltr'><strong>stram</strong></span> <span class='ocrx_word' id='word_1_507' title='bbox 2397 2723 3030 2796; x_wconf 60' lang='lat' dir='ltr'><strong>consuetudinemque</strong></span> <span class='ocrx_word' id='word_1_508' title='bbox 3075 2724 3298 2779; x_wconf 90' lang='lat' dir='ltr'><strong>scilicet</strong></span> <span class='ocrx_word' id='word_1_509' title='bbox 3330 2723 3405 2776; x_wconf 86' lang='lat' dir='ltr'><strong>ad</strong></span> <span class='ocrx_word' id='word_1_510' title='bbox 3435 2737 3664 2796; x_wconf 72' lang='lat' dir='ltr'><strong>omnem</strong></span> <span class='ocrx_word' id='word_1_511' title='bbox 3705 2736 3833 2796; x_wconf 78' lang='lat' dir='ltr'><strong>pro—</strong></span> 
     </span>
    </p>
   </div>
   <div class='ocr_carea' id='block_1_75' title="bbox 2188 2793 3835 2866">
    <p class='ocr_par' dir='ltr' id='par_1_75' title="bbox 2188 2793 3835 2866">
     <span class='ocr_line' id='line_1_75' title="bbox 2188 2793 3835 2866; baseline -0.005 -15"><span class='ocrx_word' id='word_1_512' title='bbox 2188 2811 2450 2865; x_wconf 89' lang='lat' dir='ltr'><strong>gressum,</strong></span> <span class='ocrx_word' id='word_1_513' title='bbox 2500 2803 2666 2865; x_wconf 88' lang='lat' dir='ltr'><strong>atque</strong></span> <span class='ocrx_word' id='word_1_514' title='bbox 2690 2793 3015 2866; x_wconf 66' lang='lat' dir='ltr'><strong>promotum,</strong></span> <span class='ocrx_word' id='word_1_515' title='bbox 3044 2796 3119 2850; x_wconf 86' lang='lat' dir='ltr'><strong>ad</strong></span> <span class='ocrx_word' id='word_1_516' title='bbox 3143 2811 3350 2849; x_wconf 86' lang='lat' dir='ltr'><strong>omnem</strong></span> <span class='ocrx_word' id='word_1_517' title='bbox 3374 2795 3592 2847; x_wconf 81' lang='lat' dir='ltr'><strong>aditum</strong></span> <span class='ocrx_word' id='word_1_518' title='bbox 3632 2799 3686 2866; x_wconf 73' lang='lat' dir='ltr'><strong>et</strong></span> <span class='ocrx_word' id='word_1_519' title='bbox 3717 2793 3835 2844; x_wconf 69' lang='lat' dir='ltr'><strong>eai-</strong></span> 
     </span>
    </p>
   </div>
   <div class='ocr_carea' id='block_1_76' title="bbox 2189 2864 3836 2934">
    <p class='ocr_par' dir='ltr' id='par_1_76' title="bbox 2189 2864 3836 2934">
     <span class='ocr_line' id='line_1_76' title="bbox 2189 2864 3836 2934; baseline -0.004 -12"><span class='ocrx_word' id='word_1_520' title='bbox 2189 2864 2322 2934; x_wconf 79' lang='lat' dir='ltr'><strong>tum,</strong></span> <span class='ocrx_word' id='word_1_521' title='bbox 2349 2868 2422 2921; x_wconf 85' lang='lat' dir='ltr'><strong>ad</strong></span> <span class='ocrx_word' id='word_1_522' title='bbox 2449 2864 2720 2922; x_wconf 64' lang='lat' dir='ltr'><strong>vestitum.</strong></span> <span class='ocrx_word' id='word_1_523' title='bbox 2755 2868 2830 2922; x_wconf 86' lang='lat' dir='ltr'><strong>ad</strong></span> <span class='ocrx_word' id='word_1_524' title='bbox 2853 2869 3168 2931; x_wconf 83' lang='lat' dir='ltr'><strong>calceatum,</strong></span> <span class='ocrx_word' id='word_1_525' title='bbox 3195 2867 3269 2920; x_wconf 81' lang='lat' dir='ltr'><strong>ad</strong></span> <span class='ocrx_word' id='word_1_526' title='bbox 3298 2867 3540 2929; x_wconf 79' lang='lat' dir='ltr'><strong>lavacra,</strong></span> <span class='ocrx_word' id='word_1_527' title='bbox 3576 2864 3656 2917; x_wconf 81' lang='lat' dir='ltr'><strong>ad</strong></span> <span class='ocrx_word' id='word_1_528' title='bbox 3685 2878 3836 2917; x_wconf 77' lang='lat' dir='ltr'><strong>men-</strong></span> 
     </span>
    </p>
   </div>
   <div class='ocr_carea' id='block_1_77' title="bbox 2189 2937 3836 3005">
    <p class='ocr_par' dir='ltr' id='par_1_77' title="bbox 2189 2937 3836 3005">
     <span class='ocr_line' id='line_1_77' title="bbox 2189 2937 3836 3005; baseline -0.005 -11"><span class='ocrx_word' id='word_1_529' title='bbox 2189 2955 2299 3005; x_wconf 88' lang='lat' dir='ltr'><strong>sas,</strong></span> <span class='ocrx_word' id='word_1_530' title='bbox 2333 2939 2409 2992; x_wconf 85' lang='lat' dir='ltr'><strong>ad</strong></span> <span class='ocrx_word' id='word_1_531' title='bbox 2447 2939 2677 3002; x_wconf 83' lang='lat' dir='ltr'><strong>lumina,</strong></span> <span class='ocrx_word' id='word_1_532' title='bbox 2709 2939 2784 2993; x_wconf 89' lang='lat' dir='ltr'><strong>ad</strong></span> <span class='ocrx_word' id='word_1_533' title='bbox 2842 2940 3068 3005; x_wconf 79' lang='lat' dir='ltr'><strong>cubilia,</strong></span> <span class='ocrx_word' id='word_1_534' title='bbox 3109 2939 3183 2992; x_wconf 87' lang='lat' dir='ltr'><strong>ad</strong></span> <span class='ocrx_word' id='word_1_535' title='bbox 3228 2937 3444 3001; x_wconf 79' lang='lat' dir='ltr'><strong>sedilia,</strong></span> <span class='ocrx_word' id='word_1_536' title='bbox 3499 2947 3836 3005; x_wconf 76' lang='lat' dir='ltr'><strong>quacunque</strong></span> 
     </span>
    </p>
   </div>
   <div class='ocr_carea' id='block_1_78' title="bbox 2188 3007 3834 3077">
    <p class='ocr_par' dir='ltr' id='par_1_78' title="bbox 2188 3007 3834 3077">
     <span class='ocr_line' id='line_1_78' title="bbox 2188 3007 3834 3077; baseline -0.005 -12"><span class='ocrx_word' id='word_1_537' title='bbox 2188 3027 2287 3065; x_wconf 87' lang='lat' dir='ltr'><strong>nos</strong></span> <span class='ocrx_word' id='word_1_538' title='bbox 2317 3013 2651 3065; x_wconf 81' lang='lat' dir='ltr'><strong>conversatio</strong></span> <span class='ocrx_word' id='word_1_539' title='bbox 2673 3015 2896 3077; x_wconf 65' lang='lat' dir='ltr'><strong>exercet,</strong></span> <span class='ocrx_word' id='word_1_540' title='bbox 2922 3013 3154 3076; x_wconf 81' lang='lat' dir='ltr'><strong>frontem</strong></span> <span class='ocrx_word' id='word_1_541' title='bbox 3183 3011 3356 3064; x_wconf 80' lang='lat' dir='ltr'><strong>crucis</strong></span> <span class='ocrx_word' id='word_1_542' title='bbox 3382 3007 3674 3075; x_wconf 82' lang='lat' dir='ltr'><strong>signaculo</strong></span> <span class='ocrx_word' id='word_1_543' title='bbox 3703 3008 3834 3059; x_wconf 63' lang='lat' dir='ltr'><strong>teri-</strong></span> 
     </span>
    </p>
   </div>
   <div class='ocr_carea' id='block_1_79' title="bbox 439 3072 3834 3151">
    <p class='ocr_par' dir='ltr' id='par_1_79' title="bbox 439 3072 3834 3151">
     <span class='ocr_line' id='line_1_79' title="bbox 439 3072 3834 3151; baseline -0.003 -13"><span class='ocrx_word' id='word_1_544' title='bbox 439 3081 678 3138; x_wconf 89' lang='lat' dir='ltr'><strong>sinistra</strong></span> <span class='ocrx_word' id='word_1_545' title='bbox 698 3077 1135 3151; x_wconf 71' lang='lat' dir='ltr'><strong>manuierenda</strong></span> <span class='ocrx_word' id='word_1_546' title='bbox 1161 3072 1688 3151; x_wconf 52' lang='lat' dir='ltr'><strong>prascrib&#39;unturi&#39;n</strong></span> <span class='ocrx_word' id='word_1_547' title='bbox 1711 3072 1953 3151; x_wconf 70' lang='lat' dir='ltr'><strong>antiqno</strong></span> <span class='ocrx_word' id='word_1_548' title='bbox 1969 3078 2084 3134; x_wconf 90' lang='lat' dir='ltr'><strong>Or-</strong></span> <span class='ocrx_word' id='word_1_549' title='bbox 2106 3072 2154 3133; x_wconf 80' lang='grc' dir='ltr'><strong>Ο</strong></span> <span class='ocrx_word' id='word_1_550' title='bbox 2189 3097 2330 3136; x_wconf 89' lang='lat' dir='ltr'><strong>mus.</strong></span> <span class='ocrx_word' id='word_1_551' title='bbox 2383 3083 2496 3136; x_wconf 83' lang='lat' dir='ltr'><strong>Hoc</strong></span> <span class='ocrx_word' id='word_1_552' title='bbox 2550 3094 2750 3151; x_wconf 89' lang='lat' dir='ltr'><strong>nempe</strong></span> <span class='ocrx_word' id='word_1_553' title='bbox 2791 3072 3174 3136; x_wconf 81' lang='lat' dir='ltr'><strong>dedicationis</strong></span> <span class='ocrx_word' id='word_1_554' title='bbox 3206 3086 3414 3135; x_wconf 86' lang='lat' dir='ltr'><strong>nostra</strong></span> <span class='ocrx_word' id='word_1_555' title='bbox 3437 3072 3656 3149; x_wconf 54' lang='lat' dir='ltr'><strong>&#39;signo,</strong></span> <span class='ocrx_word' id='word_1_556' title='bbox 3704 3077 3834 3151; x_wconf 72' lang='lat' dir='ltr'><strong>ﬁdei</strong></span> 
     </span>
    </p>
   </div>
   <div class='ocr_carea' id='block_1_80' title="bbox 437 3148 2083 3220">
    <p class='ocr_par' dir='ltr' id='par_1_80' title="bbox 437 3148 2083 3220">
     <span class='ocr_line' id='line_1_80' title="bbox 437 3148 2083 3220; baseline -0.003 -10"><span class='ocrx_word' id='word_1_557' title='bbox 437 3155 574 3210; x_wconf 90' lang='lat' dir='ltr'><strong>dine</strong></span> <span class='ocrx_word' id='word_1_558' title='bbox 601 3153 851 3208; x_wconf 83' lang='lat' dir='ltr'><strong>Romano</strong></span> <span class='ocrx_word' id='word_1_559' title='bbox 876 3150 942 3204; x_wconf 89' lang='lat' dir='ltr'><strong>Vl</strong></span> <span class='ocrx_word' id='word_1_560' title='bbox 974 3151 1124 3220; x_wconf 91' lang='lat' dir='ltr'><strong>apud</strong></span> <span class='ocrx_word' id='word_1_561' title='bbox 1168 3149 1487 3218; x_wconf 88' lang='lat' dir='ltr'><strong>Mabillon.,</strong></span> <span class='ocrx_word' id='word_1_562' title='bbox 1516 3155 1572 3204; x_wconf 92' lang='lat' dir='ltr'><strong>et</strong></span> <span class='ocrx_word' id='word_1_563' title='bbox 1602 3163 1758 3205; x_wconf 91' lang='lat' dir='ltr'><strong>num.</strong></span> <span class='ocrx_word' id='word_1_564' title='bbox 1791 3148 1870 3205; x_wconf 76' lang='lat'><strong>35</strong></span> <span class='ocrx_word' id='word_1_565' title='bbox 1908 3150 2083 3220; x_wconf 87' lang='lat' dir='ltr'><strong>hujus</strong></span> 
     </span>
    </p>
   </div>
   <div class='ocr_carea' id='block_1_81' title="bbox 443 3221 2080 3290">
    <p class='ocr_par' dir='ltr' id='par_1_81' title="bbox 443 3221 2080 3290">
     <span class='ocr_line' id='line_1_81' title="bbox 443 3221 2080 3290; baseline -0.002 -10"><span class='ocrx_word' id='word_1_566' title='bbox 443 3224 602 3280; x_wconf 91' lang='lat' dir='ltr'><strong>Libri</strong></span> <span class='ocrx_word' id='word_1_567' title='bbox 626 3221 1001 3277; x_wconf 86' lang='lat' dir='ltr'><strong>Pontiﬁcalis.</strong></span> <span class='ocrx_word' id='word_1_568' title='bbox 1019 3222 1278 3276; x_wconf 86' lang='lat' dir='ltr'><strong>diaconis</strong></span> <span class='ocrx_word' id='word_1_569' title='bbox 1295 3221 1456 3290; x_wconf 82' lang='lat' dir='ltr'><strong>pallae</strong></span> <span class='ocrx_word' id='word_1_570' title='bbox 1481 3221 1791 3277; x_wconf 87' lang='lat' dir='ltr'><strong>linostima</strong></span> <span class='ocrx_word' id='word_1_571' title='bbox 1803 3222 1869 3276; x_wconf 89' lang='lat' dir='ltr'><strong>ad</strong></span> <span class='ocrx_word' id='word_1_572' title='bbox 1888 3222 2080 3277; x_wconf 87' lang='lat' dir='ltr'><strong>lavam</strong></span> 
     </span>
    </p>
   </div>
   <div class='ocr_carea' id='block_1_82' title="bbox 441 3291 2084 3361">
    <p class='ocr_par' dir='ltr' id='par_1_82' title="bbox 441 3291 2084 3361">
     <span class='ocr_line' id='line_1_82' title="bbox 441 3291 2084 3361; baseline -0.002 -10"><span class='ocrx_word' id='word_1_573' title='bbox 441 3295 781 3351; x_wconf 88' lang='lat' dir='ltr'><strong>adhibenda</strong></span> <span class='ocrx_word' id='word_1_574' title='bbox 813 3301 1221 3348; x_wconf 90' lang='lat' dir='ltr'><strong>memorantur.</strong></span> <span class='ocrx_word' id='word_1_575' title='bbox 1248 3293 1330 3346; x_wconf 85' lang='lat' dir='ltr'><strong>Ad</strong></span> <span class='ocrx_word' id='word_1_576' title='bbox 1365 3291 1484 3347; x_wconf 86' lang='lat' dir='ltr'><strong>hac</strong></span> <span class='ocrx_word' id='word_1_577' title='bbox 1505 3298 1736 3361; x_wconf 90' lang='lat' dir='ltr'><strong>patenas</strong></span> <span class='ocrx_word' id='word_1_578' title='bbox 1766 3293 1999 3360; x_wconf 90' lang='lat' dir='ltr'><strong>vitreas,</strong></span> <span class='ocrx_word' id='word_1_579' title='bbox 2027 3299 2084 3348; x_wconf 88' lang='lat' dir='ltr'><strong>et</strong></span> 
     </span>
    </p>
   </div>
   <div class='ocr_carea' id='block_1_83' title="bbox 440 3362 2082 3436">
    <p class='ocr_par' dir='ltr' id='par_1_83' title="bbox 440 3362 2082 3436">
     <span class='ocr_line' id='line_1_83' title="bbox 440 3362 2082 3436; baseline -0.002 -14"><span class='ocrx_word' id='word_1_580' title='bbox 440 3379 574 3422; x_wconf 90' lang='lat' dir='ltr'><strong>vasa</strong></span> <span class='ocrx_word' id='word_1_581' title='bbox 605 3364 1169 3436; x_wconf 84' lang='lat' dir='ltr'><strong>argenteasacriﬁcii</strong></span> <span class='ocrx_word' id='word_1_582' title='bbox 1201 3362 1406 3436; x_wconf 84' lang='lat' dir='ltr'><strong>usibus</strong></span> <span class='ocrx_word' id='word_1_583' title='bbox 1438 3364 1742 3436; x_wconf 13' lang='lat' dir='ltr'><strong>destinata,</strong></span> <span class='ocrx_word' id='word_1_584' title='bbox 1766 3378 1941 3436; x_wconf 86' lang='lat' dir='ltr'><strong>supra</strong></span> <span class='ocrx_word' id='word_1_585' title='bbox 1967 3365 2082 3433; x_wconf 90' lang='lat' dir='ltr'><strong>jam</strong></span> 
     </span>
    </p>
   </div>
   <div class='ocr_carea' id='block_1_84' title="bbox 441 3433 2087 3504">
    <p class='ocr_par' dir='ltr' id='par_1_84' title="bbox 441 3433 2087 3504">
     <span class='ocr_line' id='line_1_84' title="bbox 441 3433 2087 3504; baseline 0.001 -16"><span class='ocrx_word' id='word_1_586' title='bbox 441 3433 717 3492; x_wconf 73' lang='lat' dir='ltr'><strong>vidimus.</strong></span> <span class='ocrx_word' id='word_1_587' title='bbox 741 3435 956 3504; x_wconf 88' lang='lat' dir='ltr'><strong>Quidni</strong></span> <span class='ocrx_word' id='word_1_588' title='bbox 975 3435 1273 3490; x_wconf 81' lang='lat' dir='ltr'><strong>etvestes?</strong></span> <span class='ocrx_word' id='word_1_589' title='bbox 1297 3448 1426 3489; x_wconf 90' lang='lat' dir='ltr'><strong>cum</strong></span> <span class='ocrx_word' id='word_1_590' title='bbox 1451 3433 1508 3488; x_wconf 90' lang='lat' dir='ltr'><strong>id</strong></span> <span class='ocrx_word' id='word_1_591' title='bbox 1533 3447 1564 3489; x_wconf 92' lang='lat' dir='ltr'><strong>a</strong></span> <span class='ocrx_word' id='word_1_592' title='bbox 1584 3435 2087 3490; x_wconf 89' lang='lat' dir='ltr'><strong>Dominodiuante</strong></span> 
     </span>
    </p>
   </div>
   <div class='ocr_carea' id='block_1_85' title="bbox 442 3505 2089 3575">
    <p class='ocr_par' dir='ltr' id='par_1_85' title="bbox 442 3505 2089 3575">
     <span class='ocr_line' id='line_1_85' title="bbox 442 3505 2089 3575; baseline -0.002 -11"><span class='ocrx_word' id='word_1_593' title='bbox 442 3508 772 3564; x_wconf 91' lang='lat' dir='ltr'><strong>mandatum</strong></span> <span class='ocrx_word' id='word_1_594' title='bbox 807 3507 864 3560; x_wconf 91' lang='lat' dir='ltr'><strong>in</strong></span> <span class='ocrx_word' id='word_1_595' title='bbox 919 3506 1180 3561; x_wconf 80' lang='lat' dir='ltr'><strong>Ecclesia</strong></span> <span class='ocrx_word' id='word_1_596' title='bbox 1215 3507 1474 3561; x_wconf 89' lang='lat' dir='ltr'><strong>Mosaica</strong></span> <span class='ocrx_word' id='word_1_597' title='bbox 1502 3505 1787 3575; x_wconf 87' lang='lat' dir='ltr'><strong>pontiﬁce,</strong></span> <span class='ocrx_word' id='word_1_598' title='bbox 1816 3506 2089 3561; x_wconf 89' lang='lat' dir='ltr'><strong>sacerdo—</strong></span> 
     </span>
    </p>
   </div>
   <div class='ocr_carea' id='block_1_86' title="bbox 443 3575 2088 3648">
    <p class='ocr_par' dir='ltr' id='par_1_86' title="bbox 443 3575 2088 3648">
     <span class='ocr_line' id='line_1_86' title="bbox 443 3575 2088 3648; baseline -0.002 -13"><span class='ocrx_word' id='word_1_599' title='bbox 443 3579 624 3648; x_wconf 90' lang='lat' dir='ltr'><strong>tibus,</strong></span> <span class='ocrx_word' id='word_1_600' title='bbox 642 3577 931 3633; x_wconf 91' lang='lat' dir='ltr'><strong>acLevitis</strong></span> <span class='ocrx_word' id='word_1_601' title='bbox 949 3595 961 3630; x_wconf 89' lang='lat'><strong>:</strong></span> <span class='ocrx_word' id='word_1_602' title='bbox 982 3577 1118 3647; x_wconf 88' lang='lat' dir='ltr'><strong>quin</strong></span> <span class='ocrx_word' id='word_1_603' title='bbox 1141 3576 1279 3632; x_wconf 88' lang='lat' dir='ltr'><strong>etab</strong></span> <span class='ocrx_word' id='word_1_604' title='bbox 1308 3578 1454 3644; x_wconf 89' lang='lat' dir='ltr'><strong>ipsis</strong></span> <span class='ocrx_word' id='word_1_605' title='bbox 1478 3575 1745 3646; x_wconf 83' lang='lat' dir='ltr'><strong>gentibus</strong></span> <span class='ocrx_word' id='word_1_606' title='bbox 1770 3577 2088 3632; x_wconf 88' lang='lat' dir='ltr'><strong>imitatione</strong></span> 
     </span>
    </p>
   </div>
   <div class='ocr_carea' id='block_1_87' title="bbox 444 3648 2088 3718">
    <p class='ocr_par' dir='ltr' id='par_1_87' title="bbox 444 3648 2088 3718">
     <span class='ocr_line' id='line_1_87' title="bbox 444 3648 2088 3718; baseline -0.002 -12"><span class='ocrx_word' id='word_1_607' title='bbox 444 3651 772 3707; x_wconf 91' lang='lat' dir='ltr'><strong>traductum</strong></span> <span class='ocrx_word' id='word_1_608' title='bbox 799 3650 866 3703; x_wconf 90' lang='lat' dir='ltr'><strong>ad</strong></span> <span class='ocrx_word' id='word_1_609' title='bbox 895 3648 1214 3704; x_wconf 88' lang='lat' dir='ltr'><strong>sacerdotia</strong></span> <span class='ocrx_word' id='word_1_610' title='bbox 1237 3661 1341 3704; x_wconf 89' lang='lat' dir='ltr'><strong>sua</strong></span> <span class='ocrx_word' id='word_1_611' title='bbox 1363 3655 1675 3704; x_wconf 89' lang='lat' dir='ltr'><strong>teneamus.</strong></span> <span class='ocrx_word' id='word_1_612' title='bbox 1707 3649 1754 3702; x_wconf 86' lang='lat' dir='ltr'><strong>A</strong></span> <span class='ocrx_word' id='word_1_613' title='bbox 1782 3649 1941 3718; x_wconf 89' lang='lat' dir='ltr'><strong>Syris</strong></span> <span class='ocrx_word' id='word_1_614' title='bbox 1971 3650 2088 3703; x_wconf 89' lang='lat' dir='ltr'><strong>ritu</strong></span> 
     </span>
    </p>
   </div>
   <div class='ocr_carea' id='block_1_88' title="bbox 447 3718 2087 3794">
    <p class='ocr_par' dir='ltr' id='par_1_88' title="bbox 447 3718 2087 3794">
     <span class='ocr_line' id='line_1_88' title="bbox 447 3718 2087 3794; baseline -0.002 -17"><span class='ocrx_word' id='word_1_615' title='bbox 447 3723 635 3794; x_wconf 88' lang='lat' dir='ltr'><strong>patrio</strong></span> <span class='ocrx_word' id='word_1_616' title='bbox 659 3719 988 3776; x_wconf 90' lang='lat' dir='ltr'><strong>adhibitum</strong></span> <span class='ocrx_word' id='word_1_617' title='bbox 1019 3719 1133 3794; x_wconf 82' lang='lat' dir='ltr'><strong>fuit</strong></span> <span class='ocrx_word' id='word_1_618' title='bbox 1169 3720 1238 3775; x_wconf 90' lang='lat' dir='ltr'><strong>ad</strong></span> <span class='ocrx_word' id='word_1_619' title='bbox 1291 3719 1434 3794; x_wconf 84' lang='lat' dir='ltr'><strong>solis</strong></span> <span class='ocrx_word' id='word_1_620' title='bbox 1468 3719 1687 3794; x_wconf 81' lang='lat' dir='ltr'><strong>cultum</strong></span> <span class='ocrx_word' id='word_1_621' title='bbox 1723 3718 2087 3791; x_wconf 90' lang='lat' dir='ltr'><strong>magniﬁcum</strong></span> 
     </span>
    </p>
   </div>
   <div class='ocr_carea' id='block_1_89' title="bbox 445 3790 2089 3860">
    <p class='ocr_par' dir='ltr' id='par_1_89' title="bbox 445 3790 2089 3860">
     <span class='ocr_line' id='line_1_89' title="bbox 445 3790 2089 3860; baseline -0.002 -11"><span class='ocrx_word' id='word_1_622' title='bbox 445 3790 865 3858; x_wconf 82' lang='lat' dir='ltr'><strong>ornamentum,</strong></span> <span class='ocrx_word' id='word_1_623' title='bbox 899 3791 1051 3860; x_wconf 90' lang='lat' dir='ltr'><strong>quod</strong></span> <span class='ocrx_word' id='word_1_624' title='bbox 1093 3791 1266 3846; x_wconf 86' lang='lat' dir='ltr'><strong>luxus</strong></span> <span class='ocrx_word' id='word_1_625' title='bbox 1321 3790 1616 3845; x_wconf 89' lang='lat' dir='ltr'><strong>immodici</strong></span> <span class='ocrx_word' id='word_1_626' title='bbox 1673 3790 2089 3845; x_wconf 53' lang='lat' dir='ltr'><strong>nota&#39;accusat</strong></span> 
     </span>
    </p>
   </div>
   <div class='ocr_carea' id='block_1_90' title="bbox 442 3860 2088 3932">
    <p class='ocr_par' dir='ltr' id='par_1_90' title="bbox 442 3860 2088 3932">
     <span class='ocr_line' id='line_1_90' title="bbox 442 3860 2088 3932; baseline -0.002 -12"><span class='ocrx_word' id='word_1_627' title='bbox 442 3863 805 3920; x_wconf 78' lang='lat' dir='ltr'><strong>Herodianus</strong></span> <span class='ocrx_word' id='word_1_628' title='bbox 828 3863 886 3916; x_wconf 92' lang='lat' dir='ltr'><strong>in</strong></span> <span class='ocrx_word' id='word_1_629' title='bbox 906 3860 1428 3932; x_wconf 87' lang='lat' dir='ltr'><strong>Helagabalolib.v,</strong></span> <span class='ocrx_word' id='word_1_630' title='bbox 1448 3861 1582 3932; x_wconf 84' lang='lat' dir='ltr'><strong>dum</strong></span> <span class='ocrx_word' id='word_1_631' title='bbox 1608 3871 1801 3916; x_wconf 80' lang='lat' dir='ltr'><strong>narrat</strong></span> <span class='ocrx_word' id='word_1_632' title='bbox 1823 3863 1882 3915; x_wconf 92' lang='lat' dir='ltr'><strong>in</strong></span> <span class='ocrx_word' id='word_1_633' title='bbox 1905 3862 2088 3932; x_wconf 88' lang='lat' dir='ltr'><strong>primo</strong></span> 
     </span>
    </p>
   </div>
   <div class='ocr_carea' id='block_1_91' title="bbox 445 3930 2089 4003">
    <p class='ocr_par' dir='ltr' id='par_1_91' title="bbox 445 3930 2089 4003">
     <span class='ocr_line' id='line_1_91' title="bbox 445 3930 2089 4003; baseline -0.002 -13"><span class='ocrx_word' id='word_1_634' title='bbox 445 3937 693 3991; x_wconf 86' lang='lat' dir='ltr'><strong>adventu</strong></span> <span class='ocrx_word' id='word_1_635' title='bbox 723 3946 828 3988; x_wconf 92' lang='lat' dir='ltr'><strong>suo</strong></span> <span class='ocrx_word' id='word_1_636' title='bbox 857 3945 888 3987; x_wconf 95' lang='lat' dir='ltr'><strong>e</strong></span> <span class='ocrx_word' id='word_1_637' title='bbox 916 3930 1081 4003; x_wconf 84' lang='lat' dir='ltr'><strong>Syria</strong></span> <span class='ocrx_word' id='word_1_638' title='bbox 1121 3932 1180 3986; x_wconf 91' lang='lat' dir='ltr'><strong>in</strong></span> <span class='ocrx_word' id='word_1_639' title='bbox 1211 3931 1433 3987; x_wconf 86' lang='lat' dir='ltr'><strong>italiam</strong></span> <span class='ocrx_word' id='word_1_640' title='bbox 1466 3930 1664 4003; x_wconf 88' lang='lat' dir='ltr'><strong>fuisse</strong></span> <span class='ocrx_word' id='word_1_641' title='bbox 1706 3932 1986 4003; x_wconf 88' lang='lat' dir='ltr'><strong>perlatum</strong></span> <span class='ocrx_word' id='word_1_642' title='bbox 2018 3931 2089 3988; x_wconf 91' lang='lat' dir='ltr'><strong>ab</strong></span> 
     </span>
    </p>
   </div>
   <div class='ocr_carea' id='block_1_92' title="bbox 448 4002 2088 4074">
    <p class='ocr_par' dir='ltr' id='par_1_92' title="bbox 448 4002 2088 4074">
     <span class='ocr_line' id='line_1_92' title="bbox 448 4002 2088 4074; baseline -0.002 -13"><span class='ocrx_word' id='word_1_643' title='bbox 448 4005 552 4062; x_wconf 91' lang='lat' dir='ltr'><strong>illo</strong></span> <span class='ocrx_word' id='word_1_644' title='bbox 592 4002 1240 4074; x_wconf 50' lang='lat' dir='ltr'><strong>adolescente&#39;principe</strong></span> <span class='ocrx_word' id='word_1_645' title='bbox 1271 4020 1284 4056; x_wconf 90' lang='lat'>:</span> <span class='ocrx_word' id='word_1_646' title='bbox 1323 4023 1348 4054; x_wconf 75' lang='grc' dir='ltr'><strong><em>α</em></strong></span> <span class='ocrx_word' id='word_1_647' title='bbox 1376 4002 1628 4074; x_wconf 83' lang='lat' dir='ltr'><strong>Cultum,</strong></span> <span class='ocrx_word' id='word_1_648' title='bbox 1663 4002 1878 4074; x_wconf 91' lang='lat' dir='ltr'><strong>inquit,</strong></span> <span class='ocrx_word' id='word_1_649' title='bbox 1913 4003 2088 4073; x_wconf 88' lang='lat' dir='ltr'><strong>patrii</strong></span> 
     </span>
    </p>
   </div>
   <div class='ocr_carea' id='block_1_93' title="bbox 448 4073 2092 4144">
    <p class='ocr_par' dir='ltr' id='par_1_93' title="bbox 448 4073 2092 4144">
     <span class='ocr_line' id='line_1_93' title="bbox 448 4073 2092 4144; baseline -0.003 -11"><span class='ocrx_word' id='word_1_650' title='bbox 448 4076 707 4133; x_wconf 89' lang='lat' dir='ltr'><strong>numinis</strong></span> <span class='ocrx_word' id='word_1_651' title='bbox 749 4075 846 4130; x_wconf 91' lang='lat' dir='ltr'><strong>cui</strong></span> <span class='ocrx_word' id='word_1_652' title='bbox 898 4073 1126 4129; x_wconf 90' lang='lat' dir='ltr'><strong>dicatus</strong></span> <span class='ocrx_word' id='word_1_653' title='bbox 1163 4073 1350 4130; x_wconf 87' lang='lat' dir='ltr'><strong>fuerat</strong></span> <span class='ocrx_word' id='word_1_654' title='bbox 1379 4073 1664 4130; x_wconf 88' lang='lat' dir='ltr'><strong>celebrare</strong></span> <span class='ocrx_word' id='word_1_655' title='bbox 1717 4075 2092 4144; x_wconf 84' lang='lat' dir='ltr'><strong>supervacuis</strong></span> 
     </span>
    </p>
   </div>
   <div class='ocr_carea' id='block_1_94' title="bbox 447 4144 2093 4216">
    <p class='ocr_par' dir='ltr' id='par_1_94' title="bbox 447 4144 2093 4216">
     <span class='ocr_line' id='line_1_94' title="bbox 447 4144 2093 4216; baseline -0.002 -13"><span class='ocrx_word' id='word_1_656' title='bbox 447 4145 857 4203; x_wconf 87' lang='lat' dir='ltr'><strong>saltationibus</strong></span> <span class='ocrx_word' id='word_1_657' title='bbox 881 4144 956 4216; x_wconf 90' lang='lat' dir='ltr'><strong>(et</strong></span> <span class='ocrx_word' id='word_1_658' title='bbox 981 4145 1080 4200; x_wconf 89' lang='lat' dir='ltr'><strong>has</strong></span> <span class='ocrx_word' id='word_1_659' title='bbox 1103 4159 1393 4215; x_wconf 89' lang='lat' dir='ltr'><strong>perperam</strong></span> <span class='ocrx_word' id='word_1_660' title='bbox 1415 4147 1708 4202; x_wconf 87' lang='lat' dir='ltr'><strong>traductas</strong></span> <span class='ocrx_word' id='word_1_661' title='bbox 1728 4147 1796 4201; x_wconf 90' lang='lat' dir='ltr'><strong>ad</strong></span> <span class='ocrx_word' id='word_1_662' title='bbox 1829 4144 2093 4214; x_wconf 88' lang='lat' dir='ltr'><strong>profanas</strong></span> 
     </span>
    </p>
   </div>
   <div class='ocr_carea' id='block_1_95' title="bbox 449 4215 2090 4290">
    <p class='ocr_par' dir='ltr' id='par_1_95' title="bbox 449 4215 2090 4290">
     <span class='ocr_line' id='line_1_95' title="bbox 449 4215 2090 4290; baseline -0.001 -18"><span class='ocrx_word' id='word_1_663' title='bbox 449 4218 706 4290; x_wconf 86' lang='lat' dir='ltr'><strong>gentium</strong></span> <span class='ocrx_word' id='word_1_664' title='bbox 740 4215 1183 4290; x_wconf 77' lang='lat' dir='ltr'><strong>superstitiones</strong></span> <span class='ocrx_word' id='word_1_665' title='bbox 1213 4231 1281 4271; x_wconf 86' lang='lat' dir='ltr'><strong>ex</strong></span> <span class='ocrx_word' id='word_1_666' title='bbox 1310 4217 1532 4290; x_wconf 80' lang='lat' dir='ltr'><strong>divinis</strong></span> <span class='ocrx_word' id='word_1_667' title='bbox 1559 4217 1772 4290; x_wconf 84' lang='lat' dir='ltr'><strong>litteris</strong></span> <span class='ocrx_word' id='word_1_668' title='bbox 1804 4217 2090 4290; x_wconf 82' lang='lat' dir='ltr'><strong>novimus,</strong></span> 
     </span>
    </p>
   </div>
   <div class='ocr_carea' id='block_1_96' title="bbox 450 4285 2094 4358">
    <p class='ocr_par' dir='ltr' id='par_1_96' title="bbox 450 4285 2094 4358">
     <span class='ocr_line' id='line_1_96' title="bbox 450 4285 2094 4358; baseline -0.001 -13"><span class='ocrx_word' id='word_1_669' title='bbox 450 4285 552 4345; x_wconf 74' lang='lat' dir='ltr'><strong>ubi</strong></span> <span class='ocrx_word' id='word_1_670' title='bbox 601 4288 708 4342; x_wconf 92' lang='lat' dir='ltr'><strong>rite</strong></span> <span class='ocrx_word' id='word_1_671' title='bbox 755 4289 822 4341; x_wconf 91' lang='lat' dir='ltr'><strong>ad</strong></span> <span class='ocrx_word' id='word_1_672' title='bbox 835 4286 1028 4341; x_wconf 87' lang='lat' dir='ltr'><strong>hibita</strong></span> <span class='ocrx_word' id='word_1_673' title='bbox 1057 4285 1282 4342; x_wconf 83' lang='lat' dir='ltr'><strong>fuerant</strong></span> <span class='ocrx_word' id='word_1_674' title='bbox 1307 4301 1338 4342; x_wconf 91' lang='lat' dir='ltr'><strong>a</strong></span> <span class='ocrx_word' id='word_1_675' title='bbox 1361 4287 1805 4357; x_wconf 88' lang='lat' dir='ltr'><strong>religiosissimo</strong></span> <span class='ocrx_word' id='word_1_676' title='bbox 1832 4288 2094 4358; x_wconf 86' lang='lat' dir='ltr'><strong>principe</strong></span> 
     </span>
    </p>
   </div>
   <div class='ocr_carea' id='block_1_97' title="bbox 452 4358 2093 4428">
    <p class='ocr_par' dir='ltr' id='par_1_97' title="bbox 452 4358 2093 4428">
     <span class='ocr_line' id='line_1_97' title="bbox 452 4358 2093 4428; baseline -0.001 -12"><span class='ocrx_word' id='word_1_677' title='bbox 452 4360 667 4416; x_wconf 90' lang='lat' dir='ltr'><strong>Davide</strong></span> <span class='ocrx_word' id='word_1_678' title='bbox 714 4364 845 4413; x_wconf 91' lang='lat' dir='ltr'><strong>ante</strong></span> <span class='ocrx_word' id='word_1_679' title='bbox 893 4370 1083 4412; x_wconf 91' lang='lat' dir='ltr'><strong>aream</strong></span> <span class='ocrx_word' id='word_1_680' title='bbox 1158 4358 1411 4428; x_wconf 90' lang='lat' dir='ltr'><strong>Domini)</strong></span> <span class='ocrx_word' id='word_1_681' title='bbox 1479 4359 1746 4414; x_wconf 91' lang='lat' dir='ltr'><strong>vestitum</strong></span> <span class='ocrx_word' id='word_1_682' title='bbox 1804 4372 2093 4428; x_wconf 86' lang='lat' dir='ltr'><strong>usurpans</strong></span> 
     </span>
    </p>
   </div>
   <div class='ocr_carea' id='block_1_98' title="bbox 450 4429 2095 4499">
    <p class='ocr_par' dir='ltr' id='par_1_98' title="bbox 450 4429 2095 4499">
     <span class='ocr_line' id='line_1_98' title="bbox 450 4429 2095 4499; baseline -0.002 -12"><span class='ocrx_word' id='word_1_683' title='bbox 450 4432 834 4498; x_wconf 76' lang='lat' dir='ltr'><strong>luxuriosum,</strong></span> <span class='ocrx_word' id='word_1_684' title='bbox 864 4443 1116 4499; x_wconf 86' lang='lat' dir='ltr'><strong>purpura</strong></span> <span class='ocrx_word' id='word_1_685' title='bbox 1141 4429 1444 4499; x_wconf 78' lang='lat' dir='ltr'><strong>intextum,</strong></span> <span class='ocrx_word' id='word_1_686' title='bbox 1466 4437 1638 4499; x_wconf 90' lang='lat' dir='ltr'><strong>atque</strong></span> <span class='ocrx_word' id='word_1_687' title='bbox 1662 4442 1823 4499; x_wconf 91' lang='lat' dir='ltr'><strong>auro,</strong></span> <span class='ocrx_word' id='word_1_688' title='bbox 1852 4431 2095 4486; x_wconf 86' lang='lat' dir='ltr'><strong>monili—</strong></span> 
     </span>
    </p>
   </div>
   <div class='ocr_carea' id='block_1_99' title="bbox 451 4485 2179 4573">
    <p class='ocr_par' dir='ltr' id='par_1_99' title="bbox 451 4485 2179 4573">
     <span class='ocr_line' id='line_1_99' title="bbox 451 4485 2179 4573; baseline -0.002 -14"><span class='ocrx_word' id='word_1_689' title='bbox 451 4485 674 4573; x_wconf 71' lang='lat' dir='ltr'><strong>basque</strong></span> <span class='ocrx_word' id='word_1_690' title='bbox 686 4508 742 4557; x_wconf 89' lang='lat' dir='ltr'><strong>et</strong></span> <span class='ocrx_word' id='word_1_691' title='bbox 757 4485 1008 4556; x_wconf 71' lang='lat' dir='ltr'><strong>armillis</strong></span> <span class='ocrx_word' id='word_1_692' title='bbox 1022 4501 1347 4568; x_wconf 84' lang='lat' dir='ltr'><strong>redimitus,</strong></span> <span class='ocrx_word' id='word_1_693' title='bbox 1367 4485 1606 4573; x_wconf 74' lang='lat' dir='ltr'><strong>coronas</strong></span> <span class='ocrx_word' id='word_1_694' title='bbox 1617 4502 1786 4557; x_wconf 91' lang='lat' dir='ltr'><strong>etiam</strong></span> <span class='ocrx_word' id='word_1_695' title='bbox 1803 4485 2094 4558; x_wconf 77' lang='lat' dir='ltr'><strong>sustinens</strong></span> <span class='ocrx_word' id='word_1_696' title='bbox 2126 4485 2179 4546; x_wconf 74' lang='grc' dir='ltr'><strong>Β</strong></span> 
     </span>
    </p>
   </div>
   <div class='ocr_carea' id='block_1_100' title="bbox 452 4572 2098 4644">
    <p class='ocr_par' dir='ltr' id='par_1_100' title="bbox 452 4572 2098 4644">
     <span class='ocr_line' id='line_1_100' title="bbox 452 4572 2098 4644; baseline -0.002 -14"><span class='ocrx_word' id='word_1_697' title='bbox 452 4575 520 4630; x_wconf 92' lang='lat' dir='ltr'><strong>ad</strong></span> <span class='ocrx_word' id='word_1_698' title='bbox 568 4572 745 4644; x_wconf 17' lang='lat' dir='ltr'><strong>tiara,</strong></span> <span class='ocrx_word' id='word_1_699' title='bbox 778 4574 1027 4641; x_wconf 89' lang='lat' dir='ltr'><strong>modum,</strong></span> <span class='ocrx_word' id='word_1_700' title='bbox 1073 4585 1214 4644; x_wconf 87' lang='lat' dir='ltr'><strong>auro</strong></span> <span class='ocrx_word' id='word_1_701' title='bbox 1263 4572 1593 4644; x_wconf 91' lang='lat' dir='ltr'><strong>lapillisque</strong></span> <span class='ocrx_word' id='word_1_702' title='bbox 1631 4574 1900 4642; x_wconf 91' lang='lat' dir='ltr'><strong>pretiosis</strong></span> <span class='ocrx_word' id='word_1_703' title='bbox 1945 4573 2098 4628; x_wconf 91' lang='lat' dir='ltr'><strong>insi-</strong></span> 
     </span>
    </p>
   </div>
   <div class='ocr_carea' id='block_1_101' title="bbox 453 4643 2097 4715">
    <p class='ocr_par' dir='ltr' id='par_1_101' title="bbox 453 4643 2097 4715">
     <span class='ocr_line' id='line_1_101' title="bbox 453 4643 2097 4715; baseline -0.001 -15"><span class='ocrx_word' id='word_1_704' title='bbox 453 4647 644 4715; x_wconf 83' lang='lat' dir='ltr'><strong>gnitas</strong></span> <span class='ocrx_word' id='word_1_705' title='bbox 674 4664 689 4714; x_wconf 84' lang='lat'><strong>;</strong></span> <span class='ocrx_word' id='word_1_706' title='bbox 723 4643 962 4700; x_wconf 91' lang='lat' dir='ltr'><strong>formam</strong></span> <span class='ocrx_word' id='word_1_707' title='bbox 995 4643 1207 4700; x_wconf 89' lang='lat' dir='ltr'><strong>habens</strong></span> <span class='ocrx_word' id='word_1_708' title='bbox 1236 4643 1387 4699; x_wconf 87' lang='lat' dir='ltr'><strong>inter</strong></span> <span class='ocrx_word' id='word_1_709' title='bbox 1438 4645 1780 4700; x_wconf 81' lang='lat' dir='ltr'><strong>Phanissam</strong></span> <span class='ocrx_word' id='word_1_710' title='bbox 1807 4645 2011 4701; x_wconf 91' lang='lat' dir='ltr'><strong>stolam</strong></span> <span class='ocrx_word' id='word_1_711' title='bbox 2042 4650 2097 4699; x_wconf 93' lang='lat' dir='ltr'><strong>et</strong></span> 
     </span>
    </p>
   </div>
   <div class='ocr_carea' id='block_1_102' title="bbox 452 4716 2097 4787">
    <p class='ocr_par' dir='ltr' id='par_1_102' title="bbox 452 4716 2097 4787">
     <span class='ocr_line' id='line_1_102' title="bbox 452 4716 2097 4787; baseline -0.002 -13"><span class='ocrx_word' id='word_1_712' title='bbox 452 4719 764 4787; x_wconf 82' lang='lat' dir='ltr'><strong>Medorum</strong></span> <span class='ocrx_word' id='word_1_713' title='bbox 797 4716 1092 4769; x_wconf 89' lang='lat' dir='ltr'><strong>amictum.</strong></span> <span class='ocrx_word' id='word_1_714' title='bbox 1124 4735 1150 4765; x_wconf 86' lang='grc'><strong>››</strong></span> <span class='ocrx_word' id='word_1_715' title='bbox 1189 4718 1248 4770; x_wconf 90' lang='lat' dir='ltr'><strong>In</strong></span> <span class='ocrx_word' id='word_1_716' title='bbox 1280 4717 1454 4770; x_wconf 89' lang='lat' dir='ltr'><strong>veteri</strong></span> <span class='ocrx_word' id='word_1_717' title='bbox 1483 4729 1721 4786; x_wconf 87' lang='lat' dir='ltr'><strong>gemma,</strong></span> <span class='ocrx_word' id='word_1_718' title='bbox 1763 4730 1931 4787; x_wconf 87' lang='lat' dir='ltr'><strong>quam</strong></span> <span class='ocrx_word' id='word_1_719' title='bbox 1966 4729 2097 4786; x_wconf 86' lang='lat' dir='ltr'><strong>pre-</strong></span> 
     </span>
    </p>
   </div>
   <div class='ocr_carea' id='block_1_103' title="bbox 454 4785 2097 4858">
    <p class='ocr_par' dir='ltr' id='par_1_103' title="bbox 454 4785 2097 4858">
     <span class='ocr_line' id='line_1_103' title="bbox 454 4785 2097 4858; baseline -0.002 -13"><span class='ocrx_word' id='word_1_720' title='bbox 454 4789 627 4845; x_wconf 92' lang='lat' dir='ltr'><strong>tiosis</strong></span> <span class='ocrx_word' id='word_1_721' title='bbox 648 4785 975 4858; x_wconf 89' lang='lat' dir='ltr'><strong>quibusque</strong></span> <span class='ocrx_word' id='word_1_722' title='bbox 992 4785 1762 4858; x_wconf 88' lang='lat' dir='ltr'><strong>comparaverim,eleganter</strong></span> <span class='ocrx_word' id='word_1_723' title='bbox 1774 4785 2097 4856; x_wconf 79' lang='lat' dir='ltr'><strong>expressam</strong></span> 
     </span>
    </p>
   </div>
   <div class='ocr_carea' id='block_1_104' title="bbox 454 4857 2100 4928">
    <p class='ocr_par' dir='ltr' id='par_1_104' title="bbox 454 4857 2100 4928">
     <span class='ocr_line' id='line_1_104' title="bbox 454 4857 2100 4928; baseline -0.002 -11"><span class='ocrx_word' id='word_1_724' title='bbox 454 4857 718 4917; x_wconf 84' lang='lat' dir='ltr'><strong>videmus</strong></span> <span class='ocrx_word' id='word_1_725' title='bbox 744 4871 911 4927; x_wconf 89' lang='lat' dir='ltr'><strong>opere</strong></span> <span class='ocrx_word' id='word_1_726' title='bbox 931 4857 1252 4928; x_wconf 89' lang='lat' dir='ltr'><strong>anaglypho</strong></span> <span class='ocrx_word' id='word_1_727' title='bbox 1283 4857 1586 4927; x_wconf 43' lang='lat' dir='ltr'><strong>protomen’</strong></span> <span class='ocrx_word' id='word_1_728' title='bbox 1605 4859 1916 4928; x_wconf 87' lang='lat' dir='ltr'><strong>Elagabali,</strong></span> <span class='ocrx_word' id='word_1_729' title='bbox 1940 4859 2100 4914; x_wconf 89' lang='lat' dir='ltr'><strong>nati-</strong></span> 
     </span>
    </p>
   </div>
   <div class='ocr_carea' id='block_1_105' title="bbox 455 4929 2092 5003">
    <p class='ocr_par' dir='ltr' id='par_1_105' title="bbox 455 4929 2092 5003">
     <span class='ocr_line' id='line_1_105' title="bbox 455 4929 2092 5003; baseline -0.003 -15"><span class='ocrx_word' id='word_1_730' title='bbox 455 4933 545 4988; x_wconf 90' lang='lat' dir='ltr'><strong>vis</strong></span> <span class='ocrx_word' id='word_1_731' title='bbox 573 4943 804 5003; x_wconf 90' lang='lat' dir='ltr'><strong>gemma</strong></span> <span class='ocrx_word' id='word_1_732' title='bbox 835 4929 1194 5003; x_wconf 67' lang='lat' dir='ltr'><strong>coloribusa</strong></span> <span class='ocrx_word' id='word_1_733' title='bbox 1217 4931 1401 5003; x_wconf 89' lang='lat' dir='ltr'><strong>perito</strong></span> <span class='ocrx_word' id='word_1_734' title='bbox 1420 4929 2092 5003; x_wconf 81' lang='lat' dir='ltr'><strong>artiﬁceobsecundatis.</strong></span> 
     </span>
    </p>
   </div>
   <div class='ocr_carea' id='block_1_106' title="bbox 455 4999 2100 5070">
    <p class='ocr_par' dir='ltr' id='par_1_106' title="bbox 455 4999 2100 5070">
     <span class='ocr_line' id='line_1_106' title="bbox 455 4999 2100 5070; baseline -0.002 -12"><span class='ocrx_word' id='word_1_735' title='bbox 455 4999 608 5058; x_wconf 80' lang='lat' dir='ltr'><strong>Hanc</strong></span> <span class='ocrx_word' id='word_1_736' title='bbox 621 5009 808 5057; x_wconf 90' lang='lat' dir='ltr'><strong>servat</strong></span> <span class='ocrx_word' id='word_1_737' title='bbox 835 5014 1110 5056; x_wconf 89' lang='lat' dir='ltr'><strong>musaum</strong></span> <span class='ocrx_word' id='word_1_738' title='bbox 1133 4999 1604 5056; x_wconf 91' lang='lat' dir='ltr'><strong>illustrissimiac</strong></span> <span class='ocrx_word' id='word_1_739' title='bbox 1624 5001 1950 5056; x_wconf 88' lang='lat' dir='ltr'><strong>doctissimi</strong></span> <span class='ocrx_word' id='word_1_740' title='bbox 1969 5017 2100 5070; x_wconf 81' lang='lat' dir='ltr'><strong>pra-</strong></span> 
     </span>
    </p>
   </div>
   <div class='ocr_carea' id='block_1_107' title="bbox 451 5072 2100 5143">
    <p class='ocr_par' dir='ltr' id='par_1_107' title="bbox 451 5072 2100 5143">
     <span class='ocr_line' id='line_1_107' title="bbox 451 5072 2100 5143; baseline -0.001 -13"><span class='ocrx_word' id='word_1_741' title='bbox 451 5073 603 5130; x_wconf 91' lang='lat' dir='ltr'><strong>sulis</strong></span> <span class='ocrx_word' id='word_1_742' title='bbox 634 5076 703 5129; x_wconf 83' lang='grc' dir='ltr'><strong>Μ.</strong></span> <span class='ocrx_word' id='word_1_743' title='bbox 729 5074 858 5128; x_wconf 82' lang='grc' dir='ltr'><strong>Αηῐ.</strong></span> <span class='ocrx_word' id='word_1_744' title='bbox 892 5072 1167 5140; x_wconf 89' lang='lat' dir='ltr'><strong>Ansidai,</strong></span> <span class='ocrx_word' id='word_1_745' title='bbox 1199 5079 1324 5141; x_wconf 91' lang='lat' dir='ltr'><strong>post</strong></span> <span class='ocrx_word' id='word_1_746' title='bbox 1351 5073 1925 5143; x_wconf 13' lang='lat' dir='ltr'><strong>navatamgegregiam</strong></span> <span class='ocrx_word' id='word_1_747' title='bbox 1959 5087 2100 5143; x_wconf 91' lang='lat' dir='ltr'><strong>ope-</strong></span> 
     </span>
    </p>
   </div>
   <div class='ocr_carea' id='block_1_108' title="bbox 456 5142 2099 5214">
    <p class='ocr_par' dir='ltr' id='par_1_108' title="bbox 456 5142 2099 5214">
     <span class='ocr_line' id='line_1_108' title="bbox 456 5142 2099 5214; baseline -0.001 -12"><span class='ocrx_word' id='word_1_748' title='bbox 456 5161 576 5203; x_wconf 91' lang='lat' dir='ltr'><strong>ram</strong></span> <span class='ocrx_word' id='word_1_749' title='bbox 608 5152 722 5201; x_wconf 88' lang='lat' dir='ltr'><strong>tam</strong></span> <span class='ocrx_word' id='word_1_750' title='bbox 750 5143 1136 5200; x_wconf 90' lang='lat' dir='ltr'><strong>severioribus</strong></span> <span class='ocrx_word' id='word_1_751' title='bbox 1167 5157 1335 5213; x_wconf 92' lang='lat' dir='ltr'><strong>quam</strong></span> <span class='ocrx_word' id='word_1_752' title='bbox 1371 5142 1732 5214; x_wconf 88' lang='lat' dir='ltr'><strong>elegantibus</strong></span> <span class='ocrx_word' id='word_1_753' title='bbox 1764 5142 2099 5214; x_wconf 85' lang='lat' dir='ltr'><strong>disciplinis</strong></span> 
     </span>
    </p>
   </div>
   <div class='ocr_carea' id='block_1_109' title="bbox 456 5213 2101 5289">
    <p class='ocr_par' dir='ltr' id='par_1_109' title="bbox 456 5213 2101 5289">
     <span class='ocr_line' id='line_1_109' title="bbox 456 5213 2101 5289; baseline -0.002 -16"><span class='ocrx_word' id='word_1_754' title='bbox 456 5232 555 5289; x_wconf 91' lang='lat' dir='ltr'><strong>per</strong></span> <span class='ocrx_word' id='word_1_755' title='bbox 575 5218 767 5273; x_wconf 90' lang='lat' dir='ltr'><strong>varios</strong></span> <span class='ocrx_word' id='word_1_756' title='bbox 789 5228 1087 5289; x_wconf 85' lang='lat' dir='ltr'><strong>munerum</strong></span> <span class='ocrx_word' id='word_1_757' title='bbox 1113 5213 1688 5289; x_wconf 60' lang='lat' dir='ltr'><strong>gradusitisuprenio</strong></span> <span class='ocrx_word' id='word_1_758' title='bbox 1709 5213 1991 5289; x_wconf 84' lang='lat' dir='ltr'><strong>tribunali</strong></span> <span class='ocrx_word' id='word_1_759' title='bbox 2016 5231 2101 5289; x_wconf 84' lang='lat' dir='ltr'><strong>sa-</strong></span> 
     </span>
    </p>
   </div>
   <div class='ocr_carea' id='block_1_110' title="bbox 455 5284 2098 5360">
    <p class='ocr_par' dir='ltr' id='par_1_110' title="bbox 455 5284 2098 5360">
     <span class='ocr_line' id='line_1_110' title="bbox 455 5284 2098 5360; baseline -0.001 -15"><span class='ocrx_word' id='word_1_760' title='bbox 455 5284 564 5346; x_wconf 80' lang='lat' dir='ltr'><strong>cra</strong></span> <span class='ocrx_word' id='word_1_761' title='bbox 579 5287 987 5360; x_wconf 89' lang='lat' dir='ltr'><strong>inquisitionis</strong></span> <span class='ocrx_word' id='word_1_762' title='bbox 1004 5284 1510 5360; x_wconf 71' lang='lat' dir='ltr'><strong>assessorisoiﬁcio</strong></span> <span class='ocrx_word' id='word_1_763' title='bbox 1530 5284 1942 5360; x_wconf 67' lang='lat' dir='ltr'><strong>pet-iungentis.</strong></span> <span class='ocrx_word' id='word_1_764' title='bbox 1963 5288 2098 5360; x_wconf 83' lang='lat' dir='ltr'><strong>inde</strong></span> 
     </span>
    </p>
   </div>
   <div class='ocr_carea' id='block_1_111' title="bbox 453 5356 2097 5430">
    <p class='ocr_par' dir='ltr' id='par_1_111' title="bbox 453 5356 2097 5430">
     <span class='ocr_line' id='line_1_111' title="bbox 453 5356 2097 5430; baseline -0.001 -14"><span class='ocrx_word' id='word_1_765' title='bbox 453 5356 726 5430; x_wconf 76' lang='lat' dir='ltr'><strong>colligere</strong></span> <span class='ocrx_word' id='word_1_766' title='bbox 769 5371 1073 5429; x_wconf 91' lang='lat' dir='ltr'><strong>possumus</strong></span> <span class='ocrx_word' id='word_1_767' title='bbox 1099 5356 1336 5430; x_wconf 83' lang='lat' dir='ltr'><strong>formam</strong></span> <span class='ocrx_word' id='word_1_768' title='bbox 1360 5357 1668 5430; x_wconf 75' lang='lat' dir='ltr'><strong>Phoenissa</strong></span> <span class='ocrx_word' id='word_1_769' title='bbox 1689 5356 1872 5427; x_wconf 86' lang='lat' dir='ltr'><strong>stola,</strong></span> <span class='ocrx_word' id='word_1_770' title='bbox 1892 5358 1963 5414; x_wconf 91' lang='lat' dir='ltr'><strong>ab</strong></span> <span class='ocrx_word' id='word_1_771' title='bbox 1991 5359 2097 5414; x_wconf 87' lang='lat' dir='ltr'><strong>He-</strong></span> 
     </span>
    </p>
   </div>
   <div class='ocr_carea' id='block_1_112' title="bbox 455 5428 2096 5500">
    <p class='ocr_par' dir='ltr' id='par_1_112' title="bbox 455 5428 2096 5500">
     <span class='ocr_line' id='line_1_112' title="bbox 455 5428 2096 5500; baseline 0 -14"><span class='ocrx_word' id='word_1_772' title='bbox 455 5428 697 5487; x_wconf 80' lang='lat' dir='ltr'><strong>rodiano</strong></span> <span class='ocrx_word' id='word_1_773' title='bbox 725 5430 1092 5500; x_wconf 90' lang='lat' dir='ltr'><strong>descriptam.</strong></span> <span class='ocrx_word' id='word_1_774' title='bbox 1125 5428 1217 5484; x_wconf 85' lang='lat' dir='ltr'><strong>illi</strong></span> <span class='ocrx_word' id='word_1_775' title='bbox 1248 5429 1297 5483; x_wconf 93' lang='lat' dir='ltr'><strong>si</strong></span> <span class='ocrx_word' id='word_1_776' title='bbox 1327 5428 1652 5485; x_wconf 89' lang='lat' dir='ltr'><strong>conferatur</strong></span> <span class='ocrx_word' id='word_1_777' title='bbox 1681 5444 1855 5498; x_wconf 85' lang='lat' dir='ltr'><strong>cappa</strong></span> <span class='ocrx_word' id='word_1_778' title='bbox 1877 5432 1964 5500; x_wconf 87' lang='lat' dir='ltr'><strong>(ut</strong></span> <span class='ocrx_word' id='word_1_779' title='bbox 1992 5445 2096 5486; x_wconf 87' lang='lat' dir='ltr'><strong>vo—</strong></span> 
     </span>
    </p>
   </div>
   <div class='ocr_carea' id='block_1_113' title="bbox 453 5500 2097 5572">
    <p class='ocr_par' dir='ltr' id='par_1_113' title="bbox 453 5500 2097 5572">
     <span class='ocr_line' id='line_1_113' title="bbox 453 5500 2097 5572; baseline -0.001 -14"><span class='ocrx_word' id='word_1_780' title='bbox 453 5501 968 5571; x_wconf 79' lang='lat' dir='ltr'><strong>cant)pontificalis,</strong></span> <span class='ocrx_word' id='word_1_781' title='bbox 995 5500 1219 5572; x_wconf 90' lang='lat' dir='ltr'><strong>qualem</strong></span> <span class='ocrx_word' id='word_1_782' title='bbox 1234 5500 1608 5556; x_wconf 84' lang='lat' dir='ltr'><strong>exhibuimus</strong></span> <span class='ocrx_word' id='word_1_783' title='bbox 1633 5501 1691 5556; x_wconf 91' lang='lat' dir='ltr'><strong>in</strong></span> <span class='ocrx_word' id='word_1_784' title='bbox 1707 5501 1806 5572; x_wconf 86' lang='lat' dir='ltr'><strong>Pio</strong></span> <span class='ocrx_word' id='word_1_785' title='bbox 1831 5501 2097 5570; x_wconf 89' lang='lat' dir='ltr'><strong>pontiﬁce</strong></span> 
     </span>
    </p>
   </div>
   <div class='ocr_carea' id='block_1_114' title="bbox 453 5571 2097 5643">
    <p class='ocr_par' dir='ltr' id='par_1_114' title="bbox 453 5571 2097 5643">
     <span class='ocr_line' id='line_1_114' title="bbox 453 5571 2097 5643; baseline -0.001 -14"><span class='ocrx_word' id='word_1_786' title='bbox 453 5587 522 5629; x_wconf 81' lang='lat' dir='ltr'><strong>ex</strong></span> <span class='ocrx_word' id='word_1_787' title='bbox 555 5573 730 5628; x_wconf 91' lang='lat' dir='ltr'><strong>veteri</strong></span> <span class='ocrx_word' id='word_1_788' title='bbox 788 5573 1013 5641; x_wconf 90' lang='lat' dir='ltr'><strong>pictura</strong></span> <span class='ocrx_word' id='word_1_789' title='bbox 1057 5572 1376 5643; x_wconf 72' lang='lat' dir='ltr'><strong>Christiani</strong></span> <span class='ocrx_word' id='word_1_790' title='bbox 1424 5571 1735 5629; x_wconf 77' lang='lat' dir='ltr'><strong>cameterii</strong></span> <span class='ocrx_word' id='word_1_791' title='bbox 1778 5571 1835 5627; x_wconf 91' lang='lat' dir='ltr'><strong>in</strong></span> <span class='ocrx_word' id='word_1_792' title='bbox 1882 5573 2097 5643; x_wconf 91' lang='lat' dir='ltr'><strong>cryptis</strong></span> 
     </span>
    </p>
   </div>
   <div class='ocr_carea' id='block_1_115' title="bbox 454 5640 2095 5714">
    <p class='ocr_par' dir='ltr' id='par_1_115' title="bbox 454 5640 2095 5714">
     <span class='ocr_line' id='line_1_115' title="bbox 454 5640 2095 5714; baseline 0.001 -15"><span class='ocrx_word' id='word_1_793' title='bbox 454 5649 767 5713; x_wconf 88' lang='lat' dir='ltr'><strong>martyrum</strong></span> <span class='ocrx_word' id='word_1_794' title='bbox 793 5640 976 5711; x_wconf 84' lang='lat' dir='ltr'><strong>supra</strong></span> <span class='ocrx_word' id='word_1_795' title='bbox 1029 5656 1184 5698; x_wconf 90' lang='lat' dir='ltr'><strong>num.</strong></span> <span class='ocrx_word' id='word_1_796' title='bbox 1210 5640 1420 5697; x_wconf 59' lang='lat' dir='ltr'><strong>ﬁcum</strong></span> <span class='ocrx_word' id='word_1_797' title='bbox 1447 5643 1750 5714; x_wconf 86' lang='lat' dir='ltr'><strong>Aringhio,</strong></span> <span class='ocrx_word' id='word_1_798' title='bbox 1787 5648 1842 5698; x_wconf 91' lang='lat' dir='ltr'><strong>et</strong></span> <span class='ocrx_word' id='word_1_799' title='bbox 1874 5640 2095 5714; x_wconf 81' lang='lat' dir='ltr'><strong>qualem</strong></span> 
     </span>
    </p>
   </div>
   <div class='ocr_carea' id='block_1_116' title="bbox 456 5714 2098 5784">
    <p class='ocr_par' dir='ltr' id='par_1_116' title="bbox 456 5714 2098 5784">
     <span class='ocr_line' id='line_1_116' title="bbox 456 5714 2098 5784; baseline 0 -12"><span class='ocrx_word' id='word_1_800' title='bbox 456 5715 769 5784; x_wconf 88' lang='lat' dir='ltr'><strong>hodiernus</strong></span> <span class='ocrx_word' id='word_1_801' title='bbox 790 5728 1016 5784; x_wconf 85' lang='lat' dir='ltr'><strong>quoque</strong></span> <span class='ocrx_word' id='word_1_802' title='bbox 1039 5727 1160 5768; x_wconf 90' lang='lat' dir='ltr'><strong>mos</strong></span> <span class='ocrx_word' id='word_1_803' title='bbox 1181 5714 1436 5769; x_wconf 88' lang='lat' dir='ltr'><strong>custodit</strong></span> <span class='ocrx_word' id='word_1_804' title='bbox 1460 5716 1516 5768; x_wconf 91' lang='lat' dir='ltr'><strong>in</strong></span> <span class='ocrx_word' id='word_1_805' title='bbox 1537 5714 1844 5783; x_wconf 89' lang='lat' dir='ltr'><strong>episcopis,</strong></span> <span class='ocrx_word' id='word_1_806' title='bbox 1863 5717 2098 5783; x_wconf 88' lang='lat' dir='ltr'><strong>perinde</strong></span> 
     </span>
    </p>
   </div>
   <div class='ocr_carea' id='block_1_117' title="bbox 453 5783 2096 5854">
    <p class='ocr_par' dir='ltr' id='par_1_117' title="bbox 453 5783 2096 5854">
     <span class='ocr_line' id='line_1_117' title="bbox 453 5783 2096 5854; baseline 0 -12"><span class='ocrx_word' id='word_1_807' title='bbox 453 5788 592 5842; x_wconf 92' lang='lat' dir='ltr'><strong>acin</strong></span> <span class='ocrx_word' id='word_1_808' title='bbox 623 5783 762 5839; x_wconf 88' lang='lat' dir='ltr'><strong>aliis</strong></span> <span class='ocrx_word' id='word_1_809' title='bbox 781 5783 1180 5840; x_wconf 87' lang='lat' dir='ltr'><strong>sacerdotibus</strong></span> <span class='ocrx_word' id='word_1_810' title='bbox 1206 5785 1562 5840; x_wconf 90' lang='lat' dir='ltr'><strong>etministris</strong></span> <span class='ocrx_word' id='word_1_811' title='bbox 1590 5786 1646 5840; x_wconf 91' lang='lat' dir='ltr'><strong>in</strong></span> <span class='ocrx_word' id='word_1_812' title='bbox 1664 5785 1838 5840; x_wconf 75' lang='lat' dir='ltr'><strong>choro</strong></span> <span class='ocrx_word' id='word_1_813' title='bbox 1862 5785 2096 5854; x_wconf 86' lang='lat' dir='ltr'><strong>psallen-</strong></span> 
     </span>
    </p>
   </div>
   <div class='ocr_carea' id='block_1_118' title="bbox 2193 3147 3839 3222">
    <p class='ocr_par' dir='ltr' id='par_1_118' title="bbox 2193 3147 3839 3222">
     <span class='ocr_line' id='line_1_118' title="bbox 2193 3147 3839 3222; baseline -0.004 -14"><span class='ocrx_word' id='word_1_814' title='bbox 2193 3159 2401 3209; x_wconf 85' lang='lat' dir='ltr'><strong>nostra</strong></span> <span class='ocrx_word' id='word_1_815' title='bbox 2437 3152 2659 3222; x_wconf 89' lang='lat' dir='ltr'><strong>potiora</strong></span> <span class='ocrx_word' id='word_1_816' title='bbox 2684 3147 2960 3222; x_wconf 81' lang='lat' dir='ltr'><strong>mysteria</strong></span> <span class='ocrx_word' id='word_1_817' title='bbox 2991 3152 3307 3221; x_wconf 89' lang='lat' dir='ltr'><strong>complexo,</strong></span> <span class='ocrx_word' id='word_1_818' title='bbox 3339 3156 3506 3222; x_wconf 88' lang='lat' dir='ltr'><strong>actus</strong></span> <span class='ocrx_word' id='word_1_819' title='bbox 3528 3147 3839 3222; x_wconf 62' lang='lat' dir='ltr'><strong>&#39;quoslibet</strong></span> 
     </span>
    </p>
   </div>
   <div class='ocr_carea' id='block_1_119' title="bbox 2193 3218 3839 3280">
    <p class='ocr_par' dir='ltr' id='par_1_119' title="bbox 2193 3218 3839 3280">
     <span class='ocr_line' id='line_1_119' title="bbox 2193 3218 3839 3280; baseline -0.004 -2"><span class='ocrx_word' id='word_1_820' title='bbox 2193 3224 2322 3279; x_wconf 88' lang='lat' dir='ltr'><strong>vita</strong></span> <span class='ocrx_word' id='word_1_821' title='bbox 2365 3218 2572 3279; x_wconf 82' lang='lat' dir='ltr'><strong>nostra</strong></span> <span class='ocrx_word' id='word_1_822' title='bbox 2600 3225 2713 3279; x_wconf 93' lang='lat' dir='ltr'><strong>Deo</strong></span> <span class='ocrx_word' id='word_1_823' title='bbox 2742 3218 3098 3280; x_wconf 84' lang='lat' dir='ltr'><strong>devovemus.</strong></span> <span class='ocrx_word' id='word_1_824' title='bbox 3124 3218 3200 3277; x_wconf 81' lang='lat' dir='ltr'><strong>in</strong></span> <span class='ocrx_word' id='word_1_825' title='bbox 3231 3218 3520 3277; x_wconf 82' lang='lat' dir='ltr'><strong>altaribus</strong></span> <span class='ocrx_word' id='word_1_826' title='bbox 3550 3227 3603 3274; x_wconf 89' lang='lat' dir='ltr'><strong>et</strong></span> <span class='ocrx_word' id='word_1_827' title='bbox 3652 3218 3839 3274; x_wconf 86' lang='lat' dir='ltr'><strong>eccle—</strong></span> 
     </span>
    </p>
   </div>
   <div class='ocr_carea' id='block_1_120' title="bbox 2194 3290 3837 3364">
    <p class='ocr_par' dir='ltr' id='par_1_120' title="bbox 2194 3290 3837 3364">
     <span class='ocr_line' id='line_1_120' title="bbox 2194 3290 3837 3364; baseline -0.005 -13"><span class='ocrx_word' id='word_1_828' title='bbox 2194 3295 2304 3351; x_wconf 91' lang='lat' dir='ltr'><strong>siis</strong></span> <span class='ocrx_word' id='word_1_829' title='bbox 2332 3295 2737 3350; x_wconf 87' lang='lat' dir='ltr'><strong>consecrandis</strong></span> <span class='ocrx_word' id='word_1_830' title='bbox 2763 3295 3092 3364; x_wconf 91' lang='lat' dir='ltr'><strong>hujusmodi</strong></span> <span class='ocrx_word' id='word_1_831' title='bbox 3121 3294 3286 3364; x_wconf 87' lang='lat' dir='ltr'><strong>signo</strong></span> <span class='ocrx_word' id='word_1_832' title='bbox 3311 3295 3366 3348; x_wconf 92' lang='lat' dir='ltr'><strong>in</strong></span> <span class='ocrx_word' id='word_1_833' title='bbox 3393 3305 3588 3364; x_wconf 89' lang='lat' dir='ltr'><strong>mensa</strong></span> <span class='ocrx_word' id='word_1_834' title='bbox 3612 3290 3837 3364; x_wconf 78' lang='lat' dir='ltr'><strong>altaris,</strong></span> 
     </span>
    </p>
   </div>
   <div class='ocr_carea' id='block_1_121' title="bbox 2195 3362 3840 3435">
    <p class='ocr_par' dir='ltr' id='par_1_121' title="bbox 2195 3362 3840 3435">
     <span class='ocr_line' id='line_1_121' title="bbox 2195 3362 3840 3435; baseline -0.004 -14"><span class='ocrx_word' id='word_1_835' title='bbox 2195 3373 2249 3421; x_wconf 91' lang='lat' dir='ltr'><strong>et</strong></span> <span class='ocrx_word' id='word_1_836' title='bbox 2276 3367 2332 3421; x_wconf 92' lang='lat' dir='ltr'><strong>in</strong></span> <span class='ocrx_word' id='word_1_837' title='bbox 2350 3365 2672 3435; x_wconf 90' lang='lat' dir='ltr'><strong>parietibus</strong></span> <span class='ocrx_word' id='word_1_838' title='bbox 2697 3362 2977 3435; x_wconf 81' lang='lat' dir='ltr'><strong>impresso</strong></span> <span class='ocrx_word' id='word_1_839' title='bbox 2998 3362 3248 3420; x_wconf 83' lang='lat' dir='ltr'><strong>chrisma</strong></span> <span class='ocrx_word' id='word_1_840' title='bbox 3267 3363 3635 3419; x_wconf 90' lang='lat' dir='ltr'><strong>adhibemus.</strong></span> <span class='ocrx_word' id='word_1_841' title='bbox 3656 3362 3840 3435; x_wconf 86' lang='lat' dir='ltr'><strong>Quare</strong></span> 
     </span>
    </p>
   </div>
   <div class='ocr_carea' id='block_1_122' title="bbox 2195 3434 3840 3506">
    <p class='ocr_par' dir='ltr' id='par_1_122' title="bbox 2195 3434 3840 3506">
     <span class='ocr_line' id='line_1_122' title="bbox 2195 3434 3840 3506; baseline -0.004 -14"><span class='ocrx_word' id='word_1_842' title='bbox 2195 3443 2252 3492; x_wconf 92' lang='lat' dir='ltr'><strong>et</strong></span> <span class='ocrx_word' id='word_1_843' title='bbox 2283 3434 2461 3492; x_wconf 35' lang='lat' dir='ltr'><strong>in’ara</strong></span> <span class='ocrx_word' id='word_1_844' title='bbox 2494 3434 2835 3506; x_wconf 75' lang='lat' dir='ltr'><strong>impressum</strong></span> <span class='ocrx_word' id='word_1_845' title='bbox 2862 3437 3136 3492; x_wconf 84' lang='lat' dir='ltr'><strong>exhibent</strong></span> <span class='ocrx_word' id='word_1_846' title='bbox 3163 3435 3378 3491; x_wconf 89' lang='lat' dir='ltr'><strong>nummi</strong></span> <span class='ocrx_word' id='word_1_847' title='bbox 3407 3448 3438 3489; x_wconf 91' lang='lat' dir='ltr'><strong>a</strong></span> <span class='ocrx_word' id='word_1_848' title='bbox 3461 3434 3840 3489; x_wconf 83' lang='lat' dir='ltr'><strong>Constantino</strong></span> 
     </span>
    </p>
   </div>
   <div class='ocr_carea' id='block_1_123' title="bbox 2196 3506 3840 3578">
    <p class='ocr_par' dir='ltr' id='par_1_123' title="bbox 2196 3506 3840 3578">
     <span class='ocr_line' id='line_1_123' title="bbox 2196 3506 3840 3578; baseline -0.004 -14"><span class='ocrx_word' id='word_1_849' title='bbox 2196 3509 2446 3564; x_wconf 83' lang='lat' dir='ltr'><strong>Maximo</strong></span> <span class='ocrx_word' id='word_1_850' title='bbox 2465 3508 2723 3578; x_wconf 87' lang='lat' dir='ltr'><strong>percussi</strong></span> <span class='ocrx_word' id='word_1_851' title='bbox 2750 3508 2968 3578; x_wconf 85' lang='lat' dir='ltr'><strong>(quales</strong></span> <span class='ocrx_word' id='word_1_852' title='bbox 2998 3508 3147 3562; x_wconf 91' lang='lat' dir='ltr'><strong>inter</strong></span> <span class='ocrx_word' id='word_1_853' title='bbox 3178 3513 3370 3562; x_wconf 89' lang='lat' dir='ltr'><strong>nostra</strong></span> <span class='ocrx_word' id='word_1_854' title='bbox 3402 3506 3840 3578; x_wconf 24' lang='lat' dir='ltr'><strong>cimelia‘asser-</strong></span> 
     </span>
    </p>
   </div>
   <div class='ocr_carea' id='block_1_124' title="bbox 2197 3575 3840 3650">
    <p class='ocr_par' dir='ltr' id='par_1_124' title="bbox 2197 3575 3840 3650">
     <span class='ocr_line' id='line_1_124' title="bbox 2197 3575 3840 3650; baseline -0.003 -16"><span class='ocrx_word' id='word_1_855' title='bbox 2197 3580 2415 3650; x_wconf 88' lang='lat' dir='ltr'><strong>vamus)</strong></span> <span class='ocrx_word' id='word_1_856' title='bbox 2439 3575 2558 3635; x_wconf 57' lang='lat' dir='ltr'><strong>{ex</strong></span> <span class='ocrx_word' id='word_1_857' title='bbox 2590 3593 2702 3648; x_wconf 90' lang='lat' dir='ltr'><strong>quo</strong></span> <span class='ocrx_word' id='word_1_858' title='bbox 2724 3575 2948 3634; x_wconf 83' lang='lat' dir='ltr'><strong>scilicet</strong></span> <span class='ocrx_word' id='word_1_859' title='bbox 2977 3580 3130 3634; x_wconf 88' lang='lat' dir='ltr'><strong>atati</strong></span> <span class='ocrx_word' id='word_1_860' title='bbox 3156 3577 3420 3650; x_wconf 86' lang='lat' dir='ltr'><strong>Silvestri</strong></span> <span class='ocrx_word' id='word_1_861' title='bbox 3449 3575 3670 3650; x_wconf 84' lang='lat' dir='ltr'><strong>lapidei</strong></span> <span class='ocrx_word' id='word_1_862' title='bbox 3697 3575 3840 3650; x_wconf 73' lang='lat' dir='ltr'><strong>alta-</strong></span> 
     </span>
    </p>
   </div>
   <div class='ocr_carea' id='block_1_125' title="bbox 2200 3645 3837 3720">
    <p class='ocr_par' dir='ltr' id='par_1_125' title="bbox 2200 3645 3837 3720">
     <span class='ocr_line' id='line_1_125' title="bbox 2200 3645 3837 3720; baseline -0.005 -14"><span class='ocrx_word' id='word_1_863' title='bbox 2200 3652 2284 3706; x_wconf 90' lang='lat' dir='ltr'><strong>ris</strong></span> <span class='ocrx_word' id='word_1_864' title='bbox 2315 3645 2477 3720; x_wconf 86' lang='lat' dir='ltr'><strong>usus,</strong></span> <span class='ocrx_word' id='word_1_865' title='bbox 2508 3656 2562 3706; x_wconf 93' lang='lat' dir='ltr'><strong>et</strong></span> <span class='ocrx_word' id='word_1_866' title='bbox 2587 3645 2816 3719; x_wconf 78' lang='lat' dir='ltr'><strong>publica</strong></span> <span class='ocrx_word' id='word_1_867' title='bbox 2847 3650 3084 3706; x_wconf 89' lang='lat' dir='ltr'><strong>libertas</strong></span> <span class='ocrx_word' id='word_1_868' title='bbox 3111 3648 3426 3705; x_wconf 89' lang='lat' dir='ltr'><strong>Christiani</strong></span> <span class='ocrx_word' id='word_1_869' title='bbox 3453 3648 3655 3720; x_wconf 90' lang='lat' dir='ltr'><strong>cultus</strong></span> <span class='ocrx_word' id='word_1_870' title='bbox 3713 3645 3837 3701; x_wconf 90' lang='lat' dir='ltr'><strong>fuit.</strong></span> 
     </span>
    </p>
   </div>
   <div class='ocr_carea' id='block_1_126' title="bbox 2196 3719 3840 3792">
    <p class='ocr_par' dir='ltr' id='par_1_126' title="bbox 2196 3719 3840 3792">
     <span class='ocr_line' id='line_1_126' title="bbox 2196 3719 3840 3792; baseline -0.003 -16"><span class='ocrx_word' id='word_1_871' title='bbox 2196 3721 2315 3778; x_wconf 83' lang='lat' dir='ltr'><strong>lam</strong></span> <span class='ocrx_word' id='word_1_872' title='bbox 2345 3719 2472 3777; x_wconf 92' lang='lat' dir='ltr'><strong>tum</strong></span> <span class='ocrx_word' id='word_1_873' title='bbox 2499 3721 2703 3792; x_wconf 81' lang='lat' dir='ltr'><strong>igitur,</strong></span> <span class='ocrx_word' id='word_1_874' title='bbox 2729 3729 2783 3776; x_wconf 90' lang='lat' dir='ltr'><strong>et</strong></span> <span class='ocrx_word' id='word_1_875' title='bbox 2813 3722 2883 3777; x_wconf 91' lang='lat' dir='ltr'><strong>ab</strong></span> <span class='ocrx_word' id='word_1_876' title='bbox 2908 3729 3072 3776; x_wconf 86' lang='lat' dir='ltr'><strong>atate</strong></span> <span class='ocrx_word' id='word_1_877' title='bbox 3102 3720 3434 3790; x_wconf 86' lang='lat' dir='ltr'><strong>apostolica,</strong></span> <span class='ocrx_word' id='word_1_878' title='bbox 3469 3719 3625 3792; x_wconf 90' lang='lat' dir='ltr'><strong>unde</strong></span> <span class='ocrx_word' id='word_1_879' title='bbox 3656 3725 3840 3792; x_wconf 61' lang='lat' dir='ltr'><strong>auste-</strong></span> 
     </span>
    </p>
   </div>
   <div class='ocr_carea' id='block_1_127' title="bbox 2199 3789 3841 3860">
    <p class='ocr_par' dir='ltr' id='par_1_127' title="bbox 2199 3789 3841 3860">
     <span class='ocr_line' id='line_1_127' title="bbox 2199 3789 3841 3860; baseline -0.005 -11"><span class='ocrx_word' id='word_1_880' title='bbox 2199 3795 2342 3849; x_wconf 89' lang='lat' dir='ltr'><strong>ritas</strong></span> <span class='ocrx_word' id='word_1_881' title='bbox 2370 3789 2808 3849; x_wconf 83' lang='lat' dir='ltr'><strong>consuetudinis</strong></span> <span class='ocrx_word' id='word_1_882' title='bbox 2823 3806 2889 3848; x_wconf 91' lang='lat' dir='ltr'><strong>ac</strong></span> <span class='ocrx_word' id='word_1_883' title='bbox 2916 3789 3249 3848; x_wconf 87' lang='lat' dir='ltr'><strong>traditionis</strong></span> <span class='ocrx_word' id='word_1_884' title='bbox 3273 3792 3404 3860; x_wconf 89' lang='lat' dir='ltr'><strong>jure</strong></span> <span class='ocrx_word' id='word_1_885' title='bbox 3434 3791 3654 3858; x_wconf 89' lang='lat' dir='ltr'><strong>petitur</strong></span> <span class='ocrx_word' id='word_1_886' title='bbox 3674 3803 3707 3843; x_wconf 89' lang='lat' dir='ltr'><strong>a</strong></span> <span class='ocrx_word' id='word_1_887' title='bbox 3727 3789 3841 3842; x_wconf 84' lang='lat' dir='ltr'><strong>Ter-</strong></span> 
     </span>
    </p>
   </div>
   <div class='ocr_carea' id='block_1_128' title="bbox 2196 3859 3840 3934">
    <p class='ocr_par' dir='ltr' id='par_1_128' title="bbox 2196 3859 3840 3934">
     <span class='ocr_line' id='line_1_128' title="bbox 2196 3859 3840 3934; baseline -0.001 -14"><span class='ocrx_word' id='word_1_888' title='bbox 2196 3865 2467 3933; x_wconf 86' lang='lat' dir='ltr'><strong>tulliano,</strong></span> <span class='ocrx_word' id='word_1_889' title='bbox 2489 3865 2547 3919; x_wconf 90' lang='lat' dir='ltr'><strong>in</strong></span> <span class='ocrx_word' id='word_1_890' title='bbox 2563 3864 2860 3934; x_wconf 90' lang='lat' dir='ltr'><strong>sandallis,</strong></span> <span class='ocrx_word' id='word_1_891' title='bbox 2881 3865 2941 3919; x_wconf 94' lang='lat' dir='ltr'><strong>in</strong></span> <span class='ocrx_word' id='word_1_892' title='bbox 2966 3863 3208 3933; x_wconf 89' lang='lat' dir='ltr'><strong>mappis,</strong></span> <span class='ocrx_word' id='word_1_893' title='bbox 3237 3859 3295 3917; x_wconf 88' lang='lat' dir='ltr'><strong>iu</strong></span> <span class='ocrx_word' id='word_1_894' title='bbox 3316 3861 3506 3934; x_wconf 89' lang='lat' dir='ltr'><strong>stolis,</strong></span> <span class='ocrx_word' id='word_1_895' title='bbox 3538 3863 3600 3917; x_wconf 88' lang='lat' dir='ltr'><strong>in</strong></span> <span class='ocrx_word' id='word_1_896' title='bbox 3633 3859 3840 3934; x_wconf 72' lang='lat' dir='ltr'><strong>palliis.</strong></span> 
     </span>
    </p>
   </div>
   <div class='ocr_carea' id='block_1_129' title="bbox 2199 3931 3841 4004">
    <p class='ocr_par' dir='ltr' id='par_1_129' title="bbox 2199 3931 3841 4004">
     <span class='ocr_line' id='line_1_129' title="bbox 2199 3931 3841 4004; baseline -0.004 -13"><span class='ocrx_word' id='word_1_897' title='bbox 2199 3937 2259 3992; x_wconf 90' lang='lat' dir='ltr'><strong>in</strong></span> <span class='ocrx_word' id='word_1_898' title='bbox 2294 3931 2484 4004; x_wconf 83' lang='lat' dir='ltr'><strong>pallis,</strong></span> <span class='ocrx_word' id='word_1_899' title='bbox 2516 3936 2574 3990; x_wconf 92' lang='lat' dir='ltr'><strong>in</strong></span> <span class='ocrx_word' id='word_1_900' title='bbox 2610 3931 2862 4003; x_wconf 80' lang='lat' dir='ltr'><strong>laminis,</strong></span> <span class='ocrx_word' id='word_1_901' title='bbox 2895 3942 2952 3990; x_wconf 91' lang='lat' dir='ltr'><strong>et</strong></span> <span class='ocrx_word' id='word_1_902' title='bbox 3007 3931 3201 3990; x_wconf 86' lang='lat' dir='ltr'><strong>mitris</strong></span> <span class='ocrx_word' id='word_1_903' title='bbox 3246 3933 3610 3989; x_wconf 89' lang='lat' dir='ltr'><strong>sacerdotum</strong></span> <span class='ocrx_word' id='word_1_904' title='bbox 3661 3931 3841 4004; x_wconf 80' lang='lat' dir='ltr'><strong>crucis</strong></span> 
     </span>
    </p>
   </div>
   <div class='ocr_carea' id='block_1_130' title="bbox 2198 3999 3840 4077">
    <p class='ocr_par' dir='ltr' id='par_1_130' title="bbox 2198 3999 3840 4077">
     <span class='ocr_line' id='line_1_130' title="bbox 2198 3999 3840 4077; baseline -0.006 -15"><span class='ocrx_word' id='word_1_905' title='bbox 2198 3999 2510 4063; x_wconf 83' lang='lat' dir='ltr'><strong>Dominica</strong></span> <span class='ocrx_word' id='word_1_906' title='bbox 2555 3999 3113 4077; x_wconf 52' lang='lat' dir='ltr'><strong>impressa&#39;vestigia</strong></span> <span class='ocrx_word' id='word_1_907' title='bbox 3144 4018 3478 4077; x_wconf 87' lang='lat' dir='ltr'><strong>servamus:</strong></span> <span class='ocrx_word' id='word_1_908' title='bbox 3525 4017 3631 4077; x_wconf 83' lang='lat' dir='ltr'><strong>nec</strong></span> <span class='ocrx_word' id='word_1_909' title='bbox 3677 3999 3840 4056; x_wconf 84' lang='lat' dir='ltr'><strong>fronti</strong></span> 
     </span>
    </p>
   </div>
   <div class='ocr_carea' id='block_1_131' title="bbox 2202 4075 3843 4148">
    <p class='ocr_par' dir='ltr' id='par_1_131' title="bbox 2202 4075 3843 4148">
     <span class='ocr_line' id='line_1_131' title="bbox 2202 4075 3843 4148; baseline -0.005 -15"><span class='ocrx_word' id='word_1_910' title='bbox 2202 4084 2425 4134; x_wconf 89' lang='lat' dir='ltr'><strong>tantum</strong></span> <span class='ocrx_word' id='word_1_911' title='bbox 2455 4084 2661 4133; x_wconf 90' lang='lat' dir='ltr'><strong>nostra</strong></span> <span class='ocrx_word' id='word_1_912' title='bbox 2691 4079 2940 4133; x_wconf 90' lang='lat' dir='ltr'><strong>inditum</strong></span> <span class='ocrx_word' id='word_1_913' title='bbox 2963 4075 3070 4133; x_wconf 82' lang='lat' dir='ltr'><strong>hoc</strong></span> <span class='ocrx_word' id='word_1_914' title='bbox 3102 4075 3463 4148; x_wconf 89' lang='lat' dir='ltr'><strong>signaculum</strong></span> <span class='ocrx_word' id='word_1_915' title='bbox 3488 4075 3626 4144; x_wconf 77' lang='lat' dir='ltr'><strong>agni</strong></span> <span class='ocrx_word' id='word_1_916' title='bbox 3660 4081 3843 4148; x_wconf 82' lang='lat' dir='ltr'><strong>imma-</strong></span> 
     </span>
    </p>
   </div>
   <div class='ocr_carea' id='block_1_132' title="bbox 2201 4147 3842 4218">
    <p class='ocr_par' dir='ltr' id='par_1_132' title="bbox 2201 4147 3842 4218">
     <span class='ocr_line' id='line_1_132' title="bbox 2201 4147 3842 4218; baseline -0.005 -14"><span class='ocrx_word' id='word_1_917' title='bbox 2201 4149 2381 4206; x_wconf 87' lang='lat' dir='ltr'><strong>culati</strong></span> <span class='ocrx_word' id='word_1_918' title='bbox 2404 4149 2687 4218; x_wconf 87' lang='lat' dir='ltr'><strong>sanguine</strong></span> <span class='ocrx_word' id='word_1_919' title='bbox 2718 4163 3040 4218; x_wconf 84' lang='lat' dir='ltr'><strong>respersum</strong></span> <span class='ocrx_word' id='word_1_920' title='bbox 3073 4162 3137 4203; x_wconf 91' lang='lat' dir='ltr'><strong>ac</strong></span> <span class='ocrx_word' id='word_1_921' title='bbox 3154 4147 3480 4203; x_wconf 87' lang='lat' dir='ltr'><strong>dedicatum</strong></span> <span class='ocrx_word' id='word_1_922' title='bbox 3512 4148 3583 4202; x_wconf 91' lang='lat' dir='ltr'><strong>ad</strong></span> <span class='ocrx_word' id='word_1_923' title='bbox 3613 4147 3842 4218; x_wconf 76' lang='lat' dir='ltr'><strong>univer—</strong></span> 
     </span>
    </p>
   </div>
   <div class='ocr_carea' id='block_1_133' title="bbox 2203 4217 3843 4289">
    <p class='ocr_par' dir='ltr' id='par_1_133' title="bbox 2203 4217 3843 4289">
     <span class='ocr_line' id='line_1_133' title="bbox 2203 4217 3843 4289; baseline -0.005 -13"><span class='ocrx_word' id='word_1_924' title='bbox 2203 4235 2398 4276; x_wconf 91' lang='lat' dir='ltr'><strong>sorum</strong></span> <span class='ocrx_word' id='word_1_925' title='bbox 2421 4217 2685 4281; x_wconf 81' lang='lat' dir='ltr'><strong>salutem,</strong></span> <span class='ocrx_word' id='word_1_926' title='bbox 2719 4217 2839 4286; x_wconf 89' lang='lat' dir='ltr'><strong>sed,</strong></span> <span class='ocrx_word' id='word_1_927' title='bbox 2869 4219 3014 4289; x_wconf 91' lang='lat' dir='ltr'><strong>ipsis</strong></span> <span class='ocrx_word' id='word_1_928' title='bbox 3043 4220 3214 4275; x_wconf 91' lang='lat' dir='ltr'><strong>etiam</strong></span> <span class='ocrx_word' id='word_1_929' title='bbox 3249 4219 3304 4272; x_wconf 91' lang='lat' dir='ltr'><strong>in</strong></span> <span class='ocrx_word' id='word_1_930' title='bbox 3341 4217 3750 4289; x_wconf 85' lang='lat' dir='ltr'><strong>instrumentis</strong></span> <span class='ocrx_word' id='word_1_931' title='bbox 3771 4228 3843 4268; x_wconf 85' lang='lat' dir='ltr'><strong>sa-</strong></span> 
     </span>
    </p>
   </div>
   <div class='ocr_carea' id='block_1_134' title="bbox 2202 4288 3847 4360">
    <p class='ocr_par' dir='ltr' id='par_1_134' title="bbox 2202 4288 3847 4360">
     <span class='ocr_line' id='line_1_134' title="bbox 2202 4288 3847 4360; baseline -0.005 -13"><span class='ocrx_word' id='word_1_932' title='bbox 2202 4291 2447 4347; x_wconf 90' lang='lat' dir='ltr'><strong>cerdotii</strong></span> <span class='ocrx_word' id='word_1_933' title='bbox 2475 4290 2797 4347; x_wconf 89' lang='lat' dir='ltr'><strong>venerabile</strong></span> <span class='ocrx_word' id='word_1_934' title='bbox 2819 4288 2964 4347; x_wconf 88' lang='lat' dir='ltr'><strong>illud</strong></span> <span class='ocrx_word' id='word_1_935' title='bbox 2989 4291 3220 4360; x_wconf 88' lang='lat' dir='ltr'><strong>signum</strong></span> <span class='ocrx_word' id='word_1_936' title='bbox 3241 4288 3714 4360; x_wconf 87' lang='lat' dir='ltr'><strong>deprehenditur,</strong></span> <span class='ocrx_word' id='word_1_937' title='bbox 3741 4299 3847 4360; x_wconf 84' lang='lat' dir='ltr'><strong>per-</strong></span> 
     </span>
    </p>
   </div>
   <div class='ocr_carea' id='block_1_135' title="bbox 2203 4358 3842 4433">
    <p class='ocr_par' dir='ltr' id='par_1_135' title="bbox 2203 4358 3842 4433">
     <span class='ocr_line' id='line_1_135' title="bbox 2203 4358 3842 4433; baseline -0.004 -14"><span class='ocrx_word' id='word_1_938' title='bbox 2203 4377 2350 4433; x_wconf 89' lang='lat' dir='ltr'><strong>sape</strong></span> <span class='ocrx_word' id='word_1_939' title='bbox 2387 4363 2758 4431; x_wconf 92' lang='lat' dir='ltr'><strong>conjunctum</strong></span> <span class='ocrx_word' id='word_1_940' title='bbox 2789 4377 2918 4417; x_wconf 91' lang='lat' dir='ltr'><strong>cum</strong></span> <span class='ocrx_word' id='word_1_941' title='bbox 2946 4358 3082 4417; x_wconf 79' lang='lat' dir='ltr'><strong>aliis</strong></span> <span class='ocrx_word' id='word_1_942' title='bbox 3109 4359 3385 4433; x_wconf 89' lang='lat' dir='ltr'><strong>symbolis</strong></span> <span class='ocrx_word' id='word_1_943' title='bbox 3408 4359 3545 4415; x_wconf 89' lang='lat' dir='ltr'><strong>boni</strong></span> <span class='ocrx_word' id='word_1_944' title='bbox 3569 4358 3842 4433; x_wconf 78' lang='lat' dir='ltr'><strong>Pastoris.</strong></span> 
     </span>
    </p>
   </div>
   <div class='ocr_carea' id='block_1_136' title="bbox 2205 4430 3845 4504">
    <p class='ocr_par' dir='ltr' id='par_1_136' title="bbox 2205 4430 3845 4504">
     <span class='ocr_line' id='line_1_136' title="bbox 2205 4430 3845 4504; baseline -0.006 -15"><span class='ocrx_word' id='word_1_945' title='bbox 2205 4443 2259 4490; x_wconf 93' lang='lat' dir='ltr'><strong>et</strong></span> <span class='ocrx_word' id='word_1_946' title='bbox 2286 4430 2506 4489; x_wconf 86' lang='lat' dir='ltr'><strong>Christi</strong></span> <span class='ocrx_word' id='word_1_947' title='bbox 2527 4434 2755 4488; x_wconf 92' lang='lat' dir='ltr'><strong>Domini</strong></span> <span class='ocrx_word' id='word_1_948' title='bbox 2787 4434 2953 4504; x_wconf 90' lang='lat' dir='ltr'><strong>signa</strong></span> <span class='ocrx_word' id='word_1_949' title='bbox 2975 4432 3285 4504; x_wconf 91' lang='lat' dir='ltr'><strong>operantis,</strong></span> <span class='ocrx_word' id='word_1_950' title='bbox 3321 4431 3646 4504; x_wconf 74' lang='lat' dir='ltr'><strong>prasertim</strong></span> <span class='ocrx_word' id='word_1_951' title='bbox 3680 4430 3738 4483; x_wconf 91' lang='lat' dir='ltr'><strong>in</strong></span> <span class='ocrx_word' id='word_1_952' title='bbox 3771 4441 3845 4504; x_wconf 81' lang='lat' dir='ltr'><strong>ur-</strong></span> 
     </span>
    </p>
   </div>
   <div class='ocr_carea' id='block_1_137' title="bbox 2205 4501 3844 4562">
    <p class='ocr_par' dir='ltr' id='par_1_137' title="bbox 2205 4501 3844 4562">
     <span class='ocr_line' id='line_1_137' title="bbox 2205 4501 3844 4562; baseline -0.005 -1"><span class='ocrx_word' id='word_1_953' title='bbox 2205 4505 2383 4562; x_wconf 91' lang='lat' dir='ltr'><strong>ceolis</strong></span> <span class='ocrx_word' id='word_1_954' title='bbox 2412 4505 2480 4560; x_wconf 88' lang='lat' dir='ltr'><strong>ad</strong></span> <span class='ocrx_word' id='word_1_955' title='bbox 2496 4505 2764 4560; x_wconf 87' lang='lat' dir='ltr'><strong>sacriﬁcii</strong></span> <span class='ocrx_word' id='word_1_956' title='bbox 2790 4501 3080 4559; x_wconf 75' lang='lat' dir='ltr'><strong>materiem</strong></span> <span class='ocrx_word' id='word_1_957' title='bbox 3104 4503 3503 4558; x_wconf 88' lang='lat' dir='ltr'><strong>continendam</strong></span> <span class='ocrx_word' id='word_1_958' title='bbox 3517 4501 3844 4560; x_wconf 86' lang='lat' dir='ltr'><strong>elaboratis,</strong></span> 
     </span>
    </p>
   </div>
   <div class='ocr_carea' id='block_1_138' title="bbox 2206 4569 3843 4640">
    <p class='ocr_par' dir='ltr' id='par_1_138' title="bbox 2206 4569 3843 4640">
     <span class='ocr_line' id='line_1_138' title="bbox 2206 4569 3843 4640; baseline -0.005 -8"><span class='ocrx_word' id='word_1_959' title='bbox 2206 4583 2308 4632; x_wconf 88' lang='lat' dir='ltr'><strong>aut</strong></span> <span class='ocrx_word' id='word_1_960' title='bbox 2337 4577 2405 4632; x_wconf 90' lang='lat' dir='ltr'><strong>ad</strong></span> <span class='ocrx_word' id='word_1_961' title='bbox 2449 4589 2674 4631; x_wconf 89' lang='lat' dir='ltr'><strong>sacrum</strong></span> <span class='ocrx_word' id='word_1_962' title='bbox 2708 4576 2959 4631; x_wconf 78' lang='lat' dir='ltr'><strong>chrisma</strong></span> <span class='ocrx_word' id='word_1_963' title='bbox 3004 4573 3434 4640; x_wconf 89' lang='lat' dir='ltr'><strong>asservandum,</strong></span> <span class='ocrx_word' id='word_1_964' title='bbox 3467 4579 3524 4627; x_wconf 90' lang='lat' dir='ltr'><strong>et</strong></span> <span class='ocrx_word' id='word_1_965' title='bbox 3567 4569 3843 4640; x_wconf 86' lang='lat' dir='ltr'><strong>ejusmodi</strong></span> 
     </span>
    </p>
   </div>
   <div class='ocr_carea' id='block_1_139' title="bbox 2207 4642 3842 4713">
    <p class='ocr_par' dir='ltr' id='par_1_139' title="bbox 2207 4642 3842 4713">
     <span class='ocr_line' id='line_1_139' title="bbox 2207 4642 3842 4713; baseline -0.006 -9"><span class='ocrx_word' id='word_1_966' title='bbox 2207 4649 2361 4704; x_wconf 87' lang='lat' dir='ltr'><strong>vasis</strong></span> <span class='ocrx_word' id='word_1_967' title='bbox 2389 4646 2890 4713; x_wconf 83' lang='lat' dir='ltr'><strong>ministerialibus,</strong></span> <span class='ocrx_word' id='word_1_968' title='bbox 2924 4645 3226 4712; x_wconf 89' lang='lat' dir='ltr'><strong>calicibus,</strong></span> <span class='ocrx_word' id='word_1_969' title='bbox 3260 4645 3487 4713; x_wconf 90' lang='lat' dir='ltr'><strong>patenis</strong></span> <span class='ocrx_word' id='word_1_970' title='bbox 3520 4642 3842 4713; x_wconf 84' lang='lat' dir='ltr'><strong>metallicis,</strong></span> 
     </span>
    </p>
   </div>
   <div class='ocr_carea' id='block_1_140' title="bbox 2208 4712 3845 4788">
    <p class='ocr_par' dir='ltr' id='par_1_140' title="bbox 2208 4712 3845 4788">
     <span class='ocr_line' id='line_1_140' title="bbox 2208 4712 3845 4788; baseline -0.007 -13"><span class='ocrx_word' id='word_1_971' title='bbox 2208 4719 2491 4775; x_wconf 86' lang='lat' dir='ltr'><strong>acvitrcis</strong></span> <span class='ocrx_word' id='word_1_972' title='bbox 2512 4731 2684 4788; x_wconf 90' lang='lat' dir='ltr'><strong>supra</strong></span> <span class='ocrx_word' id='word_1_973' title='bbox 2703 4717 3013 4786; x_wconf 91' lang='lat' dir='ltr'><strong>descriptis</strong></span> <span class='ocrx_word' id='word_1_974' title='bbox 3028 4717 3086 4772; x_wconf 90' lang='lat' dir='ltr'><strong>in</strong></span> <span class='ocrx_word' id='word_1_975' title='bbox 3102 4712 3346 4771; x_wconf 89' lang='lat' dir='ltr'><strong>Urbano.</strong></span> <span class='ocrx_word' id='word_1_976' title='bbox 3376 4736 3401 4788; x_wconf 68' lang='grc' dir='ltr'><em>ᾳ</em></span> <span class='ocrx_word' id='word_1_977' title='bbox 3421 4715 3696 4769; x_wconf 83' lang='lat' dir='ltr'><strong>Viderint</strong></span> <span class='ocrx_word' id='word_1_978' title='bbox 3711 4712 3845 4788; x_wconf 84' lang='lat' dir='ltr'><strong>unde</strong></span> 
     </span>
    </p>
   </div>
   <div class='ocr_carea' id='block_1_141' title="bbox 2209 4786 3847 4859">
    <p class='ocr_par' dir='ltr' id='par_1_141' title="bbox 2209 4786 3847 4859">
     <span class='ocr_line' id='line_1_141' title="bbox 2209 4786 3847 4859; baseline -0.005 -15"><span class='ocrx_word' id='word_1_979' title='bbox 2209 4791 2527 4846; x_wconf 83' lang='lat' dir='ltr'><strong>auctoritas</strong></span> <span class='ocrx_word' id='word_1_980' title='bbox 2581 4786 2775 4859; x_wconf 70' lang='lat' dir='ltr'><strong>iroris,</strong></span> <span class='ocrx_word' id='word_1_981' title='bbox 2820 4789 2890 4843; x_wconf 93' lang='lat' dir='ltr'><strong>de</strong></span> <span class='ocrx_word' id='word_1_982' title='bbox 2921 4801 3032 4858; x_wconf 91' lang='lat' dir='ltr'><strong>qua</strong></span> <span class='ocrx_word' id='word_1_983' title='bbox 3075 4796 3193 4842; x_wconf 93' lang='lat' dir='ltr'><strong>tum</strong></span> <span class='ocrx_word' id='word_1_984' title='bbox 3242 4787 3489 4859; x_wconf 80' lang='lat' dir='ltr'><strong>maxime</strong></span> <span class='ocrx_word' id='word_1_985' title='bbox 3538 4786 3847 4859; x_wconf 84' lang='lat' dir='ltr'><strong>quarimus</strong></span> 
     </span>
    </p>
   </div>
   <div class='ocr_carea' id='block_1_142' title="bbox 2228 4857 3842 4924">
    <p class='ocr_par' dir='ltr' id='par_1_142' title="bbox 2228 4857 3842 4924">
     <span class='ocr_line' id='line_1_142' title="bbox 2228 4857 3842 4924; baseline -0.007 -9"><span class='ocrx_word' id='word_1_986' title='bbox 2228 4862 2312 4916; x_wconf 88' lang='lat' dir='ltr'><strong>ait</strong></span> <span class='ocrx_word' id='word_1_987' title='bbox 2362 4857 2772 4915; x_wconf 85' lang='lat' dir='ltr'><strong>Tertullianus</strong></span> <span class='ocrx_word' id='word_1_988' title='bbox 2803 4859 2865 4914; x_wconf 91' lang='lat' dir='ltr'><strong>in</strong></span> <span class='ocrx_word' id='word_1_989' title='bbox 2927 4857 3078 4914; x_wconf 85' lang='lat' dir='ltr'><strong>libro</strong></span> <span class='ocrx_word' id='word_1_990' title='bbox 3126 4859 3191 4912; x_wconf 85' lang='lat' dir='ltr'><strong>de</strong></span> <span class='ocrx_word' id='word_1_991' title='bbox 3229 4857 3438 4912; x_wconf 85' lang='lat' dir='ltr'><strong>Corona</strong></span> <span class='ocrx_word' id='word_1_992' title='bbox 3473 4857 3699 4924; x_wconf 76' lang='lat' dir='ltr'><strong>mil-itis,</strong></span> <span class='ocrx_word' id='word_1_993' title='bbox 3734 4868 3842 4924; x_wconf 82' lang='lat' dir='ltr'><strong>pag.</strong></span> 
     </span>
    </p>
   </div>
   <div class='ocr_carea' id='block_1_143' title="bbox 2246 4925 3843 5000">
    <p class='ocr_par' dir='ltr' id='par_1_143' title="bbox 2246 4925 3843 5000">
     <span class='ocr_line' id='line_1_143' title="bbox 2246 4925 3843 5000; baseline -0.006 -12"><span class='ocrx_word' id='word_1_994' title='bbox 2246 4930 2314 4988; x_wconf 74' lang='grc'>34</span> <span class='ocrx_word' id='word_1_995' title='bbox 2336 4931 2475 4987; x_wconf 93' lang='lat' dir='ltr'><strong>edit.</strong></span> <span class='ocrx_word' id='word_1_996' title='bbox 2503 4933 2572 4987; x_wconf 92' lang='lat' dir='ltr'><strong>de</strong></span> <span class='ocrx_word' id='word_1_997' title='bbox 2591 4931 2643 4986; x_wconf 89' lang='lat' dir='ltr'><strong>la</strong></span> <span class='ocrx_word' id='word_1_998' title='bbox 2667 4929 2878 5000; x_wconf 80' lang='lat' dir='ltr'><strong>Barre.)</strong></span> <span class='ocrx_word' id='word_1_999' title='bbox 2901 4931 3073 4986; x_wconf 89' lang='lat' dir='ltr'><strong>Porro</strong></span> <span class='ocrx_word' id='word_1_1000' title='bbox 3091 4942 3219 4984; x_wconf 91' lang='lat' dir='ltr'><strong>cum</strong></span> <span class='ocrx_word' id='word_1_1001' title='bbox 3243 4928 3550 5000; x_wconf 80' lang='lat' dir='ltr'><strong>quaritur,</strong></span> <span class='ocrx_word' id='word_1_1002' title='bbox 3585 4942 3697 4982; x_wconf 91' lang='lat' dir='ltr'><strong>cur</strong></span> <span class='ocrx_word' id='word_1_1003' title='bbox 3719 4925 3843 4997; x_wconf 91' lang='lat' dir='ltr'><strong>quid</strong></span> 
     </span>
    </p>
   </div>
   <div class='ocr_carea' id='block_1_144' title="bbox 2209 4999 3847 5071">
    <p class='ocr_par' dir='ltr' id='par_1_144' title="bbox 2209 4999 3847 5071">
     <span class='ocr_line' id='line_1_144' title="bbox 2209 4999 3847 5071; baseline -0.005 -11"><span class='ocrx_word' id='word_1_1004' title='bbox 2209 5003 2561 5071; x_wconf 90' lang='lat' dir='ltr'><strong>observetur,</strong></span> <span class='ocrx_word' id='word_1_1005' title='bbox 2584 4999 2874 5058; x_wconf 91' lang='lat' dir='ltr'><strong>observari</strong></span> <span class='ocrx_word' id='word_1_1006' title='bbox 2900 5001 3126 5056; x_wconf 90' lang='lat' dir='ltr'><strong>interim</strong></span> <span class='ocrx_word' id='word_1_1007' title='bbox 3151 5006 3393 5071; x_wconf 88' lang='lat' dir='ltr'><strong>constat.</strong></span> <span class='ocrx_word' id='word_1_1008' title='bbox 3417 5018 3443 5071; x_wconf 59' lang='grc' dir='ltr'><strong><em>η</em></strong></span> <span class='ocrx_word' id='word_1_1009' title='bbox 3460 4999 3644 5070; x_wconf 88' lang='lat' dir='ltr'><strong>Signa</strong></span> <span class='ocrx_word' id='word_1_1010' title='bbox 3664 5008 3847 5071; x_wconf 85' lang='lat' dir='ltr'><strong>nempe</strong></span> 
     </span>
    </p>
   </div>
   <div class='ocr_carea' id='block_1_145' title="bbox 2209 5067 3848 5146">
    <p class='ocr_par' dir='ltr' id='par_1_145' title="bbox 2209 5067 3848 5146">
     <span class='ocr_line' id='line_1_145' title="bbox 2209 5067 3848 5146; baseline -0.007 -15"><span class='ocrx_word' id='word_1_1011' title='bbox 2209 5080 2345 5131; x_wconf 89' lang='lat' dir='ltr'><strong>sunt</strong></span> <span class='ocrx_word' id='word_1_1012' title='bbox 2376 5067 2587 5146; x_wconf 86' lang='lat' dir='ltr'><strong>rerum,</strong></span> <span class='ocrx_word' id='word_1_1013' title='bbox 2619 5075 2732 5128; x_wconf 92' lang='lat' dir='ltr'><strong>Deo</strong></span> <span class='ocrx_word' id='word_1_1014' title='bbox 2767 5087 2865 5142; x_wconf 92' lang='lat' dir='ltr'><strong>per</strong></span> <span class='ocrx_word' id='word_1_1015' title='bbox 2907 5071 3206 5142; x_wconf 89' lang='lat' dir='ltr'><strong>pontiﬁces</strong></span> <span class='ocrx_word' id='word_1_1016' title='bbox 3234 5067 3602 5146; x_wconf 71' lang='lat' dir='ltr'><strong>Christiz-inos</strong></span> <span class='ocrx_word' id='word_1_1017' title='bbox 3627 5071 3737 5125; x_wconf 88' lang='lat' dir='ltr'><strong>rite</strong></span> <span class='ocrx_word' id='word_1_1018' title='bbox 3763 5067 3848 5122; x_wconf 87' lang='lat' dir='ltr'><strong>di-</strong></span> 
     </span>
    </p>
   </div>
   <div class='ocr_carea' id='block_1_146' title="bbox 2208 5141 3844 5211">
    <p class='ocr_par' dir='ltr' id='par_1_146' title="bbox 2208 5141 3844 5211">
     <span class='ocr_line' id='line_1_146' title="bbox 2208 5141 3844 5211; baseline -0.004 -10"><span class='ocrx_word' id='word_1_1019' title='bbox 2208 5152 2486 5210; x_wconf 88' lang='lat' dir='ltr'><strong>catarum,</strong></span> <span class='ocrx_word' id='word_1_1020' title='bbox 2507 5141 2584 5200; x_wconf 66' lang='lat' dir='ltr'><strong>ut&#39;</strong></span> <span class='ocrx_word' id='word_1_1021' title='bbox 2607 5147 2665 5199; x_wconf 89' lang='lat' dir='ltr'><strong>in</strong></span> <span class='ocrx_word' id='word_1_1022' title='bbox 2690 5141 2957 5199; x_wconf 61' lang='lat' dir='ltr'><strong>universa</strong></span> <span class='ocrx_word' id='word_1_1023' title='bbox 2977 5156 3138 5198; x_wconf 90' lang='lat' dir='ltr'><strong>sacra</strong></span> <span class='ocrx_word' id='word_1_1024' title='bbox 3159 5141 3578 5211; x_wconf 88' lang='lat' dir='ltr'><strong>suppellectile,</strong></span> <span class='ocrx_word' id='word_1_1025' title='bbox 3604 5152 3663 5196; x_wconf 89' lang='lat' dir='ltr'><strong>et</strong></span> <span class='ocrx_word' id='word_1_1026' title='bbox 3694 5153 3844 5211; x_wconf 68' lang='lat' dir='ltr'><strong>penu.</strong></span> 
     </span>
    </p>
   </div>
   <div class='ocr_carea' id='block_1_147' title="bbox 2207 5210 3845 5286">
    <p class='ocr_par' dir='ltr' id='par_1_147' title="bbox 2207 5210 3845 5286">
     <span class='ocr_line' id='line_1_147' title="bbox 2207 5210 3845 5286; baseline -0.005 -14"><span class='ocrx_word' id='word_1_1027' title='bbox 2207 5217 2475 5285; x_wconf 91' lang='lat' dir='ltr'><strong>vasisque</strong></span> <span class='ocrx_word' id='word_1_1028' title='bbox 2506 5215 2775 5271; x_wconf 86' lang='lat' dir='ltr'><strong>Ecclesia</strong></span> <span class='ocrx_word' id='word_1_1029' title='bbox 2821 5216 2969 5286; x_wconf 81' lang='lat' dir='ltr'><strong>(qua</strong></span> <span class='ocrx_word' id='word_1_1030' title='bbox 3003 5210 3434 5286; x_wconf 77' lang='lat' dir='ltr'><strong>archidiaconis</strong></span> <span class='ocrx_word' id='word_1_1031' title='bbox 3463 5210 3845 5286; x_wconf 80' lang='lat' dir='ltr'><strong>commendari</strong></span> 
     </span>
    </p>
   </div>
   <div class='ocr_carea' id='block_1_148' title="bbox 2207 5283 3848 5357">
    <p class='ocr_par' dir='ltr' id='par_1_148' title="bbox 2207 5283 3848 5357">
     <span class='ocr_line' id='line_1_148' title="bbox 2207 5283 3848 5357; baseline -0.005 -13"><span class='ocrx_word' id='word_1_1032' title='bbox 2207 5302 2240 5344; x_wconf 91' lang='lat' dir='ltr'><strong>a</strong></span> <span class='ocrx_word' id='word_1_1033' title='bbox 2288 5283 2555 5357; x_wconf 83' lang='lat' dir='ltr'><strong>pontiﬁce</strong></span> <span class='ocrx_word' id='word_1_1034' title='bbox 2604 5283 2876 5357; x_wconf 65' lang='lat' dir='ltr'><strong>legimus</strong></span> <span class='ocrx_word' id='word_1_1035' title='bbox 2907 5283 2969 5341; x_wconf 84' lang='lat' dir='ltr'><strong>in</strong></span> <span class='ocrx_word' id='word_1_1036' title='bbox 3030 5285 3142 5357; x_wconf 88' lang='lat' dir='ltr'><strong>his</strong></span> <span class='ocrx_word' id='word_1_1037' title='bbox 3183 5284 3394 5357; x_wconf 82' lang='lat' dir='ltr'><strong>eisdem</strong></span> <span class='ocrx_word' id='word_1_1038' title='bbox 3447 5283 3754 5357; x_wconf 4' lang='lat' dir='ltr'><strong>numeris),</strong></span> <span class='ocrx_word' id='word_1_1039' title='bbox 3783 5283 3848 5335; x_wconf 85' lang='lat' dir='ltr'><strong>ita</strong></span> 
     </span>
    </p>
   </div>
   <div class='ocr_carea' id='block_1_149' title="bbox 2207 5355 3847 5428">
    <p class='ocr_par' dir='ltr' id='par_1_149' title="bbox 2207 5355 3847 5428">
     <span class='ocr_line' id='line_1_149' title="bbox 2207 5355 3847 5428; baseline -0.005 -12"><span class='ocrx_word' id='word_1_1040' title='bbox 2207 5355 2378 5416; x_wconf 85' lang='lat' dir='ltr'><strong>etiam</strong></span> <span class='ocrx_word' id='word_1_1041' title='bbox 2408 5359 2467 5412; x_wconf 87' lang='lat' dir='ltr'><strong>in</strong></span> <span class='ocrx_word' id='word_1_1042' title='bbox 2498 5355 2757 5414; x_wconf 83' lang='lat' dir='ltr'><strong>vestibus</strong></span> <span class='ocrx_word' id='word_1_1043' title='bbox 2788 5377 2800 5411; x_wconf 87' lang='lat'>:</span> <span class='ocrx_word' id='word_1_1044' title='bbox 2837 5371 2979 5428; x_wconf 90' lang='lat' dir='ltr'><strong>quas</strong></span> <span class='ocrx_word' id='word_1_1045' title='bbox 3025 5355 3266 5427; x_wconf 89' lang='lat' dir='ltr'><strong>proinde</strong></span> <span class='ocrx_word' id='word_1_1046' title='bbox 3308 5367 3502 5410; x_wconf 90' lang='lat' dir='ltr'><strong>sacras</strong></span> <span class='ocrx_word' id='word_1_1047' title='bbox 3555 5355 3760 5409; x_wconf 89' lang='lat' dir='ltr'><strong>haberi</strong></span> <span class='ocrx_word' id='word_1_1048' title='bbox 3803 5359 3847 5406; x_wconf 85' lang='lat' dir='ltr'><strong>et</strong></span> 
     </span>
    </p>
   </div>
   <div class='ocr_carea' id='block_1_150' title="bbox 2208 5428 3848 5500">
    <p class='ocr_par' dir='ltr' id='par_1_150' title="bbox 2208 5428 3848 5500">
     <span class='ocr_line' id='line_1_150' title="bbox 2208 5428 3848 5500; baseline -0.004 -14"><span class='ocrx_word' id='word_1_1049' title='bbox 2208 5429 2510 5500; x_wconf 87' lang='lat' dir='ltr'><strong>appellari,</strong></span> <span class='ocrx_word' id='word_1_1050' title='bbox 2541 5436 2714 5500; x_wconf 91' lang='lat' dir='ltr'><strong>atque</strong></span> <span class='ocrx_word' id='word_1_1051' title='bbox 2738 5444 2770 5484; x_wconf 94' lang='lat' dir='ltr'><strong>a</strong></span> <span class='ocrx_word' id='word_1_1052' title='bbox 2799 5430 3089 5500; x_wconf 89' lang='lat' dir='ltr'><strong>communi</strong></span> <span class='ocrx_word' id='word_1_1053' title='bbox 3123 5441 3233 5500; x_wconf 90' lang='lat' dir='ltr'><strong>usu</strong></span> <span class='ocrx_word' id='word_1_1054' title='bbox 3265 5428 3558 5500; x_wconf 76' lang='lat' dir='ltr'><strong>sejunctas</strong></span> <span class='ocrx_word' id='word_1_1055' title='bbox 3593 5438 3848 5500; x_wconf 50' lang='lat' dir='ltr'><strong>recogito.</strong></span> 
     </span>
    </p>
   </div>
   <div class='ocr_carea' id='block_1_151' title="bbox 2208 5496 3851 5573">
    <p class='ocr_par' dir='ltr' id='par_1_151' title="bbox 2208 5496 3851 5573">
     <span class='ocr_line' id='line_1_151' title="bbox 2208 5496 3851 5573; baseline -0.005 -15"><span class='ocrx_word' id='word_1_1056' title='bbox 2208 5496 2364 5558; x_wconf 81' lang='lat' dir='ltr'><strong>scere</strong></span> <span class='ocrx_word' id='word_1_1057' title='bbox 2414 5496 2677 5573; x_wconf 78' lang='lat' dir='ltr'><strong>cngimur</strong></span> <span class='ocrx_word' id='word_1_1058' title='bbox 2705 5507 2870 5573; x_wconf 85' lang='lat' dir='ltr'><strong>atate</strong></span> <span class='ocrx_word' id='word_1_1059' title='bbox 2910 5499 3204 5570; x_wconf 90' lang='lat' dir='ltr'><strong>Stephani,</strong></span> <span class='ocrx_word' id='word_1_1060' title='bbox 3249 5496 3720 5573; x_wconf 80' lang='lat' dir='ltr'><strong>constabilientis</strong></span> <span class='ocrx_word' id='word_1_1061' title='bbox 3755 5497 3851 5573; x_wconf 71' lang='lat' dir='ltr'><strong>de-</strong></span> 
     </span>
    </p>
   </div>
   <div class='ocr_carea' id='block_1_152' title="bbox 2207 5567 3848 5642">
    <p class='ocr_par' dir='ltr' id='par_1_152' title="bbox 2207 5567 3848 5642">
     <span class='ocr_line' id='line_1_152' title="bbox 2207 5567 3848 5642; baseline -0.004 -14"><span class='ocrx_word' id='word_1_1062' title='bbox 2207 5579 2362 5629; x_wconf 89' lang='lat' dir='ltr'><strong>creto</strong></span> <span class='ocrx_word' id='word_1_1063' title='bbox 2387 5567 2767 5642; x_wconf 64' lang='lat' dir='ltr'><strong>suo&#39;priscam</strong></span> <span class='ocrx_word' id='word_1_1064' title='bbox 2799 5567 3474 5637; x_wconf 71' lang='lat' dir='ltr'><strong>illamconsuetudinem,</strong></span> <span class='ocrx_word' id='word_1_1065' title='bbox 3491 5581 3670 5638; x_wconf 86' lang='lat' dir='ltr'><strong>quam</strong></span> <span class='ocrx_word' id='word_1_1066' title='bbox 3689 5567 3848 5622; x_wconf 88' lang='lat' dir='ltr'><strong>tradi-</strong></span> 
     </span>
    </p>
   </div>
   <div class='ocr_carea' id='block_1_153' title="bbox 2208 5642 3186 5700">
    <p class='ocr_par' dir='ltr' id='par_1_153' title="bbox 2208 5642 3186 5700">
     <span class='ocr_line' id='line_1_153' title="bbox 2208 5642 3186 5700; baseline -0.005 0"><span class='ocrx_word' id='word_1_1067' title='bbox 2208 5645 2365 5700; x_wconf 89' lang='lat' dir='ltr'><strong>tione</strong></span> <span class='ocrx_word' id='word_1_1068' title='bbox 2393 5649 2686 5700; x_wconf 85' lang='lat' dir='ltr'><strong>accenerat</strong></span> <span class='ocrx_word' id='word_1_1069' title='bbox 2702 5656 2735 5698; x_wconf 89' lang='lat' dir='ltr'><strong>a</strong></span> <span class='ocrx_word' id='word_1_1070' title='bbox 2759 5642 3186 5698; x_wconf 88' lang='lat' dir='ltr'><strong>decessorihus.</strong></span> 
     </span>
    </p>
   </div>
   <div class='ocr_carea' id='block_1_154' title="bbox 2280 5709 3848 5783">
    <p class='ocr_par' dir='ltr' id='par_1_154' title="bbox 2280 5709 3848 5783">
     <span class='ocr_line' id='line_1_154' title="bbox 2280 5709 3848 5783; baseline -0.006 -14"><span class='ocrx_word' id='word_1_1071' title='bbox 2280 5715 2467 5770; x_wconf 86' lang='lat' dir='ltr'><strong>Linea.</strong></span> <span class='ocrx_word' id='word_1_1072' title='bbox 2499 5709 2584 5770; x_wconf 77' lang='grc'><strong>13.</strong></span> <span class='ocrx_word' id='word_1_1073' title='bbox 2634 5744 2707 5755; x_wconf 93' lang='grc'><strong>-</strong></span> <span class='ocrx_word' id='word_1_1074' title='bbox 2743 5713 3000 5783; x_wconf 83' lang='lat' dir='ltr'><strong>Sepultus</strong></span> <span class='ocrx_word' id='word_1_1075' title='bbox 3057 5714 3224 5768; x_wconf 80' lang='lat' dir='ltr'><strong>estin</strong></span> <span class='ocrx_word' id='word_1_1076' title='bbox 3281 5711 3578 5783; x_wconf 75' lang='lat' dir='ltr'><strong>cameterio</strong></span> <span class='ocrx_word' id='word_1_1077' title='bbox 3621 5709 3848 5783; x_wconf 60' lang='lat' dir='ltr'><strong>palmi.</strong></span> 
     </span>
    </p>
   </div>
   <div class='ocr_carea' id='block_1_155' title="bbox 2211 5779 3850 5853">
    <p class='ocr_par' dir='ltr' id='par_1_155' title="bbox 2211 5779 3850 5853">
     <span class='ocr_line' id='line_1_155' title="bbox 2211 5779 3850 5853; baseline -0.006 -11"><span class='ocrx_word' id='word_1_1078' title='bbox 2211 5787 2344 5842; x_wconf 83' lang='lat' dir='ltr'><strong>inde</strong></span> <span class='ocrx_word' id='word_1_1079' title='bbox 2369 5792 2689 5841; x_wconf 81' lang='lat' dir='ltr'><strong>extractum</strong></span> <span class='ocrx_word' id='word_1_1080' title='bbox 2713 5779 3062 5842; x_wconf 76' lang='lat' dir='ltr'><strong>fuitsacrum</strong></span> <span class='ocrx_word' id='word_1_1081' title='bbox 3089 5784 3214 5853; x_wconf 88' lang='lat' dir='ltr'><strong>ejus</strong></span> <span class='ocrx_word' id='word_1_1082' title='bbox 3234 5795 3443 5852; x_wconf 89' lang='lat' dir='ltr'><strong>corpus</strong></span> <span class='ocrx_word' id='word_1_1083' title='bbox 3473 5794 3504 5835; x_wconf 88' lang='lat' dir='ltr'><strong>a</strong></span> <span class='ocrx_word' id='word_1_1084' title='bbox 3529 5782 3587 5836; x_wconf 89' lang='lat' dir='ltr'><strong>S.</strong></span> <span class='ocrx_word' id='word_1_1085' title='bbox 3620 5779 3850 5846; x_wconf 80' lang='lat' dir='ltr'><strong>Pauloi,</strong></span> 
     </span>
    </p>
   </div>
  </div>
