4052 6178
263 309 392 368 4401

1088 313 1406 372 HISTORIA
1453 316 1544 373 DE
1581 313 1758 371 vrris
1795 313 1963 372 nou.
2003 313 2204 371 PONT.
2247 348 2320 360 —
2361 319 2416 376 s.
2459 291 2871 381 STEPHANUS.

3524 324 3668 384 4402

262 447 374 525 una
389 439 1439 525 cumcorporesuccessorisDionysii,
1461 441 1767 525 quandoin
1782 453 1907 525 prov
1930 436 1990 498 A
2017 447 2421 525 communione
2444 449 2646 505 tandiu
2674 451 2919 525 excludi,
2941 453 3122 510 donec
3149 454 3440 511 diuturnae
3471 454 3665 525 paeni-

263 509 408 580 priis
429 508 649 564 aedibus
669 510 735 564 ad
756 524 1016 580 campum
1044 508 1319 568 Martium
1333 508 1644 568 constituit
1663 508 1900 568 titulum

257 579 361 654 SS._
380 579 650 654 Stephani
673 586 728 636 et
751 579 1032 652 Dionysii,
1059 583 1207 638 alias
1231 584 1324 639 SS.
1353 584 1622 654 Stephani
1655 590 1710 639 et
1728 583 1906 638 Silve-

259 651 366 706 stri
390 651 777 720 appellatum;
817 659 872 708 et
901 651 1217 710 oratorium
1252 651 1658 710 monachorum
1695 655 1903 710 ibidem

260 720 545 788 fundavit,
563 736 629 796 ac
647 724 954 796 utriusque
967 725 1258 794 pontiﬁcis
1277 731 1330 781 et
1346 727 1614 796 martyris
1629 726 1907 796 reliquias

261 805 325 848 eo
359 792 682 863 transtulit,
717 795 817 850 ubi
849 792 1247 853 asse—rvantur:
1287 798 1372 853 uti
1393 792 1616 853 constat
1636 812 1701 852 ex
1722 792 1906 852 docu-

261 864 467 919 mentis
497 879 672 933 supra
704 866 974 923 indicatis
997 869 1054 922 in
1081 867 1191 923 ﬁne
1221 875 1484 924 notarum
1506 869 1573 924 ad
1603 870 1662 923 B.
1693 867 1902 922 Anthe-

261 950 384 990 rum
438 935 666 1004 plenius
693 939 1048 1006 exponendis
1074 939 1224 994 infra
1249 940 1317 995 ad
1352 947 1516 996 notas
1539 941 1596 995 in
1625 941 1808 994 Vitam
1840 939 1903 992 B.

259 1007 416 1080 Pauli
441 1009 481 1062 Ι.
507 1008 775 1064 Diximus
796 1011 988 1073 etiam.
1015 1010 1069 1064 in
1089 1011 1488 1080 superioribus
1521 1012 1675 1066 notis
1693 1010 1760 1065 ad
1781 1009 1906 1064 An—

260 1078 508 1151 therum,
541 1086 728 1151 partes
761 1081 1140 1151 reliquiarum
1163 1078 1486 1138 earumdem
1509 1097 1541 1137 a
1573 1081 1789 1138 Paulol
1821 1080 1902 1136 ibi

254 1149 645 1225 depositarum
669 1150 849 1225 fuisse
879 1149 1236 1209 translatasa
1274 1154 1469 1225 Sergio
1499 1156 1546 1209 ll
1576 1154 1635 1209 in
1668 1152 1903 1208 titulum

252 1219 344 1294 SS.
366 1221 630 1294 Silvestri
662 1230 716 1277 et
742 1224 972 1279 Martini
1005 1225 1063 1278 in
1086 1219 1770 1294 Montibusvappellatum,
1803 1236 1905 1277 seu

257 1292 494 1365 titulum
543 1294 800 1363 Equitii:
855 1295 1332 1365 quemadmodum
1379 1292 1622 1351 testatur
1665 1295 1905 1365 antiqua

251 1363 448 1436 tabula
481 1377 794 1436 marmorea
829 1363 1042 1421 ibidem
1074 1366 1236 1422 aﬁixa
1259 1368 1315 1422 in
1343 1368 1620 1422 descensu
1644 1379 1676 1420 a
1703 1364 1906 1436 gradi—

253 1432 731 1508 b_us_presbyterii
761 1438 829 1492 ad
862 1437 1216 1508 hypogaeum,
1258 1444 1312 1494 et
1346 1432 1906 1508 subterranea'mec-

249 1505 506 1632 cltesitaim,
547 1505 802 1576 plurium
837 1505 1187 1578 scriptorum
1221 1507 1729 1565 lucubrationibus
1762 1507 1907 1562 illu—

251 1590 280 1630 s
316 1590 374 1632 ra
443 1618 455 1630 .

251 1590 455 1632 Sll'ala.

916 1667 1234 1724 CIACONII.

327 1757 498 1812 Linea
528 1754 584 1814 2.
632 1787 700 1798 -
742 1759 1013 1827 Martyrio
1042 1763 1353 1813 coronatur.
1393 1759 1529 1814 Cum
1563 1756 1903 1814 Valerianus

248 1829 582 1901 imperator,
617 1844 816 1901 rerum
853 1844 978 1900 quae
1009 1830 1354 1901 gerebantur
1380 1831 1667 1894 conscius,
1705 1828 1903 1901 missis

253 1899 564 1965 militibus,
617 1899 840 1956 beatum
874 1899 1242 1970 Stephanum
1283 1899 1793 1970 comprehenderit,
1837 1912 1902 1954 ac

239 1971 488 2039 jusserit
510 1971 674 2026 illum
704 1973 762 2027 in
795 1971 990 2028 fanum
1017 1973 1214 2028 Martis
1235 1973 1462 2040 deduci,
1490 1972 1588 2027 ubi
1613 1973 1664 2028 si
1689 1970 1779 2026 illi
1802 1984 1904 2024 sa-

243 2042 509 2114 criﬁcare
535 2043 730 2111 nollet,
761 2044 968 2112 capitis
999 2044 1279 2098 sententia
1320 2045 1644 2114 puniretur,
1679 2042 1903 2098 oratio-

250 2127 378 2168 nem
414 2113 788 2169 beatissimus
836 2114 1090 2184 pontifex
1129 2113 1333 2170 effudit
1361 2116 1429 2170 ad
1475 2117 1805 2182 Dominum,
1837 2126 1902 2167 ac

249 2190 484 2254 repente
505 2185 576 2240 de
604 2185 746 2241 coelo
773 2190 985 2240 tactum
1014 2192 1103 2240 est
1130 2185 1434 2242 delubrum
1487 2191 1540 2241 et
1574 2186 1812 2247 idolum,
1847 2190 1903 2239 et

250 2269 457 2328 magna
485 2269 551 2310 ex
595 2263 754 2325 parte
793 2258 1036 2328 corruit,
1070 2258 1287 2328 ingenti
1315 2272 1443 2312 cum
1476 2256 1716 2328 fragore.
1745 2259 1902 2311 Tunc

251 2327 472 2398 milites
502 2328 760 2382 exterriti
798 2327 1090 2398 fugerunt,
1137 2327 1524 2398 relinquentes
1553 2327 1900 2398 Stephanum

247 2397 444 2453 solum
471 2417 483 2464 ;
519 2399 616 2468 qui
649 2400 774 2455 suis
801 2397 1133 2455 comitatus.
1156 2401 1224 2454 ad
1253 2397 1903 2455 cremeterium'Lucinee

251 2469 580 2538 proximum
614 2484 672 2525 se
714 2470 941 2538 recepit,
979 2471 1176 2538 ibique
1208 2472 1335 2527 suis
1355 2471 1542 2526 denuo
1564 2472 1631 2526 ad
1659 2471 1902 2526 toleran-

249 2541 395 2595 tiam
418 2541 675 2610 martyrii
694 2542 1032 2607 exhortatis,
1058 2541 1633 2597 obtulitsacriﬁcium
1652 2543 1764 2597 Deo
1786 2555 1899 2596 om-

255 2612 570 2680 nipotenti.
620 2613 876 2668 Audiens
909 2613 1025 2668 haec
1073 2613 1433 2680 Valerianus,
1488 2614 1648 2668 misit
1671 2614 1740 2668 ad
1772 2626 1900 2668 eum

257 2683 602 2754 capiendum
629 2683 841 2754 milites
859 2698 1085 2746 rursus,
1110 2684 1561 2754 inveneruntque
1582 2698 1708 2739 eum
1732 2685 1906 2739 sacri-

259 2753 461 2826 ﬁcium
488 2754 600 2826 Deo
628 2753 949 2810 offerentem
978 2775 992 2823 ;
1020 2756 1122 2826 qui
1170 2753 1518 2824 intrepidus,
1551 2762 1820 2810 constans
1849 2761 1904 2810 et

256 2825 609 2897 impavidus,
639 2825 936 2893 perﬁciens
956 2834 1136 2896 empta
1165 2828 1454 2897 mysteria,
1481 2827 1538 2881 in
1565 2827 1759 2882 eodem
1780 2828 1904 2882 ioco

255 2902 392 2951 ante
413 2895 593 2950 altare
626 2897 682 2950 in
712 2911 816 2952 sua
859 2895 1176 2954 decollatus
1200 2895 1286 2953 est
1307 2899 1456 2965 sede,
1485 2911 1536 2952 ιν
1565 2898 1756 2953 Nonas
1781 2899 1906 2953 Au—

252 2967 414 3091 gusti
455 2980 589 3048 ann.
639 2965 762 3023 260.
813 2969 1018 3024 Factus
1063 2973 1150 3024 est
1194 2969 1275 3024 ibi
1330 2969 1592 3038 planctus
1622 2969 1906 3050 maximus

307 3038 740 3091 hristianorum.
789 3041 936 3091 quod
977 3045 1134 3091 tanto
1180 3045 1406 3091 pastore
1444 3046 1633 3091 essent
1677 3041 1902 3091 orbati:

307 3038 740 3103 hristianorum,
789 3041 936 3108 quod
977 3045 1134 3096 tanto
1180 3045 1406 3108 pastore
1444 3046 1633 3096 essent
1677 3041 1902 3104 orbati;

251 3109 844 3192 sepelierunt'corpu‘s
861 3112 985 3180 ejus
1006 3125 1135 3166 cum
1156 3112 1277 3181 ipsa
1295 3112 1446 3192 sede,
1476 3111 1905 3192 sanguine-ejus
1934 3125 1984 3188 α

250 3193 582 3252 conspersa,
613 3181 670 3252 in
717 3181 908 3237 eadem
954 3189 1170 3252 crypta,
1205 3197 1330 3252 quae
1369 3188 1455 3236 est
1498 3183 1554 3236 in
1580 3182 1903 3238 caemeterio

250 3250 479 3322 Calisti,
509 3253 599 3307 via
626 3251 826 3323 Appia,
861 3250 1032 3309 tertio
1060 3250 1134 3308 ab
1177 3250 1323 3309 Urbe
1351 3252 1652 3308 milliario.

977 3360 1157 3416 PAGll
1169 3399 1182 3414 .

328 3446 497 3501 Linea
532 3442 584 3501 7.
619 3477 693 3486 -
721 3448 866 3502 Fecit
915 3448 1205 3516 synodum.
1250 3450 1652 3517 Protestantes,
1694 3448 1809 3504 imo
1847 3454 1905 3504 et

251 3518 491 3588 quidam
522 3517 794 3574 catholici
827 3519 1176 3589 existimant,
1209 3520 1556 3588 Stephanum
1581 3520 1903 3576 damnando

254 3602 469 3644 morem
499 3589 766 3659 Cypriani
813 3595 868 3645 et
913 3589 1312 3646 Africanorum
1346 3592 1646 3658 antistum,
1682 3604 1903 3646 necnon

256 3659 584 3715 Firmiliani
600 3661 1049 3718 etOrientalium
1063 3663 1134 3717 de
1146 3661 1572 3732 rebaptizandis
1593 3662 1900 3729 haereticis,

256 3732 320 3787 in
363 3737 680 3787 extremum
724 3746 972 3788 errorem
1024 3734 1244 3803 lapsum
1295 3747 1440 3803 esse,
1472 3746 1538 3788 ac
1585 3734 1906 3789 decrevisse

254 3815 736 3873 quorumcunque
763 3804 1158 3860 haereticorum
1183 3804 1486 3873 baptisma,
1520 3806 1746 3860 etiamsi
1777 3818 1906 3860 con-

251 3879 418 3931 sueta
465 3881 518 3929 et
556 3874 795 3931 solemni
839 3875 1103 3931 Ecclesiae
1135 3875 1336 3945 forma,
1377 3883 1433 3932 et
1482 3877 1600 3932 ritu
1630 3876 1903 3932 collatum

255 3958 375 4018 non
406 3951 574 4018 esset,
603 3951 785 4018 ratum
809 3960 934 4002 esse
955 3953 1010 4002 et
1032 3947 1376 4018 legitimum,
1407 3948 1774 4018 proindeque
1792 3961 1903 4002 non

256 4017 604 4072 iterandum.
641 4017 846 4073 Verum
878 4018 995 4073 haec
1021 4017 1216 4087 opinio
1239 4019 1473 4074 omnino
1503 4017 1904 4086 improbabilis

257 4094 368 4143 est.
394 4088 452 4159 Si
487 4089 639 4143 enim
664 4102 793 4144 eum
827 4089 887 4143 in
917 4102 1166 4144 errorem
1201 4089 1399 4159 lapsus
1425 4088 1632 4144 fuisset
1661 4089 1907 4158 Stepha—

257 4171 396 4224 nus,
429 4158 519 4213 his
546 4159 904 4228 temporibus
933 4161 1200 4216 universa
1230 4158 1483 4217 Ecclesia
1512 4165 1732 4216 versata
1758 4165 1906 4214 esset

259 4230 320 4302 in
349 4242 577 4302 errore:
609 4243 806 4285 omnes
828 4231 1045 4302 quippe
1062 4233 1340 4301 episcopi,
1374 4232 1457 4288 vel
1497 4231 1790 4302 Cypriani,
1817 4229 1904 4286 vel

252 4301 530 4369 Stephani
563 4303 906 4356 sententiam
938 4301 1286 4370 tuebantur;
1317 4301 1559 4372 utraque
1593 4310 1781 4358 autem
1806 4315 1906 4357 se-

255 4371 511 4426 cundum
538 4373 719 4442 ipsam
737 4374 908 4430 etiam
936 4375 1379 4429 Protestantium
1408 4371 1790 4442 hypothesim,
1814 4387 1906 4428 er-

257 4455 432 4498 ronea
457 4453 597 4498 erat.
648 4446 920 4500 Praeterea
967 4444 1283 4514 Cyprianus
1328 4445 1388 4498 in
1421 4445 1595 4499 citata
1635 4446 1702 4499 ad
1735 4446 1905 4499 Pom—

255 4514 454 4583 peium
475 4515 737 4582 epistola,
758 4521 1022 4584 testatur,
1041 4515 1387 4584 Stephanum
1410 4514 1758 4584 baptismum
1784 4516 1904 4570 ha:-

257 4585 572 4640 reticorum
608 4593 793 4641 ratum
819 4586 1090 4642 habuisse
1121 4586 1192 4642 ob
1221 4587 1336 4641 vim
1363 4592 1415 4642 et
1440 4585 1747 4642 efﬁcaciam
1775 4600 1906 4642 ver-

252 4656 463 4728 borum
487 4657 966 4727 evangelicorum,
997 4657 1210 4728 quibus
1235 4656 1546 4713 confertur.
1576 4659 1761 4727 Quare
1777 4658 1908 4713 Ste-

256 4727 491 4799 phanus
521 4742 741 4797 semper
772 4727 1101 4797 supposuit,
1135 4728 1479 4799 baptismum
1513 4731 1700 4784 verbis
1731 4741 1909 4784 evan—

253 4798 482 4923 gelicis,
514 4805 579 4853 ut
630 4806 788 4853 ratus
836 4807 1008 4881 esset,
1048 4798 1298 4855 conferri
1330 4800 1552 4882 debere.
1585 4800 1719 4882 .Qua
1749 4801 1818 4855 de
1850 4812 1908 4854 re

281 4871 537 4923 eaendus
551 4869 993 4923 Schelestratius
1013 4877 1170 4923 narte
1192 4884 1228 4923 ιι
1251 4872 1632 4923 Antiquitatis
1652 4871 1908 4923 illustra-

281 4871 537 4941 egendus
551 4869 993 4941 Schelestratius
1013 4877 1170 4940 parte
1192 4884 1228 4925 ιι
1251 4871 1632 4941 Antiquitatis
1652 4871 1908 4926 illustra-

256 4947 351 5007 ιω,
387 4939 619 4994 dissert.
652 4938 701 5006 l,
730 4947 836 4996 art.
873 4939 929 5010 2,
971 4938 1069 4997 ubi
1102 4941 1226 4998 fuse
1253 4938 1701 4997 ostendittotam
1746 4955 1908 5011 quaa-

253 5011 510 5082 stionem
563 5011 910 5078 Stephanum
947 5013 1097 5068 inter
1146 5021 1199 5068 et
1242 5013 1587 5082 Cyprianum
1629 5012 1811 5069 fuisse
1841 5013 1910 5068 de

255 5081 550 5154 baptismo
601 5083 1034 5139 haereticorum:
1071 5081 1373 5154 supposito
1405 5085 1555 5154 quod
1587 5085 1645 5140 in
1678 5082 1909 5140 nomine

251 5152 496 5222 Christi,
526 5167 627 5209 seu
653 5153 961 5210 Trinitatis
994 5152 1161 5210 illum
1191 5152 1544 5212 conferrent.

919 5261 1253 5317 SOMMIER.

333 5347 505 5404 Linea
527 5345 584 5404 7.
609 5377 682 5390 —
708 5351 850 5404 Fecit
877 5351 1166 5418 synodum.
1201 5352 1413 5420 Lapsus
1447 5350 1702 5421 plurium
1732 5353 1908 5409 Chri-

249 5419 581 5492 stianorum
603 5422 885 5492 cujusque
905 5429 1091 5478 status
1107 5429 1162 5478 et
1181 5419 1533 5492 conditionis
1557 5424 1613 5477 in
1636 5437 1907 5492 persecu-

249 5491 538 5563 tionibus,
573 5491 837 5563 adegerat
907 5493 1238 5560 Ecclesiam,
1298 5491 1414 5547 sub
1457 5495 1908 5563 prtecedentibus

253 5562 657 5633 pontiﬁcibus,
689 5562 758 5619 ad
818 5564 1271 5632 pra'scribendas
1311 5562 1540 5632 regulas
1571 5566 1911 5633 ptenitenti-

253 5635 390 5702 bus,
407 5633 622 5704 quibus
635 5647 767 5689 seex
781 5635 1346 5704 piarentdeadmisso
1369 5634 1602 5704 scelere,
1620 5644 1675 5690 et
1690 5637 1909 5692 recidi—

250 5719 383 5780 vam
402 5711 686 5780 caverent.
712 5706 934 5763 Fideles
961 5707 1120 5780 nullo
1140 5704 1546 5780 ecclesiastico
1560 5707 1908 5780 ministerio,

251 5777 447 5835 aliove
475 5776 710 5846 publico
739 5792 973 5834 munere
1003 5779 1276 5848 insignes,
1308 5777 1407 5848 qui
1433 5776 1608 5833 idolis
1640 5776 1913 5837 immolaé

249 5853 478 5918 verant,
508 5848 900 5906 absolutionis
934 5849 1208 5905 beneﬁcio
1236 5861 1432 5905 carere
1475 5848 1774 5924 debebant,
1802 5858 1910 5909 eta

2015 520 2208 594 tentia;
2248 519 2529 594 rigidiora
2561 524 2949 594 experimenta
2985 526 3387 594 prastitissent
3419 546 3431 581 :
3466 519 3663 582 clerici

2015 603 2146 667 vero
2194 590 2251 645 in
2299 591 2445 667 idem
2493 590 2680 667 scelus
2735 590 3003 664 prolapsi"
3034 597 3416 664 depositionis
3443 611 3663 667 ptenam

2016 661 2214 716 subire
2226 661 2914 737 cogebanturﬁcitra'spem‘
2934 661 3326 724 restitutionis
3342 668 3410 722 ad
3437 661 3665 737 propria

2017 745 2250 788 munera
2293 736 2666 803 resumenda;
2704 737 2851 792 nihil
2878 738 3036 794 aliud
3081 738 3402 794 assecuturi
3431 736 3495 794 ex
3529 736 3667 794 sus-

2016 809 2173 872 cepta
2197 805 2428 872 pcenitet
2451 806 2553 875 tia,
2588 819 2756 875 quam
2782 813 2846 863 ut
2875 809 2941 864 ad
2970 809 3172 864 laicam
3203 810 3663 866 communionem

2015 875 2242 951 admitti
2275 882 2522 951 possent.
2557 878 2722 933 Hisce
2746 879 2963 951 regulis
2979 881 3449 951 astringebantur
3473 889 3528 935 et
3560 893 3666 949 pa-

2016 945 2214 1020 rebant
2263 949 2593 1020 quicunque
2641 963 2784 1004 verae
2815 945 3199 1020 'pmnitentiaé'
3240 952 3453 1020 spiritu
3484 945 3667 1006 duce-

2016 962 2214 1000 renant
2263 962 2593 1072 qhuicunque
2641 963 2784 1004 verae
2842 962 3190 1020 pmnitentiae
3240 962 3453 1020 spiritu
3484 962 3667 1006 duce-

2016 1016 2251 1101 baptur:
2325 1018 2743 1101 ypocritte‘vero
2763 1026 2818 1076 et
2836 1023 3264 1101 qui‘desideriis
3286 1022 3668 1101 saecularibus

2014 1087 2542 1164 diﬂluebant,_nihil
2560 1087 2868 1164 studebant
2876 1094 3153 1149 attentius
3170 1107 3340 1164 quam
3360 1093 3662 1150 uteasdem

2016 1160 2244 1234 regulas
2263 1160 2604 1234 eluderent,
2641 1162 2816 1231 Quies
2859 1164 3126 1220 Ecclesia:
3152 1160 3376 1220 reddita
3413 1165 3533 1234 (seu
3562 1178 3666 1219 ve—

2018 1231 2143 1286 rius
2162 1230 2432 1305 malacia)
2458 1231 2563 1305 sub
2594 1230 2828 1305 initium
2861 1237 3222 1305 principatus
3262 1230 3571 1299 Valeriani,
3610 1241 3666 1289 et

2019 1301 2388 1374 pontiﬁcatus
2405 1303 2463 1356 B.
2486 1302 2780 1372 Stephani,
2801 1301 3158 1362 occasionem
3186 1306 3396 1362 obtulit
3414 1306 3664 1374 complu-

2017 1372 2255 1428 ribusin
2281 1375 2683 1440 poenitentium
2705 1377 2963 1432 ordinem
2978 1376 3121 1433 falso
3135 1378 3406 1440 redactis,
3424 1372 3666 1432 rebelles

2017 1444 2642 1518 spiritusassumendi,
2673 1447 3017 1516 quibusdam
3045 1454 3236 1518 aperte
3265 1462 3330 1504 ac
3365 1449 3424 1501 in
3454 1459 3665 1516 propa-

2019 1515 2161 1590 tul_o,
2181 1515 2318 1590 aliis
2338 1529 2468 1590 vero
2493 1515 2722 1590 fraudes
2741 1515 3096 1590 technasque
3111 1527 3264 1575 attex
3276 1519 3419 1575 endo
3440 1515 3506 1573 ad
3532 1515 3666 1588 pra:-

2017 1585 2208 1642 sulum
2237 1587 2526 1655 justitiam
2551 1589 2910 1658 eludendam,
2940 1585 3041 1646 aut
3070 1593 3138 1647 ad
3163 1591 3405 1646 abusum
3425 1585 3666 1645 eorum-

2016 1658 2141 1713 dem
2184 1657 2517 1713 clementiae.
2550 1659 2791 1728 Quidam
2813 1657 3264 1717 Fortunatianus
3285 1676 3351 1718 ex
3378 1660 3568 1716 Africa
3597 1661 3667 1716 de

2018 1741 2255 1784 numero
2269 1735 2389 1784 erat
2407 1730 2569 1786 illius
2585 1733 2782 1799 prima:
2796 1732 3020 1788 classis.
3038 1734 3160 1788 Etsi
3181 1733 3482 1801 depositus
3507 1731 3666 1787 fuis-

1932 1803 1985 1866 Β
2018 1801 2548 1870 setabepiscopatu,
2578 1802 2813 1860 suffecto
2837 1805 2897 1859 in
2919 1804 3247 1873 ejuslocum
3264 1805 3666 1869 Epicteto;at—

2017 1878 2202 1944 tamen
2230 1873 2610 1944 pontiﬁcalia
2646 1888 2908 1930 exercere
2952 1889 3063 1930 non
3089 1875 3424 1944 desistebat,
3461 1887 3664 1944 magno

2014 1957 2143 1997 cum
2171 1942 2427 2016 ﬁdelium
2460 1945 2750 2016 seandalo.
2778 1947 3099 2016 Cyprianus
3128 1948 3385 2002 occurrit
3414 1942 3666 2002 auctori-

2017 2020 2130 2070 tate
2153 2027 2257 2070 sua
2291 2015 2424 2087 huic
2450 2015 2616 2085 malo,
2647 2015 2905 2073 scribens
2922 2031 3063 2074 novo
3085 2019 3175 2073 illi
3197 2019 3486 2087 episcopo,
3515 2017 3667 2085 ejus-

2015 2099 2137 2159 que,
2160 2086 2388 2159 populo,
2421 2101 2488 2159 ne
2509 2088 2560 2142 id
2591 2091 2859 2144 attentari
2892 2089 3140 2145 ulterius
3169 2086 3538 2159 paterentur;
3565 2089 3662 2145 sed

2017 2157 2281 2230 Ecclesia:
2304 2157 2532 2230 regulas
2563 2159 2853 2217 observavi
2888 2157 3184 2228 curarent,“
3213 2173 3422 2230 eosque
3453 2174 3666 2216 acom-

2015 2229 2286 2304 munione
2318 2229 2576 2304 ﬁdelium
2621 2237 2947 2303 segregatos
2990 2232 3282 2303 haberent,
3313 2229 3414 2303 qui
3438 2232 3664 2289 easdem
3695 2301 3700 2304 _

2013 2300 2243 2370 regulas
2273 2300 2831 2367 transgrederentur.
3272 2300 3278 2303 ’
3330 2300 3348 2303 “
3693 2305 3696 2308 ’

2085 2371 2289 2444 Verum
2321 2372 2600 2444 Basilides
2625 2379 2681 2428 et
2713 2374 3017 2443 Martialis,
3064 2374 3165 2431 ille
3202 2375 3662 2444 Legionensium,

2014 2441 2110 2516 hic
2139 2442 2601 2516 Asturicensium
2625 2444 2695 2500 ab
2722 2441 3053 2515 episcopatu
3084 2447 3143 2501 in
3171 2441 3447 2516 Hispania
3479 2441 3664 2515 depo—é

2015 2514 2137 2577 siti,
2170 2514 2237 2568 ad
2266 2515 2615 2588 Stephanum
2664 2514 2977 2573 Romanum
3023 2514 3346 2586 pontiﬁcem
3383 2514 3665 2588 confuge-

2016 2590 2171 2651 runt,
2207 2590 2270 2639 ut
2315 2586 2503 2654 ipsius
2551 2588 2896 2644 auctoritate
2944 2602 3133 2645 secum
3181 2586 3668 2644 remitteretur'de

2017 2656 2208 2728 rigore
2237 2655 2402 2728 legis,
2435 2657 2528 2712 cui
2556 2663 2616 2713 ut
2651 2666 2912 2727 parerent
2945 2660 3392 2728 provincialium
3425 2673 3665 2715 suorum

2015 2727 2071 2781 vi
2097 2726 2498 2799 adigebantur.
2525 2726 2712 2784 Romae
2743 2726 2959 2799 auditi,
2987 2736 3042 2785 et
3079 2730 3382 2787 favorabili
3413 2745 3540 2785 cum
3571 2743 3669 2785 re-

2016 2798 2234 2869 scripto
2265 2812 2426 2853 suam
2462 2800 2519 2854 in
2563 2800 2912 2869 provinciam
2945 2798 3156 2857 reversi
3203 2808 3356 2858 sunt.
3391 2801 3666 2857 Cazterum

2017 2883 2146 2942 cum
2181 2868 2415 2924 illorum
2456 2868 2627 2926 causa
2660 2873 2721 2942 in
2767 2873 3220 2928 contradictorio
3247 2873 3474 2941 judicio
3518 2872 3666 2942 apud

2019 2940 2325 3012 Romanam
2351 2943 2536 3012 sedem
2561 2956 2672 3012 non
2701 2941 2906 2998 fuisset
2927 2944 3213 3011 discussa,
3242 2940 3386 3012 ipsis
3408 2940 3669 2998 tantum—

2020 3011 2184 3066 modo
2213 3025 2314 3079 pro
2359 3011 2552 3067 lubitu
2583 3011 2732 3067 facta
2763 3014 3185 3082 exponentibus
3218 3011 3315 3083 per
3343 3014 3660 3068 absentiam

2021 3089 2435 3154 accusatorum,
2494 3084 2719 3138 nemine
2764 3097 3035 3153 responsa
3081 3090 3419 3154 opponente,
3477 3084 3664 3139 visum

2015 3158 2101 3207 est
2122 3153 2395 3208 Ecclesiis
2424 3153 2856 3222 Hispaniarum,
2883 3156 3107 3211 eosdem
3131 3169 3244 3210 non
3271 3169 3393 3210 esse
3421 3162 3551 3210 ante
3581 3169 3663 3210 re-

2015 3224 2313 3296 cipiendos
2335 3238 2503 3292 quam
2525 3223 2771 3279 aliarum
2794 3225 3175 3296 Ecclesiarum
3197 3225 3473 3296 suffragia
3503 3239 3668 3294 expe-

2016 3295 2290 3367 rirentur.
2309 3295 2389 3349 Ad
2413 3296 2702 3364 proximas
2725 3296 2906 3367 igitur
2929 3295 3332 3352 Africanorum
3354 3295 3666 3363 cbnversaz,

2017 3373 2080 3438 ut
2105 3366 2174 3420 de
2201 3367 2429 3435 negotio
2451 3371 2564 3420 tam
2598 3366 2997 3438 gravieasdem
3029 3368 3412 3436 consulerent,
3444 3367 3664 3436 quibus

2013 3437 2333 3507 Cyprianus
2382 3442 2596 3492 tantam
2637 3438 2983 3494 conciliabat
3024 3438 3230 3493 famam
3276 3439 3554 3494 doctrinae
3599 3451 3665 3493 ac

2013 3507 2363 3580 disciplima.
2386 3508 2627 3580 Felicem
2657 3522 2723 3564 ac
2744 3509 3027 3580 Sabinum
3057 3511 3354 3580 episcopos
3396 3509 3666 3579 ablegant

2018 3580 2076 3634 in
2107 3579 2356 3635 aliorum
2402 3579 2591 3635 locum
2639 3579 2926 3651 suffectos,
2978 3595 3106 3637 cum
3141 3579 3376 3643 litteris,
3411 3580 3662 3650 aliisque

2014 3651 2375 3722 documentis
2408 3664 2597 3722 rerum
2637 3664 2701 3705 ea
2729 3652 2800 3706 de
2834 3665 3007 3707 causa
3047 3657 3358 3722 gestarum.
3389 3651 3666 3720 Comper-

2015 3730 2134 3777 tum
2151 3719 2287 3786 fuit,
2306 3721 2611 3777 Basilidem
2633 3735 2699 3777 ac
2712 3723 3026 3779 Martialem
3038 3719 3166 3792 j‘ure
3180 3721 3362 3778 fuisse
3373 3719 3669 3791 depoSitos

2009 3793 2174 3862 juxta
2204 3793 2430 3864 decreta
2461 3793 2611 3848 beati
2652 3793 2903 3850 Cornelii
2945 3808 3120 3864 papae,
3149 3795 3298 3864 apud
3335 3795 3667 3849 universam

2016 3863 2325 3919 Ecclesiam
2371 3870 2627 3934 recepta:
2679 3865 2891 3934 quibus
2931 3863 3301 3922 declararunt
3329 3879 3395 3921 eo
3440 3865 3668 3920 ﬁrmius

2015 3949 2138 3990 esse
2176 3935 2602 4007 adhaerendum,
2635 3951 2748 4007 quo
2795 3937 3152 4006 pervicacius
3181 3937 3240 3992 hi
3277 3937 3534 3992 homines
3571 3937 3669 3990 in—

2018 4006 2224 4076 quieti,
2255 4005 2497 4061 fallacie
2522 4014 2578 4062 et
2606 4005 3124 4064 circumventionis
3155 4009 3401 4064 crimine
3431 4013 3668 4076 aposta—

2017 4078 2161 4132 siam
2193 4077 2576 4143 cumulantes,
2609 4085 2666 4133 et
2695 4085 2919 4147 peccata
2947 4080 3269 4148 superiora,
3298 4079 3667 4148 obreptitiam

2017 4149 2444 4220 concessionem
2486 4156 2845 4205 extorserant
2873 4163 2902 4204 a
2935 4151 3242 4220 Stephano,
3272 4149 3670 4206 fraudulenter

2017 4221 2086 4276 ad
2118 4219 2478 4274 clementiam
2513 4227 2794 4290 pertracto
2824 4239 2836 4275 :
2865 4222 2950 4276 uti
2975 4219 3198 4277 constat
3221 4235 3289 4277 ex
3323 4221 3539 4277 litteris
3566 4220 3670 4290 Cy-

2020 4291 2232 4362 priani,
2261 4287 2632 4361 epistola’67,
2666 4291 2746 4348 ita
2786 4292 3131 4348 scribentis:

2092 4383 2118 4414 «
2170 4364 2282 4418 Nec
2337 4362 2660 4418 rescindere
2709 4364 3132 4420 ordinationem
3182 4364 3314 4432 jure
3367 4361 3670 4432 perfectam

2021 4440 2226 4502 potest,
2258 4435 2407 4503 quod
2439 4435 2718 4490 Basilides
2754 4443 2880 4504 post
2905 4436 3150 4491 crimina
3183 4448 3287 4489 sua
3315 4435 3578 4493 delectat,
3617 4438 3673 4486 et

2018 4506 2432 4561 conscientiam
2478 4505 2646 4560 etiam
2696 4508 2925 4575 pr0pria
2979 4505 3333 4560 confessione
3375 4504 3668 4575 nudatam,

2021 4578 2251 4632 Romam
2273 4590 2531 4646 pergens,
2555 4573 2902 4643 Stephanum
2924 4576 3197 4645 collegam
3222 4581 3480 4646 nostrum
3506 4573 3672 4642 longe

2022 4649 2293 4713 positum,
2323 4645 2395 4701 et’
2421 4653 2589 4716 gestae
2622 4647 2726 4712 rei,
2759 4660 2824 4700 ac
2866 4647 3053 4700 tacitae
3095 4645 3356 4700 veritatis
3404 4645 3665 4716 ignarum

2022 4717 2243 4773 fefellit.
2267 4718 2378 4772 Hoc
2397 4714 2461 4772 eo
2495 4717 2759 4786 pertinet,
2787 4722 2849 4771 ut
2871 4716 3144 4772 Basilidis
3163 4730 3273 4772 non
3307 4721 3420 4770 tam
3452 4714 3667 4769 abolita

2021 4790 2158 4853 sint,
2188 4801 2357 4856 quam
2385 4788 2674 4842 cumulata
2697 4787 2928 4856 delicta,
2949 4794 3011 4842 ut
3026 4787 3092 4842 ad
3115 4788 3413 4856 superiora
3443 4794 3666 4856 peccata

2019 4859 2334 4928 ejus’etiam
2358 4857 2598 4912 fallaciae
2624 4863 2678 4912 et
2698 4858 3210 4914 circumventionis
3237 4859 3453 4913 crimen
3480 4869 3668 4928 acces-

2021 4926 2177 4986 serit.
2213 4931 2406 4998 Neque
2430 4930 2582 4984 enim
2616 4935 2730 4983 tam
2763 4929 3084 4998 culpandus
3103 4935 3188 4984 est
3215 4930 3335 4996 ille,
3357 4929 3451 4983 cui
3475 4926 3668 4998 negli—

2059 5009 2216 5056 enter
2265 4999 2563 5068 obreptum
2612 5006 2719 5066 est,
2763 5013 2931 5070 quam
2973 5000 3068 5054 hic
3112 4999 3515 5066 exsecrandus,
3568 4998 3666 5070 qui

2048 5070 2419 5127 raudulenter
2469 5068 2815 5140 obrepsit..I.
2873 5070 2978 5125 Sed
3029 5083 3129 5126 nec
3177 5070 3428 5125 Martiali
3483 5068 3672 5138 potuit

2023 5141 2309 5212 profuisse
2361 5140 2705 5196 fallacia....
2763 5143 3009 5196 maxime
3060 5155 3188 5196 cum
3261 5143 3373 5210 jam
3452 5140 3666 5208 pridem

2022 5213 2344 5281 nobiscum,
2367 5219 2568 5268 etcum
2597 5212 2866 5269 omnibus
2886 5212 3121 5268 omnino
3147 5212 3434 5282 episcopis
3457 5212 3515 5265 in
3549 5216 3668 5265 toto

2024 5285 2236 5340 mundo
2280 5285 2618 5340 constitutis
2647 5285 2819 5340 etiam
2858 5284 3160 5340 Cornelius
3209 5283 3425 5353 collega
3470 5291 3661 5337 noster

2021 5356 2286 5411 sacerdos
2328 5355 2602 5425 paciﬁcus
2640 5369 2705 5410 ac
2747 5356 2963 5424 justus,
3010 5362 3066 5410 et
3113 5355 3385 5424 martyrio
3438 5366 3669 5425 quoque

2019 5424 2353 5496 dignatione
2377 5427 2605 5481 Domini
2633 5426 2947 5482 honoratus
2966 5425 3298 5491 decreverit,
3331 5424 3664 5493 hujusmodi

2023 5498 2284 5553 homines
2311 5499 2379 5552 ad
2434 5497 2828 5566 paenitentiam
2889 5498 3118 5568 quidem
3171 5497 3445 5568 agendam
3504 5508 3667 5564 posse

2020 5569 2272 5637 admitti,
2314 5570 2386 5622 ab
2424 5569 2788 5625 ordinatione
2815 5567 3003 5625 autem
3047 5567 3221 5634 cleri,’
3253 5574 3426 5638 atque
3474 5580 3670 5622 sacer—

2019 5640 2200 5695 dotali
2231 5639 2442 5695 honore
2474 5640 2791 5709 prohiberi.
2823 5658 2850 5690 ››

2091 5712 2290 5767 Hostes
2317 5711 2580 5766 Romanae
2601 5711 2776 5780 sedis,
2797 5717 2852 5767 et
2877 5710 3056 5766 invidi
3079 5709 3332 5780 ejusdem
3360 5709 3667 5780 auctorita—

2021 5782 2099 5838 tis
2144 5781 2433 5838 inutiliter
2471 5779 2793 5839 abutuntur
2836 5779 3166 5851 hujusmodi
3200 5793 3474 5850 responso
3504 5779 3669 5851 Afri-

2020 5867 2296 5911 canorum
2325 5855 2392 5909 ad
2435 5855 2715 5925 Hispanos
2763 5849 3053 5925 prazsules.
3104 5849 3307 5908 Primo
3349 5853 3524 5919 enim,
3560 5849 3668 5904 hoc
