4070 6178
426 284 565 345 4403

1633 281 1991 340 ANASTASII
2026 278 2573 336 BIBLIOTHECARII

3676 277 3822 336 4404

425 425 757 483 responsum
781 409 932 468 nihil
954 408 1260 483 admodum
1291 406 1494 483 probat
1516 412 1714 483 contra
1734 400 2350 483 jusetcon-Apoeta
2397 402 2791 483 imaginantur
2840 403 3183 483 per_l_unam
3231 402 3553 483 prastitum
3611 400 3711 483 iri,
3770 400 3821 456 si

423 479 784 541 suetudinem
815 481 1268 553 appellandi,get
1309 479 1612 553 accedendi
1659 479 1917 553 undique
1943 483 2067 553 ter-

425 569 613 612 rarum
638 557 708 612 ad
755 548 1060 612 Romanam
1106 548 1292 609 sedem
1324 551 1391 607 ad
1443 548 2065 620 impetrandamjusti—

422 628 583 693 tiam,
616 634 716 698 aut
743 626 1006 698 gratiam,
1046 637 1288 698 quarum
1324 622 1632 698 utriusque
1672 621 2062 698 dispensatrix

422 691 643 769 semper
672 691 786 754 fuit
816 698 934 752 hac
963 691 1123 769 sedes
1152 708 1435 769 suprema.
1466 691 1584 769 Im’o
1601 692 1771 764 (quod
1799 699 1886 747 est
1899 691 2058 769 alte-

423 764 1024 848 rumiobservandum)‘
1046 766 1147 822 illa
1175 767 1308 848 ipsa.
1332 766 1642 848 responsie
1666 764 1956 848 supponit
1964 764 2064 848 j'us

428 841 570 898 illud
602 839 927 910 appellandi
977 835 1034 910 et
1080 835 1450 908 confugiendi
1488 836 1557 891 ad
1605 836 1869 891 Romana
1907 835 2063 910 sedis

423 905 828 968 tribunal'esse
856 908 1124 967 omnibus
1149 905 1345 964 notﬁm
1370 922 1437 964 ac
1469 913 1755 977 receptum
1778 924 1793 971 :
1823 921 1949 962 cum
1979 905 2062 961 ibi

420 985 726 1040 adnotetur
752 981 1043 1039 distantia
1065 979 1427 1036 intervallum
1456 992 1566 1036 non
1594 978 1893 1048 impedire,
1912 990 2066 1047 quo—

424 1055 615 1112 minus
653 1056 721 1112 ad
750 1054 1001 1110 eamdem
1033 1053 1220 1108 sedem
1264 1065 1374 1107 non
1418 1057 1789 1119 provocetur:
1824 1049 2064 1118 Stepha—

420 1142 551 1181 num
606 1127 758 1194 longe
795 1128 1051 1195 positum.
1097 1123 1289 1179 Tertio
1333 1141 1345 1176 :
1402 1123 1612 1195 Revera
1672 1122 1732 1176 in
1789 1132 2062 1195 responso

418 1190 720 1266 asseritur,
742 1190 861 1252 eam
884 1196 1220 1266 distentian
1242 1194 1299 1248 in
1317 1207 1490 1266 causa
1507 1191 1709 1266 fuisse,
1732 1198 1796 1248 ut
1824 1190 2061 1248 facilius

419 1269 488 1324 ab
526 1264 807 1339 apostatis
852 1266 1106 1323 conﬁcta
1151 1265 1382 1339 fraudes
1426 1264 1774 1339 Stephanum
1806 1275 2062 1339 occupa-

420 1335 579 1409 rent,’
597 1342 751 1407 longe
772 1341 1011 1407 positum
1052 1337 1271 1409 fefellit.
1298 1338 1574 1409 Caterum
1603 1335 1739 1409 dum
1773 1335 2063 1409 perstrin—

418 1412 503 1483 git
532 1405 935 1483 negligentiam
962 1408 1254 1483 pontiﬁcis
1283 1408 1351 1462 ad
1381 1406 1718 1483 sententiam
1747 1405 2061 1483 absolutio-

418 1476 510 1538 nis
560 1476 918 1551 piceisdentis
964 1476 1120 1534 citra
1180 1479 1401 1548 plenam
1455 1476 1588 1551 facti
1648 1477 2057 1551 cognitionem,

416 1549 659 1608 veritatis
706 1555 979 1619 ignarum,
1036 1563 1148 1605 non
1206 1557 1371 1621 negat
1414 1549 1600 1619 judici
1658 1549 2059 1618 pronuntianti

418 1630 827 1692 competentem
853 1622 1269 1679 auctoritatem.
1298 1620 1543 1689 Quarto:
1575 1621 1633 1674 Id
1657 1620 1827 1675 etiam
1861 1626 2061 1692 osten-

417 1697 505 1752 dit
548 1691 863 1765 legitimam
908 1698 1234 1764 potestatem
1278 1692 1603 1763 recognosci
1647 1692 1918 1765 Stephani
1955 1691 2063 1747 de-

418 1759 728 1836 cernentis,
757 1780 886 1821 cum
909 1759 1024 1820 'hic
1058 1771 1364 1820 accusatur
1409 1759 1803 1819 tantummodo
1847 1763 1916 1836 de
1957 1777 2064 1818 ne—
2092 1759 2144 1820 B
2174 1759 2445 1822 suasione
2475 1759 2624 1836 'qua
2657 1764 2984 1833 irrepserat,
3018 1777 3129 1836 non

416 1838 708 1911 gligentia
738 1838 901 1905 vitio,
930 1852 1039 1911 non
1087 1840 1197 1890 tam
1225 1836 1531 1905 culpandus
1562 1840 1640 1889 est
1664 1837 1752 1889 cui
1780 1835 2060 1911 negligen-

416 1906 798 1979 t'er'obreptum
819 1916 944 1975 est;
987 1910 1303 1977 impetrans
1341 1920 1473 1963 vero
1534 1912 1769 1962 notatur
1814 1906 2062 1979 crimine

415 1982 547 2038 falsi
581 1980 868 2037 malitiose
900 1979 1181 2050 propositi
1212 1998 1224 2034 :
1251 1994 1418 2049 quam
1455 1979 1541 2050 hic
1570 1978 1933 2050 easecrandus
1964 1978 2060 2046 qui

413 2052 802 2121 fraudulenter
828 2049 1086 2121 obrepsit.
1135 2050 1368 2119 Quinto.
1399 2049 1773 2106 conﬁrmatur
1808 2049 2059 2119 denique

417 2124 535 2180 hac
557 2124 882 2180 litterarum
906 2123 1187 2178 sententia
1201 2136 1270 2177 ex
1290 2135 1376 2190 eo,
1397 2121 1918 2191 quod’obreptitium
1938 2132 2061 2175 esse

414 2195 681 2251 enuntiat
706 2196 994 2265 quidquid
1018 2208 1050 2249 a
1078 2194 1364 2262 Stephano
1394 2190 1683 2265 Basilides
1708 2190 2055 2265 impetravit.

414 2268 588 2323 Porro
618 2261 956 2322 vocabulum
983 2261 1257 2335 obreptitii
1274 2278 1305 2320 a
1329 2262 1881 2335 jurisconsultorum
1914 2261 2055 2318 sub-

415 2338 598 2394 telliis
621 2338 860 2407 petitum
887 2333 1180 2408 signiﬁéat
1210 2333 1550 2408 qualitatem
1569 2348 1693 2405 qua
1714 2333 2061 2408 attribuitur

413 2406 739 2465 litterisaut
761 2406 1101 2478 rescriptisa
1124 2407 1382 2479 legitimo
1399 2406 2061 2479 jusdicenteimpetratis

414 2494 589 2549 super
616 2481 823 2552 gratia,
869 2481 1020 2552 jure,
1056 2485 1155 2535 aut
1185 2478 1575 2552 eoncessione,
1602 2479 1863 2552 eumdem
1890 2478 2063 2552 judi-

411 2564 533 2607 cem
553 2549 1052 2607 circumveniendo
1075 2563 1173 2620 per
1199 2550 1555 2606 reticentiam
1588 2550 1868 2617 veritatis,
1893 2549 2061 2618 cujus

412 2627 563 2678 esset
598 2623 854 2691 expressi
946 2622 1266 2677 necessaria
1324 2622 1393 2676 ad
1450 2621 1741 2689 impetrati
1793 2620 2057 2688 rescripti

413 2693 788 2748 validitatem.
821 2694 935 2747 Hoc
961 2692 1149 2761 ipsum
1184 2691 1459 2747 verbatim
1493 2704 1823 2758 expressum
1850 2691 2060 2759 depre-

414 2764 688 2820 henditur
720 2763 777 2818 in
808 2763 1022 2818 litteris
1045 2762 1444 2818 Africanorum
1472 2780 1486 2815 :
1514 2782 1540 2813 «
1567 2762 1774 2817 Tacita
1794 2761 2059 2817 veritatis

415 2835 676 2963 ignarum
696 2832 903 2890 fefellit
925 2852 938 2888 :
963 2834 1059 2890 cui
1082 2833 1380 2903 obreptum
1406 2839 1512 2903 est,
1536 2833 1635 2903 qui
1661 2831 2058 2889 fraudulenter

488 2920 638 2963 rens:
674 2946 686 2959 .
722 2924 748 2956 ››

411 2907 686 2976 obrepsit.
722 2924 748 2956 ››

480 2973 687 3035 Verum
722 2976 975 3035 insignis
1000 2975 1414 3032 demonstratio
1434 2982 1521 3032 est
1549 2974 1618 3031 ad
1640 2973 2054 3031 excludendam

411 3046 1240 3120 quamcunquedubitationem
1261 3047 1332 3120 de
1343 3060 1608 3120 suprema
1619 3046 1675 3102 S.
1690 3047 1847 3120 sedis
1864 3052 2058 3103 aucto-

413 3117 582 3197 ritate
607 3120 677 3175 ab
700 3117 1252 3197 hisce_respons_is_S.
1280 3118 1548 3197 Cypriani
1572 3124 1629 3197 et
1652 3117 2051 3197 episeOporum
2082 3125 2131 3197 ς,

408 3191 688 3248 Africana
721 3191 1029 3261 provincia:
1057 3191 1126 3246 ad
1159 3190 1461 3260 Hispanos,
1486 3189 1757 3261 insignis,
1792 3189 2052 3258 inquam,

408 3263 821 3320 demonstratio
863 3262 1108 3318 exclusa
1150 3261 1537 3320 dubitationis
1565 3267 1652 3316 est
1687 3261 2054 3316 auctoritatis

412 3335 771 3402 exercitium,
793 3334 943 3402 quod
963 3333 1231 3403 implorat
1242 3347 1340 3402 per
1358 3332 1626 3403 Cypriani
1650 3332 1837 3401 ipsius
1861 3345 2055 3401 preces

410 3406 695 3475 Stephano
746 3417 901 3474 papa
937 3405 1206 3473 directas,
1242 3410 1306 3460 ut
1351 3404 2053 3475 eamdemauctoritatem

409 3473 679 3533 adhibeat
727 3473 786 3530 in
837 3476 1064 3547 negotio
1115 3475 1357 3547 aqualis
1403 3473 1687 3547 ponderis,
1724 3480 1780 3529 et
1835 3478 2055 3530 natura

414 3547 747 3619 persimilis,
800 3545 982 3618 nuper
1037 3548 1097 3602 in
1136 3546 1346 3619 Galliis
1392 3545 1651 3619 suborto.
1704 3547 2052 3619 Marcianus,

413 3616 762 3676 Arelatensis
810 3616 1138 3689 episcopus,
1211 3617 1585 3689 proﬁtebatur
1636 3629 1700 3689 se
1751 3616 2054 3672 Novatiani

413 3691 675 3761 partibus
709 3688 1023 3747 adhasisse
1053 3699 1173 3746 tum
1204 3689 1263 3744 in
1308 3688 1576 3744 haretico
1616 3688 1898 3761 dogmate,
1931 3694 2053 3744 tum

412 3760 470 3818 in
487 3762 820 3818 schismatis
851 3762 1274 3818 communione.
1309 3761 1701 3816 Proximarum
1737 3760 2056 3828 provincia-

412 3847 538 3890 rum
591 3833 871 3901 episcopi,
919 3834 1020 3901 qui
1074 3845 1138 3886 ea
1179 3832 1249 3887 de
1294 3844 1353 3886 re
1393 3831 1463 3886 ad
1511 3831 1817 3901 Romanam
1865 3830 2051 3886 sedem

414 3900 885 3975 perscripseram,
908 3900 1367 3975 Carthaginensi
1404 3903 1577 3975 etiam
1611 3900 1878 3975 Ecclesia
1904 3901 2052 3957 idem

410 3972 834 4046 signiﬁcarunt,
855 3972 924 4029 ad
949 3974 1282 4046 episcopum
1303 3973 1647 4046 Cyprianum
1664 3973 1818 4046 datis
1845 3974 2052 4046 iterum

413 4042 645 4102 litteris.
683 4042 868 4099 Series
913 4042 997 4099 rei
1044 4052 1211 4115 gesta
1252 4042 1599 4106 manifestat,
1644 4044 1922 4115 scriptum
1957 4044 2055 4099 id-

410 4117 563 4171 circo
596 4115 777 4170 fuisse
795 4115 871 4186 ad
905 4117 963 4169 Β.
995 4116 1362 4186 Cyprianum,
1392 4115 1541 4185 quod
1568 4114 1740 4184 probe
1769 4119 2056 4171 constaret

409 4188 481 4243 de
511 4186 678 4242 illius
715 4185 1148 4242 existimatiOne
1190 4200 1256 4241 ac
1301 4186 1691 4241 venerationis
1723 4186 2054 4242 testimonio

410 4258 560 4328 apud
592 4257 922 4328 Romanam,
951 4258 1159 4312 sedem.
1210 4256 1548 4328 Cyprianus
1579 4257 1761 4328 igitur
1817 4258 1874 4312 in
1909 4257 2055 4328 hanc

411 4325 751 4385 sententiam
777 4327 1063 4397 Stephano
1093 4340 1248 4397 papa
1271 4326 1497 4399 litteras
1520 4325 1680 4381 dedit
1708 4325 1886 4396 (epist.
1919 4326 2008 4399 68)
2036 4347 2049 4383 :

413 4420 440 4453 α
481 4401 684 4455 Facere
704 4403 757 4454 te
785 4405 1009 4469 oportet
1041 4399 1406 4467 plenissimas
1427 4397 1670 4465 litteras,
1705 4416 1731 4446 υ
1765 4405 1872 4454 etc.

481 4472 609 4526 Hac
639 4469 808 4525 verba
841 4483 953 4526 non
994 4470 1257 4541 indigent
1292 4469 1703 4525 commentario
1731 4475 1786 4525 et
1810 4470 2054 4527 demon—

410 4543 707 4599 strandam
766 4543 825 4596 in
874 4543 961 4597 eis
1013 4540 1287 4596 assentam
1341 4540 1739 4596 auctoritatem
1790 4541 2054 4598 Romana

408 4614 583 4681 sedis,
616 4620 735 4668 tum
780 4614 839 4668 in
869 4612 1215 4668 deﬁniendis
1254 4611 1387 4667 ﬁdei
1414 4611 1803 4683 dogmatibus,
1837 4618 1958 4668 tum
1994 4614 2054 4669 in

408 4684 722 4752 disciplina
743 4696 799 4738 et
817 4684 1250 4740 conﬁrmatione
1265 4683 1706 4739 consuetudinis
1737 4690 1971 4754 recepta
1996 4686 2055 4740 in

411 4755 919 4811 administratione
962 4762 1471 4821 sacramentorum,
1504 4760 1622 4809 tum
1666 4755 1723 4808 in
1754 4756 2057 4825 regiminis

408 4826 787 4883 ecclesiastici
805 4827 936 4895 jure
963 4826 1298 4895 exercendo,
1317 4832 1372 4879 et
1392 4825 1713 4880 necessario
1736 4826 2053 4882 mediorum

407 4898 848 5025 eondgtguentium
875 4897 1100 4953 delectu
1131 4897 1200 4953 ad
1233 4896 1966 4971 conservandumlordinem
1990 4911 2054 4954 ac

435 4982 495 5025 ra
542 4985 557 5024 ι
594 4982 772 5024 .ones.

407 4969 772 5025 traditiones.

479 5042 697 5111 Negare
736 5051 920 5094 tamen
966 5052 1078 5111 non
1111 5051 1437 5111 possumus,
1470 5036 1913 5111 quingAfricana
1942 5039 2053 5094 Ec-

407 5108 589 5167 clesia
607 5117 728 5166 tum
756 5110 1028 5179 temporis
1054 5123 1217 5179 passa
1234 5108 1411 5165 fuerit
1437 5109 1738 5178 quamdam
1764 5109 2049 5179 eclipsim,

408 5183 545 5238 dum
574 5181 765 5237 lumen
802 5181 1087 5250 peculiare
1115 5180 1411 5236 contendit
1446 5193 1744 5250 usurpare,
1778 5188 2048 5250 tanquam

407 5253 523 5308 sibi
558 5252 847 5323 pr0prium
872 5251 1018 5308 foret
1040 5270 1052 5306 :
1074 5266 1203 5307 cum
1230 5252 1286 5306 in
1310 5250 1584 5306 Ecclesiis
1601 5251 2052 5320 particularibus

410 5325 690 5393 ejusmodi
728 5324 826 5378 lux
868 5323 983 5377 alia
1034 5336 1145 5378 non
1196 5324 1537 5393 reperiatur,
1584 5336 1751 5391 quam
1786 5336 1851 5378 ea
1880 5336 2049 5392 quam

407 5395 513 5465 Sol
543 5395 790 5464 justitia
835 5394 1121 5465 (Christus
1167 5393 1465 5462 Dominus)
1518 5393 1732 5465 amavit
1777 5398 1834 5449 et
1881 5394 2054 5464 elegit

407 5463 730 5522 diffundere
768 5463 940 5535 supra
987 5465 1367 5521 universalem
1404 5464 1715 5520 Ecclesiam
1765 5463 2055 5520 irradians

410 5541 701 5606 caterase
726 5537 977 5592 Romana
1004 5538 1156 5603 sede,
1189 5543 1458 5606 tanquam
1482 5543 1677 5591 centro
1707 5535 1867 5592 orbis
1896 5535 2057 5591 Chri-

412 5605 602 5661 stiani.
638 5605 727 5675 (In
755 5609 1023 5663 occidente
1051 5607 1143 5663 Sol
1159 5605 1397 5676 justitia
1421 5608 1616 5676 oritur.
1657 5609 1763 5663 Vos
1804 5609 1930 5661 estis
1955 5608 2053 5662 tua:

412 5674 647 5747 mundi.
695 5677 750 5731 S.
809 5674 1354 5747 Hieronumfepist.
1413 5674 1525 5747 57.)
1588 5677 2053 5735 Considerandus

416 5746 596 5815 igitur
623 5753 711 5802 est
738 5760 915 5803 ausus
960 5746 1231 5804 Ecclesia
1274 5746 1555 5803 Africana
1597 5762 1709 5804 non
1739 5748 2053 5806 dissimilis

414 5816 865 5887 perturbationis
925 5819 1148 5874 occasio
1200 5818 1454 5887 futurus,
1520 5831 1588 5874 ac
1635 5819 1817 5888 illius,
1881 5834 2048 5890 quam

2197 487 2360 530 ocum
2414 475 2558 531 solis
2607 489 2891 546 usurpare
2948 476 3089 532 ista»
3124 475 3511 544 contenderet,
3582 478 3823 546 pertur-

2172 544 2304 601 bata
2330 560 2520 602 rerum
2554 543 2781 618 natura,
2811 554 2874 604 ut
2900 549 3130 604 diurna
3161 543 3615 606 illuminatidnis
3650 543 3824 600 arbi—

2172 623 2317 673 tram
2345 618 2558 675 mundo
2594 632 2656 675 se
2680 620 3093 676 constitueret:

2393 787 2404 800 .
2446 786 2458 797 .
2493 782 2505 799 .
2541 786 2554 800 .
2589 785 2601 797 .
2638 787 2650 800 .
2687 789 2698 800 .
2732 750 2898 800 Fratri
2928 752 3183 801 contraria
3216 750 3412 800 Phcebe

2388 814 2506 868 Ibit,
2541 816 2592 862 et
2624 812 2891 876 obliquum
2918 814 3067 874 bigas
3096 815 3287 871 agitare
3321 828 3414 875 per
3446 812 3631 862 orbem

2389 876 2660 935 Indignata
2692 877 2829 925 diem
2861 880 3032 938 poscet
3056 876 3152 925 sibi
3184 893 3195 924 :
3223 881 3429 938 totaque
3458 877 3635 925 discor

2390 938 2635 989 Machina
2670 939 2857 988 divulsi
2884 940 3111 988 turbabit
3134 940 3323 988 faadcra
3346 940 3545 988 mundi.

2732 1002 2956 1065 (LUCAN.
2985 1002 3169 1052 Phars.
3191 1002 3280 1051 lib.
3308 1016 3344 1061 ι,
3369 1015 3502 1050 vers.
3527 1000 3634 1062 Π.)

2240 1123 2453 1179 Rerum
2482 1133 2704 1176 summa
2750 1120 2864 1176 huc
2888 1120 3133 1177 redibat.
3186 1120 3617 1177 Contendebant
3655 1119 3825 1177 Afri-

2170 1194 2301 1250 cani
2352 1192 2603 1263 nullum,
2635 1205 2777 1259 esse,
2823 1198 2995 1263 atque
3064 1192 3382 1263 invalidum
3434 1190 3826 1263 quodcunque

2172 1265 2572 1322 hareticorum
2596 1262 3183 1334 baptisma,’qualibet
3204 1262 3384 1319 forma
3404 1277 3470 1318 ac
3497 1264 3619 1334 ritu
3640 1262 3826 1318 adrni-

2172 1338 2538 1393 nistraretur.
2574 1333 2956 1406 Percrebruit,
2988 1336 3271 1405 originem
3314 1335 3449 1390 mali
3479 1348 3546 1390 ex
3586 1333 3824 1391 Oriente

2172 1407 2517 1478 profectam:
2553 1406 2651 1464 ubi
2684 1405 2927 1463 fortasse
2946 1405 3221 1478 contigit,
3251 1410 3316 1462 ut
3344 1414 3455 1461 non
3483 1406 3825 1478 rejiceretur

2172 1477 2332 1537 illico
2388 1479 2710 1548 baptismus
2747 1477 3139 1549 quorumdam
3172 1477 3598 1549 haereticorum,
3655 1477 3822 1533 illum

2171 1565 2282 1608 non
2318 1549 2735 1607 conferentium
2768 1548 2893 1605 sub
2924 1550 3180 1619 legitima
3214 1548 3415 1615 forma,
3456 1549 3821 1616 postmodum

2171 1636 2301 1679 vero
2342 1622 2681 1677 indistincte
2720 1620 3087 1690 reprobatum
3142 1619 3257 1676 fuit
3298 1620 3605 1691 quodlibet
3645 1634 3823 1691 genus

2170 1694 2442 1764 baptismi
2474 1706 2572 1763 per
2597 1693 2896 1748 hareticos
2919 1692 3337 1760 administrati,
3369 1691 3478 1764 sub
3509 1690 3669 1746 falsa
3693 1706 3822 1760 per-

3176 1777 3340 1834 posse
3364 1763 3569 1818 'ullum
3625 1775 3821 1817 sacra-

2174 1843 2427 1893 mentum
2472 1835 2679 1890 habere
2732 1841 2889 1891 extra
2921 1835 3261 1891 catholicam
3295 1834 3632 1890 Ecclesiam.
3664 1834 3821 1903 (Dio-

2173 1924 2297 1979 nys.
2328 1906 2756 1979 Alexandrinus
2792 1907 2953 1979 apud
2973 1906 3203 1979 Euseb,
3236 1907 3382 1979 Hist.
3416 1905 3523 1960 lib.
3560 1919 3668 1973 vn,
3695 1918 3815 1974 cap.

2169 1976 2254 2050 6)’:
2289 2000 2315 2032 «
2343 1978 2465 2035 Non
2492 1978 2749 2050 episcopi
2786 1976 2845 2032 in
2876 1976 3071 2050 Africa
3101 1978 3286 2050 solum
3320 1978 3490 2050 istam
3521 1984 3822 2032 consuetu.

2168 2052 2358 2107 dinem
2400 2050 2472 2104 de
2504 2049 2792 2106 hareticis
2830 2049 3253 2118 rebaptizandis
3290 2050 3407 2118 jam
3452 2049 3815 2116 invexerunt,

2169 2137 2365 2180 verum
2412 2121 2581 2177 etiam
2617 2121 2787 2193 longo
2817 2126 3070 2193 tempore
3093 2120 3669 2193 anteepiscoporum
3704 2133 3821 2193 me-

2172 2195 2375 2260 moria,
2405 2193 2505 2264 qui
2533 2190 2849 2263 antegressi
2881 2199 3017 2264 sunt
3052 2192 3107 2264 in
3139 2191 3402 2248 ecclesiis
3434 2192 3690 2264 maxima
3718 2190 3823 2245 bo—

2172 2266 2392 2322 minum
2423 2260 2766 2334 'frequen‘tia
2813 2262 3135 2322 celebratis.
3185 2271 3238 2319 et
3294 2264 3535 2331 synodis
3576 2260 3818 2334 fratrum

2172 2335 2477 2393 celebratis
2535 2333 2655 2392 tum
2687 2335 2888 2399 iconii,
2941 2341 3063 2390 tum
3110 2334 3407 2406 Synnada,
3457 2340 3581 2406 tum
3622 2333 3820 2406 multis

2170 2408 2307 2464 aliis
2330 2408 2390 2462 in
2416 2406 2560 2462 locis
2587 2407 2932 2473 convocatis,
2964 2406 3107 2461 illud
3131 2403 3422 2461 decretum
3454 2403 3584 2460 fuit.
3620 2422 3651 2454 ι
3676 2404 3819 2460 Usus

2172 2479 2489 2535 inoleverat
2536 2480 2595 2533 in
2628 2476 2821 2533 Africa
2859 2482 2990 2533 ante
3033 2476 3259 2532 beatum
3308 2476 3685 2546 Cyprianum,
3718 2475 3816 2545 qui

2169 2554 2416 2606 testatur
2447 2548 2526 2604 ita
2564 2549 2866 2604 deﬁnitum
2897 2547 3080 2604 fuisse
3129 2549 3185 2603 in
3234 2547 3576 2617 provinciali
3620 2548 3820 2602 conci-

2170 2621 2248 2678 lio
2278 2620 2386 2677 sub
2410 2620 2750 2693 Agrippino,
2772 2621 3070 2693 decessore
3093 2620 3298 2693 Donati
3328 2620 3475 2693 ejus,
3508 2618 3606 2693 cui
3627 2618 3687 2693 S.
3712 2619 3821 2688 Cy-

2169 2694 2407 2761 prianus
2445 2690 2746 2748 successit.
2792 2713 2821 2744 «
2868 2691 3027 2761 Quod
3063 2691 3293 2760 quidem
3336 2695 3391 2745 et
3434 2690 3819 2759 Agrippinus,

2167 2764 2329 2821 bona
2362 2764 2649 2819 memoria
2679 2764 2789 2823 vir.
2839 2777 2967 2818 cum
3019 2762 3644 2832 caterisicoepiscopis
3672 2761 3817 2823 suis,

2167 2837 2270 2906 qui
2323 2834 2426 2890 illo
2465 2841 2724 2906 tempore
2756 2834 2816 2889 in
2857 2832 3153 2906 provincia
3196 2831 3395 2906 Africa
3434 2843 3496 2906 et
3543 2832 3821 2888 Numidia

2164 2903 2477 2963 Ecclesiam
2503 2907 2604 2961 Dei
2638 2904 3053 2976 gubernabant,
3086 2905 3311 2973 statuit,
3351 2913 3407 2960 et
3425 2903 3651 2976 librato
3677 2917 3819 2976 con-

2163 2979 2301 3103 ciliit
2349 2973 2674 3119 geremunis
2711 2977 2973 3033 examine
3012 2975 3282 3047 ﬁrmavit,
3332 2994 3357 3025 υ
3415 2973 3487 3047 (S.
3545 2975 3817 3046 Cyprian.

2163 3064 2274 3119 θιηε
2307 3090 2317 3101 .
2439 3089 2451 3101 .
2914 3116 2925 3119 Α
3555 3116 3593 3119 μ
3710 3116 3719 3119 Α

2228 3052 2317 3103 ist.
2358 3052 2420 3102 Ἡ
2439 3089 2451 3101 .

2162 3066 2599 3246 φξῖίωὲἶιίζᾳυε
2629 3119 2857 3175 tandem
2903 3116 3079 3175 fuerit
3116 3118 3335 3174 erroris
3361 3123 3419 3173 et
3461 3116 3597 3172 mali
3631 3116 3817 3186 origo.

2164 3191 2222 3246 id
2282 3192 2483 3246 iuuido
2524 3196 2770 3246 constat.
2803 3189 2910 3246 sub
2958 3189 3299 3246 pontiﬁcatu
3327 3189 3600 3246 Stephani
3638 3201 3814 3246 naua.

2164 3191 2222 3249 id
2257 3189 2483 3262 liquido
2524 3196 2770 3254 constat,
2803 3189 2910 3247 sub
2958 3189 3299 3259 pontiﬁcatu
3327 3189 3600 3262 Stephani
3638 3201 3814 3257 papa,

2161 3263 2309 3318 duos
2323 3259 2636 3332 episcopos
2665 3262 2796 3317 vitae
2822 3263 3128 3318 sanctitate
3158 3272 3273 3316 non
3304 3261 3497 3332 minus
3527 3259 3811 3321 illustres,

2164 3347 2335 3404 quam
2370 3330 2684 3405 dignitate
2716 3334 2940 3405 sedium
2990 3346 3133 3402 quas
3188 3330 3819 3405 possidebant._nempe

2162 3401 2218 3461 S.
2257 3401 2605 3474 Cyprianum
2657 3402 2867 3459 Africa
2924 3401 3247 3472 primatem,
3304 3410 3360 3458 et
3408 3401 3816 3474 Firmilianum

2165 3472 2583 3544 metro’politem
2612 3475 3000 3545 Cappadocia,
3035 3480 3380 3544 protectores
3411 3486 3471 3528 se
3493 3472 3819 3528 declarasse

2164 3547 2446 3617 ejusmodi
2482 3547 2698 3615 praxis.
2724 3551 2781 3601 et
2800 3547 3119 3603 sententia.
3140 3545 3391 3617 Uterque
3418 3557 3618 3617 eorum
3652 3556 3817 3613 syno-

2162 3615 2269 3674 dos
2298 3617 2632 3673 convocavit
2669 3617 2728 3672 in
2762 3618 3073 3687 provinciis
3103 3615 3214 3672 sibi
3250 3615 3642 3687 subjectis,et
3673 3627 3817 3684 pon-

2163 3688 2309 3745 tiﬁci
2375 3688 2662 3758 Stephano
2730 3686 3178 3744 cummunicavit
3225 3687 3452 3743 decreta
3507 3686 3671 3758 edita
3726 3697 3819 3758 per

2163 3761 2388 3816 easdem
2412 3755 2679 3829 synodos.
2704 3758 3264 3830 Africanagsynodus
3280 3759 3361 3814 ita
3389 3757 3733 3830 perscripsit
3747 3755 3813 3830 ad

2162 3826 2509 3901 Stephanum
2545 3843 2744 3900 papam
2768 3830 2939 3900 epist.
2967 3826 3215 3885 74'inter
3241 3828 3652 3901 Cyprianicas:
3686 3851 3711 3879 α
3744 3828 3817 3881 De

2162 3917 2227 3959 eo
2256 3900 2500 3957 maxime
2524 3901 2634 3956 tibi
2662 3902 3053 3971 scribendum,
3086 3912 3141 3957 et
3171 3915 3300 3957 cum
3325 3908 3422 3955 tua
3444 3900 3736 3971 gravitate
3757 3910 3815 3952 ac

2162 3974 2447 4044 sapientia
2476 3971 2882 4044 conferendum
2915 3970 3047 4041 fuit,
3084 3973 3237 4043 quod
3270 3970 3465 4044 magis
3484 3971 3739 4044 pertinet
3766 3974 3816 4023 et

2164 4041 2247 4101 ad'
2267 4043 2667 4100 sacerdotalem
2709 4041 3131 4110 auctoritatem“,
3150 4050 3206 4099 et
3229 4043 3298 4098 ad
3324 4041 3594 4097 Ecclesia
3629 4042 3818 4097 catho-

2165 4116 2291 4172 lica
2314 4115 2593 4171 unitatem
2620 4116 2837 4183 pariter
2852 4128 2918 4186 ac
2941 4114 3283 4186 dignitatem
3303 4113 3610 4186 dedivina
3630 4113 3814 4186 dispoo

2164 4186 2399 4243 sitionis
2418 4186 2787 4241 ordinatione
2802 4184 3138 4255 venientem,
3162 4197 3259 4241 eos
3284 4185 3383 4254 qui
3402 4190 3544 4239 sunt
3566 4184 3817 4239 forisex-

2164 4264 2252 4314 tra
2266 4256 2573 4313 Ecclesiam
2591 4257 2781 4324 tincti,
2800 4257 3014 4326 etapud
3032 4257 3328 4313 hareticos
3340 4261 3394 4311 et
3407 4255 3812 4326 schismaticos

2166 4327 2414 4399 profana
2426 4342 2587 4398 aqua
2610 4327 2735 4384 labe
2753 4324 3045 4397 maculati,
3065 4329 3296 4399 quando
3314 4326 3384 4382 ad
3407 4340 3537 4389 nos,
3556 4332 3730 4396 atque
3743 4324 3809 4378 ad

2166 4398 2474 4456 Ecclesiam
2498 4412 2625 4469 qua
2647 4412 2760 4455 una
2781 4406 2884 4468 est,
2910 4398 3192 4468 venerint,
3216 4398 3803 4469 baptizarioportere:

2162 4486 2228 4528 eo
2243 4470 2390 4540 quod
2411 4467 2605 4539 parum
2620 4471 2699 4525 sit
2713 4470 3011 4526 manuseis
3025 4471 3098 4525 im
3110 4467 3393 4539 poneread
3407 4467 3807 4540 accipiendum

2085 4525 2138 4587 D
2161 4525 2444 4612 Spiritum
2471 4525 2944 4609 sanctumpnisi
2980 4525 3267 4611 accipiant
3305 4547 3363 4595 et
3406 4525 3683 4612 Ecclesia
3712 4539 3809 4593 ba-

2165 4609 2459 4681 ptismum.
2497 4652 2509 4665 .
2551 4652 2564 4665 .
2609 4652 2622 4665 .
2649 4614 2775 4668 Hac
2829 4613 2898 4668 ad
2953 4609 3365 4668 conscientiam
3408 4617 3597 4675 tuam,
3645 4609 3810 4666 frater

2162 4684 2521 4753 charissime,
2555 4688 2612 4738 et
2637 4697 2738 4754 pro
2768 4684 2979 4740 honore
3004 4682 3315 4750 communi,
3342 4688 3397 4738 et
3426 4696 3532 4751 pro
3555 4681 3806 4752 SimpllCl

2162 4755 2472 4812 dilectione
2529 4755 2906 4825 pertulimus;
2965 4756 3259 4811 credentes
3311 4754 3485 4809 etiam
3538 4754 3656 4808 tibi
3718 4764 3808 4825 pro

2165 4826 2468 4897 religionis
2495 4832 2608 4882 tua
2637 4831 2693 4881 et
2721 4825 2853 4881 ﬁdei
2878 4826 3118 4897 veritate
3141 4825 3380 4897 placere,
3420 4839 3551 4893 qua
3584 4833 3644 4880 et
3676 4824 3810 4897 reli-

2163 4895 2324 4969 giosa
2348 4898 2562 4969 pariter
2580 4903 2789 4969 etvera
2810 4902 2966 4952 sunt.
2989 4896 3265 4969 Caterum
3290 4896 3512 4951 scimus
3532 4895 3808 4965 quosdam

2164 4966 2314 5038 quod
2362 4968 2532 5023 semel
2564 4966 2901 5038 imbiberint
2934 4968 3086 5024 nolle
3110 4968 3412 5037 deponere,
3467 4979 3574 5022 nec
3604 4979 3811 5036 propo-

2162 5037 2339 5094 situm
2371 5053 2539 5095 suum
2571 5037 2743 5094 facile
2787 5044 3028 5106 mutare,
3064 5039 3159 5095 sed
3192 5039 3347 5095 salvo
3379 5038 3535 5093 inter
3564 5038 3810 5108 collegas

2163 5110 2321 5180 pacis
2349 5116 2404 5165 et
2433 5110 2753 5166 concordia
2790 5110 3045 5179 vinculo,
3077 5110 3334 5180 quadam
3385 5109 3652 5179 prapria,
3695 5120 3809 5179 qua

2161 5180 2309 5251 apud
2355 5194 2416 5236 se
2458 5181 2628 5236 semel
2683 5182 2802 5236 sint
2833 5187 3129 5250 usurpata,
3163 5181 3429 5236 retinere.
3468 5180 3595 5249 Qua
3652 5182 3710 5236 in
3758 5190 3809 5233 re

2161 5265 2264 5307 nec
2292 5264 2396 5306 nos
2421 5252 2542 5322 vim
2559 5251 2833 5322 cuiquam
2879 5251 3160 5322 facimus,
3180 5258 3279 5307 aut
3308 5252 3483 5322 legem
3510 5251 3744 5313 damus.
3782 5266 3805 5295 ι

2160 5328 2268 5379 etc.
2284 5322 2354 5377 Et
2372 5320 2750 5393 Firmilianus
2772 5324 2829 5379 in
2854 5322 3099 5393 epistola
3112 5320 3185 5379 75
3198 5324 3348 5392 apud
3369 5320 3432 5377 Β.
3458 5322 3804 5393 Cyprianum

2161 5394 2244 5450 ait
2273 5412 2285 5447 :
2319 5413 2345 5444 α
2378 5392 2623 5465 Plurimi
2647 5394 2823 5450 simul
2844 5392 3245 5450 cunvenientes
3267 5394 3326 5449 in
3354 5394 3553 5449 lconio
3568 5394 3807 5465 diligen-

2163 5464 2391 5521 tissime
2435 5463 2922 5528 conﬁrmavimus,
2996 5465 3417 5535 repudiandum
3474 5478 3606 5520 esse
3651 5463 3805 5521 omne

2163 5536 2398 5663 ἱ)πέηὲιο
2427 5535 2732 5607 baptisma,
2771 5537 2921 5608 quod
2949 5537 3032 5592 sit
3057 5543 3221 5593 extra
3239 5535 3555 5592 Ecclesiam
3585 5536 3805 5592 consti-

2191 5622 2227 5663 ll
2258 5622 2293 5663 ll
2361 5645 2373 5659 .
2397 5626 2424 5658 ι)

2163 5613 2373 5664 tutum.
2397 5626 2424 5658 ι)

2235 5680 2416 5748 Super
2454 5678 2549 5734 his
2575 5677 2800 5734 litteras
2827 5677 2986 5735 dedit
3016 5678 3341 5747 Stephanus
3362 5676 3432 5732 ad
3458 5676 3802 5739 Orientales,

2161 5750 2497 5819 signiﬁcans
2538 5763 2599 5805 se
2628 5754 2982 5806 remotarum
3009 5762 3043 5805 a
3094 5749 3499 5805 communione
3544 5748 3803 5805 ﬁdelium

2158 5818 2454 5891 Helenum,
2483 5818 2914 5891 Firmilianum,
2956 5826 3011 5877 et
3042 5821 3341 5877 universos
3376 5821 3686 5889 episcopos
3709 5820 3810 5875 Ci-
