4070 6178
235 271 365 332 4405

1038 268 1359 328 HISTORIA
1394 272 1485 328 DE
1522 272 1696 329 VITIS
1733 271 1901 331 ROM.
1946 272 2146 332 PONT.
2184 306 2260 318 —-
2294 276 2353 334 S.
2398 274 2810 332 STEPHANUS.

3480 269 3619 331 4406

234 401 395 476 licia,
418 397 890 476 Cappadocia,_et
911 397 1182 476 Galatia,
1197 402 1254 455 et
1300 397 1679 476 ﬁnitimarum
1710 412 1857 476 gen-
1886 397 1947 461 A
1975 403 2229 476 regulam
2248 404 2513 462 veritatis
2534 407 2591 460 et
2616 402 2748 476 ﬁdei
2773 417 2806 459 a
2829 402 3113 476 Stephano
3152 416 3296 476 papa
3317 402 3454 459 dum
3476 414 3617 472 pro-

233 466 393 541 tium,
432 466 835 542 iubi‘haretici
879 466 1397 540 rebaptiza’bantur.
1441 470 1499 542 S._
1547 466 1872 542 Dionysius.

234 544 335 600 hoc
360 539 610 599 referens
651 541 821 612 (apud
852 539 1055 598 Euseb.
1087 541 1183 595 lib.
1212 554 1293 596 vn
1324 557 1443 611 cap.
1476 539 1528 613 4)
1555 539 1858 610 asseverat,

234 615 546 671 doctrinam
565 620 620 669 et
652 612 864 669 monita
897 613 1173 668 salutaria
1202 613 1456 682 ejusdem
1488 612 1643 684 papa
1668 614 1724 670 in
1757 614 1865 669 lit-

234 687 363 744 teris
386 685 456 741 ab
477 698 543 741 eo
571 685 726 741 datis
769 685 840 740 ad
869 684 1161 756 Ecclesias
1178 684 1354 756 Syria
1379 691 1435 740 et
1462 684 1683 741 Arabia
1729 685 1867 756 plu-

233 759 434 815 rimum
462 756 779 825 adjumenti
797 755 1009 811 eisdem
1037 754 1311 811 Ecclesiis
1331 756 1682 813 contulisse:
1721 754 1747 809 ἁ
1776 757 1869 826 Sy-

233 831 328 886 ria
385 828 668 885 universa
697 832 752 883 et
778 826 1002 883 Arabia
1032 831 1218 882 vestra
1246 827 1508 883 doctrina
1540 834 1597 884 et
1620 828 1869 884 consilio

232 915 340 958 sem
352 914 445 971 per
462 912 667 971 magno
686 898 1004 971 adiumenti
1029 895 1261 954 fuistis:
1280 898 1497 969 quibus
1511 900 1680 956 etiam
1704 900 1870 956 modo

236 969 868 1042 scripsistis'epistolas.
907 988 934 1020 ››

298 1040 627 1099 Secundum
662 1041 789 1096 ‘hac
835 1053 1106 1112 responsa
1144 1040 1331 1112 legati
1361 1040 1766 1099 Africanorum
1816 1044 1873 1112 et

236 1116 572 1172 Asianorum
599 1113 667 1168 ad
697 1111 957 1169 eumdem
1001 1111 1351 1181 Stephanum
1379 1127 1579 1183 papam
1630 1111 1868 1183 profecti

237 1183 673 1266 suni_ep_iisc0pi,
708 1189 772 1239 ut
797 1182 987 1266 aliqui
1019 1182 1379 1266 scripsegunt
1401 1182 1481 1266 (id
1511 1182 1665 1266 enim
1692 1182 1871 1266 probe

236 1254 582 1328 intelligitur
600 1269 668 1311 ex
682 1259 953 1328 coniextu
971 1254 1227 1325 epistolae
1243 1254 1571 1328 Firmiliani
1593 1256 1662 1312 ad
1684 1254 1738 1328 Si.
1758 1255 1870 1323 Cy—

238 1322 517 1400 prianum,
554 1340 753 1400 nempe
794 1322 896 1400 7_5,_
917 1322 1097 1400 atque
1114 1339 1183 1382 ex
1214 1326 1545 1400 testimonio
1574 1328 1634 1382 B.
1666 1322 1873 1400 Hiero-

238 1396 385 1471 pymi
415 1402 475 1453 in
500 1399 724 1471 Dialogo
763 1398 836 1452 ad
862 1396 1105 1471 Lucifer)
1131 1402 1195 1453 ut
1235 1398 1595 1454 decretorum
1625 1411 1689 1453 ea
1715 1398 1784 1453 de
1811 1409 1871 1471 re

234 1467 515 1529 editorum
565 1470 845 1525 rationem
904 1469 1223 1525 redderent.
1273 1472 1476 1525 Verum
1520 1485 1606 1523 eos
1650 1485 1745 1523 nec
1795 1467 1872 1521 ad

233 1558 521 1600 sermonem
545 1541 737 1596 saltem
756 1541 1012 1609 colloquii
1044 1543 1339 1595 communis
1359 1540 1585 1595 admisit
1606 1538 1870 1609 (conque-

235 1616 381 1671 ritur
404 1612 807 1682 Firmilianus)
844 1628 856 1664 :
887 1611 1187 1682 declarans
1220 1612 1278 1666 in
1310 1611 1555 1681 epistola
1584 1613 1652 1668 ad
1675 1612 1729 1667 S.
1758 1610 1874 1680 Cy-

240 1687 521 1757 prianum,
548 1690 611 1757 ut
644 1684 703 1737 in
759 1680 1003 1757 epistola
1038 1680 1110 1738 74
1138 1683 1287 1757 inter
1314 1680 1719 1757 C’yprianicas,
1758 1694 1871 1737 non

1973 474 2217 547 ponebat
2240 476 2569 547 apostolica
2585 474 2740 547 sedis
2768 474 3173 530 traditionem?
3197 474 3423 531 Asiana
3445 480 3617 543 atque

1970 545 2253 604 Africana
2281 545 2548 604 Ecclesia
2575 545 3059 616 obtemperarunt,
3104 559 3171 600 ex
3215 559 3329 615 quo
3368 558 3616 600 consue-

1979 619 2238 676 tudinem
2265 633 2427 676 suam
2450 618 2724 675 novitatis
2750 618 2893 673 vitio
2924 616 3185 672 laborare
3207 622 3614 687 cognoverunt,

1980 697 2190 748 sancta
2203 705 2332 747 vero
2344 691 2499 746 sedis
2514 703 2680 747 usum
2696 687 3068 758 antiquitatis
3080 685 3615 758 primaprastantia

1977 763 2456 831 commendatum,
2490 762 2744 831 adeoque
2787 756 3187 831 et‘legitim’um
3226 756 3618 831 deprehendet

1979 840 2135 890 runt.
2161 834 2336 890 Multa
2356 825 2608 903 profecto
2631 825 2903 903 indagine
2919 825 3395 903 progrediendum
3415 825 3617 903 fui_t_ad

1980 905 2333 962 enodandam
2358 897 2514 960 'facti
2544 897 2859 969 seriemfet
2892 897 2951 957 in
2979 897 3128 957 béno
3172 900 3394 957 lumine
3432 897 3614 954 collo‘

1981 976 2240 1032 caudam.
2272 976 2415 1031 Hinc
2444 982 2531 1031 est
2560 974 2711 1044 quod
2742 974 2795 1029 S.
2827 973 3190 1043 Augustinus
3212 971 3336 1043 (lib.
3372 985 3411 1044 ι
3432 974 3622 1025 contra

1979 1050 2180 1103 Donat.
2228 1060 2353 1116 cap.
2380 1044 2465 1116 48)
2494 1042 2768 1116 excusare
2797 1042 3148 1101 contendens
3170 1042 3227 1099 S.’
3251 1042 3617 1116 Cyprianum,

1982 1125 2285 1189 postquam
2301 1113 2560 1174 asseruit
2580 1115 2809 1189 beatum
2837 1121 3283 1189 ma_r_tyrem__non
3316 1113 3623 1189 recessisse

1980 1184 2051 1245 ab
2079 1184 2300 1245 unitate
2328 1189 2615 1253 Ecclesia,
2633 1188 2817 1257 addit,
2846 1186 3069 1242 nullum
3087 1185 3276 1242 adhuc
3300 1184 3621 1257 plenarium

1981 1261 2292 1317 concilium
2322 1273 2387 1316 ea
2411 1260 2482 1315 de
2512 1273 2572 1315 re
2595 1252 2814 1314 tulisse
2831 1258 3174 1313 sententiam
3199 1275 3212 1310 :
3247 1277 3274 1309 ‹‹
3300 1252 3454 1311 ’Νειιιι
3500 1252 3622 1309 illis

1981 1331 2358 1400 temporibus,
2405 1334 2707 1400 antequam
2757 1328 2999 1398 plenarii
3032 1328 3266 1384 concilii
3315 1326 3620 1400 sententia,

1981 1347 2088 1388 tem
2137 1347 2358 1397 OI‘IDHS,
2405 1347 2707 1400 antequam
2757 1347 2999 1398 plenam
3032 1347 3266 1384 COHCIIII
3315 1347 3620 1390 SClllelllla,

1981 1347 2133 1473 quid)
2176 1402 2279 1457 hac
2312 1403 2370 1458 in
2413 1415 2474 1457 re
2511 1401 2873 1473 sentiendum
2914 1406 3107 1473 esset,
3132 1399 3317 1473 totius
3356 1396 3624 1473 Ecclesia

1979 1468 2282 1529 consensio
2302 1473 2712 1540 conﬁrmasset,
2736 1472 2921 1527 visum
2946 1477 3033 1526 est
3060 1470 3113 1526 ei
3141 1484 3270 1526 cum
3292 1468 3628 1525 fermeocto-

2018 1545 2137 1600 iuta
2162 1546 2521 1614 coepiscopis
2536 1542 2939 1598 Africanarum
2962 1542 3372 1614 Ecclesiarum,
3400 1550 3623 1614 omnem

2018 1562 2137 1600 Ulla
2162 1562 2939 1614 coepiscopISAIrlcunarum
2965 1562 3372 1606 nccwsrarutu,
3400 1562 3623 1594 Uluucln

1981 1562 2295 1683 gominem,
2330 1618 2428 1686 qui
2469 1621 2631 1686 extra
2658 1613 2926 1670 Ecclesia
2956 1612 3250 1686 catholica
3271 1608 3629 1686 communio-

1985 1701 2108 1743 nem
2142 1683 2465 1756 baptizatus
2499 1685 2708 1742 fuisset
2747 1690 3009 1754 oportere
3050 1684 3119 1739 ad
3167 1683 3479 1756 Ecclesiam
3519 1693 3659 1756 ve-

233 1751 353 1829 esse
382 1751 707 1829 iterandum
735 1754 1120 1825 quodcunque
1141 1751 1542 1829 hareticOrum
1568 1754 1871 1829 baptisma.
1902 1769 1953 1829 Β
1984 1751 2235 1829 nienteui
2267 1759 2456 1814 denuo
2502 1751 2804 1829 baptizari:
2841 1775 2864 1806 ››
2895 1756 2950 1810 S.
2983 1756 3185 1829 doctor
3227 1753 3540 1829 sign_itic_a_t,
3564 1751 3626 1829 in

239 1850 265 1881 (ι
303 1828 359 1883 Si
387 1827 522 1897 quis
550 1839 685 1896 ergo
711 1837 745 1879 a
771 1824 1116 1896 quacunque
1146 1824 1347 1881 haresi
1392 1827 1617 1881 venerit
1643 1825 1711 1881 ad
1747 1837 1871 1892 nos,

235 1899 378 1955 nihil
414 1899 736 1963 innovetur,
774 1897 889 1951 nisi
923 1898 1071 1966 quod
1124 1897 1400 1953 traditum
1439 1903 1543 1966 est,
1574 1900 1639 1954 ut
1669 1909 1874 1951 manus

237 1972 323 2027 illi
353 1972 684 2040 imponatur
713 1968 780 2023 ad
817 1968 1232 2040 paenitentiam.
1268 1984 1296 2018 »

301 2035 621 2112 Οριειιιᾶιιιιι
654 2035 1015 2112 summopere
1045 2038 1272 2112 fuisset,
1307 2042 1372 2094 ut
1395 2038 1592 2112 Asiani
1622 2040 1679 2094 et
1711 2035 1877 2093 Afri—

233 2109 364 2171 cani
383 2112 494 2168 sibi
524 2124 637 2181 pra
661 2110 848 2166 oculis
872 2123 1078 2179 ponere
1103 2109 1424 2166 voluissent
1442 2110 1719 2181 majorum
1745 2121 1876 2165 suo-

235 2198 359 2240 rum
391 2180 709 2238 sententias
735 2183 805 2237 de
844 2181 1178 2252 traditione,
1211 2183 1380 2250 cujus
1405 2180 1754 2252 depositaria
1787 2186 1876 2235 est

234 2256 382 2312 Petri
408 2255 590 2322 sedes,
642 2266 852 2322 easque
878 2253 1021 2308 satis
1065 2252 1384 2322 explicatas
1413 2251 1563 2319 apud
1602 2253 1873 2322 Irenaeum

238 2328 387 2383 inter
405 2321 670 2394 Asianos,
694 2321 914 2393 etapud
941 2323 1363 2379 Tertullianum
1388 2323 1539 2378 inter
1551 2321 1875 2389 Africanos,

236 2404 412 2454 testes
439 2402 862 2452 conterraneos.
908 2395 1072 2450 Prior
1109 2408 1177 2450 ex
1209 2395 1303 2449 bis
1327 2396 1578 2450 lrenaus
1601 2394 1875 2463 declarat,

236 2470 307 2526 ad
339 2468 758 2538 impediendam
783 2466 1209 2535 corruptionem
1248 2465 1548 2538 doctrina,
1590 2478 1656 2538 ac
1681 2465 1879 2538 revin—

238 2536 450 2597 cendos
490 2552 713 2595 errores
740 2538 999 2595 adhiberi
1030 2552 1062 2593 a
1094 2537 1387 2609 genuinis
1422 2536 1690 2592 Ecclesia
1737 2536 1879 2591 ﬁliis

239 2625 533 2668 recursum
561 2610 629 2666 ad
661 2623 784 2665 eam
816 2608 1185 2665 traditionem
1213 2622 1279 2664 ac
1320 2608 1505 2674 ﬁdem,
1541 2620 1709 2677 quam
1762 2609 1882 2662 Ro—

234 2696 397 2739 mana
422 2682 673 2738 Ecclesia
705 2680 948 2735 maxima
977 2688 1034 2736 et
1068 2680 1497 2749 antiquissima,
1538 2686 1593 2734 et
1613 2677 1883 2734 omnibus

236 2754 492 2826 cognita,
538 2759 735 2826 utpote
757 2751 827 2807 ab
851 2751 1131 2826 apostolis
1156 2748 1317 2807 Petro
1343 2757 1397 2806 et
1434 2749 1612 2806 Paulo
1644 2748 1880 2826 fundata

236 2832 295 2882 et
309 2821 644 2892 constituta,
660 2823 731 2878 ab
748 2822 1027 2893 apostolis
1038 2828 1325 2891 acceptam
1342 2835 1439 2891 per
1458 2821 1879 2877 successionem

237 2897 638 2966 episcOporum
667 2896 991 2966 venientem
1014 2907 1198 2964 usque
1224 2894 1293 2966 ad
1324 2906 1428 2948 nos
1457 2893 1883 2966 cum_auctori—

236 2963 354 3024 tate
386 2963 696 3037 principali
732 2979 843 3037 qua
886 2963 1468 3037 polleticonjunctam
1507 2970 1565 3019 et
1601 2963 1879 3034 integram

240 3034 606 3109 praescrvavit
631 3056 646 3105 ;
674 3034 952 3092 Ecclesiis
976 3044 1031 3091 et
1059 3034 1329 3109 ﬁdelibus
1352 3034 1569 3104 ubique
1596 3040 1880 3090 terrarum

237 3107 450 3183 positis
463 3109 531 3165 ad
555 3109 703 3163 hanc
722 3121 1015 3183 recurrere
1040 3120 1169 3163 cum
1193 3107 1272 3162 sit
1301 3111 1883 3183 necesseLetprOpter
1913 3120 1962 3183 α

238 3178 613 3251 potentiorem
636 3178 1132 3251 principalitatem
1168 3178 1492 3251 convenire.
1533 3178 1588 3231 S.
1635 3179 1881 3251 lreuaus

234 3247 365 3307 adv.
396 3252 531 3306 har.
586 3247 688 3305 lib.
742 3263 827 3320 ιιι,
868 3263 992 3318 cap.
1023 3248 1058 3304 3
1087 3248 1274 3318 (cujus
1322 3247 1491 3320 verba
1549 3260 1723 3320 supra
1763 3249 1878 3315 jam

236 3322 503 3378 dedimus
551 3322 611 3376 in
652 3317 823 3376 notis
857 3317 1012 3375 ad’S.
1058 3317 1455 3387 Clementem):
1518 3338 1544 3371 ς(
1597 3317 1881 3373 Habemus

237 3394 471 3449 Romam
497 3392 599 3464 (ait
621 3391 849 3448 African
861 3390 944 3517 usi
968 3392 1117 3447 unde
1134 3389 1303 3446 nobis
1315 3402 1543 3461 quoque
1564 3389 1881 3445 auctoritas

242 3471 449 3517 nrasto
490 3472 576 3517 est
603 3461 819 3517 futura.
853 3464 923 3517 Fe
951 3462 1005 3517 ix
1031 3461 1304 3517 Ecclesia.
1332 3461 1427 3517 cui
1453 3467 1628 3517 totam
1654 3459 1881 3516 doctri-

242 3471 449 3535 prasto
490 3459 576 3519 est
598 3461 819 3535 futura.
853 3459 1009 3535 Felix
1031 3461 1304 3529 Ecclesia,
1332 3459 1881 3535 cui_totam_doc_tri-

239 3531 366 3590 nam
391 3534 634 3601 apostoli
658 3548 788 3589 cum
812 3534 1093 3603 sanguine
1113 3546 1218 3588 suo
1242 3531 1653 3603 profuderunt!
1682 3549 1708 3581 ››
1729 3531 1879 3602 (Ter-

238 3606 477 3662 tulliau.
508 3605 606 3660 lib.
640 3605 705 3659 de
723 3602 1033 3674 Prascript.
1070 3610 1196 3674 post
1227 3602 1397 3674 med.)

307 3677 544 3733 Asianis
567 3682 623 3731 et
642 3674 932 3731 Africanis
966 3676 1159 3730 minus
1192 3673 1504 3729 infeliciter
1532 3673 1588 3729 id
1613 3673 1880 3742 contigit,

236 3750 392 3819 quod
415 3748 793 3817 opinarentur
806 3746 1198 3819 quastionem,
1232 3746 1387 3819 ipsos
1406 3746 1629 3800 interac
1655 3746 1884 3819 Stepha-

236 3817 373 3874 num
400 3820 713 3884 subortam,
749 3831 861 3873 non
884 3817 1100 3872 versari
1132 3817 1283 3872 circa
1322 3817 1546 3887 dogma,
1580 3817 1675 3887 sed
1730 3829 1886 3871 circa

232 3890 632 3959 disciplinam,
663 3895 719 3944 et
742 3888 1115 3944 oeconomiam
1128 3886 1423 3954 Ecclesia,
1447 3894 1615 3956 prout
1631 3886 1701 3941 ab
1719 3887 1886 3942 utris-

236 3975 352 4032 que
380 3958 733 4032 declaratum
764 3959 895 4015 fuit.
921 3959 1295 4014 Firmilianus
1315 3958 1464 4013 enim
1482 3959 1881 4032 conqueritur,

234 4028 392 4103 quod
423 4031 749 4103 Stephanus
799 4032 1069 4103 decernat
1097 4043 1194 4103 eos
1225 4041 1490 4103 separare
1536 4028 1609 4082 ab
1657 4030 1886 4103 unitate

236 4099 588 4159 universalis
610 4101 891 4165 Ecclesia,
924 4100 1023 4171 qui
1039 4101 1219 4170 justis
1237 4101 1308 4156 de
1334 4099 1734 4171 causisrecipi
1766 4113 1797 4153 a
1820 4113 1886 4171 (se

233 4187 354 4230 non
369 4173 574 4229 debere
599 4172 875 4242 putabant
900 4170 1208 4228 nonnullas
1237 4170 1686 4228 consuetudines
1703 4170 1889 4227 Eccle-

234 4246 343 4301 sia
360 4247 624 4300 Romana
646 4245 928 4314 proprias,
959 4257 1086 4314 qua
1101 4242 1472 4314 disciplinam
1492 4247 1708 4314 tantum
1722 4242 1886 4314 modo

236 4312 665 4385 respiciebanti
698 4312 827 4371 cum
878 4312 1041 4370 nemo
1074 4328 1143 4369 ex
1167 4312 1569 4385 decessoribus
1612 4313 1884 4385 Stephani

231 4384 519 4444 arcendos
534 4400 660 4442 esse
678 4387 996 4456 judicasset
1011 4398 1108 4441 eos
1130 4386 1230 4455 qui
1255 4385 1477 4440 similia
1505 4384 1772 4456 instituta
1808 4397 1888 4439 se-

233 4460 343 4529 qui
386 4464 764 4514 recusassent.
794 4479 819 4509 ‹‹
843 4458 1166 4529 Secundum
1196 4456 1442 4529 quodin
1472 4455 1694 4511 cateris
1713 4468 1886 4529 quo—

236 4525 358 4601 que
390 4529 660 4597 plurimis
693 4528 1003 4598 provinciis
1028 4525 1337 4597 multa’pro
1364 4526 1616 4582 locorum
1635 4533 1691 4581 et
1713 4525 1886 4601 homi-

233 4598 384 4657 num
413 4600 751 4655 diversitate
778 4601 1078 4655 variantur
1114 4616 1128 4667 ;
1163 4612 1265 4654 nec
1291 4604 1477 4653 tamen
1508 4604 1738 4667 propter
1783 4598 1889 4653 hoc

226 4672 312 4728 ab
340 4672 613 4728 Ecclesia
637 4671 936 4727 catholica
960 4685 1092 4741 pace
1125 4675 1299 4741 atque
1325 4671 1546 4725 unitate
1574 4669 1889 4741 aliquando

228 4744 564 4799 discessum
591 4749 696 4797 est.
728 4741 901 4810 Quod.
922 4739 1074 4797 nunc
1107 4739 1433 4810 Stephanus
1464 4752 1642 4794 ausus
1673 4747 1759 4794 est
1798 4739 1888 4795 fa-

231 4828 394 4883 cere,
428 4827 699 4882 rumpens
743 4814 1017 4868 adversus
1066 4825 1163 4867 vos
1196 4823 1407 4881 pacem,
1444 4823 1618 4883 quam
1668 4824 1891 4879 semper

227 4880 638 4941 antecessores
663 4885 789 4953 ejus
814 4884 1108 4939 vobiscum
1140 4880 1332 4937 amore
1355 4887 1412 4937 et
1442 4880 1656 4953 honore
1688 4891 1889 4953 mutuo

226 4956 671 5012 custodierunt.
693 4950 729 5005 ⁷»
748 4955 1014 5025 (Epistola
1027 4953 1360 5025 Firmiliani,
1379 4952 1527 5021 apud
1540 4950 1889 5021 Cyprianum

222 5025 352 5097 75).
380 5026 616 5097 γεγηοάι
658 5022 787 5080 vero
810 5022 1119 5097 'Africana
1146 5022 1378 5097 fuerant
1408 5028 1752 5097 protestata,
1785 5037 1891 5097 ne-

222 5094 454 5168 minia
471 5110 534 5152 se
559 5097 734 5168 legem
766 5097 919 5152 dari:
947 5096 1043 5151 sed
1074 5095 1429 5168 arbitrari;se
1460 5094 1745 5168 integrum
1772 5096 1888 5151 cui-

222 5182 354 5240 que
396 5166 538 5233 fore,
563 5165 721 5222 salva
751 5181 881 5240 cum
906 5167 1127 5223 cateris
1153 5179 1306 5235 pace,
1329 5165 1494 5240 sequi
1521 5168 1885 5224 consuetudi-

220 5238 370 5296 dem
400 5240 709 5310 prOpriam.
745 5238 861 5304 Qua
885 5240 944 5292 in
981 5254 1041 5293 re
1068 5253 1162 5292 nec
1190 5252 1286 5310 nos
1311 5238 1566 5310 cuiquam
1589 5240 1699 5292 vim
1741 5241 1893 5310 faci-

214 5326 362 5366 mus
400 5306 520 5365 ‘aut’
542 5312 709 5378 legem
752 5310 947 5364 damus
977 5309 1149 5381 (apud
1189 5307 1541 5378 Cyprianum
1587 5311 1745 5376 epist.
1777 5306 1887 5380 7‘2).

216 5385 377 5439 Nem
390 5383 537 5437 inem
548 5382 901 5453 judicantes,
914 5386 1060 5437 auia
1076 5381 1208 5450 jure
1226 5381 1617 5453 communionis
1627 5382 1887 5450 aliquem,

215 5457 286 5512 si
332 5451 617 5507 diversum
666 5451 909 5519 senserat,
954 5451 1481 5522 amooentes.(Conc.
1537 5451 1788 5523 Cartag.,
1827 5453 1892 5506 de

220 5529 407 5578 Bant.
440 5524 628 5578 haeret)

217 5529 407 5584 Bapt.
440 5529 604 5579 haeret

300 5525 1171 5665 l11::.lultlaarairt‘pvigiturtransferunt
1199 5591 1709 5665 inimiciABomana
1736 5593 1892 5649 sedis

210 5673 523 5723 vetustam
541 5662 687 5722 hanc
703 5667 1156 5735 disputationem
1173 5664 1243 5720 ad
1261 5662 1680 5735 conciliandam
1700 5672 1894 5720 aucto-

215 5740 476 5795 ritatem
501 5739 666 5794 novis
690 5733 971 5805 dissidiis,
1007 5737 1224 5808 quibus
1271 5736 1382 5806 ipsi
1418 5733 1655 5808 turbant
1690 5735 1893 5808 Eccle-

208 5813 415 5867 sium.
443 5810 640 5866 Nonne
659 5804 1053 5879 comprobavit
1067 5804 1322 5873 eventus,
1343 5806 1695 5879 propositam
1712 5804 1893 5865 fuisse

1983 1843 2046 1886 ea
2078 1828 2259 1885 fuisse
2284 1822 3034 1898 sententia-Cyprianumiut
3057 1822 3313 1883 crederet
3339 1825 3416 1898 de
3431 1822 3627 1898 disci—

1985 1901 2144 1971 plina
2171 1901 2566 1956 tantummodo
2597 1894 2911 1955 tunclitem
2945 1896 3148 1971 fuisse,
3173 1894 3627 1971 quoiscilieetin

1984 1966 2187 2044 genere
2213 1972 2595 2044 quastionum
2629 1971 2977 2044 dogmanon
3008 1966 3442 2044 attingentium,
3474 1966 3630 2044 intev

1985 2034 2147 2115 grum
2190 2034 2399 2114 cuique
2425 2042 2569 2115 foret
2602 2034 2910 2115 provincia
2937 2055 3055 2096 sua
3085 2034 3345 2096 mo'ribus
3392 2034 3629 2093 confor—

1988 2113 2153 2183 mari,
2186 2115 2365 2171 donec
2391 2114 2629 2171 solemni
2663 2113 2925 2168 examine
2973 2116 3322 2168 statueretur
3370 2119 3629 2180 quanam

1985 2190 2209 2242 vetusta
2236 2192 2388 2242 esset
2423 2199 2488 2241 ac
2520 2184 2778 2256 legitima
2804 2184 3180 2240 consuetudo.

2055 2257 2231 2312 Caute
2276 2249 2660 2323 attendamus,
2709 2268 2779 2311 ne
2824 2257 3148 2324 opinemur,
3185 2258 3446 2309 sanctum
3486 2249 3631 2324 Hip-

1988 2341 2148 2399 pona
2165 2327 2495 2397 episcOpum
2519 2319 2655 2383 dum
2676 2319 3450 2399 excusatCarthaginensom,
3470 2319 3632 2399 aﬁir-_-

1988 2391 2151 2455 inaus
2181 2391 2499 2468 plenarium
2551 2398 2863 2454 concilium
2915 2391 3301 2454 necessarium
3333 2392 3515 2468 fuisse
3557 2391 3628 2448 ad

1989 2466 2402 2526 terminandum
2425 2470 2900 2525 controversiam:
2932 2483 3002 2525 ne
3021 2470 3344 2538 opinemur,
3372 2466 3628 2538 inquam,

1992 2542 2365 2612 pronuntiare
2378 2541 2602 2611 aliquid
2617 2546 2813 2597 contra
2828 2536 3227 2612 auctoritatem
3252 2541 3462 2593 sancta
3476 2536 3634 2612 sedis

1993 2605 2052 2668 in
2093 2613 2429 2668 decidendis
2471 2605 2901 2675 controversiis,
2942 2625 3111 2680 quam
3161 2610 3260 2665 ille
3306 2605 3635 2679 recognovit

1992 2684 2130 2739 adeo
2160 2682 2501 2750 luculenter,
2532 2683 3009 2754 quemadmodum
3036 2695 3143 2754 suo
3168 2686 3421 2754 tempore
3449 2691 3634 2754 expo-

1993 2768 2210 2810 nemus.
2244 2754 2506 2810 Declarat
2535 2750 2711 2824 enim,
2745 2754 2897 2824 quod
2941 2755 3010 2810 ad
3041 2753 3159 2808 hac
3199 2751 3426 2824 attinet,
3458 2750 3632 2824 etiam

1991 2826 2240 2882 concilia
2296 2827 2419 2895 ipsa
2461 2819 2717 2895 plenaria
2763 2819 2911 2894 sape
2959 2824 3152 2894 priora
3216 2819 3637 2895 posterioribus

1991 2897 2281 2953 emendari
2300 2891 2476 2953 certis
2502 2898 2561 2951 in
2580 2896 2831 2961 casibus,
2846 2891 3002 2951 'citr'a
3024 2891 3637 2951 lasion’emauctorita-

1992 2968 2067 3024 tis
2098 2968 2329 3038 utrique
2356 2968 2601 3038 integra,
2617 2968 3004 3036 permanentis
3025 2984 3037 3019 :
3053 2978 3174 3038 quo
3186 2965 3357 3038 etiam
3374 2961 3633 3032 plenaria

1995 3035 2252 3108 proferre
2264 3038 2453 3108 potuit
2475 3035 2567 3092 his
2592 3035 2652 3092 in
2692 3038 2906 3093 eisdem
2946 3037 3199 3097 casibus,
3236 3035 3407 3090 etiam
3438 3045 3631 3108 sensu

1992 3105 2233 3165 concilia
2264 3105 2334 3165 ad
2390 3122 2622 3164 examen
2663 3122 2927 3164 revocare
2958 3108 3214 3177 potuisse
3260 3105 3499 3177 negotia
3536 3115 3633 3172 per

1990 3181 2046 3236 S.
2078 3182 2264 3237 sedem
2296 3179 2534 3236 deﬁnita
2554 3180 2700 3234 citra
2717 3175 3069 3235 eversionem
3102 3177 3357 3245 ejusdem
3384 3175 3630 3243 jurium.

1988 3254 2134 3308 Sunt
2157 3256 2345 3307 autem
2378 3264 2547 3306 casus
2590 3250 2700 3315 illi,
2752 3264 2822 3306 ex
2851 3250 3003 3305 beati
3042 3246 3296 3305 doctoris
3325 3247 3631 3313 sententia,

1993 3324 2251 3394 quadam
2276 3321 2513 3394 latentia
2543 3328 2597 3377 et
2624 3321 2887 3394 obscura,
2922 3334 3049 3390 qua
3078 3331 3396 3394 progressu
3415 3325 3634 3384 tempo-

1992 3388 2120 3449 rum
2150 3399 2207 3449 et
2235 3393 2624 3464 experimento
2647 3388 3000 3464 deteguntur
3029 3409 3042 3445 :
3078 3410 3103 3443 «
3134 3388 3275 3458 Quis
3300 3393 3494 3464 autem
3528 3400 3634 3441 ne—

1992 3465 2122 3531 scit,
2141 3464 2333 3534 inquit
2381 3462 2766 3533 conciliaipsa
2788 3461 3421 3534 plenariasapepriora
3442 3464 3636 3528 poste-

1993 3534 2253 3591 rioribus
2281 3534 2595 3590 emendari.
2638 3548 2768 3589 cum
2792 3533 2999 3604 aliquo
3028 3533 3421 3603 experimento
3444 3541 3635 3604 rerum

1994 3607 2253 3676 aperitur
2273 3605 2422 3675 quod
2447 3605 2709 3676 clausum
2731 3618 2776 3660 et
2795 3600 2951 3676 at,_ét
2974 3600 3347 3676 cognoscitur
3371 3601 3521 3672 quod
3542 3600 3637 3676 _l_a-

1994 3671 2147 3733 tébat
2171 3677 2199 3731 ‘l
2230 3696 2255 3725 υ
2291 3671 2476 3744 (Ibat,
2506 3675 2609 3730 lib.
2644 3690 2707 3742 ιι,
2733 3689 2856 3746 cap.
2877 3671 3265 3745 3.)Objectum
3293 3674 3363 3729 de
3379 3671 3494 3743 quo
3513 3671 3638 3746 _dis-

1998 3747 2310 3819 putabatur
2353 3742 2769 3819 numerandum
2802 3742 3118 3819 erat'inter
3146 3759 3242 3819 eos
3287 3742 3477 3800 casus.
3507 3742 3639 3819 Ste-_-

1996 3812 2223 3889 phanus
2249 3819 2403 3873 circa
2426 3819 2718 3889 negotium
2742 3817 3014 3889 baptismi
3036 3818 3456 3889 haereticorum,
3486 3812 3637 3883 quod

1997 3887 2262 3961 prohibet
2309 3887 2529 3957 iterari,
2570 3887 2857 3945 decretum
2893 3887 3064 3961 refert
3098 3888 3168 3943 ad
3222 3887 3634 3961 traditionem:

1994 3955 2149 4019 Nihil
2169 3964 2470 4024 innovetvr,
2500 3955 2611 4015 nisi
2641 3961 2787 4029 quod
2820 3960 3087 4014 traditum
3115 3963 3230 4013 est:
3253 3958 3322 4013 ad
3360 3955 3639 4012 traditio-

1997 4047 2121 4088 nem
2145 4031 2558 4102 scilicetjuxta
2585 4032 2915 4101 opinionem
2936 4030 3248 4102 Augustini
3274 4036 3396 4084 tum
3423 4034 3641 4095 tempo-

1996 4105 2079 4159 ris
2109 4104 2189 4159 ita
2240 4101 2553 4157 involutam
2602 4109 2658 4157 et
2699 4101 3121 4170 obscuram,’ut
3171 4101 3338 4171 plane
3378 4105 3642 4171 constare

1998 4189 2108 4231 non
2139 4187 2304 4245 posse
2326 4174 2618 4245 videretur
2649 4175 2719 4230 de
2751 4174 2916 4229 illius
2954 4169 3415 4245 evidentia,_nisi
3439 4173 3643 4245 coacto

1999 4242 2256 4316 plenario
2287 4243 2565 4301 concilio:
2596 4246 2709 4301 imo
2739 4244 2926 4314 talem,
2950 4251 3017 4301 ut
3040 4245 3210 4301 etiam
3236 4242 3644 4316 plenariacon-

1998 4312 2137 4373 cilia
2179 4317 2249 4372 de
2307 4316 2475 4371 illius
2524 4312 2934 4386 perspicuitate
2979 4329 3041 4371 se
3069 4312 3356 4386 corrigere
3402 4312 3643 4386 invicem

2003 4394 2253 4457 possent,
2283 4388 2439 4443 aitS.
2473 4383 2690 4444 doctor.
2720 4388 2878 4443 Talis
2903 4387 3053 4443 enim
3083 4383 3300 4457 natura
3328 4383 3645 4457 habebatur

2001 4455 2068 4515 ut
2093 4458 2255 4528 plene
2269 4458 2871 4530 deﬁnirinequaquam
2903 4459 3119 4513 valeret
3150 4459 3208 4511 in
3236 4455 3643 4530 plenarioconf

1913 4530 1969 4593 D
2000 4522 2141 4585 cili'o
2167 4536 2469 4600 antequam
2497 4522 3135 4600 discussafundituset
3162 4522 3466 4600 eventilata
3498 4522 3645 4600 foret

2003 4603 2060 4656 in
2087 4596 2356 4670 pluribus
2372 4599 2875 4669 disputationibus
2889 4608 2943 4654 et
2963 4596 3376 4670 collationibus
3395 4596 3641 4670 particu-

2001 4665 2226 4728 laribus
2278 4665 2707 4740 episcoporum.
2741 4690 2767 4721 «
2799 4670 3093 4738 Quomodo
3122 4669 3305 4740 enim,
3327 4667 3429 4735 ait,
3454 4665 3644 4740 potuit

2002 4744 2111 4798 ista
2130 4756 2219 4797 res
2235 4736 2877 4797 tantisal‘tercationu'm
2901 4740 3132 4796 nebulis
3156 4738 3414 4795 involuta
3439 4737 3506 4791 ad
3532 4736 3641 4805 ple-

2002 4814 2153 4868 narii
2180 4811 2418 4867 concilii
2449 4812 2800 4868 luculentam
2842 4810 3287 4867 illustrationem
3330 4807 3642 4865 conﬁrma-

2001 4885 2331 4953 tionemque
2354 4883 2612 4953 perduci,
2638 4883 2751 4937 nisi
2780 4882 2964 4951 primo
2984 4882 3213 4938 diutius
3234 4895 3332 4952 per
3347 4880 3641 4953 orbis_t_er-

2001 4968 2192 5011 rarum
2208 4949 2683 5026 regionesmultis
2711 4949 2987 5024 hicatque
3002 4953 3126 5009 illic
3146 4949 3644 5026 disputationibus

1999 5019 2477 5095 etcollaticnibus
2490 5019 3261 5095 episcoporum'pertractata
3274 5028 3468 5080 consta
3478 5019 3639 5095 reti»

1998 5097 2184 5169 (Ibid,
2230 5109 2352 5166 cap.
2388 5090 2559 5169 illd
2609 5090 2924 5166 perspicue
2955 5095 3299 5169 manifestat,
3361 5090 3645 5169 generalis

1999 5163 2232 5224 aoncilii
2254 5163 2412 5237 opem
2429 5163 2501 5222 ab
2522 5163 2848 5239 Augustino
2862 5168 3198 5238 requisitam
3223 5163 3399 5236 super
3416 5163 3642 5235 negotio

2000 5240 2071 5296 de
2096 5253 2209 5310 quo
2230 5240 2473 5294 maxime
2493 5239 2875 5310 quaerebatur,
2897 5240 3138 5308 versari,
3161 5239 3325 5308 juxta
3354 5238 3479 5307 ejus
3504 5248 3641 5310 sen-

2001 5307 2152 5380 sum,
2181 5312 2240 5366 in
2272 5307 3029 5379 cardine‘disciplina’circa
3054 5307 3427 5366 oeconomiam
3454 5307 3643 5380 eccle—

2002 5383 2319 5449 siasticam,
2379 5381 2437 5436 in
2475 5396 2585 5450 qua
2637 5382 2896 5450 plenaria
2942 5395 3172 5451 quoque
3204 5380 3451 5436 concilia
3499 5379 3644 5434 citra

2003 5459 2259 5509 mutuam
2289 5452 2582 5508 lasionem
2612 5459 2714 5507 aut
2736 5451 3165 5508 subversionem
3189 5452 3412 5521 jurium
3434 5451 3646 5507 asserit

1996 5527 2192 5594 priora
2216 5522 2609 5594 posterioribus
2631 5523 2928 5577 emendari.

2074 5595 2131 5650 ld
2168 5592 2533 5649 manifestius
2564 5594 2874 5656 evincitur,
2906 5595 2955 5650 si
2997 5593 3280 5663 objectum
3315 5593 3642 5651 intueamur

2005 5666 2062 5721 in
2096 5679 2162 5722 eo
2205 5671 2504 5734 prospectu
2535 5678 2600 5720 ac
2628 5664 2847 5721 lumine
2874 5664 2931 5737 in
2962 5678 3074 5737 quo
3095 5664 3336 5721 collocat
3357 5667 3643 5737 Augusti-

2006 5750 2138 5805 nus,
2165 5749 2411 5807 eumque
2425 5736 2731 5792 audiamus
2754 5749 2869 5791 rem
2892 5734 3155 5791 funditus
3182 5734 3639 5806 pertractantem.

2003 5807 2185 5880 Nihil,
2241 5807 2452 5880 inquit,
2507 5807 2942 5878 apponebantur
2991 5808 3048 5863 S.
3103 5808 3384 5879 Cypriano
3441 5816 3644 5878 prater
