4070 6178
463 289 486 348 4
498 288 599 348 407

1699 279 2061 338 ANASTASII
2097 278 2640 339 BIBLIOTHECARII

3723 275 3864 335 4408

461 413 958 482 consuetudinem,
999 412 1206 483 utique
1239 424 1452 483 veram,
1484 393 1652 481 cujus
1679 414 1927 483 attamen
1955 410 2116 466 veri-
2138 403 2199 464 A
2219 409 2394 478 citur,
2414 408 2472 483 in
2504 421 2616 478 quo
2642 407 2834 464 hostes
2851 406 3178 478 apostolica:
3202 407 3359 464 sedis
3383 405 3661 464 obiectari
3681 409 3865 464 tanto-

463 487 605 544 tatis
623 481 964 543 documenta
987 481 1575 552 non'proferebantur.
1606 481 1970 538 Consuetudo
2002 483 2113 537 ista

465 566 722 616 revocata
741 556 928 612 fuerat
951 557 1009 610 in
1027 555 1269 610 dubium
1293 568 1478 610 coram
1500 555 1783 624 Cypriano
1803 555 2114 624 perAgrip-

468 631 690 700 pinum,
721 641 899 683 unum
923 626 1132 700 exisuis
1161 625 1582 700 decessor‘ibus,
1612 626 1669 680 in
1698 625 2111 700 quodamcon-

463 695 599 757 cilio
645 695 874 768 aliquot
912 699 1310 767 episcoporum
1367 695 1573 752 Africa:
1606 715 1616 750 :
1648 710 1793 768 qua:
1823 696 2000 768 dubia
2054 702 2110 752 et

465 766 811 840 quaestiones
849 766 963 824 nisi
1010 769 1451 840 praecessissent,
1513 767 1662 822 nihil
1693 766 2109 840 aususifuisset

462 839 783 912 Cyprianus
815 839 1149 895 ratiocinari
1178 845 1374 912 contra
1402 841 1526 909 ejus
1553 839 1994 912 consuetudinis
2024 853 2109 894 as-

465 909 793 969 sertionem.
829 915 889 967 In
921 925 1057 966 casu
1079 916 1250 965 tanta:
1294 911 1691 979 obscuritatis,
1739 918 1866 979 post
1898 909 2105 965 librata

467 999 592 1054 quae
627 984 760 1038 hinc
785 982 1188 1046 atterebantur,
1213 988 1269 1038 et
1300 996 1424 1053 quae
1453 981 1678 1036 videbat
1711 983 1832 1050 ipse
1855 982 2107 1054 decon—

465 1052 769 1111 suetudine
827 1055 906 1110 ita
947 1054 1180 1109 robusta
1219 1059 1391 1122 atque
1412 1060 1662 1119 extensa,
1696 1061 1750 1107 et
1782 1067 1906 1122 quae
1937 1052 2103 1108 illinc

463 1140 530 1182 ex
555 1127 792 1181 adverso
810 1130 1094 1194 repererat
1119 1124 1487 1180 constabilita
1516 1124 1572 1178 in
1603 1125 1832 1192 propria
1852 1123 2105 1179 Ecclesia

461 1211 528 1251 ex
570 1198 914 1252 auctoritate
941 1195 1177 1251 concilii
1221 1196 1328 1251 sub
1364 1195 1728 1264 Agrippino;
1765 1195 2106 1263 prolixioris

462 1267 679 1323 laboris
711 1275 986 1338 pertaesus
1018 1267 1075 1320 in
1100 1267 1471 1334 suscipiendo
1512 1265 1778 1320 ulteriori
1820 1267 2103 1338 examine,

463 1339 670 1393 maluit
696 1337 859 1409 Sequi
887 1339 1253 1409 decessorum
1282 1337 1818 1409 suorum‘proxima
1835 1337 2098 1407 vestigia.

464 1430 489 1461 α
522 1410 626 1465 Sed
652 1405 808 1479 quia,
833 1429 858 1459 »
883 1410 968 1463 ait
987 1409 1160 1478 Aug,
1182 1408 1351 1473 ibid.,
1375 1421 1499 1477 cap.
1523 1405 1576 1473 8,
1602 1428 1628 1459 α
1651 1413 1786 1462 tunc
1810 1421 1918 1462 non
1939 1405 2104 1463 cisti-

460 1486 649 1535 terant
672 1481 781 1534 nisi
802 1481 902 1549 qui
931 1480 982 1534 ei
1015 1480 1489 1534 consuetudinem
1513 1484 1883 1547 opponerent,
1919 1479 2108 1534 noluit

463 1552 648 1607 veraci
710 1552 960 1620 quidem,
1008 1550 1101 1604 sed
1137 1551 1387 1605 nondum
1433 1555 1662 1604 asserta;
1701 1551 2107 1606 consuetudini

459 1624 676 1678 cedere.
709 1621 888 1689 Quam
919 1628 1104 1676 tamen
1145 1622 1616 1676 consuetudinem
1643 1622 1758 1676 nisi
1791 1622 1948 1690 prior
1978 1629 2108 1677 ante

459 1693 836 1762 Agrippinus,
859 1699 914 1747 et
935 1691 1200 1747 nonnulli
1229 1707 1325 1761 per
1340 1689 1587 1748 Africam
1609 1689 1933 1761 coepiscopi
1961 1694 2104 1762 ejus,

460 1767 632 1819 etiam
669 1778 765 1833 per
789 1763 1017 1818 concilii
1056 1765 1371 1819 sententias
1393 1764 1678 1820 disserere
1711 1765 2104 1833 tentavissent,

2221 493 2352 552 pere
2382 479 2623 534 valeant.

2288 551 2447 620 Quod
2479 556 2669 607 autem
2695 551 2763 606 ad
2805 564 2901 606 eos
2940 551 3204 620 pertinet,
3247 551 3346 620 qui
3372 550 3531 606 salva

2218 625 2350 679 bent
2377 621 2724 690 obedientia,
2755 623 3027 678 videntur
3054 621 3203 677 trahi
3237 622 3524 691 voluptate
3544 623 3862 676 altercandi

2216 701 2271 750 et
2301 695 2630 749 occasiones
2682 694 2979 764 inquirere
3024 693 3362 763 disputandi
3407 695 3477 748 de
3501 693 3669 748 illius
3715 693 3865 748 sedis

2215 766 2562 821 auctoritate
2587 765 3144 836 :debentdiligenter
3160 778 3374 832 cavere,
3391 779 3460 819 ne
3477 765 3739 834 imagine
3753 765 3860 819 sibi

2217 837 2508 908 proposita
2542 837 2598 891 id
2643 835 2923 908 efficiendi
2949 835 3099 908 quod
3129 849 3159 890 a
3183 836 3399 908 sanctis
3427 842 3724 904 peractum
3758 851 3863 904 pu-

2215 907 2357 976 tant,
2395 907 2646 963 illudant
2670 907 2784 962 sibi
2817 915 2872 962 et
2905 907 3170 962 Ecclesia:
3191 907 3332 962 falsa
3363 909 3554 975 specie
3580 908 3865 962 imitatio-

2217 981 2332 1035 nis.
2367 978 2741 1034 Considerare
2757 979 2930 1033 etiam
2954 979 3159 1034 debent
3183 992 3308 1033 cum
3343 979 3507 1033 beato
3534 979 3862 1040 Ambrosio,

3562 563 3741 620 quam
3762 551 3863 606 de-

2216 1065 2285 1106 ne
2303 1056 2528 1105 sanctos
2541 1050 2772 1120 quidem
2787 1050 3004 1120 ubique
3021 1049 3501 1118 fuissecompotes
3522 1051 3863 1105 omnimodae

2215 1121 2626 1192 perfectionis;
2676 1135 2922 1192 cumque
2971 1123 3163 1177 eadem
3196 1135 3307 1190 qua
3340 1134 3442 1176 nos
3492 1127 3707 1176 natura
3733 1135 3865 1176 cor-

2217 1199 2382 1262 rupta
2401 1200 2747 1260 constarent,
2777 1193 3102 1248 inﬁrmitati
3128 1207 3356 1262 quoque
3373 1198 3584 1248 nostrae
3604 1199 3863 1260 poterant

2215 1265 2531 1333 subjacere.
2570 1266 2744 1319 «Non
2791 1274 3010 1319 naturae
3061 1265 3477 1333 praestantioris
3526 1264 3738 1329 fuisse,
3772 1264 3861 1319 sed

2216 1336 2700 1401 observantioris;
2732 1348 2834 1390 nec
2860 1336 2999 1390 vitia
3022 1336 3354 1402 nescivisse,
3381 1335 3478 1390 sed
3505 1337 3862 1390 emendasse.

2215 1407 2374 1476 Quod
2395 1408 2442 1462 si
2476 1407 2694 1462 invidia
2707 1407 2889 1471 etiam
2912 1415 3139 1463 sanctos
3159 1407 3404 1472 adussit,
3439 1414 3662 1477 quanto
3686 1408 3864 1477 magis

2218 1478 2526 1533 cavendum
2559 1485 2647 1532 est
2670 1491 2742 1532 ne
2768 1479 3081 1533 inflammet
3114 1477 3564 1547 peccatores?(S.
3598 1477 3861 1533 Ambros.

2217 1551 2283 1603 de
2308 1549 2364 1603 S.
2420 1549 2677 1618 Ioseph.).
2713 1549 3039 1604 Correxisse
3086 1559 3272 1604 autem
3310 1550 3474 1604 istam
3517 1551 3861 1604 sententiam

2219 1634 2330 1675 non
2387 1620 2717 1675 invenitur:
2769 1634 2880 1676 non
2938 1622 3384 1691 incongruenter
3421 1626 3612 1676 tamen
3640 1622 3712 1675 de
3765 1621 3859 1674 tali

2219 1693 2342 1746 viro
2368 1691 2818 1747 existimandum
2842 1697 2947 1762 est,
2969 1693 3116 1762 quod
3153 1691 3500 1760 correxerit;
3534 1698 3591 1747 et
3624 1691 3862 1747 fortasse

2217 1776 2587 1830 suppressum
2621 1763 2696 1817 sit
2717 1762 2786 1817 ab
2823 1764 2927 1828 eis,
2962 1764 3060 1832 qui
3093 1763 3197 1818 hoc
3231 1775 3425 1818 errore
3446 1763 3699 1818 nimium
3725 1763 3862 1817 dele-

462 1849 573 1891 non
613 1829 849 1891 auderet
880 1836 987 1890 iste
1031 1833 1229 1889 saltem
1283 1835 1619 1890 ratiocinari
1644 1835 1918 1890 adversus
1947 1829 2101 1890 eam.
2143 1829 2186 1885 Β
2216 1829 2353 1889 ctati
2387 1843 2541 1902 sunt,
2575 1839 2631 1888 et
2659 1840 2819 1889 tanto
2846 1829 3000 1890 velut
3051 1835 3369 1903 patrocinio
3416 1847 3618 1890 carere
3663 1835 3858 1889 nolue-

460 1907 564 1962 Sed
600 1906 658 1961 in
694 1913 804 1962 tam
839 1906 1084 1962 obscura
1111 1908 1429 1975 quaestione
1459 1905 1746 1977 turbatus,
1799 1913 1854 1961 et
1887 1906 2102 1975 ubique

464 1979 697 2034 intuens
753 1978 1129 2033 universalem
1177 1978 1586 2046 robustamque
1629 1979 2102 2032 consuetudinem

460 2055 775 2105 coarctaret
804 2063 863 2104 se
896 2049 1221 2118 potius.....
1258 2050 1361 2104 Sed
1391 2063 1519 2103 cum
1553 2047 1853 2117 fatigatum
1888 2062 2104 2117 praece-

458 2120 650 2176 dentis
705 2120 966 2187 concilii,
1011 2120 1163 2190 quod
1201 2134 1295 2188 per
1324 2120 1706 2190 Agrippinum
1753 2118 1962 2174 factum
1994 2125 2100 2188 est,

458 2191 1118 2260 excepissetauctoritas,
1138 2192 1344 2247 maluit
1359 2192 1830 2260 praedecessorum
1845 2205 2102 2260 suorum,

459 2263 1048 2388 talnquaulifnventum
1069 2263 1390 2328 defendere,
1421 2276 1590 2333 quam
1611 2262 1956 2332 inquirendo
1979 2276 2106 2317 am-

465 2349 498 2388 n
531 2349 622 2388 lllS
675 2346 702 2387 a
749 2347 930 2388 orare.
966 2353 990 2383 υ

465 2346 622 2404 ριιυε
654 2346 930 2388 laborare.
966 2353 990 2383 ι)

531 2404 950 2460 Concludemus
993 2405 1206 2474 itaque,
1251 2405 1308 2459 in
1341 2405 1623 2460 sententia
1649 2403 1798 2459 beati
1831 2404 2102 2474 Cypriani

466 2476 833 2546 quaestionem
889 2475 976 2530 illi
1022 2489 1132 2531 non
1163 2477 1341 2530 visam
1377 2477 1446 2532 de
1476 2477 1608 2532 ﬁdei
1662 2477 1944 2546 dogmate,
1973 2490 2103 2532 cum

465 2547 721 2615 separari
762 2546 1015 2602 noluerit
1043 2560 1076 2602 a
1127 2549 1527 2602 communione
1553 2561 1680 2602 cum
1713 2549 1936 2602 caeteris
1974 2562 2004 2603 a
2047 2562 2105 2603 se

463 2617 1299 2690 diversasenti_entibus,quod
1334 2616 1516 2672 facere
1545 2620 1748 2690 utique
1786 2618 2102 2690 debuisset,

466 2687 517 2741 si
559 2701 655 2742 eos
683 2688 981 2742 hmreticos
1007 2687 1343 2755 judicasset.
1378 2691 1546 2742 Juxta
1575 2689 1846 2757 placitum
1873 2702 2004 2744 vero
2034 2687 2094 2744 S.

462 2757 779 2827 Augustini
808 2757 1096 2828 agebatur
1120 2760 1190 2812 de
1219 2759 1445 2828 negotio
1474 2760 1551 2812 ita
1580 2758 1824 2814 obscuro
1847 2759 1968 2828 (per
1996 2763 2105 2816 ad-

465 2826 766 2884 miStiones
797 2826 1106 2898 gestorum)
1141 2835 1204 2883 ut
1232 2826 1355 2884 solo
1386 2831 1660 2898 temporis
1698 2826 1972 2886 beneﬁcio
1998 2833 2105 2887 de—

467 2900 580 2970 tegi
607 2900 838 2968 penitus
881 2905 1088 2968 posset,
1121 2905 1176 2954 et
1209 2899 1266 2953 in
1292 2914 1404 2970 quo
1429 2899 1751 2955 adhibenda
1773 2908 1935 2956 erant
1974 2908 2107 2958 ten-

463 2972 701 3041 tamina,
716 2970 949 3026 concilii
975 2971 1218 3040 plenarii
1237 2985 1397 3040 opem
1415 2971 1802 3027 desiderantia
1822 2973 1890 3028 ad
1910 2975 2102 3029 eadem

461 3049 654 3097 exacte
689 3042 1052 3112 perﬁcienda.
1087 3044 1221 3097 Erat
1268 3055 1469 3112 nempe
1499 3043 1919 3112 comprobanda
1964 3046 2107 3100 uni-

461 3113 762 3168 versalitas
789 3115 1268 3169 consuetudinis:
1308 3115 1362 3170 id
1409 3119 1515 3183 est,
1548 3128 1682 3170 num
1713 3113 1848 3168 talis
1880 3130 2023 3171 usus
2052 3122 2108 3172 et

463 3185 611 3254 ratio
634 3185 963 3254 disciplinae
983 3183 1298 3240 conformis
1326 3185 1582 3240 habenda
1608 3184 1753 3240 foret
1781 3186 2108 3242 traditioni-

463 3253 571 3310 bus
599 3247 856 3312 omniu'm
882 3256 1282 3312 Ecclesiarum.
1310 3257 1468 3312 Nihil
1495 3256 1660 3327 plane
1677 3257 1864 3313 adhuc
1892 3259 2108 3329 perspi-
2136 3247 2182 3307 C

2216 1911 2368 1960 runt.
2402 1923 2428 1953 υ
2461 1906 2535 1974 (S.
2572 1905 2718 1976 Aug.
2750 1907 2907 1974 epist.
2941 1903 3029 1975 48,
3057 1905 3132 1959 ad
3164 1903 3434 1973 Vincent,)

2284 1976 2659 2031 Considerare
2688 1978 2862 2032 etiam
2887 1977 3094 2032 debent
3117 1982 3331 2031 attente
3365 1977 3482 2031 haec
3504 1977 3680 2032 verba
3719 1977 3859 2030 Vin—

2214 2048 2392 2102 centii
2415 2047 2753 2118 Lirinensis,
2779 2061 3022 2118 quorum
3045 2049 3256 2103 veritas
3276 2048 3646 2103 continenter
3667 2048 3860 2103 conﬁr-

2215 2124 2363 2173 mata
2389 2125 2443 2172 et
2471 2117 2760 2188 perspecta
2792 2117 2906 2174 fuit
2935 2120 3349 2188 experimentis
3379 2120 3649 2187 cujusvis
3680 2120 3858 2173 aetatis

2214 2197 2533 2245 consecutae
2573 2208 2585 2243 :
2622 2203 2822 2259 nempe
2869 2191 3221 2246 tantumdem
3277 2189 3640 2259 pracfuisisse
3683 2191 3855 2246 zelum

2213 2260 2487 2329 Stephani
2523 2275 2678 2331 papae
2708 2275 2882 2333 supra
2900 2261 3257 2332 reliquorum
3283 2262 3690 2331 episcoporum
3718 2263 3856 2333 vigo-

2217 2347 2331 2387 rcm
2378 2333 2486 2402 qui
2529 2333 2769 2388 novitati
2817 2332 3193 2399 obsistebant,
3243 2340 3524 2402 quantum
3558 2347 3739 2402 supra
3769 2332 3859 2387 eos

2215 2403 2498 2473 dignitate
2519 2403 2803 2459 cathedra:
2823 2404 3153 2459 elevabatur
3177 2423 3189 2471 ;
3214 2411 3270 2459 et
3303 2405 3360 2459 in
3383 2405 3547 2460 exitu
3570 2405 3752 2473 hujus
3780 2418 3862 2459 ne-

2216 2475 2359 2547 gotii
2394 2481 2748 2543 perspectum
2774 2475 3203 2545 perindefuisse
3224 2476 3372 2545 quod
3393 2476 3448 2530 in
3467 2477 3776 2531 similibus
3794 2477 3860 2530 de

2215 2560 2371 2602 more
2399 2548 2665 2616 contigit,
2692 2561 2890 2615 nempe
2913 2547 3122 2603 vicisse
3143 2560 3314 2602 causa
3341 2548 3778 2616 antiquitatem,
3809 2555 3864 2602 et

2215 2618 2507 2687 explosam
2540 2616 2724 2672 fuisse
2772 2619 3098 2674 novitatem.
3133 2639 3158 2671 α
3181 2620 3321 2674 Tum
3352 2617 3530 2673 beatae
3575 2619 3862 2674 memoria

2213 2689 2537 2758 Stephanus
2591 2689 2920 2758 apostolica:
2963 2691 3119 2745 sedis
3165 2691 3429 2754 antistes,
3460 2704 3591 2745 cum
3641 2692 3864 2745 caeteris

2215 2760 2443 2829 quidem
2459 2759 2698 2828 collegis
2710 2761 2854 2824 suis,
2872 2761 2967 2816 sed
2985 2775 3098 2830 prae
3109 2762 3330 2816 caeteris
3342 2761 3579 2816 restitit:
3597 2762 3862 2832 dignum.

2214 2837 2279 2886 ut
2299 2832 2524 2901 opinor,
2540 2833 2899 2902 existimans,
2924 2833 2973 2886 si
3001 2833 3255 2903 reliquos
3271 2845 3469 2888 omnes
3487 2839 3714 2888 tantum
3736 2833 3862 2887 ﬁdei

2213 2903 2513 2958 devotione
2542 2904 2814 2971 vinceret,
2845 2909 3123 2974 quantum
3167 2904 3274 2959 loci
3305 2905 3657 2959 auctoritate
3691 2918 3865 2973 supe—

2216 2973 2443 3047 rabat...
2473 2975 2615 3047 Quis
2632 2989 2765 3045 ergo
2796 2973 2919 3030 tum
2949 2975 3709 3047 universirnegotiiexitus?
3727 2974 3865 3042 Quis

2216 3045 2437 3115 utique,
2472 3046 2588 3100 nisi
2607 3047 2878 3115 usitatus,
2903 3054 2958 3101 et
2976 3047 3187 3103 solitus
3210 3046 3239 3101 ?
3265 3045 3504 3102 Retenta
3534 3053 3621 3102 est
3643 3047 3863 3101 scilicet

2214 3117 2558 3189 antiquitas,
2588 3123 2642 3172 et
2672 3117 2906 3189 explosa
2945 3119 3187 3174 novitas.
3227 3137 3253 3167 ι
3279 3117 3351 3189 (S.
3382 3118 3650 3174 Viucent.
3681 3119 3858 3173 Lirin.

2213 3191 2403 3242 contra
2423 3188 2604 3243 haeret.
2636 3201 2760 3258 cap.
2793 3187 2870 3260 9.)

487 3429 3843 3456 Μ

1543 3603 1772 3676 XXV.
1855 3603 2230 3676 SANCTUS
2297 3605 2602 3676 SIXTUS
2668 3608 2767 3676 ll.

1295 3797 1471 3841 ANNO
1501 3798 1763 3843 CHRISTI
1791 3782 1933 3862 260,
1967 3798 2319 3842 VALERIANI
2347 3799 2432 3843 ET
2459 3799 2755 3844 GALLIENI
2781 3801 2920 3844 IMP.
2953 3785 3021 3845 6.

746 4083 856 4144 25
923 4082 1193 4164 Sixtus,
1254 4084 1533 4149 natione
1575 4085 1862 4164 G’rcecus,
1917 4102 1998 4149 ea:
2069 4085 2492 4168 philosopho,
2545 4087 2716 4150 sedit
2790 4103 3002 4149 annos
3078 4085 3265 4160 duos,
3324 4098 3588 4148 menses
3654 4081 3862 4144 unde-

711 4180 864 4254 cim,
924 4181 1065 4244 dies
1117 4198 1232 4245 sex
1264 4193 1294 4224 δ
1342 4229 1356 4243 .

1416 4185 1764 4262 Marti/rio
1826 4188 2211 4249 coronatur.
2283 4185 2455 4247 Fuit
2549 4188 2774 4248 autem
2849 4183 3258 4266 temporibus
3346 4182 3712 4248 Valeriani
3807 4183 3863 4242 et

707 4278 904 4340 Decii
941 4277 969 4319 δ
1001 4325 1020 4352 ,
1078 4297 1208 4360 quo
1263 4283 1556 4360 tempore
1598 4281 1728 4342 fuit
1778 4281 2077 4344 maxima
2128 4285 2516 4364 persecutio.
2573 4284 2820 4348 Eodem
2876 4287 3172 4362 tempore
3219 4282 3331 4344 hic
3359 4280 3864 4360 comprehensus

709 4393 751 4436 a
805 4376 1184 4456 Valeriano,
1243 4379 1309 4439 et
1378 4376 1616 4439 ductus
1674 4382 1751 4440 ut
1801 4379 2204 4443 sacriﬁcaret
2255 4380 2625 4461 daemoniis,
2682 4383 2844 4463 quia
2898 4381 3295 4460 contempsit
3351 4381 3683 4460 praecepta
3733 4380 3865 4438 Va—

545 4471 584 4531 5
702 4472 1600 4554 1eriani,capitetruncatus
1647 4479 1769 4556 est,
1817 4479 1881 4539 et
1927 4495 2080 4540 cum
2141 4493 2216 4541 eo
2269 4480 2386 4541 alii
2431 4496 2546 4541 sex
2595 4480 2887 4559 diaconi,
2938 4479 3409 4543 Felicissimus
3447 4488 3472 4517 ε
3506 4524 3520 4550 ,

3581 4479 3646 4539 et
3685 4475 3864 4555 Aga-

698 4573 923 4653 pitus,
964 4573 1356 4637 Januarius
1403 4577 1468 4637 et
1507 4577 1831 4655 Magnus,
1898 4577 2296 4641 Vincentius
2333 4580 2398 4639 et
2431 4577 2847 4658 Stephanus,
2880 4576 3004 4639 sub
3042 4577 3150 4640 die
3200 4578 3384 4638 sexto
3417 4575 3446 4616 d
3500 4575 3677 4638 Idus
3729 4571 3865 4634 Ait-

691 4672 906 4750 gusti.
941 4673 1024 4733 Et
1047 4671 1415 4753 presbyteri
1446 4673 1854 4753 praefuerunt
1877 4690 1917 4740 ιι
1942 4674 2304 4739 consulatu
2337 4676 2632 4739 Maximi
2685 4679 2751 4739 et
2796 4676 3130 4740 Racionis
3163 4687 3188 4716 θ
3219 4723 3234 4752 ,
3290 4691 3502 4754 usque
3583 4673 3676 4734 ad
3724 4686 3860 4732 con-

692 4768 1002 4832 sulatum
1059 4772 1268 4834 Tusci
1331 4775 1395 4835 et
1443 4773 1652 4835 Bassi
1698 4791 1813 4834 xm
1858 4771 1882 4813 f
1924 4773 2282 4838 Kalendas
2355 4773 2679 4854 Augusti.
2726 4775 2863 4849 Quo
2906 4778 3214 4853 tempore
3242 4771 3618 4834 saevissima
3666 4781 3865 4847 perse-

715 4867 983 4929 cutione
1030 4867 1443 4944 arguebatur
1489 4868 1726 4931 beatus
1757 4870 1985 4932 Sixtus
2027 4870 2150 4932 sub
2201 4871 2420 4934 Decio.
2453 4875 2553 4935 Et
2597 4875 2753 4953 post
2797 4872 3188 4952 passionem
3239 4870 3415 4934 beati
3467 4867 3666 4932 Siet-ti
3735 4865 3862 4946 post

554 4966 625 5026 10
699 4966 910 5028 tertia
968 4966 1076 5029 die
1129 4982 1385 5046 passus
1431 4970 1530 5030 est
1579 4971 1644 5030 et
1696 4967 1927 5030 beatus
1963 4969 2386 5034 Laurentius
2430 4971 2583 5051 ejus
2619 4967 3168 5047 archidiaconus,
3213 4971 3456 5050 quarto
3542 4965 3706 5029 Idus
3744 4969 3860 5026 Au-

698 5064 886 5140 gusti
966 5067 1032 5126 et
1112 5063 1432 5126 Claudius
1469 5065 1944 5142 subdiaconus,
2000 5070 2065 5129 et
2118 5066 2418 5132 Severus
2489 5068 2873 5150 presbyter,
2955 5071 3019 5131 et
3099 5065 3533 5131 Crescentius
3643 5063 3856 5136 lector,

695 5165 761 5224 et
811 5164 1158 5225 Romanus
1204 5163 1556 5226 ostiarius.
1590 5175 1622 5218 ε
1690 5165 1829 5227 Hic
1891 5163 2060 5246 fecit
2128 5167 2592 5231 ordinationes
2635 5168 2810 5230 duas
2861 5165 2893 5209 ιι
2944 5182 3075 5246 per
3126 5181 3413 5229 mensem
3453 5162 3878 5228 Decembris:

680 5258 1114 5341 presbyteros
1195 5264 1510 5341 quatuor,
1589 5260 1904 5324 diaconos
1974 5265 2251 5344 septem,
2325 5265 2667 5346 episcopos
2737 5281 2860 5346 per
2934 5264 3206 5328 diversa
3254 5261 3400 5327 loca
3478 5262 3668 5325 duos.
3756 5254 3858 5332 Qui

689 5384 843 5428 vero
920 5365 1236 5447 sepultus
1287 5370 1387 5430 est
1481 5368 1561 5432 in
1637 5371 1995 5433 cameterio
2089 5370 2376 5450 Caliati,
2479 5372 2598 5435 cia
2650 5371 2904 5454 Appia,
2984 5373 3156 5436 Nam
3237 5370 3596 5436 ezdiaconi
3650 5382 3868 5449 suprs-

554 5464 628 5525 15
687 5463 850 5528 dicti
930 5465 1178 5544 sepulti
1252 5467 1412 5527 sunt
1465 5465 1536 5528 in
1589 5469 1940 5531 eameterio
1970 5469 2397 5548 Pratezctati,
2447 5470 2566 5533 cia
2611 5469 2863 5551 Appia.
2892 5487 3008 5531 vm
3041 5469 3198 5532 Idus
3253 5467 3568 5549 Augusti,
3623 5469 3868 5532 Beatus

1593 5617 1873 5663 NOTULIE
1938 5619 2361 5665 MARGINALES
2423 5619 2745 5665 FABROTTI
2755 5649 2769 5665 .

541 5731 564 5759 ι
591 5723 655 5786 Β,
684 5733 819 5776 ann.
853 5718 904 5776 4.
935 5722 1129 5779 minus
1153 5722 1210 5778 d.
1238 5721 1292 5778 8.
1347 5723 1454 5792 bB,
1489 5724 1676 5781 Valer.
1704 5730 1761 5781 et
1787 5725 1912 5782 Gal.
1955 5739 1986 5782 a
2016 5739 2164 5782 coss.
2195 5727 2319 5783 Val.
2354 5741 2408 5782 Iv
2430 5734 2486 5784 et
2507 5727 2632 5784 Gal.
2663 5741 2727 5783 lli
2756 5727 2824 5784 ad
2850 5727 3174 5784 Memmium
3204 5731 3260 5784 et
3277 5729 3522 5783 Fuscum
3545 5731 3600 5781 et
3616 5727 3871 5782 Bassum.

472 5823 497 5854 ο
541 5817 702 5872 Mart.
753 5817 910 5871 Rom.
959 5818 994 5873 6
1050 5819 1196 5889 Aug.
1239 5819 1263 5858 ἀ
1309 5821 1366 5888 C,
1419 5828 1635 5879 octavo.
1671 5830 1694 5858 θ
1732 5825 1787 5890 C,
1839 5823 2197 5882 Glabrionis.
2247 5827 2266 5867 ί
2291 5824 2346 5893 C,
2397 5820 2486 5879 44.
2521 5825 2776 5880 sBaron.
2817 5824 2894 5880 ad
2937 5840 3072 5880 ann.
3117 5827 3278 5880 Dom.
3331 5822 3457 5881 261.
3512 5822 3536 5860 ιι
3571 5826 3638 5885 B,
3680 5835 3876 5877 unam.
