4052 6178
276 327 423 387 4409

1142 328 1457 386 HISTORIA
1495 330 1586 386 DE
1620 331 1800 387 VITIS
1837 329 2004 387 ROM.
2044 331 2242 388 PONT.
2281 361 2350 372 —
2387 332 2444 387 S.
2483 331 2726 388 SIXTUS
2762 334 2831 388 II.

3545 337 3684 396 4440

520 449 746 512 autem
796 449 1213 514 Laurentius
1267 449 1582 532 sepultus
1618 454 1718 514 est
1769 450 1888 513 uia
1948 449 2344 530 Tiburtina,
2398 451 2471 514 in
2522 453 2892 516 cmmeterio
2941 455 3320 536 Cyriacetis,
3381 457 3463 522 in
3516 474 3683 541 agro
3743 465 3756 478 ‘

521 559 778 622 γεγαηο
842 557 922 621 in
969 561 1218 640 crypta
1259 575 1412 621 cum
1454 557 1606 620 aliis
1663 556 1898 620 multis
1950 559 2386 639 martyribus,
2452 577 2519 621 Iv
2574 561 2746 624 Idus
2773 561 3092 642 Aug-usti,
3126 565 3191 625 et
3219 565 3505 627 cessavit
3534 565 3684 646 epi-

517 668 828 744 scopatus
858 664 998 727 dies
1039 665 1332 743 triginta
1361 665 1680 746 quinque.

1439 789 1931 853 CATALOGUS
1969 790 2125 853 SUB
2156 791 2513 854 LIBERIO.

356 887 587 950 Sixtus
631 887 830 950 annis
859 885 1141 964 duobus,
1173 886 1519 950 mensibus
1562 887 1894 967 undecim,
1929 886 2163 950 diebus
2195 905 2336 950 sex.
2390 887 2601 967 Coepit
2625 906 2667 950 a
2721 889 3077 952 consulatu
3114 891 3394 954 Maximi
3420 895 3488 955 et
3514 894 3675 957 Gla-

269 985 555 1064 brionis,
623 1003 836 1066 usque
894 985 1103 1046 Tusco
1131 987 1196 1047 et
1251 987 1478 1063 Basco,
1535 988 1601 1046 et
1658 1002 1897 1065 passus
1949 987 2048 1048 est
2095 1004 2211 1048 VIII
2258 986 2416 1049 Idus
2482 987 2852 1065 Augusti...
2900 1006 2941 1049 a
2985 988 3338 1054 consulatu
3387 991 3584 1054 Tusci
3623 999 3688 1054 et

269 1083 490 1164 Bassi,
515 1099 727 1164 usque
745 1083 819 1147 in
843 1081 1020 1146 diem
1041 1101 1157 1146 vm
1185 1082 1526 1146 Kalendas
1555 1084 1872 1162 Augusti,
1902 1083 2259 1146 zEmiliano
2287 1087 2352 1146 et
2395 1087 2600 1148 Basso
2629 1085 3038 1148 consulibus.

1559 1201 1850 1262 VARUE
1910 1200 2400 1263 LECTIONES.

533 1298 700 1354 Apud
747 1297 1068 1352 Fabrottum
1105 1312 1170 1351 e1:
1210 1297 1388 1352 codice
1435 1298 1674 1354 Freheri.

351 1372 511 1428 Num.
543 1366 632 1436 25,
659 1371 757 1423 lin.
785 1367 834 1433 4,
862 1370 924 1437 B,
959 1374 1013 1424 et
1047 1368 1448 1439 phil030phus.
1479 1370 1578 1423 lin.
1599 1366 1652 1435 7,
1679 1371 1739 1434 B,
1774 1369 1927 1425 Gra-

271 1442 472 1497 vionis
518 1441 778 1496 secundi.
815 1440 932 1494 AB.
967 1454 1151 1511 usque
1181 1441 1249 1496 ad
1304 1441 1553 1511 Tuscum
1587 1446 1639 1494 et
1664 1440 1923 1510 Bassum,

269 1517 332 1570 et
355 1527 384 1566 a
407 1512 712 1569 consulatu
731 1512 901 1567 Tusci
935 1517 991 1567 et
1019 1510 1198 1566 Bassi.
1230 1511 1328 1564 lin.
1357 1510 1409 1577 9,
1443 1511 1756 1582 urgebatur
1780 1530 1792 1566 :
1824 1513 1922 1566 lin.

269 1584 398 1638 ead.
430 1589 478 1638 et
530 1583 614 1649 40,
650 1584 763 1650 AB,
819 1588 946 1652 post
991 1583 1215 1638 tertiam
1247 1582 1400 1652 diem
1453 1597 1657 1652 passus
1686 1588 1791 1640 est.
1821 1585 1920 1638 lin.

274 1653 370 1725 44,
395 1657 510 1721 AB,
565 1667 694 1709 nam
724 1651 835 1725 sei
871 1654 1120 1710 diaconi.
1167 1654 1264 1708 lin.
1309 1651 1395 1724 46,
1427 1651 1487 1722 B,
1517 1654 1786 1725 Cyriacze.
1823 1656 1922 1710 lin.

271 1724 366 1797 48,
395 1728 511 1793 AB,
540 1727 667 1781 dies
713 1724 804 1781 26.

490 1799 578 1851 Ea:
625 1798 802 1852 codice
831 1798 1010 1865 Regio,
1045 1797 1329 1851 Mazarino
1365 1800 1416 1851 et
1457 1796 1707 1851 Thuano.

349 1870 476 1924 Lin.
500 1867 550 1937 4,
587 1873 704 1938 nat.
725 1868 823 1923 Gr.
853 1869 924 1923 de
953 1867 1195 1923 Athenis
1220 1881 1285 1922 ex
1320 1867 1531 1938 philos.
1562 1868 1678 1923 sed.
1707 1880 1839 1924 ann.
1865 1867 1920 1924 2.

276 1955 358 1995 ω.
398 1938 483 2003 40,
508 1941 565 1996 d.
591 1937 662 1996 23
685 1960 700 2011 ς
735 1939 847 1996 fuit
872 1943 1060 1994 autem
1088 1937 1338 2011 tempore
1362 1940 1522 1995 Decii
1553 1945 1609 1995 et
1635 1939 1922 2011 Valeriani

271 2012 338 2067 d.
375 2019 416 2067 t.
450 2011 490 2066 f.
520 2025 595 2066 m.
631 2009 695 2081 p.
731 2013 790 2066 Ε.
825 2016 864 2066 ι.
910 2010 1356 2079 comprehensus
1381 2024 1412 2066 a
1442 2011 1564 2066 Val.
1603 2012 1700 2065 lin.
1733 2009 1784 2065 4.
1819 2012 1920 2081 qui

275 2089 438 2139 cont.
466 2098 514 2152 p.
544 2085 608 2139 V.
638 2088 692 2138 et
720 2096 843 2153 cap.
879 2086 949 2138 tr.
985 2088 1091 2147 est,
1119 2088 1176 2137 et
1206 2096 1334 2137 cum
1362 2095 1428 2138 eo
1459 2096 1559 2153 se);
1598 2083 1747 2138 diac.
1778 2083 1835 2136 F.
1869 2088 1925 2138 et

273 2156 343 2209 A.
369 2149 490 2209 Jan‘.
518 2158 574 2210 et
593 2149 833 2224 magnus
858 2153 1227 2224 Innocentius
1252 2160 1306 2209 et
1332 2154 1388 2208 S.
1413 2149 1921 2224 lin.7,Gravionis.

277 2228 383 2281 lin.
407 2225 460 2297 8,
491 2223 780 2280 xxmKal.
801 2227 864 2280 A.
892 2240 945 2297 q.
979 2230 1018 2279 t.
1053 2223 1089 2278 Γ.
1116 2238 1262 2297 pers.
1295 2224 1572 2295 agebatur
1601 2224 1708 2280 sub
1731 2226 1922 2282 Decio.

275 2293 457 2364 Μαι,
485 2297 796 2368 urgebatur
818 2293 1017 2352 subD.
1053 2293 1151 2368 lin:
1184 2293 1237 2362 9,
1273 2293 1400 2366 post
1428 2297 1654 2352 tertiam
1685 2297 1836 2368 diem
1870 2311 1923 2366 p.

273 2375 367 2425 est
386 2370 444 2422 B.
469 2370 527 2424 L.
562 2364 720 2424 arch.
752 2369 904 2437 ejus.
943 2369 1040 2421 lin.
1088 2364 1172 2436 43,
1207 2364 1379 2424 duos.
1429 2369 1551 2437 lpse
1599 2382 1728 2424 vero
1756 2365 1795 2422 f.
1824 2364 1921 2423 lin.

284 2439 376 2495 46.
413 2441 468 2494 in
497 2440 680 2495 cimit.
707 2441 1041 2496 Praetextato
1070 2439 1166 2494 via
1193 2437 1516 2509 Tiburtina,
1547 2439 1605 2495 in
1636 2439 1927 2498 cimiterio

277 2511 552 2568 Chvriace
565 2550 580 2566 .

365 2527 580 2581 ynace.

706 2583 795 2636 Ea:
818 2581 997 2636 codice
1037 2581 1261 2636 Thuano
1282 2582 1473 2636 altero.

1955 1301 2012 1359 A
2040 1311 2142 1352 vm
2174 1298 2256 1352 Id.
2280 1297 2422 1369 Aug.
2451 1298 2788 1354 Fuitautem
2819 1313 2851 1356 a
2877 1299 3181 1357 consulatu
3204 1301 3436 1357 Maximi
3465 1305 3523 1358 et
3552 1301 3688 1359 Gra-

2039 1370 2233 1456 vionis
2265 1382 2304 1456 ιιι
2333 1383 2516 1456 usque
2541 1371 2608 1425 ad
2664 1383 2822 1456 cans.
2860 1373 3333 1456 Tuscietll‘ia‘ssi,
3374 1387 3576 1456 passus
3601 1381 3689 1456 est

2037 1454 2150 1517 xiii
2175 1441 2241 1495 K.
2263 1442 2324 1495 A.
2353 1439 2453 1517 lin.
2481 1439 2534 1511 9,
2559 1440 2896 1517 pust3dies.
2917 1445 3014 1498 lin.
3036 1442 3103 1498 44
3125 1439 3336 1517 Calixti
3366 1439 3459 1501 via
3478 1445 3686 1517 Appia,

2035 1511 2344 1639 (clirigcgtgs
2366 1513 2423 1568 in
2451 1526 2588 1584 agro
2605 1515 2690 1580 V.,
2718 1515 2774 1569 in
2799 1522 2996 1586 crypta
3021 1529 3150 1572 cum
3171 1515 3244 1571 al.
3270 1530 3344 1572 m.
3367 1530 3439 1572 m.
3468 1511 3686 1574 et'cessL

2074 1599 2122 1639 ι).
2197 1625 2208 1637 .
2313 1624 2326 1636 .

2071 1599 2122 1654 ρ.
2153 1599 2208 1638 u.
2234 1599 2326 1639 oo.

2276 1672 2449 1742 Apud
2493 1673 2835 1728 Holstenium
2891 1679 2941 1729 et
2971 1674 3438 1730 Schelestratium.

2105 1760 2232 1814 Lin.
2263 1757 2310 1826 4,
2342 1761 2485 1816 Flor.
2528 1763 2750 1817 secund.
2775 1765 2978 1818 omittit
2999 1763 3245 1819 Sixtum.
3269 1766 3416 1820 Flor.
3448 1763 3599 1820 Cass.
3635 1770 3687 1821 et

2040 1833 2168 1908 Yet.
2188 1837 2254 1908 e_t_
2275 1832 2678 1908 philosophus,
2706 1835 2803 1889 lin.
2830 1835 2954 1898 ead,
2985 1837 3114 1903 Reg.
3148 1840 3199 1889 et
3226 1837 3369 1890 Flor.
3398 1849 3616 1892 annum
3643 1851 3686 1908 1,

2033 1901 2323 1977 Floruies
2342 1901 2432 1959 23.
2476 1901 2655 1977 limi,
2697 1907 2846 1960 Flor.
2891 1907 2992 1976 qui
3027 1901 3372 1976 contempsit
3404 1901 3684 1977 praecepta

2034 1974 2422 2047 Valeriani,et
2442 1975 2512 2031 ob
2537 1976 2592 2031 id
2624 1978 2833 2047 capite,
2862 1974 2970 2033 etc.
2997 1983 3196 2033 etcum
3229 1974 3294 2034 eo
3319 1974 3423 2034 alii
3456 1992 3525 2034 ex
3551 1974 3686 2035 dia-

2034 2046 2216 2118 conis.
2250 2048 2408 2100 Hunc
2436 2049 2604 2101 locum
2645 2064 2711 2102 cm
2743 2046 2911 2103 Gestis
2939 2050 3353 2118 Pontiﬁcalibus
3411 2053 3542 2104 citat
3570 2052 3686 2104 Ro-

2035 2117 2272 2186 dulphus
2287 2119 2567 2187 presbyter
2583 2121 2642 2173 in
2669 2121 2799 2176 Vita
2814 2121 3044 2190 Rabani,
3063 2117 3216 2190 apud
3231 2125 3544 2188 Broverum,
3573 2124 3687 2176 An-

2036 2190 2134 2257 tiq.
2167 2190 2421 2262 Fuldens.
2453 2191 2547 2244 lib.
2571 2205 2654 2260 ιιι,
2672 2207 2805 2262 pag.
2825 2189 2952 2261 240,
2972 2195 3068 2261 qui.
3093 2189 3378 2261 uulgatam
3401 2194 3680 2246 lectionem

2035 2263 2338 2329 conﬁrmat.
2365 2261 2473 2316 Sed
2500 2261 2688 2331 putem
2714 2264 3015 2330 legendum,
3051 2263 3155 2318 alii
3184 2278 3282 2319 sex
3314 2278 3383 2320 ex
3412 2263 3681 2319 diaconis

2035 2331 2149 2386 Fel.
2177 2338 2310 2402 etc.,
2350 2346 2418 2388 ex
2451 2333 2798 2404 presbyteris
2837 2336 3093 2402 Januar.,
3131 2339 3239 2390 etc.
3274 2336 3372 2389 lin.
3411 2332 3495 2401 44,
3554 2335 3681 2390 Vat.

2037 2407 2087 2457 et
2119 2405 2264 2471 Reg.,
2301 2417 2398 2460 sex
2427 2405 2680 2460 diaconi.
2713 2408 2812 2460 lin.
2863 2404 2948 2469 48,
3003 2406 3152 2462 Cass.
3181 2404 3273 2470 26,
3330 2408 3453 2462 Vat.
3482 2404 3572 2462 25.

2320 2492 2493 2562 Apud
2533 2495 2754 2548 Peniam
2808 2510 2875 2549 ea:
2925 2494 3104 2549 codice
3152 2495 3399 2550 Cauensi.

2105 2581 2230 2636 Lin.
2247 2577 2305 2651 7,
2327 2582 2563 2654 Maximi
2586 2586 2642 2637 et
2664 2582 2936 2638 Ravionis
2967 2599 2982 2638 ι
3004 2597 3186 2654 usque
3206 2584 3455 2639 Tuscum
3476 2588 3532 2640 et
3549 2584 3685 2639 Bas-

349 2653 478 2707 Lin.
508 2651 566 2728 4,
585 2652 737 2728 sedit
764 2650 1056 2728 annum],
1092 2666 1168 2728 ni.
1194 2650 1289 2728 40,
1311 2652 1368 2708 d.
1519 2653 1614 2728 lin.
1638 2649 1692 2724 3,
1724 2665 1927 2728 magna
1958 2715 2009 2728 ἢ
2038 2666 2244 2728 sum,_a
2267 2649 2572 2728 consulatu
2591 2654 2834 2728 Tusciet
2857 2655 3016 2728 Bassi
3040 2649 3221 2728 usque
3245 2655 3487 2711 xmKal.
3510 2656 3683 2728 Aug,

276 2715 632 2797 persecutio.
665 2725 762 2780 lin.
789 2722 843 2792 5,
877 2715 1053 2780 Felici
1083 2725 1224 2797 Aga.
1262 2715 1387 2780 (Ian.
1419 2726 1494 2792 Μ,
1531 2725 1591 2781 V.
1622 2715 1930 2780 et'subYlie
1958 2715 2012 2776 B
2038 2729 2144 2780 etc.
2177 2715 2278 2778 lin.
2316 2721 2402 2794 44,
2445 2725 2584 2780 Nam
2629 2737 2686 2780 vx
2715 2725 2948 2782 diaconi
2980 2715 3327 2797 supradicti.

1601 2841 1848 2906 NOTAE
1897 2842 2363 2905 VARIORUM.

873 2939 1317 2996 ALTASERRE.

350 3030 524 3085 Linea
543 3025 598 3084 9.
619 3058 691 3069 —
717 3030 790 3083 Et
827 3033 947 3098 post
972 3032 1281 3098 passionem
1313 3029 1457 3084 beati
1489 3029 1633 3084 Xisti
1657 3033 1779 3099 post
1804 3033 1920 3084 ter-

275 3104 361 3157 tia
386 3102 474 3155 die
490 3116 687 3168 passus
713 3105 790 3155 est
815 3106 864 3154 et
894 3101 1082 3154 beatus
1124 3101 1455 3155 Laurentius
1485 3101 1604 3169 ejus
1632 3101 1923 3155 archidia-

275 3188 467 3228 conus.
499 3173 556 3226 B.
579 3172 925 3228 Laurentius
945 3169 1058 3226 fuit
1079 3171 1526 3228 archidiaconus
1547 3173 1728 3234 Xisti,
1753 3185 1920 3242 quem

277 3245 349 3300 ad
391 3243 726 3314 martyrium
787 3249 1182 3314 properantem
1225 3247 1280 3298 et
1312 3243 1425 3312 ipsi
1455 3244 1526 3298 ad
1583 3244 1920 3314 martyrium

278 3315 558 3386 anhelans
587 3315 681 3371 his
703 3315 893 3386 verbis
922 3313 1151 3386 affatus,
1177 3328 1303 3384 quae
1334 3315 1533 3370 retulit
1561 3313 1824 3370 Ambros.
1853 3315 1924 3370 de

268 3385 428 3441 Oﬁic.
472 3386 573 3440 lib.
605 3401 643 3456 ι,
665 3400 788 3456 cap.
820 3383 880 3442 11-4
923 3405 938 3440 :
965 3386 1095 3452 Quo,
1139 3383 1390 3440 'sa’cerdos
1411 3391 1612 3453 sancte,
1647 3388 1765 3441 sine
1791 3387 1924 3439 dia—

271 3473 405 3512 cono
426 3473 685 3528 properas
715 3461 743 3512 ?
769 3462 878 3514 etc.
933 3459 1062 3514 Voti
1106 3470 1357 3528 compos,
1411 3471 1511 3514 sex
1539 3463 1667 3529 post
1717 3457 1924 3514 diebus

274 3531 617 3600 martyrium
661 3543 865 3601 passus
890 3533 998 3586 est.

936 3635 1211 3691 BENCINI
1220 3675 1234 3688 .

345 3725 515 3780 Linea
562 3722 619 3781 2.
646 3755 713 3764 —
744 3726 870 3780 Fuit
894 3730 1076 3780 autem
1124 3725 1452 3796 temporibus
1507 3727 1812 3792 aneriani,
1872 3731 1923 3782 et

273 3798 426 3853 Decii
455 3812 560 3865 quo
582 3803 814 3865 tempore
869 3799 981 3864 fuit
1026 3801 1269 3851 maxima
1309 3801 1634 3867 persecutio.
1665 3800 1708 3852 A
1749 3798 1920 3854 Decio

271 3868 410 3940 dum
434 3868 491 3922 in
519 3867 775 3940 clericali
806 3868 1130 3940 ministerio
1153 3873 1275 3924 erat
1293 3869 1493 3924 Sixtus
1513 3883 1640 3925 cum
1675 3869 1920 3940 reliquis

272 3938 344 3994 de
366 3939 518 3994 clero
543 3939 779 3994 excellit
813 3939 1019 3995 merito
1055 3943 1172 3994 ueri
1201 3942 1546 4007 confessoris,
1584 3940 1733 4010 quod
1768 3938 1919 3996 intra

273 4010 531 4065 dicitur:
562 4027 667 4080 quo
699 4015 928 4080 tempore
961 4013 1260 4066 saevissima
1284 4014 1655 4082 persecutione
1693 4013 1921 4079 urgeba-

273 4086 366 4154 tur
415 4083 599 4154 beatus
638 4083 828 4154 Simius
869 4085 969 4138 sub
1018 4086 1190 4138 Decio.
1225 4084 1506 4154 Utrosque
1547 4083 1919 4152 imperatores

275 4153 332 4207 in
357 4153 682 4221 pontiﬁcem
706 4152 1044 4211 ferocientes
1059 4152 1665 4224 designavit,‘Decium
1688 4155 1745 4208 in
1772 4155 1917 4223 prio-

272 4224 440 4280 ribus
465 4225 674 4280 edictis
703 4226 976 4283 adversus
1001 4225 1240 4281 clericos
1261 4227 1514 4289 emissis,
1553 4226 1915 4280 Valerianum

2029 2939 2144 2996 Sub
2175 2939 2359 3006 Gallo,
2391 2943 2448 2994 et
2470 2937 2787 3011 Volusiano
2839 2952 3000 2996 sacra
3021 2941 3280 3011 Apollini
3309 2941 3528 2999 indicta
3560 2957 3685 3000 esse

2029 3025 2204 3081 supra
2234 3011 2524 3083 vidimus:
2557 3011 2645 3083 sic
2667 3010 2775 3066 sub
2803 3010 3105 3083 Valeriano
3136 3013 3253 3067 alia
3301 3013 3684 3083 imponuntur

2031 3083 2298 3153 gentibus
2321 3081 2607 3136 sacriﬁcia
2645 3082 2883 3152 agenda.
2915 3083 3085 3138 Dedit
3125 3081 3481 3140 occasionem
3508 3085 3682 3142 Vale-

2032 3154 2196 3208 riano
2228 3153 2488 3208 mutandi
2525 3154 2906 3222 pr0positum,
2938 3160 2993 3208 et
3037 3155 3277 3210 vexandi
3317 3155 3680 3213 Christianos

2034 3225 2380 3296 Macrianus,
2420 3224 2522 3294 qui
2552 3224 3164 3296 [Egyptiorumsacris
3196 3226 3488 3294 initiatus,
3521 3229 3673 3296 apud

2030 3295 2398 3352 Valerianum
2446 3294 2726 3350 summam
2754 3294 3049 3351 obtinebat
3075 3298 3338 3367 gratiam.
3372 3299 3510 3354 Cum
3544 3294 3676 3354 vero

2033 3367 2270 3422 anxium
2297 3367 2515 3422 videret
2564 3367 2963 3436 imperatorem
2995 3368 3064 3422 de
3105 3370 3265 3423 exitu
3293 3369 3505 3425 Persici
3537 3369 3672 3424 belli

2035 3438 2412 3510 imminentis,
2445 3438 2743 3510 victoriam
2777 3443 3081 3510 tutumque
3115 3441 3420 3509 imperium
3453 3443 3675 3510 promi—

2032 3509 2130 3579 sit,
2173 3511 2220 3564 si
2255 3510 2457 3565 lsiacis
2481 3509 2829 3580 Egyptiacis
2865 3510 3216 3566 initiaretur.
3250 3532 3275 3564 α
3310 3509 3677 3569 lnitiationes

2031 3587 2242 3648 autem,
2270 3582 2496 3652 impura
2513 3581 2962 3636 etabominanda
2989 3581 3286 3651 maleﬁcia,
3309 3591 3365 3638 et
3395 3585 3679 3639 sacriﬁcia

2031 3653 2378 3708 exsecranda
2430 3665 2694 3723 peragere
2719 3665 2847 3706 eum
2870 3653 3070 3720 jussit,
3106 3672 3132 3703 »
3167 3654 3253 3708 uti
3281 3654 3488 3709 scribit
3517 3657 3683 3712 Euse-

2030 3723 2166 3780 bius
2192 3724 2230 3778 Ι.
2266 3737 2363 3795 vn,
2391 3720 2445 3779 cl
2487 3720 2782 3778 40.'Talem
2812 3725 3121 3791 potentiam
3145 3725 3293 3794 apud
3319 3726 3681 3782 Valerianum

2030 3796 2356 3851 Marcianus
2409 3795 2688 3862 obtinuit,
2725 3801 2786 3848 ut
2839 3795 3069 3863 imperii
3120 3797 3274 3852 vices
3321 3799 3681 3854 concreditas

2033 3866 2319 3929 habuerit,
2359 3867 2504 3939 dum
2545 3867 2824 3939 adversus
2876 3867 3076 3939 Persas
3125 3868 3439 3924 exercitum
3497 3871 3681 3939 impe-

2031 3944 2187 4010 rator
2211 3938 2473 3993 ducebat.
2526 3937 2586 4010 Id
2637 3941 2862 4010 constat
2886 3950 2954 3992 ex
2979 3938 3233 3994 Pollione
3259 3940 3506 4010 dicente,
3533 3937 3680 4010 quod

2028 4008 2368 4064 Valerianus
2403 4010 2472 4064 de
2518 4009 2734 4062 vicaria
2794 4009 3021 4078 imperii
3070 4017 3346 4080 potestate
3395 4008 3684 4068 Macriano

2028 4081 2235 4154 collata
2256 4081 2334 4135 ita
2355 4085 2614 4154 senatum
2638 4085 2857 4134 certum
2880 4080 3050 4154 fecit:
3081 4102 3108 4132 α
3130 4084 3320 4139 Patres
3342 4085 3684 4154 conscripti,

2029 4151 2242 4207 bellum
2266 4153 2557 4226 Persicum
2592 4165 2814 4222 gerens,
2843 4153 3132 4226 Marciano
3163 4159 3337 4210 totam
3370 4151 3684 4226 rempubli¥

2029 4237 2150 4297 eam
2179 4224 2416 4280 tradidi.
2436 4222 2608 4291 »Quae
2625 4228 2817 4297 essent
2841 4223 3244 4297 initiationum
3269 4222 3686 4297 species'pluri-

273 4303 634 4368 renovantem
664 4297 873 4368 edicta,
913 4305 970 4354 et
1001 4299 1478 4367 persecutionem.
1534 4298 1690 4353 Decii
1727 4311 1914 4366 porro,
1948 4297 1997 4358 C
2029 4294 2136 4368 bus
2159 4294 3560 4368 prosequiturApuleiuslib.11etngetamorph.
3590 4301 3688 4353 Va-

271 4373 328 4422 et
349 4367 637 4422 Valeriani
675 4382 784 4423 una
806 4367 867 4424 et
892 4370 1082 4425 eadem
1120 4369 1440 4437 persecutio
1475 4373 1761 4430 censetur,
1807 4369 1916 4423 etsi

269 4437 376 4510 alii
411 4439 741 4510 intermedii
772 4442 1064 4510 principes
1097 4441 1528 4510 imperaverint.
1562 4441 1704 4495 Hinc
1737 4441 1919 4495 Euse-

270 4509 532 4582 biuslib.
579 4525 701 4580 Vlll,
761 4525 884 4582 cap.
926 4509 982 4580 4,
1010 4525 1138 4567 cum
1169 4509 1241 4567 de
1287 4512 1480 4568 initiis
1516 4511 1918 4567 Diocletianeze

268 4579 589 4653 subsecutae
612 4579 1030 4651 persecutionis
1051 4582 1332 4653 loquitur,
1355 4585 1434 4638 ita
1453 4581 1684 4639 scribit:
1711 4601 1738 4634 ››
1762 4584 1919 4639 Tunc

268 4652 425 4707 enim
447 4653 736 4719 diabolus,
759 4656 856 4725 qui
888 4652 1220 4725 potestatem
1246 4656 1468 4724 accepit
1492 4654 1667 4724 hujus
1693 4656 1917 4719 mundi,

271 4731 547 4794 tanquam
572 4739 638 4781 ex
665 4726 956 4786 altissimo
978 4739 1180 4796 sopore
1211 4727 1450 4782 excitari
1487 4727 1673 4796 primo
1704 4728 1920 4797 coepis-

269 4800 383 4868 set,
406 4802 462 4850 et
493 4802 618 4865 post
648 4797 792 4853 illud
819 4800 1094 4868 temporis
1126 4797 1513 4858 intervallum,
1539 4798 1687 4867 quod
1721 4810 1921 4868 perse-

269 4867 560 4938 cutionem
592 4869 773 4936 Decii,
806 4877 862 4926 et
894 4870 1178 4926 Valeriani
1209 4869 1581 4925 subsecutum
1636 4874 1744 4938 est,
1771 4869 1914 4924 clam

269 4937 484 5006 adhuc,
513 4948 568 4994 et
596 4939 819 4996 occulte
867 4941 1248 4996 insidiaretur
1279 4940 1564 4996 Ecclesiae.
1610 4937 1917 4995 Ubi'unam

270 5010 644 5080 eamdemque
676 5013 1127 5081 persecutionem
1163 5012 1333 5068 habet
1361 5027 1393 5067 a
1423 5012 1594 5067 Decio
1624 5012 1923 5067 exordien-

271 5085 408 5154 tem,
449 5087 504 5154 et
528 5082 587 5136 in
616 5083 922 5140 Valeriano
976 5084 1291 5139 ﬁnientem.
1325 5083 1448 5154 Quo
1474 5083 1639 5139 modo
1673 5085 1920 5138 Lactan-

269 5151 414 5226 tius,
442 5153 514 5226 de
537 5155 822 5211 Mortibus
851 5169 1062 5226 persec.
1095 5169 1217 5224 cap.
1252 5154 1287 5211 5
1312 5174 1324 5209 :
1350 5151 1392 5208 ἀ
1416 5157 1538 5211 Νοη
1571 5154 1751 5211 multo
1792 5159 1918 5224 post

267 5223 610 5298 Valerianus
640 5223 866 5298 quoque
917 5240 1029 5283 non
1076 5223 1350 5283 dissimili
1390 5227 1442 5297 (a
1485 5226 1672 5296 Decio,
1707 5227 1776 5282 de
1794 5223 1920 5298 qua

276 5241 610 5280 valerianus
681 5241 866 5297 uoque
917 5241 1029 5283 non
1076 5241 1350 5283 (llSSlmlll
1390 5241 1442 5297 la
1485 5241 1672 5296 uecno,
1707 5241 1776 5282 ue
1807 5241 1917 5298 qua

269 5294 504 5369 locutus,
538 5241 677 5369 erag
731 5296 926 5355 furore
970 5305 1292 5369 correptus,
1351 5299 1559 5369 impias
1610 5313 1811 5355 manus
1855 5298 1917 5352 in

267 5368 470 5441 Deum,
495 5368 822 5439 intentavit,
855 5377 910 5426 et
964 5368 1229 5441 multum,
1263 5368 1528 5441 quamvis
1566 5370 1722 5426 brevi
1771 5375 1922 5425 tem-

270 5451 408 5511 pore
451 5439 596 5507 justi
656 5443 963 5511 sanguinis
1007 5440 1239 5497 fudit.»
1273 5439 1388 5511 Ait,
1433 5443 1784 5497 Valerianum
1812 5456 1921 5496 non

266 5510 530 5563 dissimili
557 5512 749 5577 furore
772 5510 984 5568 ﬁdeles
1014 5514 1354 5568 insectatum
1379 5510 1528 5580 esse,
1555 5520 1618 5568 ut
1648 5513 1922 5568 ostende-

270 5586 357 5654 ret
379 5581 638 5654 Decianaa
666 5585 1083 5654 persecutionis
1111 5584 1328 5639 limites
1376 5585 1686 5640 sumendos
1709 5597 1778 5639 ex
1805 5585 1921 5639 Va-

267 5652 480 5726 leriani
506 5652 692 5722 obitu,
717 5657 818 5726 qui
841 5657 1043 5713 iisdem
1064 5656 1274 5712 edictis
1296 5655 1564 5710 Decianis
1585 5655 1928 5711 continuan-

265 5725 399 5781 dam
427 5726 656 5784 censuit
681 5725 750 5784 in’
773 5727 1017 5785 clericos
1053 5727 1288 5798 majoris
1315 5727 1542 5784 ordinis
1568 5727 1926 5798 persecutio-

267 5809 419 5852 nem.

342 5867 514 5926 Linea
563 5867 614 5926 4.
648 5902 718 5912 —
746 5869 887 5938 Quia
938 5872 1254 5942 contempsit
1276 5875 1547 5942 praecepta
1614 5871 1916 5928 Valeriani.

2030 4367 2286 4422 lerianus
2312 4369 2505 4437 itaque
2532 4367 2806 4421 Macriani
2834 4368 3081 4436 impulsa
3101 4382 3274 4424 novas
3301 4371 3400 4424 has
3427 4384 3688 4425 caeremo-

2031 4438 2154 4494 nias
2172 4452 2272 4508 pro
2295 4437 2452 4493 felici
2471 4437 2520 4492 fa
2533 4447 2773 4508 ustoque
2795 4438 2928 4493 belli
2949 4441 3111 4494 exitu
3132 4440 3389 4496 habendo
3407 4441 3545 4495 aliis
3566 4442 3683 4495 edi-

2027 4511 2138 4564 ctis
2164 4509 2458 4580 publicare
2483 4509 2689 4564 voluit.
2713 4511 2791 4563 De
2813 4509 3028 4580 quibus
3047 4510 3420 4580 intelligenda
3443 4512 3688 4566 veniunt

2027 4581 2197 4636 verba
2226 4581 2284 4635 in
2317 4582 2557 4650 antiqua
2598 4581 2784 4651 sancti
2811 4581 3081 4651 Cypriani
3113 4583 3402 4648 passione,
3434 4595 3559 4651 qua:
3592 4581 3676 4637 sic

2031 4652 2260 4708 habent.
2289 4649 2638 4719 initio’oper.
2662 4650 2722 4705 S.
2750 4649 3015 4719 Cypriani
3053 4668 3065 4704 :
3097 4670 3122 4702 α
3156 4649 3544 4707 Sacratissimi
3577 4653 3680 4706 im-

2031 4731 2320 4793 peratores
2357 4723 2718 4787 Valerianus,
2745 4791 2751 4793 Α
2777 4727 2833 4776 et
2882 4721 3202 4792 Gallienus,
3237 4722 3461 4779 litteras
3490 4724 3557 4779 ad
3594 4737 3679 4778 me

2029 4791 2164 4850 dare
2193 4794 2417 4866 dignati
2444 4800 2604 4866 sunt,
2636 4791 2850 4862 quibus
2878 4800 3288 4866 przeceperunt,
3317 4809 3414 4852 eos
3448 4796 3546 4866 qui
3577 4796 3686 4850 Ro-

2031 4879 2252 4921 manam
2289 4865 2622 4936 religionem
2676 4877 2786 4919 non
2842 4864 3060 4933 colunt,
3117 4865 3358 4921 debeant
3395 4864 3678 4922 Romanas

2031 4938 2400 4993 caeremonias
2449 4948 2872 5008 recognoscere.
2917 4953 2942 4984 »
2977 4937 3184 5006 Nempe
3237 4951 3383 5007 quas
3437 4937 3672 5008 speciali

2031 5008 2198 5064 modo
2238 5023 2340 5064 sua
2382 5007 2714 5063 initiatione
2745 5008 3094 5077 peragendae
3118 5009 3443 5064 decreverat
3467 5007 3532 5064 ex
3556 5009 3678 5063 Ma-

2029 5081 2212 5135 criani
2236 5079 2512 5149 impulsu.
2549 5080 2896 5147 Praeceptum
2927 5079 3212 5134 directum
3242 5087 3329 5134 est
3358 5082 3425 5136 ad
3459 5081 3675 5150 episco-

2030 5166 2152 5222 pos,
2170 5157 2224 5207 et
2241 5151 2617 5221 presbyteros,
2648 5151 2810 5222 utibi
2836 5169 2847 5204 :
2877 5171 2901 5200 α
2925 5151 3047 5206 Non
3071 5151 3256 5207 solum
3278 5153 3347 5206 de
3367 5153 3678 5222 episcopis,

2030 5221 2225 5278 verum
2266 5225 2439 5278 etiam
2465 5223 2534 5279 de
2583 5221 2930 5292 presbyteris
2978 5222 3115 5276 mihi
3163 5223 3414 5278 scribere
3443 5223 3669 5294 dignati

2033 5300 2186 5350 sunt.
2223 5312 2247 5344 ››
2282 5296 2517 5350 Omnem
2569 5307 2704 5349 vero
2747 5294 3099 5349 Christianis
3125 5295 3451 5363 ademptum
3486 5295 3673 5352 locum

2033 5367 2235 5422 orandi
2285 5366 2480 5422 eodem
2515 5373 2792 5435 praecepto
2810 5365 3142 5436 signiﬁcant
3164 5366 3280 5420 haec
3305 5365 3420 5422 alia
3452 5366 3621 5422 verba
3654 5385 3666 5421 :

2036 5459 2061 5489 α
2096 5439 2702 5507 Praeceperantetiam,
2729 5450 2798 5491 ne
2822 5437 2880 5491 in
2902 5436 3201 5506 aliquibus
3223 5437 3368 5492 locis
3397 5438 3678 5494 concilia-

2033 5509 2168 5565 bula
2192 5509 2453 5580 ﬁant,ne
2489 5509 2813 5564 cmmeteria
2847 5508 3265 5580 ingrediantur.
3303 5509 3360 5563 Si
3389 5512 3523 5580 quis
3555 5510 3664 5565 ita-

2035 5595 2145 5652 que
2169 5581 2273 5636 hoc
2293 5579 2525 5635 salubre
2543 5585 2882 5650 praaceptum
2913 5593 3022 5652 non
3055 5579 3462 5650 observaverit,
3489 5582 3678 5652 capite

1956 5638 2011 5699 D
2038 5638 2336 5722 plectatur.
2370 5669 2397 5700 »
2423 5638 2628 5707 Eadem
2655 5638 2930 5719 Dionysio
2951 5649 3111 5706 Alex.
3141 5652 3409 5708 intimata
3441 5638 3677 5710 esse-su-

2036 5737 2138 5796 pra
2169 5723 2441 5796 vidimus.
2491 5723 2859 5778 Initiationes
2913 5735 3083 5792 porro
3112 5723 3475 5795 Egyptiacte,
3508 5725 3677 5795 vulgo

2030 5795 2248 5866 Isiacae,
2305 5795 2499 5851 multa!
2550 5801 2713 5851 erant
2746 5808 2812 5850 ac
2841 5796 3034 5862 variae,
3088 5809 3336 5866 quarum
3396 5798 3673 5866 potiorem

2032 5865 2247 5942 partem
2261 5867 2512 5926 laudatis
2525 5866 2695 5924 libris
2709 5865 3255 5938 enarratApuleius.
3271 5869 3379 5924 llas
3395 5865 3562 5938 praei
3573 5881 3682 5936 pue
