4072 6176
403 335 542 392 4445

1646 327 2002 384 ANASTASII
2040 326 2589 384 BIBLIOTHECARII

3668 323 3817 382 4446

399 457 785 522 tribuendam,
818 457 1147 529 quamiipse
1183 454 1660 529 consequebatur.
1677 419 1881 529 Eodem
1914 464 2046 509 vero
2075 465 2133 525 Α
2176 453 2397 529 __Linea
2429 450 2514 509 42.
2543 482 2622 529 τ
2644 452 2715 529 Et
2743 451 3019 529 Romanus
3057 453 3339 529 ostiarius.
3373 453 3441 508 Et
3467 452 3593 529 plin.
3625 449 3714 507 44.
3742 455 3817 507 Et

400 543 588 586 mense
606 525 865 601 Augusto
895 525 1109 599 perlata
1133 525 1394 601 martyrii
1422 525 1569 601 fama
1590 526 1656 581 ad
1679 527 1916 601 Cyprian
1929 538 2041 590 um,

401 603 552 657 hunc
585 597 798 671 pariter
839 597 1158 656 consortem
1195 600 1414 668 palmae,
1455 598 1524 671 ab
1577 611 1642 653 eo
1689 611 1793 671 per
1822 597 2048 652 litteras

396 668 711 744 celebratae,
744 672 999 728 obtinuit
1027 672 1350 739 enuntiare,
1388 669 1469 725 uti
1494 668 1954 725 memoravimus.

930 772 1079 814 NOTIE
1131 771 1452 813 HISTORICE.

472 849 639 904 Linea
675 845 730 904 2.
767 879 836 887 -
884 849 1010 918 Fuit
1059 852 1238 902 autem
1269 847 1596 918 temporibus
1647 844 1947 918 Valeriani,
2000 846 2052 896 et

403 923 568 975 Decii.
606 921 759 974 Hanc
797 917 1124 988 periochen,
1148 916 2043 988 qumincodicibusquibusdam,

398 992 780 1068 desideratur,
797 985 1121 1068 confusam?
1132 985 1330 1068 reddid
1344 992 1462 1068 itex
1479 990 1636 1068 Actis
1665 985 2044 1068 interpolatis,

399 1078 500 1118 seu
529 1063 722 1117 minus
746 1067 874 1131 apte
901 1062 1201 1132 perceptis,
1227 1062 1514 1117 breviator
1533 1060 1750 1130 aliquis
1771 1071 1877 1132 non
1903 1060 2047 1132 satis

398 1141 684 1203 expertus,
708 1129 810 1188 aut
835 1129 1123 1204 diligens;
1148 1134 1233 1188 uti
1256 1129 1700 1204 Schelestratius
1719 1129 2040 1186 admonuit.

395 1205 534 1260 Cum
583 1205 735 1259 enim
769 1203 974 1259 Decius
1007 1204 1316 1273 imperator
1347 1203 1711 1260 Valerianum
1753 1213 2044 1273 censorem

397 1275 798 1332 constituisset
827 1270 1184 1345 amplissima
1213 1275 1313 1329 illa
1343 1287 1474 1330 cum
1508 1273 1908 1345 potestatevix
1937 1270 2044 1326 ulli

397 1348 618 1418 privato
647 1343 937 1415 concessa,
978 1360 1148 1418 quam
1195 1345 1365 1418 retuli
1396 1364 1411 1415 ;
1445 1343 1663 1418 etcum
1703 1343 2044 1418 Valerianus

396 1413 465 1474 ex
505 1431 739 1473 censore
771 1431 882 1472 non
924 1413 1102 1472 multo
1135 1422 1261 1486 post
1292 1413 1509 1471 eleCtus
1547 1417 1855 1485 imperator
1886 1413 2042 1469 Decii

397 1489 579 1545 ﬁlium
607 1488 885 1544 creaverit
909 1487 1254 1558 Augustum,
1278 1492 1573 1544 constante
1595 1487 1991 1557 persecutione
2009 1498 2043 1540 a

395 1561 570 1616 Decio
601 1564 758 1629 patre
797 1557 1088 1628 coepta,’et
1115 1572 1145 1612 a
1171 1559 1601 1616 successoribus
1639 1557 1805 1614 Gallo
1835 1571 1900 1612 ac
1926 1559 2041 1612 Vo—

399 1631 628 1687 lusiano
669 1631 1024 1698 continuata,
1065 1631 1258 1685 acrius
1301 1644 1430 1686 vero
1463 1631 1782 1685 instaurata
1812 1629 1882 1684 ab
1917 1629 2042 1698 ipso

397 1702 698 1757 Valeriano
735 1703 1014 1771 principe,
1042 1700 1290 1757 aﬁinitas
1329 1710 1666 1772 temporum,
1699 1707 1754 1756 et
1794 1699 2045 1756 nominis

394 1774 697 1828 Deciorum
731 1774 997 1842 repetitio
1028 1773 1135 1827 sub
1167 1773 1487 1844 Valeriano,
1514 1787 1627 1844 qua
1653 1785 1907 1844 censore,
1933 1783 2044 1844 qua

2155 523 2375 578 diaconi
2391 525 2701 594 supradicti
2729 524 2933 593 sepulti
2960 528 3088 578 sunt
3108 526 3168 578 in
3198 523 3505 578 szeterio
3530 525 3818 578 Pretexta-

2157 597 2216 649 ti.
2249 595 2495 666 Uterque
2515 595 2675 650 locus
2705 595 2878 650 istius
2900 595 3121 651 numeri
3157 594 3818 666 illustrandushicesset

2161 666 2372 736 insigni
2396 663 2740 723 documento
2767 667 2871 721 hac
2900 667 3022 736 ipsa
3051 667 3148 722 die
3165 663 3234 721 27
3255 666 3475 736 Aprilis
3499 673 3727 736 reperto
3754 668 3816 721 in

2157 739 2480 794 coemeterio
2509 738 2850 803 Praetextati,
2885 738 3020 793 dum
3054 738 3228 808 praelo
3257 738 3562 794 subdimus
3589 739 3696 793 has
3721 739 3819 793 ob-

2160 810 2542 865 servationes:
2569 811 2626 864 in
2645 823 2758 880 quo
2777 810 3015 880 sanguis
3048 816 3360 879 martyrum
3374 810 3497 865 suis
3521 811 3578 864 in
3593 810 3817 865 crustis

2157 881 2370 936 vitrum
2400 881 2770 951 opplentibus
2794 881 2982 937 adhuc
3009 882 3367 951 perspicuus,
3395 881 3730 950 comprobat
3750 893 3816 935 ea

2161 966 2285 1021 qua:
2308 953 2367 1006 in
2393 951 2859 1022 depositionibus
2887 961 3198 1023 martyrum
3226 954 3440 1008 servari
3465 953 3819 1007 mandarunt

2158 1023 2396 1078 Romani
2431 1023 2732 1093 pontiﬁces
2776 1028 3026 1093 tempore
3070 1027 3554 1093 persecutionum,
3599 1031 3657 1078 et
3690 1037 3818 1094 qua?

2155 1109 2514 1151 successores
2543 1099 2870 1151 constanter
2898 1097 3261 1151 retinuerunt
3291 1096 3444 1150 circa
3474 1095 3810 1150 eorumdem

2157 1166 2438 1237 reliquias
2481 1167 2850 1233 venerandas,
2882 1175 2938 1222 et
2967 1167 3350 1222 solertissime
3375 1167 3809 1222 custodiendas.

2159 1238 2359 1293 Verum
2378 1239 2784 1308 opportuniori
2809 1237 2933 1294 loco
2956 1239 3296 1294 reservanda
3325 1243 3409 1293 est
3429 1238 3614 1293 editio
3639 1237 3816 1291 nobi-

2154 1308 2230 1364 lis
2249 1310 2423 1365 istius
2439 1310 2796 1378 monimenti,
2816 1323 2938 1365 nem
2952 1310 3080 1378 pein
3105 1311 3258 1365 notis
3275 1309 3573 1364 historicis
3608 1309 3681 1363 ad
3703 1322 3818 1364 nu-

2156 1393 2371 1436 merum
2393 1383 2450 1436 B.
2486 1381 2852 1452 Eutychiani,
2878 1394 3021 1452 quas
3046 1380 3349 1437 consulere
3371 1381 3580 1450 poterit
3609 1379 3810 1436 lector.

2824 1485 3120 1542 CIACONll
3131 1527 3144 1540 .

2224 1575 2396 1631 Linea
2429 1573 2516 1632 40.
2548 1606 2618 1616 -
2659 1577 2861 1631 Passus
2893 1580 2972 1630 est
3001 1580 3051 1630 et
3082 1575 3266 1631 beatus
3309 1575 3645 1631 Laurentius
3696 1577 3820 1645 ejus

2151 1647 2590 1702 archidiaconus.
2617 1649 2748 1704 Post
2767 1647 3026 1703 triduum
3049 1661 3080 1702 a
3105 1647 3255 1702 Sixti
3288 1649 3587 1717 martyrio,
3615 1660 3816 1717 nempe

2157 1731 2210 1772 iv
2241 1719 2371 1774 idus
2387 1719 2656 1790 Augusti,
2683 1720 2778 1775 die
2797 1719 3049 1786 Sabbati,
3077 1719 3810 1790 primariusdiaconornm,

2155 1803 2256 1845 seu
2278 1791 2455 1846 mavis
2476 1789 2943 1860 archidiaconus,
2969 1803 3069 1846 seu
3101 1789 3441 1845 archilevita
3469 1790 3664 1860 ipsius
3681 1792 3818 1846 Lau-

394 1845 671 1929 Augusto,
712 1845 1064 1929 occasionem
1093 1843 1258 1929 dedit
1293 1842 1944 1929 sequioribussmculis,
1975 1842 2044 1896 de

2165 1842 2800 1928 narras;navigamus
2816 1842 3238 1929 stiieizfna'ei',‘
3250 1842 3323 1916 ill
3335 1842 3815 1917 sanesanae

393 1916 766 1985 chronologia
809 1921 864 1970 et
912 1915 1240 1986 genealogia
1278 1917 1603 1985 principum
1635 1916 1910 1972 distincte
1940 1927 2043 1969 or—

394 1987 647 2042 dinanda
681 1987 872 2042 minus
894 1986 1186 2057 sollicitis,
1225 1988 1339 2042 haec
1369 1988 1562 2043 omnia
1594 1995 1803 2042 temere
1825 1989 2042 2056 permi-

394 2059 614 2114 scendi.
657 2058 1000 2129 Contingere
1025 2071 1251 2128 quoque
1297 2060 1502 2128 potuit,
1540 2063 1604 2113 ut
1634 2060 1884 2126 scriptor
1916 2070 2042 2126 pas-

397 2130 584 2186 sionis
625 2135 681 2184 et
725 2135 982 2184 actorum
1014 2130 1105 2184 SS.
1139 2130 1286 2184 Sixti
1331 2136 1384 2184 et
1415 2131 1702 2185 Laurentii
1735 2129 2040 2184 exordium

394 2201 632 2256 duxerit
659 2214 689 2255 a
714 2201 1108 2269 persecutione
1125 2201 1304 2267 Decii,
1330 2202 1912 2272 istarumjugatarum
1933 2200 2043 2255 ori-

397 2273 549 2343 gine,
601 2285 730 2327 cum
777 2273 848 2326 ab
889 2272 988 2326 illa
1026 2273 1304 2342 coeperint
1349 2273 1536 2327 edicta
1575 2271 1772 2328 contra
1826 2271 2042 2343 clerum

397 2342 698 2413 Speciatim
740 2343 1135 2414 promulgata:
1185 2358 1430 2414 quorum
1477 2344 1528 2398 vi
1558 2344 1757 2399 Sixtus
1788 2342 2042 2398 nondum

400 2414 658 2484 pontifex
685 2415 856 2470 semel
883 2414 1128 2482 delatus,
1160 2415 1382 2486 aliique
1411 2420 1548 2470 tunc
1567 2420 1890 2484 evaserunt,
1919 2416 2044 2486 An-

397 2487 729 2542 toninorum
757 2486 877 2556 lege
905 2486 1148 2557 vigente,
1177 2493 1239 2541 ut
1268 2485 1451 2556 prima
1475 2487 1534 2541 in
1563 2487 1850 2542 delatione
1869 2485 2046 2557 Chri-

397 2558 607 2613 stianis
639 2556 986 2626 parceretur.
1024 2558 1129 2613 Sed
1179 2559 1439 2628 repetitis
1479 2556 2045 2623 denuntiationibus,

397 2629 697 2684 occasione
718 2629 1085 2698 rescripti,ad
1111 2629 1490 2686 imitationem
1515 2629 1674 2684 Decii
1692 2643 1724 2684 a
1747 2629 2046 2684 Valeriano

396 2699 513 2768 jam
559 2700 818 2768 principe
849 2706 1047 2754 contra
1091 2700 1331 2755 clericos
1373 2700 1538 2768 editi,
1583 2707 1640 2755 et
1667 2701 1735 2755 ad
1785 2705 2044 2755 senatum

401 2770 586 2838 missi,
621 2784 734 2840 quo
759 2770 1088 2839 jubebatur,
1115 2777 1177 2824 ut
1201 2774 1455 2840 episcopi,
1481 2772 1801 2839 presbyteri,
1829 2771 2048 2824 diaconi

398 2843 588 2895 statim
629 2841 1196 2910 animadverte-rentur
1241 2845 1530 2910 (narrante
1567 2842 1850 2910 Cypriano
1889 2843 2045 2910 epist.

399 2911 490 2981 5'2,
554 2925 729 2982 supra
785 2913 892 2968 col.
960 2909 1114 2983 4443)
1171 2909 1367 2968 subire
1437 2909 1779 2968 sententiam
1844 2909 2051 2981 capitis

399 2985 583 3054 Sixto,
630 2985 955 3051 Laurentio,
1003 2988 1059 3039 et
1103 2985 1282 3040 sociis
1333 2987 1538 3053 Romae,
1585 2984 1869 3054 Cypriano
1917 2997 2048 3040 vero

403 3057 656 3126 aliisque
708 3055 1052 3127 Carthagine
1104 3069 1333 3112 necesse
1376 3055 1510 3112 fuit.
1555 3056 1657 3111 llla
1690 3057 1892 3127 igitur,
1923 3070 2049 3126 quae

401 3129 653 3197 scriptor
699 3132 956 3183 actorum
1008 3127 1307 3196 repetenda
1357 3129 1600 3184 duxerat
1654 3131 1925 3197 tanquam
1978 3127 2050 3183 ab

402 3201 629 3279 origine
657 3214 689 3256 a
721 3200 904 3279 prima
943 3199 1051 3279 illa
1072 3199 1360 3279 delatione
1391 3200 1497 3256 sub
1534 3200 1833 3279 DecioL-ut
1865 3213 2054 3279 prose-
2080 3216 2129 3279 α

403 3270 676 3342 queretur
727 3271 982 3342 alteram,
1020 3270 1512 3327 denuntiationem
1563 3271 1671 3327 sub
1728 3271 2047 3337 Valeriano,

402 3341 690 3398 breviator
717 3342 933 3412 aliquis
973 3341 1275 3412 imperitus
1321 3344 1613 3413 sequioris
1643 3345 1829 3398 aetatis
1863 3344 2052 3413 inepte

401 3414 787 3471 commiscuit.
836 3419 893 3468 et
927 3414 1161 3468 Decium
1191 3429 1256 3470 ac
1299 3415 1662 3470 Valerianum
1694 3415 1888 3470 eodem
1919 3421 2055 3471 tem-

403 3499 539 3610 pore
572 3486 738 3541 nobis
784 3485 1009 3540 exibuit
1049 3486 1213 3554 quasi
1267 3486 1324 3540 in
1378 3486 1620 3556 imperio
1651 3485 1917 3557 collegas,
1947 3487 2048 3556 ju-

442 3562 600 3610 entes
637 3563 769 3610 ante
813 3555 1070 3610 tribunal
1112 3571 1280 3610 suum
1324 3558 1559 3610 nerduci
1605 3558 1851 3610 Sixtum.
1900 3559 2048 3610 Lau—

442 3562 600 3612 entes
637 3563 769 3612 ante
813 3555 1070 3611 tribunal
1112 3571 1280 3612 suum
1324 3555 1559 3628 perduci
1605 3555 1851 3624 Sixtum,
1900 3555 2052 3613 Lau-

405 3629 674 3696 rentium,
735 3633 791 3684 et
837 3628 1026 3684 socios
1055 3629 1125 3683 ad
1175 3629 1436 3684 eumdem
1475 3629 1663 3685 locum
1702 3631 1829 3683 Fori
1864 3631 2054 3685 Nerva:

396 3715 499 3774 pro
533 3701 765 3774 Telluris
799 3696 878 3772 [in
909 3697 1120 3774 tellure]
1153 3702 1343 3774 Tempe
1375 3719 1392 3754 :
1422 3715 1534 3770 quo
1558 3701 1798 3774 adducti
1828 3699 2055 3774 fuerant

400 3771 702 3828 Cornelius
735 3771 895 3841 papa,
937 3777 991 3826 et
1033 3771 1380 3841 Gordianus,
1417 3773 1691 3842 martyrio
1716 3771 2000 3828 aﬁiciendi
2034 3791 2046 3827 :

405 3844 550 3898 tanti
603 3857 715 3898 non
757 3849 1028 3912 reputans
1071 3856 1168 3897 eos
1196 3844 1444 3898 Cmsares
1476 3844 1718 3898 invncem
1767 3857 2049 3912 separare,

405 3927 551 3983 quos
585 3916 744 3982 paria
787 3914 975 3968 edicta
1004 3913 1321 3984 jungebant
1348 3915 1406 3969 in
1437 3914 1634 3970 studio
1675 3916 2053 3984 persequendi

406 3985 704 4040 ministros
733 3997 1046 4049 sacrorum,
1083 3983 1258 4040 ferme
1296 3986 1655 4041 continenter
1677 3983 1927 4042 vexatos
1959 4001 2056 4055 per

405 4055 552 4128 illud
585 4055 932 4128 octennium,
964 4057 1114 4128 quod
1142 4057 1291 4111 inter
1313 4056 1460 4128 leges
1488 4058 1642 4112 Decii
1675 4063 1731 4112 et
1767 4057 2052 4128 Valeriani

402 4125 648 4180 efﬂuxit.
703 4127 906 4180 Verum
959 4127 1028 4181 de
1072 4128 1262 4182 causis
1305 4125 1518 4184 erroris
1569 4142 1678 4183 non
1725 4134 1813 4183 est
1862 4126 2054 4184 fusius

405 4197 704 4268 agendum.
761 4196 1034 4266 Sufﬁciat,
1083 4205 1206 4253 acta
1256 4200 1503 4268 genuina
1550 4200 1844 4254 exstitisse
1889 4207 2053 4255 aetate

404 4267 709 4340 Ambrosii,
764 4281 830 4340 ex
881 4269 1105 4338 quibus
1145 4271 1200 4324 S.
1250 4267 1451 4325 doctor
1505 4272 1814 4340 exscripsit
1858 4272 2052 4326 eadem

405 4338 594 4406 verba,
628 4353 755 4408 qua:
799 4339 1071 4410 leguntur
1103 4341 1161 4394 in
1213 4355 1502 4410 prmetpuo
1545 4338 1857 4397 certamine
1903 4343 2052 4398 Sixti

406 4414 463 4465 et
492 4411 986 4483 Laurentiietiam
1012 4412 1070 4466 in
1098 4412 1244 4467 actis
1281 4411 1662 4481 interpolatis,
1685 4413 1898 4483 quibus
1913 4429 2053 4470 usus

407 4486 494 4537 est
538 4482 902 4556 Anastasius.
949 4483 1153 4556 Eadem
1201 4483 1410 4553 passio,
1458 4482 1816 4556 etractorum
1852 4499 2052 4556 magna

409 4568 540 4623 pars
565 4553 846 4609 celebrata
871 4560 958 4610 est
987 4554 1250 4610 versibus
1277 4569 1374 4624 per
1404 4555 1777 4612 Prudentium
1805 4556 1860 4612 in
1895 4553 2054 4612 Peri-

409 4625 671 4698 stephan.
755 4627 926 4698 annis
1010 4626 1404 4683 tantummodo
1481 4625 1583 4682 450
1638 4628 1873 4684 circiter
1926 4635 2054 4698 post

410 4697 748 4769 martyrium
787 4697 935 4752 Sixti
979 4703 1036 4752 et
1082 4699 1416 4754 Laurentii:
1476 4699 1575 4754 ubi
1616 4701 1686 4755 de
1717 4697 2057 4769 triduo’per

407 4767 634 4822 Sixtum
668 4768 1013 4842 praedicto,_a
1045 4771 1311 4838 passione
1335 4774 1390 4826 et
1421 4778 1601 4842 morte
1629 4771 1812 4827 suaad
1831 4767 2056 4842 passio-

410 4851 532 4913 nem
585 4844 641 4894 et
684 4845 929 4913 mortem
957 4840 1013 4894 S.
1057 4841 1375 4910 Laurentii,
1423 4841 1540 4897 hinc
1583 4840 1845 4913 legimus
1879 4852 2058 4900 metro

412 4909 659 4980 inclusa,
693 4925 818 4980 quae
847 4910 1038 4966 soluta
1081 4913 1340 4968 oratione
1365 4909 1738 4982 reperiuntur
1767 4915 1826 4968 in
1856 4916 2001 4970 actis
2026 4928 2060 4970 a

411 4982 682 5056 pontiﬁce
730 4983 890 5038 Sixto
941 4983 1210 5056 praedicta
1257 4985 1582 5053 Laurentio,
1639 4985 1854 5040 dolenti
1909 4987 2057 5056 quod

409 5053 609 5108 Sixtus
657 5060 891 5110 mortem
945 5068 1045 5124 pro
1105 5055 1336 5110 Christo
1391 5056 1698 5113 subiturus
1749 5053 2058 5114 diaconum

411 5138 583 5180 suum
615 5125 1059 5196 derelinqueret.

942 5217 1143 5264 Desiste
1178 5217 1415 5265 discensu
1457 5232 1572 5266 meo

882 5277 1080 5327 Fletum
1116 5279 1349 5328 dolenter
1379 5281 1591 5329 fundere
1623 5297 1634 5329 :

878 5343 1141 5416 Erirccdo,
1163 5343 1313 5390 frater
1340 5357 1359 5416 ε.
1380 5346 1430 5416 tu
1455 5358 1660 5416 quoque

879 5405 1007 5454 Post
1034 5405 1130 5452 hoc
1161 5407 1390 5467 sequeris
1417 5405 1660 5456 triduum.

943 5467 1178 5532 Extrema
1208 5482 1301 5515 vox
1333 5470 1565 5532 episcopi

882 5531 1272 5578 Prmnuntiatrix
1297 5531 1474 5591 gloria:

878 5593 1016 5641 Nihil
1067 5593 1241 5641 fefellit
1267 5609 1278 5652 ;
1306 5607 1422 5642 nam
1457 5595 1566 5643 dies

877 5655 1130 5704 Prmdictu
1164 5656 1386 5717 palmam
1413 5658 1658 5719 praestitit.

2152 1931 2374 2002 obiens,
2406 1939 2533 2002 post
2555 1934 2798 1997 diversa,
2833 1939 2889 1988 et
2917 1933 3335 1988 immanissima
3367 1939 3675 1995 tormenta,
3700 1947 3817 1987 cra-

2154 2003 2346 2059 ticulte
2376 2003 2572 2060 ferreae
2604 2005 2933 2074 impositus,
2965 2005 3208 2074 igneque
3237 2011 3486 2073 assatus,
3528 2005 3815 2075 insignem

2155 2076 2416 2145 martyrii
2433 2089 2695 2134 coronam
2711 2081 3076 2135 consecutus.
3097 2076 3435 2132 admiranda
3453 2076 3625 2145 plane
3637 2077 3814 2131 animi

2154 2147 2368 2202 virtute
2397 2148 2467 2202 de
2493 2154 2917 2216 persecutorum
2952 2146 3188 2217 perfidia
3218 2147 3626 2214 triumphavit,
3651 2148 3815 2215 juxta

2156 2230 2354 2274 nomen
2399 2218 2658 2275 laureum
2705 2225 2919 2274 sertum
2974 2218 3235 2287 adeptus.
3283 2218 3814 2288 Celebrantrhujus

2151 2290 2351 2360 eximii
2386 2291 2960 2360 martyriscertamen
2993 2289 3330 2360 Ambrosius
3367 2290 3467 2344 lib.
3494 2303 3510 2343 ι
3541 2287 3728 2360 Ol’ﬁc.,
3768 2303 3816 2344 c.

2154 2356 2242 2430 44,
2276 2367 2330 2415 et
2361 2360 2465 2416 lib.
2495 2356 2612 2416 ifc.
2642 2359 2732 2421 28.
2765 2368 3005 2417 etserm.
3032 2358 3066 2431 4
3089 2369 3147 2431 _et
3172 2359 3264 2427 74,
3296 2368 3351 2416 et
3374 2363 3542 2431 epist.
3571 2359 3624 2422 4,
3651 2356 3755 2414 lib.
3781 2374 3817 2414 ll

2153 2429 2656 2502 Augustinussup.
2674 2435 2832 2490 Joan.
2860 2438 3025 2488 tract.
3045 2429 3134 2502 27,
3160 2438 3216 2488 et
3240 2432 3342 2488 lib.
3371 2447 3385 2486 ι
3412 2429 3733 2496 ξῐείάοτιιε,
3761 2433 3816 2485 ἱη

2154 2503 2374 2558 Missali
2405 2510 2461 2559 et
2490 2505 2777 2560 Breviario
2810 2523 2824 2575 ;
2863 2504 3202 2571 Bernardus,
3231 2517 3400 2558 serm.
3429 2519 3565 2572 sup.
3593 2504 3738 2558 Cant
3765 2509 3818 2557 et

2159 2575 2217 2628 in
2247 2576 2301 2628 S.
2331 2576 2506 2631 Andr.
2540 2577 2646 2632 Leo
2678 2577 2824 2646 Papa
2853 2576 2910 2630 in
2946 2589 3114 2632 serm.
3148 2581 3204 2630 et
3232 2576 3583 2632 Prudentius
3607 2575 3680 2646 in
3714 2575 3820 2646 Pe-

2157 2646 2396 2716 risteph.
2432 2644 2840 2703 venustissime
2868 2649 3121 2702 carmine
3142 2648 3450 2717 expressit;
3471 2651 3528 2703 et
3559 2645 3669 2702 alii
3695 2644 3819 2715 ple-

2158 2719 2343 2790 rique,
2374 2732 2518 2790 quos
2550 2718 2783 2790 longum
2815 2724 2962 2774 esset
2994 2731 3307 2773 recensere.

2227 2788 2406 2844 Linea
2434 2788 2519 2846 42.
2559 2819 2632 2830 -
2659 2788 2760 2844 Hic
2795 2793 2926 2857 fecit
2950 2790 3323 2844 ordinationes
3355 2789 3520 2844 duas.
3548 2788 3819 2844 Mendum

2157 2867 2264 2916 est.
2319 2861 2475 2916 Fecit
2526 2863 2681 2918 enim
2733 2861 3102 2918 beatissimus
3145 2861 3342 2917 Sixtus
3387 2861 3821 2917 ordinationem

2160 2945 2498 3004 unam,non
2527 2933 2695 3003 duas,
2731 2933 2789 2988 in
2818 2947 2963 3004 quas
2991 2933 3292 3004 episcopos
3316 2946 3415 3003 per
3443 2934 3680 2988 diversa
3701 2932 3819 3004 loca

2157 3002 2326 3066 duos,
2361 3003 2418 3058 in
2451 3004 2598 3060 Urbe
2627 3002 2759 3060 vero
2791 3002 2965 3060 Roma
2991 3002 3349 3076 presbyteros
3383 3009 3659 3076 quatuor,
3682 3003 3820 3060 dia-

2160 3088 2333 3132 conos
2362 3081 2576 3146 septem
2611 3089 2802 3133 mense
2831 3077 3128 3133 Decembri
3158 3077 3397 3132 creavit.

2881 3181 3094 3238 PAGII.

2232 3272 2372 3341 Ejus
2424 3277 2581 3344 gesta
2639 3271 2697 3326 in
2754 3271 3091 3342 pontiﬁcatu
3147 3284 3251 3328 nos
3306 3271 3504 3339 latent,
3563 3271 3620 3344 id
3681 3275 3820 3326 tan-

2162 3347 2283 3399 tum
2335 3357 2403 3399 ex
2433 3342 2711 3400 ‘Indiculo
2753 3344 3139 3413 depositionis
3191 3349 3503 3413 martyrum
3552 3342 3820 3398 observat

2162 3415 2506 3471 Pearsonius
2535 3417 2592 3469 in
2627 3415 2948 3470 Annalibus
2979 3415 3360 3486 Cyprianicis,
3399 3420 3664 3470 sanctum
3690 3414 3817 3469 Six-

2163 3491 2283 3542 tum
2331 3487 2424 3542 SS.
2486 3487 2632 3542 Petri
2683 3491 2739 3542 et
2793 3486 2951 3541 Pauli
3016 3485 3405 3555 apostolorum
3452 3499 3695 3555 corpora
3745 3486 3812 3540 ad

2160 3557 2532 3613 Catacumbas
2563 3558 2952 3626 transtulisse,
2988 3563 3052 3613 ut
3081 3557 3160 3612 ibi
3193 3558 3378 3612 tutius
3409 3559 3694 3611 stationes
3725 3555 3813 3609 ha-

2162 3627 2284 3684 beri
2334 3635 2581 3698 possent,
2634 3631 2814 3699 magis
2859 3629 2918 3683 in
2948 3629 3074 3684 dies
3099 3631 3364 3683 saeviente
3394 3628 3811 3696 persecutionis

2161 3701 2385 3756 ardore.
2403 3702 2460 3756 in
2489 3700 2749 3756 Indiculo
2771 3700 2947 3759 enim.
2970 3699 3583 3770 inquit,depositionis
3608 3704 3812 3766 marty-

2166 3785 2291 3827 rum
2323 3772 2590 3827 habetur:
2628 3773 2863 3827 «Tertio
2891 3771 3174 3826 Kalendas
3203 3771 3344 3825 Julii
3368 3771 3517 3824 Petri
3558 3770 3615 3824 in
3646 3770 3814 3822 Cata—

2163 3842 2417 3909 cumbas,
2466 3848 2524 3898 et
2553 3841 2716 3898 Pauli
2761 3843 3043 3908 Ostiense,
3075 3843 3257 3898 Tusco
3296 3847 3350 3896 et
3396 3842 3566 3896 Basso
3603 3854 3750 3895 coss.
3783 3858 3807 3888 ι

2162 3913 2273 3982 Qui
2304 3914 2643 3970 consulatus
2673 3914 2946 3983 competit
2977 3915 3035 3968 in
3066 3927 3278 3968 annum
3309 3910 3436 3974 258,
3471 3926 3587 3982 quo
3615 3912 3814 3966 Sixtus

2165 3985 2310 4040 sedit
2340 3999 2522 4055 usque
2547 3987 2614 4040 ad
2642 3985 2794 4040 diem
2827 3990 3048 4040 sextum
3074 3985 3342 4055 Augusti.
3377 3983 3480 4038 Ubi
3517 3996 3706 4038 sermo
3734 3988 3814 4055 est

2163 4057 2234 4111 de
2264 4053 2643 4112 translatione
2673 4070 2975 4126 corporum
3008 4053 3334 4111 sanctorum
3366 4055 3517 4109 Petri
3543 4061 3598 4109 et
3633 4053 3812 4108 Pauli.

2164 4127 2332 4182 Liber
2372 4127 2727 4183 Pontiﬁcalis
2763 4127 3085 4196 pontiﬁcem
3120 4126 3516 4196 permutando,
3563 4130 3626 4181 ut
3673 4137 3814 4192 saepe

2163 4199 2327 4267 solet,
2355 4198 2684 4253 Cornelium
2725 4213 2826 4268 pro
2858 4199 3020 4254 Sixto
3073 4199 3285 4267 posuit,
3311 4197 3558 4268 indeque
3583 4197 3813 4268 pseudo-

2162 4271 2422 4325 Isidorus
2441 4271 2693 4325 eamdem
2719 4267 3018 4325 historiam
3048 4269 3264 4324 ﬁctitize
3288 4267 3538 4323 Cornelii
3561 4267 3812 4336 epistolae

2167 4340 2433 4396 inseruit.
2473 4341 2674 4396 Sixtus
2712 4341 2891 4410 igitur
2921 4355 3032 4396 non
3066 4339 3386 4408 Cornelius,
3429 4340 3546 4394 haec
3585 4346 3810 4410 tropaea,

2165 4427 2291 4482 qua:
2324 4418 2387 4468 ut
2432 4413 2610 4467 tradit
2638 4407 2827 4479 Caius,
2858 4413 2959 4482 qui
3001 4412 3155 4467 circa
3197 4425 3413 4467 annum
3441 4410 3663 4482 Christi

2163 4481 2420 4554 scripsit,
2453 4490 2590 4540 tunc
2607 4481 2956 4553 temporis’in
2984 4484 3252 4538 Vaticano
3265 4481 3736 4552 asservabantur,
3757 4481 3812 4535 in

2083 4590 2138 4652 D
2161 4553 2533 4612 Catacumbas
2564 4555 2934 4611 transtulisse
2964 4555 3209 4611 videtur.

2824 4642 3155 4700 SOMMIER.

2232 4732 2348 4790 Sub
2393 4732 2728 4811 episcopatu
2777 4733 2926 4790 Sixti
2977 4735 3043 4811 l_l,
3093 4732 3193 4811 qui
3238 4731 3528 4811 stephano
3581 4743 3817 4811 succes-

2166 4805 2264 4874 sit,
2325 4805 2545 4875 accepit
2601 4807 2852 4861 Romana
2919 4805 3081 4861 sedes
3138 4804 3433 4860 luculenta
3490 4803 3816 4875 testimonia

2167 4876 2431 4947 obsequii
2457 4874 2522 4932 ac
2541 4876 2928 4932 venerationis
2953 4876 3159 4932 debitae
3180 4888 3460 4944 suprema:
3488 4874 3686 4944 ipsius
3709 4886 3816 4947 au-

2167 4945 2424 5004 ctoritati
2457 4948 2528 5003 ab
2568 4947 2819 5004 Ecclesia
2847 4947 3254 5014 Alexandrina,
3295 4947 3390 5001 cui
3421 4953 3666 5014 praeerat
3693 4945 3818 5014 epi-

2171 5033 2379 5089 scopus
2398 5019 2729 5089 Dionysius.
2747 5019 2845 5074 Hic
2864 5019 3100 5074 alteram
3123 5019 3192 5074 de
3214 5017 3498 5087 baptismo
3515 5018 3818 5087 epistolam

2171 5091 2411 5161 scripsit
2432 5091 2614 5146 eidem
2635 5091 2795 5146 Stxto
2821 5109 2835 5160 ;
2868 5091 2924 5145 in
2950 5105 3062 5160 qua
3095 5090 3389 5161 praemissa
3413 5089 3651 5161 notione
3682 5101 3818 5143 con—

2175 5160 2464 5218 troversia:
2493 5162 2648 5218 circa
2676 5163 3072 5218 haereticorum
3097 5160 3400 5231 baptisma,
3422 5168 3475 5216 et
3493 5160 3814 5231 litterarum

2173 5233 2613 5304 praecedentium
2631 5247 2775 5304 quas
2799 5235 2920 5303 ipse
2939 5229 3257 5288 dederat'ad
3286 5231 3641 5304 Stephanum
3673 5229 3812 5285 Sixti

2171 5303 2522 5362 decessorem
2570 5303 2670 5374 pro
2708 5305 2996 5374 episcopis
3030 5304 3290 5359 reiterari
3333 5303 3718 5371 cupientibus
3747 5307 3811 5355 ita

2171 5377 2442 5432 collatum
2487 5376 2857 5446 baptismum,
2903 5382 3084 5447 rogat,
3117 5380 3181 5431 ut
3214 5378 3431 5430 mature
3474 5375 3814 5447 perpendere

2170 5448 2445 5520 dignetur
2473 5443 3236 5523 rei'magnitudinemﬂoqui
3274 5459 3410 5523 sane
3429 5445 3735 5500 contendit
3755 5443 3814 5523 de

2172 5517 2763 5576 excommunicatione
2807 5533 2974 5589 quam
3014 5517 3334 5587 Stephanus
3366 5517 3556 5572 fuerat
3575 5517 3815 5571 commi—

2175 5595 2363 5665 natus)
2393 5596 2454 5646 ut
2475 5607 2577 5661 pro
2597 5592 2681 5644 his
2706 5592 2861 5665 ilium
2881 5590 3220 5665 deprecarer,
3243 5590 3343 5665 qui
3369 5589 3603 5642 decreta
3629 5597 3814 5665 seque

2173 5663 2384 5719 bantur
2415 5663 2805 5718 tantummodo
2834 5662 2894 5716 in
2919 5662 3186 5717 maximis
3199 5662 3606 5730 episcoporum
3628 5662 3813 5730 conci-

413 5725 566 5804 Satis
594 5724 786 5804 itaque
807 5728 1165 5804 convalidata
1190 5734 1328 5786 sunt
1350 5729 1606 5804 habenda
1627 5731 1863 5804 exactis
1888 5732 2066 5790 chro-
2173 5735 2274 5790 liis
2297 5734 2472 5790 edita.
2505 5754 2531 5784 α
2555 5735 2653 5789 Rei
2685 5734 2868 5804 igitur
2885 5724 3336 5804 magnitudinem
3358 5724 3578 5804 attenta
3594 5729 3817 5799 cogita—

419 5797 670 5875 nologia,
710 5803 766 5850 et
802 5803 927 5853 acta
980 5801 1245 5875 genuina,
1290 5814 1360 5858 ex
1405 5801 1755 5860 testimoniis
1806 5804 1903 5860 SS.
1956 5806 2067 5862 Pa—
2174 5806 2329 5862 tione
2352 5797 2742 5875 complectere".
2771 5797 3007 5862 Decreta
3024 5805 3174 5861 enim
3201 5801 3560 5875 in_maximis
3587 5797 3818 5875 episco-

447 5868 576 5927 rum
605 5868 904 5939 hucusque
928 5868 1242 5938 perpensis.

2167 5891 2369 5954 porum
2383 5872 2668 5948 conciliis,
2694 5877 2871 5934 sicuti
2889 5877 3086 5948 audio,
3102 5875 3250 5933 facta
3263 5872 3613 5931 fuerunt.....
3633 5873 3820 5942 Atque
