4072 6176
237 262 374 321 4447

1051 240 1369 319 HISTORIA
1422 265 1511 319 na
1572 235 1742 319 vn‘is
1779 263 1947 320 ROM.
1994 264 2190 320 PONT.
2233 294 2293 305 -
2337 266 2394 321 s.
2434 266 2810 323 DlONYSiUS.

3494 268 3633 327 4448

233 400 298 449 ut
346 406 449 462 pro
508 390 604 445 his
631 388 900 462 omnibus
943 389 1233 460 episcopis
1269 389 1453 462 illum,
1496 387 1884 462 (Stephanum)
1910 392 2008 462 ΑΔ
2066 389 2449 462 Protestantes
2470 387 2646 443 veluti
2674 387 2786 462 sibi
2824 389 3158 458 plaudentes
3180 400 3552 461 praesumunt,
3576 401 3633 449 et

229 458 587 532 deprecarer,
621 461 922 532 epistolam
948 458 1181 532 scripsi.
1206 480 1232 510 ››
1260 458 1511 530 (Dyonis.
1535 460 1694 515 Alex.
1730 474 1842 529 apu

233 528 441 590 Euseb.
472 535 620 586 Hist.
654 528 758 585 lib.
791 544 893 599 vn,
921 546 971 586 c.
1012 528 1065 586 4.

299 607 363 659 In
391 604 586 659 eadem
606 602 852 671 epistola
873 610 1108 673 sanctus
1124 603 1430 673 episcopus
1450 602 1758 657 denuntiat
1778 603 1880 658 Ro-

231 688 411 731 manae
432 675 550 729 sedi
588 674 850 728 haeresim
882 672 1144 738 Sabellii,
1167 681 1306 728 tunc
1336 673 1728 728 suborientem
1754 692 1766 727 :
1797 674 1881 727 in-

227 748 432 801 dicans
451 758 607 814 papae
623 744 784 799 Sixto
804 744 1039 813 impiam
1055 746 1377 800 doctrinam
1401 744 1557 799 illam
1581 744 1873 800 subortam

229 817 578 872 Ptolomaide
632 816 691 869 in
734 814 1055 883 Pentapoli,
1115 822 1398 870 texturam
1445 828 1570 870 esse
1603 816 1875 884 blasphe‘

232 888 474 943 miarum
532 893 731 941 contra
784 886 959 940 Deum
1010 887 1268 951 Patrem;
1317 885 1614 957 complura
1647 900 1876 957 quoque

231 958 374 1014 falsa
401 959 665 1028 dogmata
683 957 981 1028 continere
1002 957 1278 1028 adversus
1300 956 1511 1011 Filium
1532 976 1547 1021 ;
1566 964 1623 1028 et
1643 958 1874 1013 audito-

231 1044 322 1084 res
360 1026 501 1084 suos
531 1026 857 1097 pertrahere
881 1027 950 1082 ad
982 1027 1425 1083 oblitterandam
1455 1026 1872 1084 confessionem

227 1102 425 1171 d‘vini
447 1099 723 1171 Spiritus,
755 1098 908 1152 Satis
936 1106 1089 1153 certa
1117 1100 1458 1171 documenta
1478 1101 1613 1171 ejus
1656 1101 1871 1171 negotii

228 1173 299 1227 ad
324 1185 384 1226 se
404 1168 585 1226 fuisse
608 1168 823 1238 perlata
848 1182 944 1237 per
964 1169 1239 1238 epistolas
1258 1184 1288 1223 a
1309 1170 1705 1238 compluribus
1721 1168 1789 1226 ad
1813 1184 1873 1226 se

228 1244 412 1304 datas,
432 1250 487 1297 et
509 1256 605 1307 per
624 1240 816 1295 tideles
841 1240 909 1295 ad
928 1253 989 1295 se
1009 1241 1339 1296 accedentes
1367 1240 1699 1296 conferendi
1731 1255 1870 1296 cau-

156 1359 167 1363 -
228 1327 295 1368 sa
318 1332 333 1376 ;
357 1313 626 1383 quocirca
654 1312 987 1383 scripserat,
1020 1312 1130 1383 Deo
1147 1311 1338 1383 dante,
1361 1313 1636 1381 quasdam
1664 1312 1871 1381 episto-

230 1385 336 1450 las,
356 1382 468 1454 quo
493 1382 823 1439 accuratius
853 1382 1071 1437 erroris
1097 1382 1345 1454 latebras
1364 1384 1632 1451 aperiret,
1662 1402 1686 1431 ιο
1723 1397 1872 1452 qua-

229 1470 359 1512 rum
377 1454 727 1595 gﬁemplaria
742 1454 1054 1522 descripta,
1072 1453 1285 1523 inquit,
1301 1454 1368 1508 ad
1389 1460 1441 1509 te
1470 1454 1623 1509 misi.
1641 1472 1665 1502 ››
1682 1454 1871 1525 (Ibid,

229 1542 354 1595 cap.
419 1567 430 1578 .
936 1594 939 1595 γ
1050 1594 1057 1595 ί
1288 1594 1295 1595 ί

227 1542 354 1582 can.
377 1542 430 1581 ὓ.

300 1543 545 1652 ﬁliaiam
596 1596 833 1663 insuper
855 1594 1158 1663 epistolam
1197 1594 1358 1650 dedit
1381 1595 1449 1649 ad
1484 1596 1730 1661 Sixtum,
1761 1595 1873 1650 lla—

222 1669 415 1739 gitans
459 1673 522 1723 ut
566 1666 1087 1739 rescriberetquid
1120 1665 1235 1739 sibi
1265 1667 1553 1739 agendum
1600 1665 1767 1739 foret,
1801 1680 1870 1721 ne

224 1736 328 1824 lie"
353 1736 1286 1824 errorealabwt3921:9an
1306 1736 1493 1824 Ψίξὲ
1528 1737 1866 1824 θάθβίῖίῐυνοῗ
1902 1764 1950 1824 Β

219 1807 355 1866 dam
389 1809 663 1879 porrectis
691 1821 864 1876 super
894 1807 1196 1863 iteratione
1213 1807 1517 1876 baptismi:
1546 1822 1713 1877 quem
1735 1822 1863 1863 cum

220 1883 545 1951 accepisset
565 1880 635 1934 ab
665 1880 951 1933 haereticis
980 1879 1399 1951 catholicorum
1425 1880 1575 1934 ritus
1598 1893 1707 1934 non
1735 1892 1867 1933 ser-

224 1949 499 2007 vantibus
538 1951 596 2005 in
637 1964 702 2005 eo
728 1956 1103 2015 sacramento,
1125 1949 1394 2019 iacrymis
1422 1951 1617 2014 etiam,
1640 1963 1709 2004 ne
1728 1951 1864 2005 dum

224 2024 494 2093 precibus
516 2021 876 2077 continenter
894 2020 1161 2084 instabat,
1191 2027 1255 2074 ut
1278 2034 1420 2088 pura
1436 2021 1733 2093 ablatione
1752 2022 1869 2075 tin-

221 2092 479 2165 geretur,
515 2106 626 2163 qua
648 2093 907 2165 gratiam;
922 2092 1196 2165 consequi
1229 2098 1436 2165 posset,
1478 2097 1534 2146 et
1566 2092 1625 2146 in
1668 2093 1869 2146 Eccle—

222 2161 331 2219 siae
355 2161 547 2220 ﬁlium
568 2161 802 2218 ascribi.
830 2162 1024 2227 Addit,
1043 2175 1104 2216 se
1118 2161 1175 2217 id
1199 2162 1433 2217 minime
1448 2176 1653 2217 ausum
1676 2169 1866 2217 atten—

226 2245 374 2303 tare,
406 2250 536 2291 cum
587 2235 870 2289 diuturno
915 2233 1031 2301 jam
1062 2240 1316 2301 tempore
1376 2235 1433 2288 in
1465 2234 1869 2289 communione

223 2308 489 2362 ﬁdelium
521 2312 781 2360 versatus
805 2312 955 2359 esset
986 2304 1056 2366 is,
1091 2304 1191 2373 qui
1223 2308 1303 2359 ita
1331 2304 1773 2373 supplicaverat,
1814 2310 1870 2359 et

219 2385 562 2434 sanctorum
612 2375 1009 2445 mysteriorum
1036 2377 1318 2443 particeps
1344 2376 1458 2442 jam
1486 2374 1719 2430 fuisset.
1758 2377 1870 2430 Nec

221 2458 420 2505 tamen
471 2446 679 2503 aﬂiicto
721 2445 1191 2513 consolationem,
1228 2453 1282 2501 et
1313 2447 1650 2501 ﬂuctuantis
1688 2446 1869 2501 animi

216 2517 956 2587 mstihustranquillitatem
974 2517 1287 2572 conciliare
1303 2531 1362 2573 se
1376 2518 1565 2572 adhuc
1586 2518 1867 2586 potuisse:

222 2613 260 2643 α
295 2593 527 2648 Revera.
553 2588 748 2657 frater,
774 2587 1042 2657 quoniam
1066 2588 1397 2656 hujusmodi
1419 2589 1672 2657 quaedam
1701 2601 1873 2642 causa

214 2664 299 2718 ad
335 2674 421 2716 me
448 2660 634 2716 delata
665 2667 769 2719 est.
801 2661 858 2712 in
890 2672 1002 2728 qua
1031 2660 1269 2722 veritus,
1294 2672 1362 2713 ne
1388 2673 1484 2728 per
1509 2672 1755 2714 errorem
1781 2659 1875 2713 la-

217 2734 359 2800 bar,
385 2731 695 2788 consilium
719 2743 933 2799 quaero,
967 2738 1236 2799 tuamque
1256 2730 1613 2785 vehementer
1629 2743 1872 2799 exposco

215 2804 597 2861 sententiam.
660 2800 857 2871 Frater
905 2800 1139 2870 quidam
1173 2813 1242 2855 ex
1288 2806 1483 2857 nostro
1512 2807 1869 2871 conventu,»

215 2883 341 2932 etc.
373 2875 558 2944 (ibid,
601 2885 730 2942 cap.
763 2869 842 2942 8.)

1989 459 2230 528 jactant,
2265 460 2368 515 has
2413 460 2636 513 litteras
2664 460 2733 515 ad
2768 461 3080 516 Romanum
3115 459 3434 530 pontiﬁcem
3465 459 3629 521 datas

1993 531 2144 585 nihil
2195 544 2319 585 esse
2371 530 2557 595 aliud,
2590 544 2758 600 quam
2788 531 3250 600 consultationes
3301 533 3619 590 fraternas:

1990 602 2140 656 nihil
2173 602 2480 657 admodum
2515 599 2646 656 illas
2689 599 2920 657 diii‘erre
2944 602 3015 656 ab
3051 603 3189 658 aliis
3219 607 3428 672 passim
3476 607 3629 661 datis

1988 673 2325 745 adraeteros
2344 673 2679 741 episcopos:
2705 686 2804 727 nec
2829 682 3122 745 propterea
3154 676 3419 730 concludi
3447 690 3629 745 posse,

1989 742 2403 816 subjectionem
2435 744 2701 816 Romano
2740 742 3016 816 pontiﬁci
3052 745 3110 799 in
3146 745 3237 800 his
3284 742 3628 816 signiﬁcari,

1986 827 2114 869 cum
2147 816 2206 869 in
2235 814 2482 884 reliquis
2508 814 2790 883 subjectio
2815 828 2925 869 non
2951 814 3399 871 demonstretur.
3424 817 3628 874 Verum

1990 885 2069 940 ita
2113 886 2426 941 sentientes
2472 886 2542 940 de
2595 884 2688 940 his
2738 886 3005 954 epistolis
3052 894 3273 955 oportet
3304 888 3631 944 voluntaria

1984 958 2241 1012 caecitate
2268 970 2435 1012 usum
2463 955 2763 1011 oculorum
2792 956 2906 1011 sibi
2936 959 3262 1026 praeripere,
3308 971 3376 1014 ne
3406 959 3633 1015 videant

1988 1028 2138 1100 quod
2188 1029 2246 1082 in
2280 1028 2391 1100 eis
2440 1034 2633 1100 aperte
2679 1040 2741 1081 se
2781 1029 2994 1100 prodit,
3047 1042 3245 1097 nempe
3292 1030 3629 1100 episcopum

1982 1098 2385 1153 Alexandrinae
2444 1098 2599 1171 sedis
2652 1099 2928 1167 proxima:
2957 1100 3242 1171 dignitate
3280 1114 3313 1155 a
3355 1098 3624 1157 Romana.

1985 1182 2388 1238 recognoscere
2436 1169 2660 1223 Sixtum
2716 1182 2914 1238 papam
2950 1169 3222 1240 tanquam
3270 1172 3626 1240 superiorem

1982 1252 2173 1313 suum,
2207 1247 2261 1294 et
2293 1240 2581 1313 universis
2607 1239 3027 1313 Ecclesiisjura
3051 1239 3316 1306 dantem;
3345 1239 3476 1298 cum
3501 1259 3631 1313 sup-

1987 1311 2114 1384 piex
2170 1311 2319 1379 apud
2380 1310 2639 1384 eumdem
2689 1310 3159 1384 intercedatpro
3217 1326 3421 1384 magna
3474 1310 3630 1383 parte

1982 1381 2382 1449 episcoporum
2430 1381 2710 1447 orientis;
2743 1395 2871 1436 cum
2904 1383 3202 1438 certiorem
3252 1381 3381 1439 eu‘m
3430 1381 3630 1442 reddat

1980 1453 2052 1507 de
2074 1451 2389 1507 haaresibus
2410 1454 2641 1521 proprio
2670 1453 2725 1505 in
2763 1454 3155 1520 patriarchatu
3177 1454 3470 1518 subortis;
3495 1471 3626 1513 cum

1982 1523 2052 1577 ad
2089 1522 2254 1577 illum
2301 1529 2517 1591 scripta
2563 1524 2937 1589 transmittat,
2962 1538 3089 1593 qua:
3117 1525 3185 1580 ad
3214 1527 3436 1581 easdem
3466 1527 3630 1584 refu-

1982 1594 2186 1666 tandas
2229 1594 2699 1661 elucubraverat;
2746 1608 2894 1666 cum,
2932 1595 3183 1665 denique
3234 1597 3301 1650 ad
3371 1598 3623 1666 ejusdem

1984 1665 2403 1733 providentiam
2454 1670 2628 1734 atque
2675 1665 3409 1738 auctoritatemirecurrat,
3440 1670 3628 1738 impe—

1982 1741 2242 1791 traturus
2298 1748 2553 1791 normam
2612 1747 2783 1804 quam
2854 1742 3039 1791 teneat
3092 1737 3150 1790 in
3207 1751 3267 1792 re
3310 1737 3624 1806 expedien-

1976 1808 2085 1932 (ξεί)
2124 1807 2209 1931 tde
2269 1820 2383 1876 qua
2453 1812 2653 1875 suopte
2726 1807 2959 1878 ingenio
3009 1808 3275 1875 judicare
3331 1822 3446 1864 non
3511 1823 3626 1865 au—

2017 1891 2047 1932 e
2087 1890 2120 1932 a
2152 1917 2164 1930 .

2017 1884 2164 1932 ebat.

2048 1949 2201 2003 Hanc
2231 1961 2557 2016 supremam
2587 1948 2987 2003 auctoritatem
3014 1948 3213 2004 Sixtus
3256 1951 3623 2007 exerciturus

1977 2025 2101 2093 erat
2152 2025 2349 2074 contra
2419 2019 2795 2093 Milienarios,
2859 2019 3254 2093 haereticorum
3313 2034 3493 2093 genus
3563 2024 3622 2078 in

1975 2090 2213 2160 zEgypto
2241 2102 2421 2159 nuper
2440 2091 2772 2159 excitatum,
2827 2090 2928 2161 qui
2955 2090 3253 2157 docebant,
3285 2090 3412 2160 post
3441 2108 3624 2150 annos

1981 2161 2140 2215 mille
2190 2167 2528 2233 regnaturos
2556 2174 2680 2216 esse
2717 2175 2846 2233 cum
2894 2162 3124 2218 Christo
3178 2163 3419 2218 Domino
3448 2179 3622 2233 super

1980 2240 2188 2287 terram
2217 2239 2445 2287 sanctos
2464 2232 2610 2302 ejus,
2629 2240 2686 2287 et
2715 2232 3103 2302 perfruituros
3132 2233 3190 2287 in
3217 2247 3279 2288 ea
3305 2232 3540 2291 deliciis
3557 2251 3624 2291 ac

1979 2302 2252 2359 omnibus
2273 2298 2668 2376 voluptatibus
2692 2298 2977 2376 corporis.
3003 2305 3107 2359 Sed
3131 2307 3405 2372 praevenit
3428 2320 3491 2361 ea
3507 2321 3625 2376 pa-

1984 2381 2199 2429 rantem
2253 2374 2446 2429 subita
2489 2375 2831 2442 persecutio,
2891 2387 2993 2429 nec
3036 2376 3285 2444 spatium
3341 2374 3626 2434 concessit

1979 2459 2167 2501 causae
2216 2445 2603 2512 expediendae.
2640 2447 2848 2501 «Hunc
2893 2460 3179 2501 summum
3222 2447 3321 2502 Dei
3354 2451 3625 2505 sacerdo-

1983 2521 2093 2571 tem
2114 2514 2528 2587 (aitiiiaximus
2552 2517 2813 2585 Taurin.,
2835 2517 3020 2570 homil.
3051 2514 3088 2571 2
3106 2521 3164 2570 in
3186 2519 3367 2571 natali
3385 2520 3442 2574 S.
3470 2521 3628 2573 Lau-

1981 2585 2167 2655 rentii)
2216 2585 2379 2641 furor
2427 2587 2663 2657 gentilis
2719 2589 3071 2657 aggreditur.
3122 2596 3184 2643 ut
3234 2590 3628 2645 ecclesiastica

1986 2658 2236 2712 membra
2255 2665 2368 2712 tam
2394 2657 2579 2713 valido
2601 2665 2866 2712 truncata
2891 2660 3099 2727 capite,
3121 2659 3279 2714 velut
3304 2662 3626 2716 munimine

1982 2729 2234 2784 caelestis
2256 2728 2515 2798 praesidii
2548 2736 2757 2795 amoto,
2785 2739 3061 2784 cruentus
3109 2739 3437 2795 persecutor
3459 2732 3628 2788 inva-

1981 2801 2159 2854 deret.
2196 2818 2222 2848 »
2256 2805 2301 2854 A
2326 2813 2656 2854 successore
2686 2800 2963 2869 Dionysio
3015 2798 3324 2867 perfectum
3356 2803 3414 2857 id
3447 2801 3629 2859 fuisse

1982 2870 2331 2940 videbimus,
2365 2872 2517 2940 quod
2546 2871 2744 2925 Sixtus
2768 2870 3173 2925 meditabatur.

1275 3250 1537 3323 XXVI.
1558 3268 1565 3277 ί
1622 3252 2002 3323 SANCTUS
2074 3253 2536 3323 DIONYSIUS
2553 3297 2572 3317 .

1009 3480 1186 3525 ANNO
1235 3480 1491 3524 CHRISTI
1550 3465 1690 3541 261,
1759 3481 2113 3524 VALERIANI
2156 3482 2237 3523 ET
2290 3481 2543 3524 GALIENI
2578 3482 2717 3525 IMP.
2761 3467 2823 3523 7.

1808 3658 2073 3671 —_

549 3796 683 3858 26.
752 3798 1156 3877 Dionysius,
1194 3815 1274 3860 ea
1312 3797 1649 3876 monacho,
1724 3787 1928 3877 cujus
1964 3796 2468 3877 generationem
2506 3814 2640 3858 non
2682 3797 3039 3878 potuimus
3090 3794 3416 3877 reperire,
3463 3789 3637 3853 sedit

472 3910 684 3956 annos
738 3892 927 3972 duos,
982 3912 1243 3958 menses
1289 3897 1446 3972 tres,
1529 3893 1671 3956 dies
1727 3898 1981 3972 septem
2030 3904 2080 3953 α.
2128 3894 2298 3955 Fuit
2363 3895 2587 3955 autem
2636 3892 2664 3934 δ
2696 3893 3113 3975 temporibus
3186 3890 3496 3957 Gallieni
3547 3904 3629 3951 ea;

474 3990 584 4053 die
622 4010 688 4051 χι
724 3990 1203 4057 Kalendarum
1225 3992 1724 4074 Augustarum,
1754 3990 2142 4054 Emiliano
2171 3994 2236 4052 et
2263 3993 2474 4053 Basso
2519 3991 2933 4069 consulibus,
2977 4008 3187 4072 usque
3212 3991 3291 4053 in
3332 3989 3510 4052 diem
3562 4005 3637 4057 νι

466 4087 946 4152 Kalendarum
993 4092 1524 4167 Januariarurn,
1588 4107 1628 4149 a
1683 4089 2035 4151 consulatu
2084 4100 2109 4129 ο
2160 4088 2450 4151 Claudii
2501 4092 2567 4151 et
2618 4090 2937 4152 Paterni.
2970 4088 3162 4151 dHic
3208 4085 3636 4169 presbyteris

383 4185 424 4243 5
466 4184 783 4249 ecclesias
810 4188 1065 4268 divisit,
1108 4193 1172 4251 et
1202 4188 1594 4265 cwmeteria,
1615 4187 1986 4268 parochias
2028 4186 2329 4249 diwceses
2379 4198 2405 4227 θ
2434 4187 2774 4250 instituit.
2809 4188 2948 4251 Hic
2970 4186 3138 4268 fecit
3168 4184 3637 4249 ordinationes

469 4281 637 4344 duas
688 4302 804 4364 per
848 4301 1149 4348 mensem
1194 4284 1613 4349 Decembris:
1648 4283 2068 4364 presbyteros
2125 4283 2495 4360 duodecim,
2557 4284 2870 4348 diaconos
2928 4301 3067 4360 sex,
3123 4284 3462 4366 episcopos
3518 4298 3637 4362 per

466 4378 736 4443 diversa
761 4382 910 4445 loca
965 4399 1244 4446 numero
1293 4386 1436 4445 octo
1490 4381 1530 4443 ί.
1577 4382 1701 4457 Qui
1732 4382 1939 4444 etiam
1978 4380 2296 4462 sepultus
2332 4386 2432 4444 est
2469 4383 2550 4445 in
2592 4384 2954 4446 cauneterio
3014 4382 3304 4460 Caliati,
3337 4381 3457 4443 otia
3484 4378 3640 4458 Ap-

457 4478 605 4557 pia,
638 4496 703 4540 v1
732 4479 1087 4545 Kalendas
1123 4481 1510 4561 Januarii;
1559 4483 1623 4542 et
1662 4478 1953 4543 cessarit
1981 4478 2413 4560 episcopatus
2444 4480 2589 4542 dies
2621 4480 2947 4560 quinque.

1390 4649 1883 4716 CATALOGUS
1931 4649 2087 4712 SUB
2126 4648 2465 4710 LIBERIO

281 4771 673 4852 Dionysius
715 4775 915 4837 annis
968 4778 1132 4854 octo,
1172 4774 1518 4838 mensibus
1570 4774 1850 4851 duobus,
1909 4771 2145 4837 diebus
2185 4772 2495 4852 quatuor.
2562 4770 2719 4833 Fuit
2755 4770 3168 4850 temporibus
3211 4770 3505 4833 Gallieni
3546 4784 3631 4832 ex

167 4871 314 4935 die
351 4886 429 4932 XI
468 4869 929 4933 Kalendarum
954 4873 1270 4950 Augusti,
1329 4870 1688 4933 Emiliano
1716 4874 1782 4931 et
1813 4873 2016 4932 Basso
2045 4868 2460 4948 consulibus,
2511 4886 2724 4949 usque
2775 4868 2845 4930 in
2886 4868 3066 4933 diem
3095 4868 3460 4949 septimum
3498 4871 3630 4931 Ka-

162 4967 478 5037 lendar.
507 4969 842 5049 Januarii,
866 4969 1253 5033 consulibus
1286 4970 1564 5034 Claudio
1592 4970 1662 5032 et
1684 4972 1989 5032 Paterno.

1385 5123 1561 5167 NOTU
1572 5122 1666 5164 LE
1698 5121 1995 5165 MARGINA
2007 5121 2116 5165 LES
2144 5121 2472 5165 FABRO'I‘TI

252 5255 283 5282 ι
312 5242 396 5307 Β,
432 5254 568 5297 ann.
601 5241 684 5312 ll,
727 5258 802 5298 m.
833 5241 887 5314 3,
919 5245 977 5315 d,
1007 5242 1100 5299 44.
1155 5243 1182 5284 b
1208 5245 1274 5307 B,
1306 5249 1363 5299 et
1391 5243 1702 5309 Valeriani,
1732 5240 1965 5298 Claudii
1997 5242 2360 5298 Aureliani-:1
2408 5243 2565 5298 Coss.
2600 5241 2770 5298 Fusci
2802 5248 2859 5297 et
2884 5241 3044 5298 Basci
3075 5242 3146 5298 ad
3177 5240 3373 5298 Aurel.
3401 5241 3545 5312 Aug.
3572 5244 3631 5297 et

148 5336 478 5391 Bassum.
532 5343 558 5373 ο
583 5332 638 5399 C,
664 5333 1025 5391 consulitus.
1053 5332 1078 5371 ά
1105 5335 1347 5388 Baronn.
1377 5349 1514 5387 ann.
1543 5330 1649 5389 270
1678 5335 1737 5386 in
1761 5336 1889 5402 ﬁne.
1908 5337 1932 5366 °
1963 5330 2003 5385 C
2022 5338 2075 5386 et
2104 5331 2401 5386 dioeceses.
2429 5329 2448 5366 ί
2475 5331 2577 5387 CB.
2610 5338 2844 5400 septem.

1600 5482 1831 5539 VARle
1873 5481 2159 5537 LECTION
2166 5481 2262 5536 ES.

510 5611 678 5679 Apud
702 5613 1017 5668 Fab-rottum
1046 5629 1114 5668 ea:
1151 5612 1330 5668 codice
1353 5610 1590 5664 Freheri.
1907 5607 1957 5669 Ο
2204 5608 2293 5660 Ea:
2319 5606 2498 5660 codice
2548 5608 2726 5675 Regio,
2754 5608 3130 5671 Mazarinoct
3173 5608 3419 5662 Thuano.

240 5694 581 5769 Num._26,
634 5699 730 5753 lin.
772 5698 826 5769 5,
858 5702 976 5764 AB,
1007 5702 1182 5757 dedit.
1223 5703 1288 5769 B,
1322 5698 1667 5756 ministeria.
1698 5697 1794 5751 lin.
1821 5696 1872 5764 6,
2062 5697 2185 5769 Lin.
2210 5694 2280 5769 ii,
2310 5709 2489 5769 nonup
2526 5696 2822 5769 invenire,
2854 5696 3003 5751 sedit
3028 5710 3162 5769 ann.
3194 5695 3249 5767 6,
3283 5711 3355 5752 m.
3402 5696 3458 5763 2,
3486 5699 3545 5755 d.
3578 5697 3632 5754 4.

144 5781 246 5843 Α,
278 5767 578 5845 presbyt.
612 5764 901 5827 undecim.
1274 5764 1282 5769 ⁷
1993 5770 2093 5823 lin.
2118 5764 2171 5836 4,
2200 5764 2484 5823 Januarii.
2518 5768 2618 5821 lin.
2650 5765 2705 5838 5,
2734 5767 2791 5823 d.
2814 5764 3152 5824 Constituit.

629 5859 864 5915 PATROL.
911 5861 1178 5919 CXXVII.
3216 5853 3285 5913 45
