4072 6176
469 331 606 389 4419

889 461 976 512 Ea:
1005 460 1183 513 codice
1217 459 1442 512 Thuano
1489 457 1681 510 altero.

467 640 489 690 ι
530 565 656 690 litin.
687 563 743 637 2,
771 579 902 621 ann.
931 564 984 634 6,
1020 580 1094 620 m.
1119 563 1174 636 2,
1197 566 1254 621 d.
1290 561 1340 620 4.
1376 565 1476 618 lin.
1505 561 1558 630 5,
1592 561 1841 618 diocesis
1883 559 2111 617 consti-

496 650 555 690 ιιι
591 676 603 688 .

496 650 603 691 ιιιι.

711 763 880 833 Apud
920 763 1260 816 Holsteniu-m
1287 765 1336 815 et
1377 761 1850 817 Schelestratium.

537 872 656 924 Lin.
681 867 736 938 2,
776 871 1011 925 Flor-ent.
1047 871 1172 936 duo,
1207 882 1388 925 annos
1413 883 1512 940 vn,
1565 881 1786 924 menses
1809 880 1872 922 ιι.
1906 866 2006 918 lin.
2049 861 2104 924 5,

1679 331 2040 387 ANASTASII
2104 333 2648 391 BlBLlOTllECARIl

3735 337 3757 390 4
3772 335 3871 393 420

2140 457 2198 515 Α
2221 458 2365 512 Flor.
2395 475 2498 514 sec.
2529 466 2582 514 et
2622 462 2768 526 Vat.,
2799 460 2958 516 dedit
2985 469 3040 518 et
3072 463 3412 518 ministeria.
3457 463 3559 516 lin.
3584 456 3641 525 7,
3693 461 3870 515 Vatic.

2222 533 2273 582 et
2298 531 2476 597 Flor.,
2506 533 2807 600 depositus
2837 540 2943 588 est.

2538 621 2712 690 Apud
2738 623 2963 676 Pcniam
2993 638 3061 676 ea:
3086 623 3262 677 codice
3291 622 3539 677 Caucasi.

2293 714 2416 766 Lin.
2453 707 2504 779 i,
2544 710 2718 782 cujus
2741 711 3164 781 generationem
3197 724 3306 766 non
3333 711 3636 782 potuimus
3669 723 3875 782 reppe—

2225 786 2358 840 rire.
2409 783 2507 836 lin.
2539 780 2594 846 5,
2643 780 2899 836 dioceses
2930 782 3257 838 constituit.
3315 780 3413 836 lin.
3441 780 3496 852 8,
3543 789 3605 837 et
3631 781 3876 837 cessavit

2223 857 2592 926 episcopatus
2620 852 2829 910 diebus
2855 867 2906 908 ν.

1785 991 2027 1057 ΝΟΤΣΕ
2081 983 2543 1050 VARIORUM.

977 1121 1023 1174 Α
1061 1118 1598 1175 SCHELESTRATE.

543 1210 716 1264 Linea
756 1207 810 1264 5.
843 1236 914 1248 —
936 1210 1002 1262 Et
1042 1209 1334 1277 parochias
1365 1207 1610 1260 ditcceses
1640 1207 1904 1277 instituit.
1936 1204 2116 1277 Hinc—

475 1295 671 1336 marus
720 1272 1062 1336 Rhemensis
1103 1277 1312 1348 Opusc.
1380 1291 1464 1331 LV.
1515 1276 1808 1348 Capitum.
1850 1289 1968 1344 cap.
2010 1272 2111 1328 45:

477 1373 501 1405 α
521 1353 832 1422 Dionysius
849 1364 987 1420 papa
1003 1347 1316 1422 rusticanis
1335 1347 1626 1422 parochiis
1641 1347 1916 1422 terminos
1931 1353 2118 1422 certos

513 1417 686 1478 osuit'
721 1436 786 1478 ac
837 1417 1128 1490 ponendos
1179 1419 1493 1488 dispesuit,
1547 1420 1618 1472 de
1671 1417 1885 1487 quibus
1932 1417 2114 1490 etiam

513 1439 671 1478 081111.
721 1439 786 1478 ac
837 1439 1128 1490 ponendos
1179 1439 1493 1488 αιδρυδιιιι,
1547 1439 1618 1472 ue
1671 1439 1885 1487 qumus
1943 1439 2114 1471 euqu

472 1439 931 1550 ghalcedonense
977 1490 1307 1558 concilium,
1343 1504 1468 1558 quae
1525 1495 1660 1544 sunt
1709 1494 1862 1554 nota,
1893 1487 2117 1558 decre—

475 1565 577 1620 vit.
612 1583 638 1614 ››
689 1563 894 1619 Verum
941 1562 1106 1631 juxta
1157 1555 1460 1616 Baro'ni'um
1505 1561 1572 1614 ad
1620 1572 1836 1631 annum
1883 1555 2010 1616 270.
2055 1557 2115 1611 in

480 1636 625 1691 ﬁne:
659 1636 842 1706 igitur
889 1629 980 1706 hic
1011 1639 1242 1706 tantum
1271 1632 1343 1686 de
1389 1631 1680 1706 parochiis
1711 1629 1874 1685 urbis
1909 1631 2115 1698 Bonus,

479 1720 622 1776 quas
649 1703 935 1762 Valeriani
967 1705 1288 1774 persecutio
1322 1703 1605 1758 turbarat.

1078 1797 1522 1882 ALTASERRxE.

549 1920 718 1975 Linea
761 1914 815 1988 4,
863 1915 917 1972 5.
939 1917 1131 1969 —-Hic
1164 1917 1495 1984 presbyteris
1546 1915 1794 1988 ecclesias
1826 1913 2034 1988 divisit,
2069 1917 2120 1965 et

478 1985 875 2050 ccentctcria,'ct
900 1988 1188 2056 parochias
1228 1988 1475 2040 diieccscs
1506 1987 1766 2039 instituit.
1825 1985 2120 2056 Evaristus

481 2063 702 2133 primus
737 2054 976 2133 Atitulbs,
1024 2058 1078 2112 id
1111 2064 1216 2133 est,
1277 2061 1380 2112 Ecc
1407 2057 1557 2133 esias
1589 2057 1660 2133 _in
1715 2055 1860 2133 llr-lie
1890 2054 2114 2121 divisit,

478 2127 711 2188 auctore
735 2131 859 2198 ipso
888 2130 1194 2184 Anastasio
1219 2147 1233 2196 ;
1266 2135 1454 2198 postea
1477 2127 1638 2181 clade
1666 2127 1957 2181 variarum
1985 2139 2118 2194 per-

479 2205 864 2269 secutionum,
897 2209 952 2255 et
981 2200 1207 2256 diutina
1235 2200 1530 2254 vacatione
1563 2198 2121 2269 Ecclesiarumper—

483 2275 712 2330 turbato
777 2267 930 2328 statu
1003 2273 1408 2339 Ecclesiarum,
1475 2270 1699 2324 tandem
1763 2282 1795 2323 a
1857 2267 2120 2324 Gallieno

482 2346 702 2402 reddita
757 2357 891 2414 pace
941 2342 1227 2411 Ecclesiae,
1284 2355 1490 2414 rursus
1526 2355 1559 2394 a
1591 2340 1865 2414 Dionysio
1918 2339 2120 2414 divisae

483 2410 786 2487 parochize',
837 2414 1178 2487 autuverius
1218 2410 1528 2487 restitutae,
1561 2412 1806 2487 primum
1845 2413 1919 2487 i_n_
1953 2410 2118 2487 Urbe,

481 2481 602 2544 tum
630 2489 686 2542 in
713 2484 1042 2556 provinciis,
1065 2491 1123 2556 ut
1151 2490 1302 2554 patet
1326 2497 1392 2538 ex
1414 2485 1634 2556 integra
1660 2484 1830 2552 epist.
1856 2481 2121 2556 Dionysii

481 2561 551 2614 ad
601 2555 865 2614 Severum
913 2555 1342 2624 Cordubensem
1381 2555 1735 2624 episcopum,
1781 2555 1950 2620 cujus
1990 2566 2122 2621 pars

482 2636 667 2685 exstat
690 2629 750 2682 in
801 2640 927 2681 can.
953 2627 1242 2680 Ecclesias.
1291 2623 1376 2686 43,
1405 2623 1503 2694 qu.
1539 2623 1590 2690 l,
1615 2631 1670 2679 et
1695 2626 1754 2678 in
1775 2638 1898 2692 cap.
1931 2624 2120 2676 Pasto-

484 2701 638 2764 ralis,
673 2699 743 2753 de
794 2697 887 2751 his
917 2711 1043 2765 quae
1071 2697 1216 2750 fiunt
1245 2710 1277 2750 a
1326 2710 1486 2764 praes.
1523 2695 1646 2765 sine
1675 2709 1835 2750 cons.
1861 2695 2018 2763 Cap.,
2051 2695 2122 2749 de

484 2783 600 2841 quo
624 2763 822 2824 fusius
849 2763 974 2822 dixi
1001 2767 1152 2820 Diss.
1191 2767 1294 2820 lib.
1327 2763 1378 2832 ν,
1411 2779 1534 2834 cap.
1576 2763 1626 2819 4.

1158 2871 1450 2926 BENCINI.

547 2965 721 3020 Linea
760 2959 812 3032 4,
843 2961 897 3018 5.
929 2991 998 3000 —
1039 2961 1138 3013 Hic
1155 2961 1482 3028 presbyteris
1525 2960 1774 3014 ecclesias
1819 2960 2025 3032 divisit,
2067 2965 2118 3014 et

479 3037 796 3099 caemcteria,
852 3038 903 3086 et
947 3032 1235 3100 parochias
1284 3033 1532 3084 dicaceses
1579 3033 1842 3085 instituit.
1892 3031 1973 3086 Ad
2010 3044 2116 3100 p0-

477 3115 687 3163 strema
701 3103 959 3172 Dionysii
982 3110 1233 3170 tempora
1259 3101 1377 3156 haec
1402 3102 1778 3172 Ecclesiarum
1801 3102 2111 3169 ordinatio,

478 3193 580 3234 seu
609 3179 665 3233 in
700 3171 991 3231 meliOrem
1019 3180 1254 3239 statum,
1280 3179 1334 3228 et
1363 3172 1600 3227 formam
1635 3171 1964 3228 reformatio
1989 3180 2116 3228 arta

477 3258 584 3316 est,
639 3261 790 3314 cum,
848 3245 1149 3300 Valeriano
1207 3245 1266 3298 in
1323 3243 1474 3298 bello
1520 3258 1651 3299 cum
1710 3244 1900 3300 Persis
1929 3251 2112 3316 capto,

476 3320 778 3377 Gallienus
806 3331 836 3372 a
871 3316 1265 3386 persecutione
1296 3317 1650 3384 temperavit,
1674 3321 1730 3370 et
1751 3316 1904 3369 datis
1926 3316 2115 3384 publi-

479 3393 566 3448 cis
592 3389 910 3458 rescriptis.
948 3386 1366 3458 indulgentiam
1404 3387 1707 3458 concessit,
1734 3393 1787 3440 et
1813 3386 1932 3458 loca
1956 3399 2119 3440 sacra

479 3455 1157 3532 episcopis'restituepda
1195 3457 1790 3532 decrevitiitrumque
1818 3455 1988 3511 refert
2015 3458 2120 3532 Eu-

479 3525 752 3590 sebius'l.
781 3543 878 3597 vn,
929 3545 977 3584 c.
1011 3525 1108 3582 l3:
1143 3548 1166 3578 α
1195 3529 1402 3582 Verum
1453 3528 1754 3582 Valeriano
1787 3541 1897 3582 non
1940 3529 2119 3583 multo

481 3611 608 3675 post
650 3617 702 3675 a7
740 3601 1001 3675 barbaris
1047 3605 1233 3675 capto,
1291 3605 1348 3675 et
1392 3598 1448 3652 in
1489 3600 1825 3675 servitutem
1871 3599 2118 3675 redacto,

480 3669 640 3732 iilius
657 3674 783 3743 ejus
797 3671 1096 3727 Gallienus
1115 3669 1273 3743 solus
1301 3669 1605 3743 imperium
1625 3669 1914 3732 obtinens,
1939 3671 2122 3743 mode-

481 3740 778 3804 ratius'se
806 3744 1014 3814 gessit:
1062 3742 1372 3810 missisque
1401 3740 1630 3814 edictis,
1669 3742 2119 3814 persecutionem

479 3819 758 3874 adversus
792 3811 1018 3870 nostros
1038 3819 1374 3867 commotam
1399 3811 1615 3865 sedavit
1639 3828 1654 3878 ;
1678 3817 1854 3880 utque
1878 3811 2121 3881 religio—

482 3889 576 3944 nis
608 3895 815 3941 nostra:
842 3885 1130 3938 antistites
1159 3895 1358 3936 secure
1403 3883 1672 3949 deinceps
1709 3895 1917 3936 munus
1950 3895 2117 3936 suum

487 3959 734 4023 obirent,
767 3954 1098 4022 hujusmodi
1149 3953 1426 4021 rescripto
1483 3953 1778 4021 prtecepit:
1813 3955 2121 4022 imperator

487 4032 673 4084 Caesar
696 4027 958 4082 Licinius
976 4023 1296 4080 Gallienus.
1322 4023 1641 4092 pins,t‘elix,
1669 4031 1973 4093 angustus,
1996 4025 2124 4078 Dio-

489 4101 675 4170 nysio,
703 4098 909 4170 Pinnae,
935 4095 1239 4170 Demetrio,
1263 4100 1317 4170 et
1335 4094 1581 4162 reliquis
1596 4095 1904 4170 episcopis.
1933 4094 2124 4170 indul-

489 4165 738 4241 gentiam
815 4165 1076 4241 beneficii
1141 4165 1319 4219 nostri
1379 4179 1474 4241 per
1539 4167 1872 4241 universum
1921 4165 2120 4241 _orb_em

488 4235 736 4297 diffundi
763 4237 1147 4305 przecipimus,
1171 4235 1440 4290 utcuncti
1459 4250 1488 4287 a
1511 4235 1802 4305 religiosis
1825 4236 1967 4290 locis
1987 4236 2126 4290 abs—

491 4252 736 4297 dmunm
802 4252 1147 4305 PiBCIleﬂUS,
1171 4252 1440 4290 υιουηυιι
1459 4252 1488 4287 il
1511 4252 1802 4305 I'BIIglOSlS
1825 4252 1967 4290 IOCIS
1987 4252 2123 4290 1105-

491 4313 712 4367 cedant.
758 4252 1034 4375 guocirca
1074 4313 1130 4360 et
1159 4319 1258 4360 vos
1297 4306 1564 4373 rescripti
1595 4307 1777 4360 nostri
1832 4306 2012 4361 forma
2040 4307 2123 4361 uti

495 4380 778 4454 poteritis,
814 4377 1097 4454 utnullus
1127 4375 1289 4454 vobis
1318 4377 1925 4454 deincejismolestiarn
1956 4378 2128 4454 faces-

493 4447 601 4510 sat.
633 4453 816 4522 Atque
849 4449 903 4503 id
938 4448 1087 4518 quod
1116 4447 1280 4522 vobis
1311 4447 2073 4522 essequilicetjamdudum
2095 4463 2125 4503 a

493 4539 580 4580 me
609 4517 938 4579 concessum
958 4517 1079 4574 est.
1118 4517 1653 4590 Proinde'Aurelius
1680 4518 1960 4589 Cyrenius
1991 4535 2128 4590 pro—

492 4603 724 4652 curator
763 4605 998 4648 summte
1027 4591 1131 4658 rei,
1163 4591 1282 4646 dati
1315 4603 1346 4644 a
1380 4589 1545 4644 nobis
1595 4591 1861 4658 rescripti
1891 4589 2126 4645 formam

493 4673 784 4738 sequetur.
822 4683 848 4712 »
885 4661 1295 4738 Potuititaque
1327 4661 1636 4738 Dionysius
1658 4661 2130 4738 Gall_ieni_indul_-

495 4732 686 4810 gentia
729 4748 926 4810 omnes
971 4733 1428 4810 Christianorum
1471 4732 1747 4810 ecclesias
1787 4735 1844 4787 in
1893 4735 2126 4810 Deciani

499 4802 894 4879 persecutione
923 4818 954 4879 a
1000 4802 1266 4879 gentibus
1313 4803 1568 4879 direptas
1619 4806 1938 4879 restituere,
1967 4805 2128 4879 divi-

497 4872 648 4944 dere,
679 4885 734 4934 et
760 4878 828 4932 ad
864 4872 1107 4944 priorem
1143 4874 1378 4927 formam
1411 4872 1732 4928 reformare.
1767 4877 1959 4944 Neque
1975 4876 2126 4929 enim

497 4951 819 5006 censendus
857 4952 942 5001 est
967 4945 1277 5014 Dionysius
1302 4952 1502 4998 auctor
1528 4946 1835 4999 divisionis
1857 4947 2130 5000 ecclesia-

499 5037 644 5084 rum,
666 5034 794 5076 cum
815 5024 978 5071 antea
1007 5016 1316 5085 presbyteri
1348 5016 1406 5069 in
1433 5015 1573 5070 locis
1599 5017 1780 5070 sacris
1801 5017 2125 5078 constituti,

498 5103 554 5150 et
602 5091 796 5148 titulis
827 5087 994 5143 Urbis
1024 5089 1391 5156 praesidentes
1421 5100 1579 5140 sacra
1607 5095 1999 5156 operarentur,
2034 5089 2128 5144 sed

496 5165 802 5221 confusum
829 5160 1086 5214 ordinem
1115 5159 1186 5212 ob
1212 5158 1514 5212 Decianam
1544 5160 1993 5226 persecutionem
2035 5173 2130 5215 re-

499 5237 716 5300 stituit,
748 5239 803 5288 et
827 5229 1138 5300 ordinavit.

565 5298 854 5361 Ecclesius.
914 5298 1326 5368 Multiplicatas
1373 5298 1644 5353 ecclesias
1688 5299 1742 5353 in
1771 5299 1906 5354 orbe
1957 5302 2132 5356 Chri-

494 5379 704 5446 stiano,
727 5383 784 5430 et
806 5373 908 5428 has
941 5372 1010 5446 in_
1025 5369 1276 5446 singulis
1303 5369 1375 5424 im
1387 5371 1528 5438 perii
1551 5370 1796 5446 urbibus
1815 5372 2129 5446 exstitisse,

491 5460 544 5506 et
577 5441 757 5504 fuisse
785 5447 904 5500 loca
932 5442 1198 5497 aediﬁciis
1221 5448 1399 5510 septa,
1427 5448 1482 5496 et
1511 5441 1911 5497 cultuidivino
1941 5444 2129 5499 dicata

490 5515 1031 5588 supponitGallien_i
1066 5514 1429 5588 rescriptum,
1448 5513 1582 5568 dum
1607 5515 1888 5582 praacipit,
1913 5527 1970 5588 ut
1995 5529 2128 5570 cun-

491 5581 582 5645 cti'
609 5581 647 5642 ὐ
683 5587 974 5656 :eligiosis
1005 5584 1148 5640 locis
1195 5584 1522 5651 abscedant,
1558 5581 1684 5654 quae
1709 5581 2126 5653 occupaverant

489 5678 553 5717 ex
588 5661 829 5713 Deciano
855 5659 1044 5712 edicto
1075 5661 1288 5725 gentes,
1319 5663 1373 5708 et
1403 5657 1691 5724 episcopis
1717 5664 2118 5712 restituantur.

488 5733 692 5788 Divino
722 5728 906 5782 cultui
938 5728 1288 5794 mancipatus
1317 5726 1517 5788 fuisse,
1561 5742 1659 5780 seu
1687 5727 1755 5782 ad
1802 5740 1962 5782 sacra
2005 5730 2120 5782 mi-

486 5801 725 5860 nisteria
769 5800 1006 5866 agenda,
1067 5799 1374 5852 interdicto
1406 5799 1563 5852 omni
1616 5797 1852 5865 profano
1887 5814 2022 5864 ,usu,
2065 5808 2118 5854 et

477 5874 712 5952 quidem
771 5868 1152 5935 severissime,
1223 5869 1562 5924 Valeri-inus
1613 5869 1924 5938 imperum.
1962 5872 2112 5939 apud

2149 3137 2198 3200 C

2222 1108 2528 1176 Vopiscum
2561 1110 2828 1160 testatum
2853 1103 3012 1172 facit,
3045 1105 3182 1160 dum
3204 1107 3658 1174 superstitiosus
3689 1107 3874 1176 impe-

2224 1187 2382 1234 rator
2401 1184 2661 1232 senatum
2695 1177 2892 1247 arguit
2915 1191 2983 1232 ex
3010 1186 3196 1246 spreta
3219 1178 3638 1248 Sibyllinorum
3666 1193 3877 1234 oracu-

2227 1251 2410 1306 lorum
2455 1248 2831 1317 inspectione,
2864 1249 3029 1318 quasi
3067 1255 3301 1304 senatus
3349 1257 3497 1304 esset
3538 1249 3598 1304 in
3631 1251 3876 1305 ecclesia

2223 1321 2708 1382 Christianorum,
2755 1319 2813 1372 in
2859 1333 2971 1389 qua
3022 1320 3153 1374 talis
3205 1321 3487 1389 inspectio
3541 1322 3872 1376 interdicta.

2227 1395 2307 1448 Ita
2329 1393 2480 1447 enim
2509 1391 2850 1460 imperator:
2885 1411 2909 1441 a
2933 1392 3122 1462 Miror
3153 1405 3270 1459 vos,
3306 1393 3496 1446 Patres
3517 1392 3876 1462 Conscripti,

2226 1464 2428 1518 tandiu
2447 1465 2516 1517 de
2535 1462 2864 1529 aperiendis
2882 1461 3048 1516 libris
3063 1462 3370 1532 Sibyllinis
3389 1462 3718 1530 dubitasse,
3744 1461 3876 1533 pro—

2228 1535 2362 1590 inde
2383 1535 2548 1604 quasi
2575 1534 2634 1586 in
2653 1533 2893 1588 ecclesia
2924 1533 3410 1599 Christianorum,
3433 1548 3546 1590 non
3575 1535 3631 1588 in
3664 1535 3874 1603 templo

2227 1605 2486 1661 omnium
2527 1605 2762 1660 deorum
2809 1605 3153 1660 tractaretis.
3188 1622 3213 1654 ι›
3242 1605 3555 1660 Ecclesiam
3582 1605 3874 1660 Christia—

2229 1691 2358 1731 nam
2381 1677 2623 1746 opponit
2643 1675 2947 1745 gentilium
2974 1676 3205 1745 templo,
3233 1683 3290 1731 et
3303 1679 3446 1731 adeo
3468 1691 3499 1730 a
3517 1676 3875 1732 Christianis

2232 1748 2415 1803 locum
2449 1747 2785 1818 religiosum
2817 1746 3076 1801 habitum
3102 1755 3500 1818 putatumque,
3537 1757 3602 1802 ut
3626 1749 3876 1803 interdi-

2150 1813 2203 1873 B
2229 1825 2318 1873 cta
2349 1821 2538 1874 omnis
2553 1813 2705 1872 actio
2724 1831 2849 1887 qua:
2870 1831 3032 1872 sacra
3063 1813 3174 1874 non
3194 1825 3360 1874 esset.
3389 1813 3668 1875 EcClesize
3691 1821 3876 1888 itaque

2229 1895 2394 1945 erant
2419 1889 2904 1956 Christianorum,
2937 1903 3037 1943 seu
3080 1905 3254 1945 sacrae
3279 1891 3427 1945 aedes
3451 1891 3519 1944 ad
3575 1891 3877 1955 religionis

2229 1961 2443 2031 agenda
2479 1961 2767 2030 mysteria.
2799 1959 3020 2014 Altaria
3055 1964 3113 2014 in
3172 1962 3376 2016 iisdem
3409 1960 3600 2016 fuisse
3623 1962 3876 2017 declarat

2230 2031 2464 2099 factum,
2521 2031 2669 2100 quod
2713 2031 2902 2085 evenit
2949 2032 3214 2087 Gallieno
3261 2033 3385 2100 ipso
3433 2033 3780 2102 imperante,
3811 2032 3876 2086 ab

2228 2103 2478 2158 Eusebio
2532 2102 2772 2157 relatum
2821 2103 2892 2157 de
2930 2104 3247 2158 Theotecno
3274 2105 3542 2158 Ctesareaz
3579 2105 3878 2158 Palestina

2228 2175 2518 2243 episcOpo,
2557 2173 2594 2227 l.
2625 2187 2721 2230 vn.
2767 2187 2816 2227 c.
2850 2171 2915 2228 10
2938 2191 2950 2226 :
2977 2193 3004 2224 α
3029 2175 3166 2229 Cum
3198 2189 3264 2229 ex
3313 2177 3590 2244 praetorio
3615 2189 3878 2245 egressus

2227 2253 2379 2300 esset
2399 2247 2756 2300 Theotecnus
2781 2245 3038 2300 civitatis
3059 2247 3385 2315 episcopus,
3419 2246 3488 2300 ad
3528 2247 3702 2301 illum
3736 2260 3880 2302 acce-

2226 2317 2388 2378 dens.
2413 2323 2469 2371 et
2493 2315 2932 2388 sermocinando
2961 2317 3190 2388 longius
3212 2331 3338 2372 eum
3367 2317 3744 2377 abstrahens.
3772 2332 3882 2387 pre-

2231 2389 2404 2443 hensa
2433 2388 2692 2458 manuad
2735 2387 3032 2442 ecclesiam
3063 2387 3319 2442 adducit.
3347 2389 3610 2458 Cumque
3637 2391 3882 2443 interius

2228 2460 2297 2514 ad
2334 2459 2522 2528 ipsum
2572 2457 2752 2513 altare
2790 2471 2918 2513 eum
2953 2459 3268 2528 statuisset,
3317 2457 3556 2515 reducta
3600 2461 3883 2529 tantisper

2229 2532 2356 2600 ejus
2387 2529 2704 2599 chlamyde,
2737 2529 2993 2599 gladium
3029 2530 3139 2599 illi,
3181 2545 3294 2601 quo
3329 2533 3691 2600 praecinctus
3742 2538 3878 2594 erat,

2229 2603 2552 2666 ostendens,
2580 2615 2705 2656 mox
2739 2614 3029 2657 sacrorum
3059 2602 3783 2671 Evangeliorumcodicem
3816 2616 3882 2656 ex

2227 2675 2456 2728 diverso
2511 2673 2676 2738 locat,
2712 2671 2920 2736 jubens
2969 2680 3033 2728 ut
3073 2686 3103 2727 e
3151 2673 3378 2728 duobus
3425 2681 3630 2729 utrum
3671 2675 3880 2741 mallet,

2229 2745 2548 2815 eligeret.»
2582 2743 2704 2812 Quo
2739 2743 2862 2799 loco
2880 2744 3207 2813 adnotatur,
3232 2744 3438 2798 altaria
3474 2745 3693 2812 fuisse,
3720 2746 3882 2800 acibi

2227 2814 2424 2870 sacros
2446 2814 2647 2880 libros,
2679 2820 2734 2870 et
2761 2815 2983 2869 similia
3006 2829 3132 2885 quae
3156 2818 3388 2885 propria
3409 2815 3880 2871 Christianorum

2227 2887 2622 2941 ecclesiarum.
2650 2888 2712 2940 Et
2732 2887 2900 2954 paulo
2917 2893 3048 2940 ante
3063 2888 3364 2941 Decianam
3395 2889 3884 2956 persecutionem,

2230 2957 2351 3012 loca
2385 2956 2567 3012 fuisse
2585 2957 2795 3026 ampla.
2828 2964 2884 3012 et
2909 2957 3180 3028 religiosa
3215 2958 3445 3020 publice
3469 2965 3722 3020 retenta,
3757 2959 3882 3013 Ale-

2224 3029 2372 3084 xand
2385 3029 2428 3082 ri
2443 3029 2808 3096 imperatoris
2823 3042 3152 3098 responsum
3167 3043 3197 3083 a
3212 3030 3546 3098 Lampridio
3559 3037 3879 3096 narratum,

2225 3101 2377 3155 clare
2393 3100 2762 3170 demonstrat.
2788 3121 2814 3152 α
2832 3101 2972 3155 Cum
2995 3101 3312 3155 Christiani
3331 3101 3647 3170 quemdam
3675 3101 3880 3167 locum,

2231 3174 2327 3240 qui
2363 3169 2632 3240 publicus
2649 3169 2853 3226 fuerat.
2884 3179 3261 3240 occupassent
3284 3189 3300 3240 ς
3326 3169 3529 3227 contra
3560 3173 3877 3241 popinam,

2227 3243 2503 3306 dicerent,
2528 3241 2790 3296 sibieum
2817 3242 3130 3298 deberi.....
3155 3244 3480 3312 rescripsit,
3513 3244 3740 3298 melius
3767 3256 3879 3298 esse

2230 3320 2293 3368 ut
2327 3313 3016 3384 quomodocunqueDeus
3045 3314 3291 3379 colatur,
3334 3328 3505 3384 quam
3549 3315 3880 3384 papinariis

2229 3385 2488 3438 dedatur.
2525 3401 2548 3432 ι)
2575 3385 2807 3438 Dixerat
2830 3383 3130 3440 Gallienus
3154 3385 3211 3440 in
3242 3383 3561 3440 suo’edicto
3593 3383 3881 3454 praecipue

2231 3455 2505 3521 Dionysio
2529 3456 2784 3522 pontifici
2807 3455 3050 3525 directo,
3073 3464 3137 3511 ut
3157 3457 3213 3510 in
3241 3457 3655 3526 recuperandis
3673 3457 3881 3510 ablatis

2229 3526 2491 3580 ecclesiis
2525 3527 2648 3594 ipse
2673 3527 3001 3592 insisteret;
3035 3540 3204 3597 quam
3229 3526 3474 3582 ﬁrmam
3499 3541 3756 3596 sequens
3777 3529 3881 3581 Au-

2230 3597 2484 3651 relianus
2525 3597 2930 3666 interpellatur
2949 3612 2980 3653 a
3012 3597 3186 3652 Paulo
3215 3598 3586 3654 Samosateno
3606 3600 3682 3654 de
3701 3600 3874 3654 eccle-

2227 3668 2315 3722 sia
2345 3667 2699 3722 Antiociena
2728 3682 2922 3724 curam
2958 3669 3213 3738 pontiﬁci
3259 3670 3508 3724 dedite:
3541 3671 3813 3730 Eusebio,
3837 3671 3870 3723 l.

2229 3751 2327 3800 Vil,
2379 3752 2500 3810 cap.
2553 3738 2642 3802 3U,
2687 3740 2784 3809 qui
2840 3739 3090 3795 referens
3123 3740 3517 3796 haeresiarchas
3561 3747 3726 3810 gesta
3759 3747 3876 3808 post

2232 3809 2509 3882 synodum
2530 3810 2816 3882 adversus
2837 3811 3120 3872 eumdem,
3149 3813 3419 3882 qucdque
3445 3809 3776 3880 depésitus.
3801 3831 3824 3860 ι
3843 3824 3873 3882 e

2230 3881 2400 3935 domo
2425 3881 2681 3935 ecclesia:
2705 3882 3034 3937 nullatenus
3057 3881 3352 3938 disCedere
3372 3883 3576 3949 vellet;
3613 3881 3874 3950 interpel-

2235 3951 2390 4024 latus
2413 3951 2722 4020 imperator
2744 3953 3089 4008 Aurelianus
3113 3955 3434 4009 rectissime
3452 3955 3560 4008 hoc
3585 3955 3870 4024 negotium

2231 4023 2597 4095 dijudicavit,
2622 4024 2698 4079 iis
2715 4024 2844 4079 dom
2857 4039 2945 4080 um
2973 4025 3120 4079 tradi
3147 4025 3510 4095 praecipiens.
3537 4023 3757 4094 quibus
3781 4026 3873 4078 ita-

2237 4094 2333 4148 lici
2357 4094 2700 4149 Christianae
2720 4095 3018 4162 religionis
3040 4094 3355 4159 antistites,
3380 4103 3436 4150 et
3453 4097 3753 4151 Romanus
3766 4098 3873 4163 epi-

2232 4179 2440 4234 scopus
2495 4165 2794 4221 scriberet.
2833 4167 2948 4221 Hoc
2978 4168 3144 4221 modo
3192 4168 3280 4222 vir
3307 4181 3483 4236 supra
3527 4175 3870 4222 memoratus

2233 4251 2360 4307 cum
2393 4249 2618 4290 summo
2656 4237 2929 4293 dedecore
2957 4251 3056 4307 per
3083 4239 3414 4294 saecularem
3446 4245 3785 4307 potestatem
3807 4237 3870 4289 ab

2233 4306 2471 4361 ecclesia
2493 4307 2832 4364 exturbatus
2855 4306 3007 4365 est.»
3033 4310 3225 4364 Prisca
3246 4306 3489 4366 azdiﬁci’a
3521 4310 3734 4364 exinde
3761 4310 3870 4362 Eu-

2235 4377 2431 4433 sebius
2456 4387 2794 4451 vocat,4qu:e
2827 4387 2951 4449 post
2979 4379 3231 4436 Gallieni
3258 4383 3444 4436 edicta
3479 4380 3543 4436 in
3565 4380 3866 4451 augustio—

2237 4463 2350 4522 rem
2387 4449 2588 4504 molem
2637 4449 2796 4507 fuere
2863 4453 3128 4520 reducta;
3185 4466 3298 4522 quo
3341 4452 3528 4522 magis
3571 4449 3866 4508 roboratur

2161 4548 2213 4608 D
2234 4521 2630 4608 ψῆρυξςυω.
2657 4522 3028 4608 ίῗ⁰⁰¹ἓ⁵ί³¹⁹2π¹
3074 4536 3176 4608 Pe?
3202 4521 3536 4608 ﬁnitas!!!"
3569 4523 3865 4608 imperils?

2239 4592 2504 4663 primaava
2545 4594 2874 4649 existentia.
2926 4595 3190 4649 Proxima
3238 4595 3390 4650 enim
3442 4603 3710 4663 tempora
3749 4604 3864 4648 cum

2233 4662 2530 4724 describit,
2551 4671 2606 4718 et
2626 4673 2934 4733 proventus
2953 4666 3274 4720 uberrimos
3295 4679 3362 4721 ex
3383 4662 3645 4721 Gallieni
3667 4663 3862 4721 rescri-

2237 4735 2370 4802 ptis,
2417 4733 2534 4788 hate
2561 4735 2808 4803 advertit
2838 4737 2983 4792 idem
3021 4737 3318 4802 Eusebius,
3353 4737 3454 4791 lib.
3492 4751 3620 4805 Vill,
3655 4752 3780 4804 cap.
3809 4734 3861 4786 i:

2239 4825 2264 4855 ‹‹
2293 4805 2408 4858 Jam
2443 4820 2572 4860 vero
2599 4808 2733 4876 quis
2759 4808 3231 4863 innumerabilem
3267 4809 3568 4863 hominum
3619 4806 3864 4876 quotidie

2235 4876 2304 4930 ad
2327 4876 2724 4950 ﬁdemChristi
2751 4876 3206 4950 confugientium
3231 4879 3481 4949 turbam,
3515 4883 3657 4950 quis
3677 4891 3866 4935 nume-

2240 4961 2363 5000 rum
2397 4949 2766 5020 ecclesiarum
2795 4951 2851 5006 in
2885 4949 3136 5020 singulis
3159 4950 3423 5018 urbibus,
3459 4949 3598 5020 quis
3620 4953 3862 5006 illustres

2242 5019 2582 5088 pepulerum
2633 5036 2950 5077 concursus
2983 5019 3040 5076 in
3097 5022 3317 5077 aedibus
3355 5019 3545 5078 sacris
3586 5023 3862 5078 cumulate

2242 5092 2424 5164 possit
2449 5091 2772 5148 describere
2792 5093 2820 5146 ‘2
2841 5094 2962 5162 Quo
2995 5093 3204 5149 factum
3225 5100 3330 5161 est,
3361 5101 3424 5148 ut
3452 5096 3675 5164 priscis
3694 5092 3859 5150 aediﬁ-

2239 5162 2351 5237 ciis
2377 5162 2490 5237 jam
2522 5176 2630 5237 non
2657 5165 2936 5237 contenti,
2963 5165 3021 5219 in
3045 5165 3297 5236 singulis
3321 5162 3575 5222 urbibus
3594 5168 3859 5237 spatiosas

2240 5232 2311 5305 ab
2375 5235 2485 5301 ipsi
2531 5231 2920 5290 fundamentis
2961 5231 3286 5292 extruerent
3338 5231 3660 5294 ecclesias}
3714 5246 3858 5305 atque

2244 5303 2360 5380 hzec
2393 5317 2696 5380 progressu
2718 5308 2991 5380 temporis
3024 5308 3500 5374 increscentia,et
3522 5303 3856 5380 quotidie’in

2243 5375 2428 5443 majus
2451 5383 2508 5430 et
2540 5377 2747 5433 melius
2803 5379 3178 5448 proﬁcientia,
3214 5392 3324 5436 non
3359 5380 3509 5435 livor
3539 5375 3708 5438 ullus
3731 5385 3858 5436 atte-

2243 5459 2382 5510 rere,
2407 5459 2511 5500 nec
2539 5448 2870 5518 malignitas
2897 5450 3173 5506 daemonis
3199 5449 3504 5518 fascinare,
3533 5467 3640 5508 nec
3687 5452 3860 5507 hoi—

2240 5530 2372 5572 num
2400 5519 2631 5591 insidia:
2668 5521 2970 5590 prohibere
3002 5535 3248 5588 unquam
3280 5529 3619 5591 potuerunt.
3655 5543 3682 5572 ι
3715 5523 3778 5577 Et
3799 5522 3859 5574 de

2235 5591 2560 5662 earumdem
2607 5589 2927 5661 frequentia
2959 5589 3294 5648 universum
3325 5607 3421 5662 per
3451 5595 3761 5662 imperium
3787 5594 3860 5646 sic

2235 5658 2384 5736 infra
2411 5679 2465 5714 :«
2483 5658 2768 5736 Ecclesias
2795 5665 2854 5736 in
2875 5664 3128 5736 singulis
3147 5658 3858 5736 civitatibusccngregatas

2229 5738 2284 5804 et
2315 5731 2814 5800 frequentissimos
2829 5731 3288 5791 Christianorum
3315 5731 3658 5804 conventus,
3683 5731 3862 5791 eieci-

2229 5801 2404 5855 lectas
2432 5804 2641 5858 ibidem
2675 5819 2740 5859 ex
2767 5819 2918 5861 more
2943 5807 3062 5862 fieri
3093 5807 3298 5862 solitas
3324 5821 3563 5862 cernere
3591 5801 3815 5863 licebat.
3843 5823 3863 5852 ι

2295 5874 2632 5929 σωτηρίαι-εει.
2691 5878 2830 5932 Loca
2886 5890 3086 5947 nempe
3125 5877 3518 5949 subterranea,
3549 5879 3676 5934 alio
3706 5891 3871 5934 voca-
