4072 6176
159 384 265 441 4421

957 382 1274 438 HISTORIA
1309 383 1399 436 DE
1442 381 1612 437 VlTlS
1650 379 1816 434 ROM.
1858 380 2054 436 PONT.
2096 409 2167 418 —
2204 379 2257 433 S.
2302 378 2676 433 DIONYSIUS.

3378 377 3399 433 l
3412 376 3517 435 422

153 510 266 565 bulo
289 508 626 564 Catacumbaa
676 507 849 575 dicta,
902 508 1001 563 ubi
1048 514 1104 564 et
1152 506 1466 562 Christiani
1497 504 1839 563 tumuIa-A
1865 504 2323 574 descriptoribus
2363 503 3159 576 catalogorum___ltalicorum.
3210 504 3334 559 Nisi
3364 505 3520 560 enim

149 582 342 647 bantur,
363 588 417 634 et
444 580 898 647 persecutionum
921 588 1170 648 tempore
1188 592 1349 634 sacra
1382 578 1650 645 mysteria
1673 590 1754 631 ce-

154 651 500 707 lebrabantur.
537 651 745 704 Decius
783 652 966 719 primo
1010 650 1292 719 episcopis
1318 649 1589 703 ecclesias
1613 648 1755 702 ade-

152 724 268 777 mit:
294 729 341 777 et
373 736 499 776 cum
534 722 590 775 in
617 722 960 776 cmmeteriis
984 722 1176 777 fideles
1199 728 1335 775 tunc
1363 720 1751 785 convenirent,

148 793 445 849 Valerianus
468 792 611 847 etad
645 792 963 847 coemeteria
985 793 1205 846 adituzn
1244 791 1519 851 inhibuit,
1553 797 1615 845 ut
1645 804 1755 843 su—

151 879 235 935 pra
252 865 460 935 dictum
490 870 594 918 est.
635 863 775 917 Cum
813 864 1182 917 ecclesiarum
1228 862 1594 935 restitutione
1621 861 1755 935 data

150 933 223 991 est
240 934 455 990 facultas
470 935 792 989 cmmeteria
810 935 1083 1000 adeundi,
1108 948 1233 1003 quze
1248 934 1562 1002 Dionysius
1582 933 1752 987 etiam

147 1006 340 1075 divisit,
393 1012 451 1061 ut
498 1007 662 1074 juxta
696 1004 959 1059 natalitia
1008 1012 1343 1074 martyrum,
1371 1005 1470 1059 ubi
1510 1015 1757 1075 corpora

152 1074 587 1145 recondebantur,
642 1077 830 1130 missa:
872 1075 1317 1131 celebrarentur.
1368 1074 1760 1145 Diocletianus

149 1149 266 1202 dum
315 1144 621 1215 primordia
682 1148 1101 1215 persecutionis
1146 1147 1500 1216 aggreditur,
1545 1159 1657 1199 non
1689 1144 1760 1199 ab

147 1220 396 1286 ecclesiis,
439 1218 533 1272 sed
569 1233 597 1270 a
626 1217 1003 1284 prohibendis
1032 1218 1409 1272 conventibus
1455 1219 1511 1272 in
1553 1229 1765 1271 caeme—

149 1290 296 1344 teriis
350 1303 460 1343 rem
518 1288 776 1357 inctepit,
838 1302 904 1342 ex
959 1289 1150 1343 eodem
1206 1288 1453 1343 Eusebio
1499 1288 1758 1342 dicente:

150 1382 175 1412 α
209 1362 444 1430 Dumque
468 1359 535 1413 ad
570 1358 952 1414 subruendum
985 1373 1171 1426 pacem
1207 1360 1355 1413 nihil
1388 1373 1495 1412 non
1528 1358 1763 1430 molire-

149 1439 253 1498 tur,
305 1429 542 1497 primum
579 1431 807 1500 quidem
838 1436 1061 1484 nostros
1090 1444 1121 1485 a
1152 1430 1531 1485 conventibus
1559 1429 1657 1498 qui
1707 1429 1765 1482 in

147 1502 462 1556 coemeteriis
491 1501 613 1555 fieri
647 1500 927 1566 solebant,
958 1502 1150 1555 nescio
1182 1515 1293 1570 quo
1328 1507 1622 1568 praetextu,
1666 1512 1768 1553 ar-

144 1586 260 1627 cere
286 1586 573 1643 aggressus
598 1579 701 1626 est.
733 1591 759 1620 »
800 1572 1132 1627 Ctemeteria
1158 1572 1406 1643 Gallieni
1444 1571 1561 1641 lege
1591 1571 1765 1643 etiam

144 1641 407 1712 episcopis
438 1643 724 1709 restituta,
762 1643 960 1697 docuit
985 1655 1158 1710 supra
1191 1641 1457 1697 laudatus
1488 1642 1768 1697 Eusebius

145 1715 373 1770 subdens
401 1733 413 1770 :
446 1735 472 1764 α
518 1714 617 1767 Est
647 1721 701 1768 et
730 1714 845 1767 alia
875 1714 1128 1781 ejusdem
1163 1714 1526 1781 imperatoris
1550 1713 1768 1767 consti-

146 1787 285 1840 tutio
309 1786 368 1839 ad
401 1785 550 1839 alios
578 1785 878 1852 episcopos
915 1785 1066 1847 data,
1110 1799 1221 1854 qua
1257 1785 1329 1838 iis
1370 1786 1654 1851 permisit,
1706 1787 1772 1838 ut

145 1856 574 1911 cmmeteriorum
604 1869 839 1927 suorum
874 1855 994 1909 loca
1028 1864 1449 1927 recuperarent,
1494 1873 1518 1903 »

142 1925 161 1935 ““
211 1928 487 1979 Ρανωσίιιδ.
524 1925 872 1980 Vocabulum
904 1927 1160 1994 parmcite
1191 1926 1417 1981 duobus
1439 1925 1644 1980 modis
1666 1938 1768 1980 su-

145 1998 325 2059 mitur,
360 1997 507 2066 apud
538 1997 767 2051 Latinos
798 1999 989 2051 Patres
1026 1998 1332 2066 praecipue:
1362 2009 1770 2065 nonnunquam

145 2083 239 2137 pro
268 2074 375 2123 tota
394 2068 651 2133 dimcesi,
674 2081 787 2136 quo
816 2070 983 2122 modo
1007 2069 1155 2137 apud
1185 2068 1768 2138 Augustinumepist.

140 2138 233 2194 261
259 2160 272 2201 ;
294 2138 596 2208 aliquando
623 2152 721 2207 pro
744 2139 1027 2195 singulari
1061 2137 1320 2193 ecclesia.
1351 2137 1770 2208 Antiquissima

140 2219 222 2266 est
260 2210 366 2264 haec
391 2207 677 2278 posterior
706 2209 1073 2279 significatio.
1109 2224 1274 2279 quam
1312 2216 1552 2277 usurpat
1589 2207 1772 2276 Apol-

140 2282 324 2336 lonius
348 2280 823 2350 Cataphrygarum
862 2282 1243 2351 impugnator,
1269 2295 1397 2351 cum
1428 2281 1498 2335 de
1537 2279 1773 2351 Alexan-

137 2354 238 2409 dro
269 2352 587 2421 impostore,
619 2348 770 2419 apud
807 2348 1103 2416 Euseb.,'l.
1133 2365 1188 2419 v,
1233 2348 1289 2406 c.
1332 2348 1417 2416 48,
1448 2366 1545 2419 qu.
1581 2348 1683 2404 445
1709 2351 1769 2404 in

142 2424 285 2479 fine:
340 2444 362 2473 α
416 2421 667 2478 Ecclesia
715 2424 925 2490 (Graace
972 2422 1230 2491 μαρτυρία)
1274 2436 1403 2477 vero
1455 2423 1580 2489 ejus
1635 2421 1766 2486 loci,

140 2494 286 2550 unde
314 2501 428 2549 erat
449 2493 736 2548 oriundus
757 2494 940 2561 ipsum
970 2507 1078 2548 non
1110 2494 1341 2561 recepit,
1368 2494 1518 2562 quod
1545 2492 1772 2547 latroci-

138 2566 232 2620 nia
258 2570 551 2620 exerceret.
588 2582 611 2612 ι)
646 2564 917 2618 Romanis
950 2565 1141 2632 itaque
1167 2564 1510 2632 presbyteris
1538 2562 1773 2632 quibus.

134 2650 198 2691 ve
234 2636 319 2691 vel
345 2635 592 2690 ecclesia:
615 2636 671 2689 in
706 2634 869 2695 Urbe,
913 2635 995 2688 vel
1028 2640 1186 2689 extra
1218 2635 1418 2689 Urbem
1451 2635 1773 2688 coemeteria

134 2715 189 2762 et
237 2707 511 2776 parochia:
541 2707 617 2760 ita
665 2705 1184 2772 distribuebantur,
1216 2713 1277 2761 ut
1311 2705 1560 2776 quilibet
1588 2705 1774 2772 parti—

134 2778 326 2833 culare
362 2777 716 2832 territorium
750 2776 815 2830 ad
871 2790 1101 2831 munera
1132 2778 1443 2831 exercenda
1482 2776 1769 2841 obtinens,

132 2849 305 2904 veluti
360 2848 734 2917 particulares
758 2847 1027 2901 dimceses
1056 2861 1119 2902 ea
1147 2848 1267 2903 loca
1296 2854 1530 2917 regeret.
1565 2848 1774 2901 Proxi-

136 2934 227 2973 mo
257 2927 499 2987 tempore
529 2918 594 2973 ad
625 2919 971 2987 Dionysiana
1016 2919 1199 2972 Romae
1245 2919 1624 2988 quadraginta
1665 2917 1771 2971 ba—

133 2990 330 3045 silicas
353 2990 548 3057 fuisse,
570 2991 741 3044 etiam
764 2990 1259 3044 anteConstantini
1284 2998 1554 3058 tempora,
1578 2988 1770 3056 Optati

136 3062 379 3130 insignis
401 3062 562 3117 locus
584 3060 798 3129 probat,
830 3059 930 3114 lib.
958 3074 1018 3120 ll,
1052 3060 1495 3130 quiconvellens
1523 3060 1773 3128 pseudo-

135 3134 438 3200 primatum
486 3133 932 3193 Donatistarum,
979 3145 1141 3200 quem
1190 3133 1377 3186 Romae
1411 3132 1612 3185 habere
1643 3130 1772 3198 glo-

130 3203 439 3269 riabantur,
485 3211 541 3258 et
574 3203 810 3272 loquens
857 3203 926 3258 de
968 3203 1147 3271 primo
1178 3202 1545 3257 schismatico
1586 3203 1772 3254 Romae

120 3275 548 3329 Donatistarum
580 3276 848 3343 episcOpo
894 3276 1137 3337 Victore,
1167 3274 1316 3328 inter
1344 3279 1545 3327 etetera
1592 3285 1773 3341 argu-

124 3354 315 3400 menta
368 3346 435 3399 ad
493 3345 925 3401 convellendum
970 3343 1541 3414 pseudoepicopatum
1583 3344 1776 3395 Dona—

121 3425 349 3470 ttanum
395 3418 730 3483 Romanum,
772 3428 838 3471 eo
866 3416 1038 3470 etiam
1083 3416 1288 3482 utitur,
1340 3415 1488 3485 quod
1523 3427 1651 3485 cum
1674 3425 1780 3466 ex—

121 3494 350 3542 starent
377 3493 513 3542 tunc
558 3486 937 3556 quadraginta
969 3486 1244 3551 basilica},
1278 3484 1407 3540 cum
1462 3484 1706 3556 singula:
1749 3495 1782 3535 a

122 3559 257 3613 suis
290 3554 638 3627 presbyteris
681 3554 1032 3627 regerentur,
1068 3558 1285 3611 nullam
1319 3556 1403 3609 vel
1450 3554 1782 3627 habuerint,

122 3629 209 3683 vel
275 3626 555 3698 occupare
610 3626 912 3682 valuerint.
939 3628 1032 3682 Sic
1062 3629 1231 3698 enim;
1263 3627 1537 3695 Optatus:
1579 3647 1623 3698 αλ
1664 3626 1784 3698 Non

125 3701 285 3753 enim
314 3695 472 3770 grex,
505 3706 559 3754 et
588 3698 833 3767 populus
857 3698 1183 3766 appellandi
1210 3696 1438 3770 fuerant
1465 3696 1654 3770 pauci,
1687 3695 1787 3770 qui

128 3772 290 3824 intra
318 3766 745 3840 'quadraginta,
796 3774 850 3824 et
898 3770 1048 3838 quod
1080 3769 1338 3824 excurrit
1371 3768 1663 3823 basilicas.
1700 3766 1793 3840 lo—

127 3855 263 3896 cum
303 3838 402 3895 ubi
436 3838 792 3912 colligerent,
841 3853 952 3895 non
984 3840 1274 3912 haberent.
1306 3858 1333 3889 »
1381 3838 1796 3912 Quaauctori—

128 3919 247 3966 tate
305 3909 656 3981 ostenditur,
702 3925 769 3965 ne
814 3912 950 3966 dum
1006 3911 1377 3966 basilicarum
1431 3909 1793 3965 existentiam

125 3990 266 4036 ante
308 3982 578 4038 collatam
643 3982 902 4037 Ecclesiae
957 3995 1166 4051 pacem,
1226 3989 1282 4036 et
1339 3981 1659 4036 libertatem
1704 3992 1799 4051 per

121 4054 615 4119 Constantinum;
650 4052 841 4107 verum
859 4050 1026 4107 etiam
1059 4053 1320 4108 basilicis
1348 4053 1681 4122 praepositos
1700 4050 1802 4103 mi-

124 4126 378 4192 nistros,
414 4126 515 4193 qui
543 4139 637 4180 eas
666 4132 939 4192 regerent.
987 4125 1131 4180 Hinc
1163 4127 1300 4194 quia
1332 4138 1363 4179 a
1394 4123 1646 4193 propriis
1674 4134 1802 4194 rec-

121 4195 371 4251 toribus
398 4192 886 4265 gubernabantur,
915 4192 1408 4266 cccuparialiqua
1437 4209 1545 4252 non
1567 4192 1803 4263 potuita

117 4266 556 4322 schismaticis.

679 4357 839 4411 BlNlI
880 4357 964 4412 ET
1004 4357 1263 4411 LABBEI.

194 4463 385 4517 Linea
416 4459 469 4525 4,
571 4492 642 4502 -
670 4464 968 4517 Consulatu
999 4464 1219 4518 Claudii
1248 4468 1298 4517 et
1326 4465 1568 4517 Paterni.
1594 4465 1668 4517 Ex
1692 4464 1806 4531 epi.

109 4532 275 4588 stola
308 4535 595 4602 synodica
624 4535 970 4589 Antiocheni
1010 4534 1243 4589 concilii
1275 4536 1486 4604 scripta
1518 4536 1585 4589 ad
1620 4536 1805 4603 impe-

1803 3244 1850 3297 υ

1865 573 2187 632 dominaret
2241 577 2509 632 consules
2557 573 2692 630 anni
2737 573 2844 630 259
2896 576 3249 630 Emiliunum
3298 583 3348 630 et
3378 579 3523 631 Bas-

1861 661 2000 709 sum,
2018 654 2128 702 tam
2145 648 2199 701 in
2228 648 2514 716 superiori
2536 647 2822 716 periocha,
2842 647 2899 701 in
2915 660 3026 716 qua
3045 647 3297 700 narravit
3310 658 3524 700 vacan-

1864 722 1918 772 te
1949 720 2080 774 sede
2109 720 2174 774 ad
2226 720 2446 775 eosdem
2476 718 2743 774 consules
2771 718 3232 773 administratam
3278 716 3460 772 fuisse
3489 730 3522 771 a

1875 790 2219 859 presbyteris
2247 791 2574 848 Ecclesium,
2606 803 2775 858 quam
2807 789 2862 843 in
2899 788 3161 857 praesenti
3188 801 3423 842 numero
3454 787 3522 859 ad

1865 858 2320 930 consignandum
2347 862 2645 917 exordium
2668 860 2822 915 sedis
2848 859 3104 930 Dionysii
3126 865 3383 928 papae-,et
3399 858 3530 913 sub-

1868 932 2002 987 inde
2031 933 2603 1002 exprimeretsedisse
2622 930 2942 999 pontificem
2961 931 3221 1001 usquead
3239 931 3529 984 Claudium

1868 1009 1917 1057 et
1946 1001 2240 1057 Paternum
2269 1004 2556 1061 consules.
2580 1004 2775 1057 triduo
2796 1008 2920 1070 post
2936 1004 3060 1071 ejus
3079 1001 3300 1057 obitum
3330 1002 3529 1070 aperi—

1872 1081 2035 1130 turos
2056 1088 2269 1130 annum
2300 1072 2440 1141 269,
2468 1076 2563 1129 vix
2598 1087 2893 1143 possemus
2917 1073 3257 1141 intelligere,
3293 1086 3406 1142 quo
3440 1086 3529 1139 pa-

1871 1152 1963 1200 cto
1989 1160 2056 1201 ex
2088 1147 2258 1201 annis
2278 1159 2402 1199 Vllll
2429 1146 2564 1200 huic
2592 1145 2832 1213 tempori
2862 1143 3362 1213 respondentibus,
3383 1155 3528 1213 quos

1874 1216 2115 1271 fortasse
2147 1217 2422 1271 librarius
2446 1217 2663 1286 integre
2690 1212 3045 1285 expresserat
3079 1228 3178 1284 per
3202 1216 3393 1269 eadem
3425 1212 3534 1268 ele-

1876 1295 2060 1342 menta
2102 1301 2229 1341 Vllll
2278 1288 2511 1343 detritis
2535 1287 2987 1357 przecedentibus
3008 1287 3213 1342 litteris
3243 1286 3371 1341 duae
3399 1293 3533 1339 tan-

1876 1366 1996 1413 tum
2041 1366 2335 1427 postrema:
2365 1361 2776 1428 superstites...
2812 1373 2875 1422 Il,
2910 1360 3045 1413 visae
3088 1358 3207 1413 sint
3239 1357 3530 1412 binarium

1880 1430 2137 1484 indicare
2169 1447 2181 1482 :
2232 1430 2406 1497 idque
2456 1432 2627 1485 etiam
2658 1430 3118 1498 descriptoribus
3155 1435 3403 1498 quatuor
3432 1442 3535 1481 ca—

1878 1501 2198 1570 talogorum
2256 1501 2451 1567 ltalize,
2524 1515 2739 1557 necnon
2792 1502 3029 1556 totidem
3083 1499 3432 1555 Colbertinis
3482 1505 3540 1552 et

1875 1572 2100 1642 Belgico
2157 1572 2549 1640 Papebrochii,
2629 1574 2932 1627 recensitis
2982 1574 3131 1627 inter
3175 1571 3540 1640 Prolegome-

1880 1655 1969 1703 na,
2024 1656 2153 1697 cum
2180 1644 2295 1710 jam
2329 1650 2446 1698 tum
2486 1645 2740 1699 evanidae
2782 1643 3157 1710 praecedentes
3199 1642 3403 1697 littera:
3445 1642 3541 1694 vix

1878 1713 2130 1768 discerni
2156 1721 2403 1782 possent,
2425 1715 2727 1785 Catalogns
2756 1715 2963 1770 Felicis
2987 1713 3186 1783 Quarti
3212 1726 3280 1767 ex
3296 1726 3440 1779 vnn,
3460 1725 3539 1765 re-

1883 1785 2065 1838 tinuit
2095 1797 2165 1838 v:
2218 1786 2505 1840 secundus
2547 1786 2912 1841 Colbertinus
2944 1799 3064 1839 vn:
3103 1785 3308 1840 tertius
3347 1798 3438 1837 v1:
3478 1788 3542 1837 ut

1804 1854 1855 1914 Β
1882 1855 2113 1910 omnino
2135 1857 2549 1924 suspicandum
2564 1858 2659 1915 sit,
2689 1858 2965 1919 etiam,ex
2982 1856 3230 1926 picturis
3246 1856 3423 1910 unius
3439 1860 3542 1909 aut

1878 1926 2122 1982 alterius
2154 1926 2408 1981 basilicae
2444 1937 2645 1996 prieter
2666 1925 3064 1996 Paulinam,in
3089 1925 3302 1997 quibus
3326 1939 3541 1981 noven—

1882 1998 2043 2051 nium
2094 1997 2382 2067 signatum
2417 1997 2602 2053 fuerat
2642 2006 2916 2054 consueto
2958 2012 3112 2055 more
3162 2000 3410 2054 Romano
3444 2010 3542 2066 per

1882 2067 2105 2122 litteras
2126 2082 2273 2135 vnn,
2294 2069 2433 2123 vitio
2463 2070 2690 2125 decidui
2724 2070 2936 2125 coloris
2956 2072 3013 2125 in
3044 2068 3370 2126 unitatibus
3400 2069 3540 2139 qui-

1881 2140 2108 2210 narium
2140 2140 2623 2210 consequentibus
2652 2141 2851 2196 oculos
2892 2154 2925 2194 a
2956 2141 3119 2210 longe
3153 2143 3536 2210 spectantium

1879 2209 2145 2283 deceptos
2172 2209 2370 2283 fuisse,
2394 2211 2530 2267 dum
2553 2212 2707 2267 alius
2737 2214 2923 2267 solum
2946 2209 3280 2283 quinarium
3308 2225 3341 2263 v
3371 2212 3535 2275 vidit,

1880 2279 2136 2354 alius_v1,
2170 2281 2323 2336 alius
2350 2296 2448 2335 vn.
2492 2283 2745 2354 Catalogi
2784 2279 3221 2338 ltaliaa'felicius
3250 2283 3541 2348 conspira-

1882 2357 2017 2405 runt
2041 2352 2098 2405 in
2122 2354 2507 2408 conservando
2534 2352 2786 2409 ternario
2812 2355 3113 2418 mensium,
3142 2360 3197 2409 et
3218 2354 3541 2422 septenario

1880 2422 2103 2476 dierum
2142 2436 2411 2479 numero:
2465 2440 2494 2478 a
2529 2439 2642 2493 quo
2692 2425 2845 2480 solus
2879 2425 3145 2480 Cavensis
3181 2433 3540 2492 postremam,

1879 2493 2079 2546 eximit
2116 2494 2415 2562 unitatem,
2446 2510 2573 2550 cum
2618 2496 2674 2551 in
2698 2496 2938 2551 basilica
2969 2497 3022 2551 S.
3059 2495 3217 2550 Pauli
3253 2507 3549 2563 praeserve-

1882 2570 1978 2617 tur
2001 2564 2283 2635 integrum
2301 2568 2686 2633 septenarium
2712 2567 3345 2635 perlitterasevidentes
3362 2566 3424 2618 D.
3445 2578 3544 2618 vu.

1954 2634 2108 2688 Diem
2134 2634 2525 2704 depositionis
2567 2639 2620 2691 S.
2670 2638 2930 2706 Dionysii
2976 2639 3043 2692 ad
3078 2645 3300 2692 sextum
3334 2636 3548 2690 Kalen—

1881 2704 1984 2759 das
2024 2707 2282 2761 Januarii
2334 2706 2741 2763 referuntcum
2789 2704 3233 2763 B‘ibliothecario
3261 2706 3546 2761 tabularia

1882 2776 2149 2831 Ecclesiae
2184 2777 2466 2846 Romante,
2496 2784 2553 2833 et
2593 2779 2890 2847 catalogus
2920 2780 3348 2847 depositionum
3378 2777 3549 2832 Urbis

1880 2847 2276 2915 episcoporum
2306 2821 2609 2904 Liberiano
2634 2820 3225 2917 smculdcoits'crijituvs
3260 2848 3454 2917 (supra
3488 2849 3546 2902 in

1884 2918 2346 2990 Prolegomenis).
2370 2920 2674 2990 Catalogus
2695 2920 2947 2987 ejusdem
2965 2921 3152 2974 aetatis
3172 2918 3550 2990 (ibid.)osten-

1881 2988 1964 3041 dit
1993 2990 2234 3043 natalem
2272 2987 2839 3059 pontificisDionysii
2868 2998 3124 3059 spectare
3148 2991 3214 3043 ad
3237 2987 3386 3043 diem
3415 3004 3550 3058 pra:-

1879 3059 2167 3143 cedentetn
2192 3075 2265 3143 vi}
2291 3061 2411 3143 Kal.
2440 3062 2699 3143 Januarii
2722 3058 2993 3129 ejusanni
3016 3058 3140 3143 279,
3163 3072 3329 3143 quem
3349 3061 3551 3129 aperi-

1881 3135 1940 3183 tu
1953 3145 1999 3183 l‘l
2014 3138 2176 3184 erant
2193 3131 2471 3186 Claudius
2489 3138 2544 3185 et
2559 3133 2831 3186 Paternus
2844 3132 3126 3190 consules,
3145 3131 3257 3187 nisi
3276 3145 3550 3186 numerus

1884 3200 1981 3255 ille
2000 3214 2072 3254 vn
2104 3201 2316 3255 Kalend
2368 3203 2981 3269 imprudenterauctus
3005 3202 3334 3258 situnitate.
3365 3204 3551 3270 Quare

1883 3272 1930 3325 si
1954 3285 2221 3326 numerus
2234 3271 3548 3342 catalogiLiberianisupponaturincorruptus,

1889 3344 2160 3396 memoria
2199 3344 2254 3396 5.
2294 3342 2552 3412 Dionysii
2588 3358 2760 3413 papae,
2801 3346 2857 3397 in
2880 3345 3121 3413 antiquo
3153 3342 3343 3412 lapide
3375 3344 3548 3399 toties

1890 3413 2121 3468 laudato
2143 3413 2209 3467 ad
2239 3414 2472 3469 titulum
2501 3416 2555 3469 S.
2571 3415 2841 3484 Sylvestri
2865 3416 2921 3469 in
2942 3415 3157 3484 Capite,
3183 3416 3303 3470 sive
3321 3416 3411 3469 SS.
3436 3416 3552 3470 Ste-

1896 3483 2068 3551 phani
2092 3491 2146 3537 et
2178 3484 2439 3555 Dionysii
2471 3483 2716 3541 refertur
2734 3488 2801 3541 ad
2827 3486 2977 3541 diem
3003 3483 3055 3541 vi
3086 3487 3319 3542 Kalend.
3345 3487 3548 3541 Janua-

1896 3554 1995 3627 rii,
2025 3555 2307 3627 spectabit
2327 3557 2394 3611 ad
2418 3557 2542 3624 ejus
2562 3557 3007 3626 depositionem.
3041 3557 3349 3627 Referenda
3370 3558 3553 3627 igitur

1897 3626 2625 3697 eritAordinatioADionvsii
2661 3629 2726 3682 ad
2761 3628 2912 3683 diem
2944 3628 3299 3684 Dominicam
3329 3626 3399 3683 29
3418 3630 3553 3697 Sep-

1902 3694 2136 3751 tembris
2162 3700 2295 3750 anni
2328 3695 2453 3765 259,
2487 3698 2789 3754 ιΕιηίιίειηο
2813 3706 2870 3753 et
2898 3699 3069 3754 Basso
3093 3699 3434 3755 consulibus
3455 3717 3467 3753 :
3492 3694 3553 3755 et

1901 3768 2028 3835 ejus
2059 3769 2328 3837 migratio
2352 3770 2420 3823 ad
2453 3769 2750 3824 Dominum
2785 3770 3058 3837 parianda
3083 3785 3211 3825 cum
3240 3770 3331 3824 die
3354 3768 3425 3824 26
3449 3771 3555 3824 De-

1905 3837 2152 3893 cemhris
2174 3840 2307 3893 anni
2354 3838 2479 3908 268,
2538 3847 2662 3908 post
2686 3854 2865 3895 annos
2888 3838 2941 3905 9,
2997 3854 3215 3897 menses
3245 3839 3298 3904 3,
3338 3841 3464 3897 dies
3499 3839 3555 3907 7,

1910 3910 1968 3962 in
2018 3911 2164 3963 Petri
2219 3911 2349 3964 sede
2386 3911 2674 3979 impensos
2720 3912 2974 3981 regendae
3004 3913 3220 3967 Christi
3256 3912 3554 3966 Ecclesiae:

1908 3993 1975 4034 ac
1990 3981 2291 4051 depositio
2311 3982 2435 4049 ejus
2457 3984 2605 4037 sacri
2628 3984 2888 4051 corporis
2907 3984 2963 4037 in
2992 3983 3316 4039 cmmeterio
3331 3982 3558 4037 Callisti

1913 4049 2166 4106 habenda
2189 4059 2273 4124 est
2301 4066 2364 4106 ea
2393 4053 2487 4108 die
2520 4049 2761 4124 peracta}
2797 4068 2921 4124 quae
2956 4055 3212 4122 proxime
3238 4055 3306 4109 ad
3337 4054 3561 4109 obitum

1910 4122 2367 4195 consequebatur
2440 4138 2637 4192 nempe
2677 4121 2746 4179 27
2772 4121 3098 4181 Decembris
3139 4126 3394 4195 ejusdem
3423 4125 3561 4180 anni

1907 4191 2034 4247 268.
2069 4194 2129 4248 In
2164 4194 2264 4248 illo
2288 4200 2474 4249 autem
2508 4191 2831 4251 cmmeterio
2861 4191 3215 4252 custoditum
3249 4196 3363 4251 fuit
3386 4198 3567 4252 donec

1911 4277 1943 4318 a
1977 4265 2194 4319 Paulol
2226 4264 2715 4321 transferreturad
2749 4270 3158 4324 monasterium
3175 4268 3563 4323 etoratorium

1913 4349 1945 4389 a
1970 4349 2030 4389 se
2058 4342 2450 4408 constructum
2488 4338 2544 4392 in
2574 4338 2746 4394 titulo
2767 4339 2858 4394 SS.
2887 4340 3158 4408 Stephani
3178 4346 3232 4394 et
3262 4338 3556 4408 Sylvestri,

1914 4355 1945 4389 a
1970 4355 2030 4389 se
2058 4355 2450 4392 conswuctum
2488 4355 2544 4392 Ill
2574 4355 2746 4394 ιιιιιιο
2767 4355 2858 4394 SS.
2887 4355 2980 4395 ate
3027 4355 3158 4394 nam
3178 4355 3232 4394 et
3262 4355 3556 4408 Sylvestri,

1914 4420 2014 4461 seu
2046 4407 2304 4477 Dionysii
2357 4409 2415 4463 in
2447 4410 2655 4478 Campo
2690 4412 2912 4477 Martio,
2948 4355 3045 4465 ugi
3078 4411 3329 4464 indicata
3372 4409 3566 4462 tabula

1921 4490 2233 4533 marmorea
2277 4486 2331 4533 et
2366 4479 2593 4547 publica
2653 4481 2993 4536 documenta
3041 4481 3263 4535 archivi
3309 4479 3563 4547 ejusdem

1920 4550 2251 4604 monasterii
2286 4556 2552 4608 testatum
2576 4549 2816 4606 faciunt.

108 4612 387 4677 ratorem
412 4605 787 4677 Aurelianum
810 4619 942 4659 ann.
969 4605 1199 4674 imperii
1228 4605 1391 4677 illius
1410 4606 1681 4671 secundo,
1702 4607 1803 4677 qui
1838 4616 1887 4675 ι)

104 4685 205 4730 est
227 4676 466 4730 Christi
497 4672 622 4742 271,
655 4677 944 4745 liquidum
980 4672 1067 4731 est
1107 4690 1172 4731 ac
1196 4676 1579 4743 manifestum,
1607 4672 1806 4747 Diony-

103 4748 283 4801 sium
321 4747 524 4801 adhuc
552 4747 653 4801 illo
678 4754 928 4815 tempore
947 4747 1179 4802 vixisse.
1206 4750 1401 4816 Itaque
1421 4748 1512 4801 his
1541 4750 1805 4803 consuli-

100 4817 229 4871 bus
284 4817 638 4872 defunctum
674 4832 797 4872 esse
830 4817 1099 4873 aﬁirmari
1132 4832 1241 4873 non
1280 4825 1478 4887 potest,
1513 4833 1643 4872 cum
1698 4819 1809 4874 ho-

102 4903 255 4943 rum
303 4888 656 4944 consulatus
684 4896 912 4943 notetur
951 4890 1008 4943 in
1043 4889 1208 4944 fastis
1237 4904 1367 4943 cum
1412 4903 1560 4944 anno
1590 4890 1807 4945 Christi

140 4957 249 5013 70.
283 4960 608 5030 (Bargnius
646 4960 918 5027 praedicto
949 4966 1069 5015 loco
1098 4974 1252 5015 num.
1282 4959 1395 5030 21.)

182 5026 391 5084 Linea
418 5026 477 5083 7.
512 5059 576 5068 -
608 5034 895 5099 Ερίδροροε
924 5048 1021 5099 per
1044 5033 1259 5085 diversa
1290 5026 1423 5085 locu.
1460 5034 1611 5087 Inter
1648 5032 1811 5100 epis—

90 5115 306 5169 copos
336 5101 419 5154 ab
453 5114 519 5155 eo
544 5103 843 5156 ordinatos
872 5101 1114 5157 refertur
1142 5104 1354 5167 Zamas,
1381 5104 1480 5172 qui
1508 5105 1728 5173 primus
1752 5104 1809 5157 in

88 5173 332 5228 indice
346 5173 762 5242 episcoporum
780 5173 1224 5229 Bononiensium
1239 5176 1441 5230 ordine
1457 5182 1808 5236 numeratur,

85 5256 250 5315 eum
306 5250 513 5299 tamen
559 5244 838 5301 credibile
883 5245 964 5300 sit
1019 5246 1213 5313 plures
1255 5246 1403 5301 alios
1456 5254 1587 5302 ante
1621 5248 1811 5315 ipsum

87 5314 339 5382 fuisse,
382 5330 637 5385 quorum
692 5316 962 5372 memoria
1006 5318 1304 5385 exciderit,
1336 5332 1464 5372 cum
1508 5314 1715 5373 civitas
1751 5332 1814 5372 ea

87 5386 221 5459 [agn
301 5393 447 5441 tum
501 5387 769 5456 frequens
798 5394 855 5443 et
895 5386 1147 5444 illustris
1179 5396 1348 5443 esset.
1394 5390 1639 5459 (Baron.,
1669 5401 1815 5443 anno

89 5455 239 5522 372,
283 5472 472 5513 num.
521 5455 731 5529 ultim.)

794 5567 1180 5621 BLANCHINI.

664 5668 813 5709 ΝΟΤᾸΞ
873 5668 1316 5711 ΟΙΙΚΟΝΟΕΟΩΙΕᾹΞ.

156 5761 535 5832 Catalegus
565 5761 908 5817 Liberianus
945 5765 1001 5818 in
1030 5763 1369 5819 consulibus
1400 5768 1701 5832 prteservat
1728 5776 1823 5817 no-

97 5834 185 5889 bis
226 5834 554 5902 epocham
588 5833 868 5903 integram
902 5850 1180 5891 annorum
1215 5837 1397 5889 sancti
1432 5848 1586 5904 papa:
1618 5835 1823 5903 Diony-

102 5906 191 5975 ii,
271 5917 488 5975 quam
542 5906 801 5959 decidutc
855 5907 1094 5975 picturae
1145 5908 1462 5963 mutilatum
1496 5906 1825 5985 obtulerant

2487 4670 2637 4712 ΝΟΤΕ
2671 4671 2992 4713 ΗΙΞΤΟΒΙΟᾸΞ.

1989 4769 2177 4823 Linea.
2209 4763 2259 4819 4.
2286 4795 2359 4804 -
2384 4766 2482 4818 Hic
2518 4766 2850 4833 presbyteris
2893 4767 3142 4820 ecclesias
3168 4767 3358 4823 divisit
3381 4775 3432 4824 et
3460 4787 3571 4825 cae—

1917 4840 2159 4910 meteria,
2195 4843 2301 4910 etc.
2331 4836 2670 4904 Divisaajam
2704 4834 2930 4910 fuerant
2979 4837 3147 4893 Urbis
3184 4841 3441 4896 ecclesiae
3474 4855 3573 4910 per

1921 4909 2218 4979 pontifices
2268 4908 2611 4980 decessores.
2672 4909 2965 4964 Evaristus
3010 4909 3187 4978 (num.
3222 4910 3303 4980 6):
3364 4908 3573 4967 Titulus

1918 4984 1978 5035 in
2018 4981 2151 5033 urbe
2180 4982 2344 5033 Roma
2369 4979 2558 5032 divisit
2598 4980 2947 5047 presbyteris.
2984 5001 3009 5030 α
3042 4981 3146 5036 Sed
3192 4984 3573 5039 consideran-

1918 5054 2056 5107 dum
2088 5057 2193 5116 est,
2227 5053 2311 5105 ait
2341 5051 2619 5105 B'll‘OﬂiUS
2649 5051 2715 5105 ad
2748 5065 2963 5107 annum
2992 5050 3118 5122 270,
3151 5068 3307 5109 num.
3339 5052 3423 5113 l7.
3460 5069 3569 5111 non

1920 5137 1952 5178 a
1992 5122 2262 5191 Dionysio
2292 5135 2432 5191 papa
2475 5123 2746 5190 primum,
2786 5136 2982 5179 verum
3003 5124 3073 5179 ab
3105 5126 3241 5181 aliis
3261 5134 3579 5183 antecesso-

1922 5194 2087 5250 ribus
2106 5195 2374 5248 Romanis
2393 5194 2781 5262 pontilicibus,
2811 5198 2936 5250 suis
2958 5196 3248 5253 limitibus
3268 5199 3577 5255 distinctas

1924 5265 2104 5341 fuisse
2157 5265 2982 5341 parochias,presbyterisque
3018 5269 3254 5324 divisas.
3299 5272 3371 5324 At
3422 5272 3572 5341 quod

1925 5337 1997 5411 in,
2028 5336 2419 5411 persecutione
2444 5337 2743 5411 _Valer_ianl
2789 5336 2874 5411 (ut
2902 5339 3122 5411 dictum
3162 5340 3266 5411 est)
3292 5341 3361 5395 ab
3389 5336 3577 5397 eccle—

1927 5409 2035 5463 siis
2058 5414 2250 5462 essent
2274 5406 2458 5461 avulsi
2494 5406 2830 5476 presbyteri,
2859 5415 2914 5462 et
2964 5410 3023 5463 in
3050 5406 3372 5467 cmmeteria
3404 5414 3575 5468 etiam

1925 5479 2243 5533 Christiani
2292 5491 2487 5532 omnes
2529 5479 2833 5534 convenire
2862 5481 3061 5535 vetiti:
3106 5482 3205 5537 illo
3252 5484 3481 5540 sublato
3507 5486 3578 5540 de

1931 5550 2135 5614 medio,
2169 5557 2223 5603 et
2243 5562 2279 5623 _a
2317 5549 2579 5623 Gallieno
2609 5550 2874 5623 restituta
2905 5552 3168 5623 Ecclesiae
3198 5569 3349 5623 pace,
3377 5564 3432 5611 et
3458 5571 3581 5613 c03—

1932 5622 2163 5675 meteria
2190 5620 2437 5674 adeundi
2466 5620 2536 5673 ab
2564 5620 2754 5675 eodem
2792 5622 2970 5676 libera
2995 5620 3261 5681 facultate
3285 5641 3575 5691 concessa,

1937 5692 2165 5766 illarum
2202 5691 2583 5766 Ecclesiarum
2618 5692 2965 5766 presbyteris
2992 5698 3391 5766 compluribus
3424 5716 3581 5757 mar-

1930 5764 2080 5841 tyrio
2112 5762 2505 5841 vitafun‘ctis;
2562 5762 2797 5817 easdezn
2827 5766 3031 5841 iterum
3079 5762 3354 5835 dividere,
3386 5788 3450 5827 ac
3480 5785 3581 5841 pro

1932 5834 2543 5914 rationedistribuere
2619 5838 3053 5914 cmmeteriaque
3083 5841 3334 5914 singulis
3381 5834 3583 5898 consi-

1941 5920 2132 5975 gnare,
2167 5906 2429 5975 Dionysii
2457 5920 2602 5974 Opus
2628 5906 2761 5961 fuit.
2791 5928 2817 5958 ››
