4072 6176
493 324 515 381 4
532 322 638 381 423

1718 318 2078 374 ANASTASII
2136 315 2677 371 BIBLlOTllECARII

3776 314 3800 369 4
3814 311 3900 371 ﬁt

567 446 812 501 Baronio
840 444 1156 500 assentitur
1208 443 1408 498 Binius
1438 442 1497 497 in
1531 440 1687 496 notis
1722 440 1787 494 ad
1836 405 2224 494 secundam.A
2259 437 2596 505 pontiﬁcem,
2632 437 2692 491 in
2718 450 2830 506 qua
2853 436 3067 491 diserte
3095 435 3382 492 scribunt:
3415 457 3439 487 α
3466 436 3697 492 Placuit
3716 435 3900 493 etiam.

493 517 793 586 epistolam
812 517 1089 585 Dionysio
1105 515 1439 586 attributam
1458 513 1587 586 :Acuj
1600 528 1663 586 us
1684 510 1851 586 verba
1865 510 2149 586 videpau-

495 580 551 643 lo
581 595 714 643 ante
753 580 1033 643 recensita
1074 586 1132 640 in
1188 586 1341 642 notis
1370 584 1520 639 Binii
1564 592 1618 638 et
1645 582 1849 637 Labbei
1881 581 1948 635 ad
1996 580 2149 634 hunc

500 673 824 714 numerum.

571 748 743 802 Linea
781 744 835 802 5.
861 776 930 785 —
974 745 1262 799 Parochias
1311 745 1557 797 diceceses
1599 743 1857 795 instituit.
1899 740 2151 809 Cangius

502 818 561 872 in
591 818 887 874 Glossario
940 816 1139 871 media:
1179 816 1438 879 Latinit.,
1480 813 1631 869 verb.
1685 813 1948 876 Diacccsis,
1999 810 2151 864 hunc

495 889 786 944 Anastasii
836 896 1054 943 textum
1111 887 1433 956 producens
1483 885 1622 956 legit
1660 891 1710 937 et
1760 882 2067 953 parochias,
2103 885 2152 933 et

497 960 744 1014 dicet-eses
772 961 1031 1012 instituit.

565 1045 725 1114 Quod
771 1052 1073 1116 antequam
1102 1045 1399 1115 expediam
1431 1042 1778 1116 observanda
1810 1048 1896 1096 est
1939 1039 2148 1116 triplex

500 1112 660 1173 notio
710 1118 867 1173 verbi
921 1112 1273 1171 dioecesisab
1318 1116 1512 1170 eodem
1570 1114 1799 1169 erudite
1841 1112 2143 1181 explicata.

498 1209 523 1238 α
565 1189 861 1253 Dicecesis,
901 1189 1148 1253 Διοίκησις
1172 1188 1472 1242 dicebatur
1530 1187 1784 1253 plurium
1815 1184 2144 1251 provincia-

494 1274 619 1314 rum
642 1261 997 1328 prtefectura.
1020 1259 1313 1328 Balsamon
1343 1259 1399 1328 in
1418 1270 1540 1311 can.
1565 1254 1600 1309 9
1616 1255 1822 1328 concil.
1848 1254 2141 1328 Cbalced.:

496 1321 749 1396 Διοίκὴσις
793 1330 846 1382 δὲ
876 1331 1006 1381 ἔστιν
1053 1331 1083 1395 ὴ
1132 1324 1322 1389 πολλοῖς
1375 1326 1617 1398 ἐπαρχίας
1674 1326 1862 1396 ἔχουσα
1892 1321 1939 1376 ἐν
1976 1326 2142 1393 ἑαυτῇ.

495 1402 706 1457 Harum
735 1401 1054 1455 dimceseon
1092 1400 1301 1454 mentio
1328 1399 1391 1453 ﬁt
1415 1396 1622 1466 paSsim
1641 1398 1695 1450 in
1718 1396 1842 1449 cod.
1864 1396 2141 1450 Theodos.

495 1478 553 1527 et
589 1473 799 1527 Justin.
835 1484 959 1541 quae
1010 1471 1295 1525 interdum
1338 1474 1542 1523 tractus
1580 1467 1964 1541 appellatione
1993 1466 2142 1534 apud

493 1538 889 1597 Marcellinum
946 1540 1004 1595 in
1055 1542 1226 1596 veteri
1265 1540 1688 1610 provinciarum
1746 1538 1979 1610 Libello,
2024 1543 2137 1591 etc.

491 1613 773 1682 Quaalibet
823 1626 957 1667 vero
1017 1608 1278 1677 diwcesis,
1350 1626 1476 1680 quae
1554 1610 1748 1679 plures
1799 1608 2147 1682 complecte-

494 1680 664 1739 batur
705 1683 1048 1753 provincias,
1100 1697 1234 1737 suas
1280 1682 1522 1736 habebat
1553 1680 1916 1753 metropoles.
1965 1680 2146 1748 Rege-

492 1751 976 1826 bantur‘singula:
1004 1768 1035 1826 a
1067 1752 1398 1821 comitibus,
1421 1758 1489 1826 et
1515 1751 1748 1826 vicariis
1777 1768 1791 1817 ;
1827 1751 2018 1826 plures
2050 1763 2150 1803 ve-

496 1839 561 1880 ro
591 1826 767 1881 simul
816 1823 852 1879 a
895 1823 1159 1894 praafecto
1204 1824 1493 1893 pr:etorio.
1536 1824 1778 1894 Haecrde
1819 1823 2000 1890 prima
2025 1834 2148 1894 _no_—

490 1898 668 1952 tione.
709 1891 983 1964 Sequitur
1010 1891 1220 1950 alterni
1254 1898 1511 1948 Diwceses
1546 1893 1888 1948 dicebantur
1923 1891 2147 1964 potissi-

491 1981 646 2022 mum
724 1963 1054 2037 previnciaa,
1120 1965 1337 2035 quibus
1395 1972 1670 2037 praeerant
1710 1963 2141 2037 metropolitani

490 2038 579 2094 vel
633 2032 1079 2106 archiepiscopi,
1138 2032 1212 2091 ἰιι
1274 2038 1333 2091 in
1387 2032 1639 2090 concilio
1696 2032 2143 2106 Chalcedonensi

489 2125 540 2165 c.
559 2108 649 2163 28.
675 2126 701 2157 »
724 2110 806 2163 Ad
830 2103 972 2163 hanc
988 2103 1277 2162 notionem
1302 2107 1511 2177 redigit
1527 2107 1821 2169 diteceses,
1841 2106 1910 2159 de
1932 2103 2147 2177 quibus

490 2181 589 2235 hic
621 2186 782 2249 putat
813 2179 1067 2234 locutum
1099 2174 1487 2237 Anastasium,
1519 2177 2023 2249 cujuspropterea
2056 2174 2148 2229 lo-

491 2246 940 2319 cum‘praesentis
960 2249 1179 2304 numeri
1220 2249 1432 2303 ibidem
1449 2246 1670 2302 subdit:
1692 2248 1856 2319 juxta
1876 2259 2043 2319 quam
2062 2258 2151 2300 ac-

491 2316 808 2401 ceptionem
841 2320 1089 2401 aliorum
1134 2332 1365 2401 quoque
1401 2324 1701 2400 auctorum
1745 2318 1965 2401 indicat
2004 2316 2144 2380 loca,

489 2401 546 2448 et
563 2389 855 2462 praecipue
874 2389 1174 2446 Gilleberti
1201 2390 1542 2462 Lunicensis
1570 2389 1915 2462 episcopide
1942 2401 2047 2462 usu
2068 2399 2152 2462 ec-

489 2458 818 2519 clesiastico
834 2463 1147 2517 asserentis
1163 2462 1233 2515 de
1245 2461 1707 2529 archiepiscopo:
1733 2460 1902 2527 Cujus
1930 2458 2151 2511 ecclesia

487 2535 851 2588 subscribitur
866 2534 1127 2586 ἀπορεῖς.
1145 2533 1282 2584 Tum
1304 2532 1495 2585 addit:
1521 2551 1546 2582 α
1572 2529 1822 2585 Abusive
1846 2543 1976 2584 vero
2006 2536 2151 2597 post-

492 2605 724 2659 modum
756 2602 1028 2670 appellati
1059 2602 1458 2670 episcoporum
1496 2601 1822 2668 districtus,
1866 2599 1966 2668 qui
2011 2614 2147 2670 prur-

493 2674 620 2743 prio
651 2669 926 2743 vocabulo
942 2669 1216 2743 parochias
1241 2669 1461 2743 passim
1484 2678 1908 2740 nuncupantur.
1936 2688 1961 2719 ι)
1986 2669 2146 2724 Deni-

496 2741 609 2814 que
646 2742 847 2798 subdit
873 2742 1103 2796 tertiam
1137 2742 1282 2794 hanc
1312 2741 1467 2794 verbi
1514 2744 1823 2795 notionem.

565 2852 590 2882 α
625 2831 894 2891 Diaecesis,
953 2827 1243 2897 parochia.
1297 2826 1479 2881 Guill.
1516 2828 1674 2882 Brito
1716 2828 1773 2881 in
1822 2826 2092 2882 Vocabul.
2129 2845 2141 2880 :

487 2904 738 2959 Dimcesis
784 2903 1009 2970 proprie
1072 2904 1151 2952 est
1197 2899 1559 2970 baptismatis
1617 2899 1849 2952 ecclesia
1922 2900 2145 2970 territo-

485 2976 631 3028 rium
677 2977 727 3026 et
778 2965 1121 3040 gubernatio.
1180 2965 1504 3041 Concilium
1557 2970 1895 3041 Agathense.
1956 2983 2007 3023 c.
2052 2965 2142 3037 54,

489 3051 545 3099 et
592 3045 948 3113 Epaunense,
1013 3054 1139 3095 can.
1209 3040 1276 3093 8:
1338 3041 1621 3113 Presbyter
1681 3040 1813 3094 dum
1877 3041 2145 3113 dtwcesim

486 3111 653 3179 tenet,
698 3114 763 3167 de
819 3113 904 3165 his
951 3127 1070 3181 quae
1099 3113 1305 3177 emerit,
1359 3112 1433 3164 ad
1476 3112 1706 3164 ecclesiae
1746 3127 1937 3165 nomen
2000 3111 2139 3163 scri-

477 3191 705 3255 ptul'am
727 3185 922 3251 faciat.
947 3202 972 3231 υ
1002 3182 1291 3255 Additque
1328 3182 1489 3255 plura
1519 3196 1584 3237 ex
1608 3182 1745 3255 aliis
1774 3181 2060 3243 conciliis,
2090 3188 2146 3235 et

485 3254 893 3325 Scriptoribus,
930 3254 1259 3325 testimonia
1292 3254 1547 3322 ejusdem
1578 3254 1854 3323 notionis,
1886 3266 1984 3322 per
2014 3265 2145 3306 ver-

483 3323 624 3382 bum
652 3327 893 3379 diceeesis
931 3323 1285 3393 signiﬁcatita.

554 3413 797 3483 Videtur
829 3412 1012 3483 igitur
1044 3411 1101 3465 in
1137 3424 1202 3466 ea
1231 3424 1356 3466 esse
1384 3412 1667 3466 sententia
1698 3412 1789 3466 vir
1815 3411 2042 3483 doctus.
2081 3416 2145 3465 ut

487 3492 669 3555 putet,
693 3482 876 3555 fuisse
905 3496 937 3537 a
961 3483 1237 3551 Dionysio
1264 3483 1737 3555 papainstitutos
1761 3482 2146 3555 archiepisco-

486 3553 918 3627 patus.7Longe
969 3559 1155 3607 tamen
1198 3553 1501 3627 antiquior
1546 3553 2142 3627 archie‘piscOpatuum

482 3623 647 3697 origo
675 3623 1104 3697 demonstratur
1127 3636 1159 3697 a
1187 3623 1454 3693 pluribus
1483 3623 1995 3697 scriptoribuSLet
2013 3637 2147 3697 prie

488 3694 689 3755 sertim
730 3695 1216 3764 aSchelestratio,
1251 3702 1410 3763 parte
1451 3708 1512 3761 ll,
1547 3695 1840 3764 Antiquit,
1871 3695 2023 3749 Eccl.
2065 3694 2144 3748 il—

487 3771 658 3826 lustr.
689 3767 835 3822 diss.
867 3763 920 3834 4,
944 3780 992 3821 c.
1029 3762 1081 3833 4,
1123 3778 1155 3819 a
1183 3762 1296 3835 quo
1321 3766 1501 3821 etiam
1536 3762 1768 3835 praist'at
1798 3766 1891 3820 hic
1926 3766 2146 3834 produ—

489 3853 636 3904 cere.
677 3852 805 3906 qua:
838 3838 896 3891 in
941 3836 1352 3891 dissertatione
1404 3837 1470 3889 tte
1516 3839 1856 3891 Auctoritate
1889 3838 2148 3905 patriar—

492 3910 639 3964 chati
668 3914 718 3961 et
758 3907 1151 3974 metropolitica
1185 3914 1382 3961 contra
1417 3909 1694 3961 Decanum
1728 3908 2144 3962 Londinensem

494 3978 818 4048 disputavit
862 3977 1051 4045 capite
1095 3975 1146 4039 lt,
1180 3990 1314 4031 num
1350 3976 1371 4031 4
1407 3986 1462 4031 et
1492 3978 2031 4048 sequentibusLubi
2067 3977 2147 4031 il-

492 4047 700 4106 lustrat
757 4060 1030 4104 canonem
1091 4047 1339 4116 primum
1388 4061 1421 4102 a
1482 4049 1745 4103 Patribus
1795 4047 2147 4103 Arelatensis

494 4119 732 4175 concilii
772 4118 1094 4184 conditum,
1147 4132 1455 4188 eorumque
1491 4119 1655 4172 verba
1686 4120 1755 4173 ad
1799 4119 2148 4188 Sylvestrum

500 4202 722 4260 papam,
746 4189 826 4243 ita
843 4190 1109 4260 restituta
1129 4189 1422 4260 Germana:
1443 4189 1673 4243 lectioni
1697 4203 1727 4243 a
1752 4190 2033 4244 cardinali
2062 4192 2150 4244 Pe-

495 4258 710 4324 tronio,
748 4267 805 4314 et
849 4258 1152 4313 Francisco
1171 4258 1629 4330 archiepiscopo
1666 4261 2144 4330 Rothomagensi:

502 4353 529 4385 α
554 4330 777 4386 Placuit
802 4330 976 4385 etiam
1004 4330 1139 4388 hinc.
1158 4329 1326 4398 juxta
1351 4331 1827 4384 consuetudinem
1850 4329 2149 4401 antiquam

498 4418 530 4459 a
562 4409 637 4469 te,
679 4401 778 4471 qui
828 4400 1069 4469 majores
1097 4401 1373 4455 dimceses
1402 4407 1578 4461 tenes,
1628 4408 1683 4454 et
1730 4415 1827 4470 per
1885 4412 1938 4457 te
1972 4400 2151 4471 potis-

497 4476 707 4530 simum
735 4472 1007 4527 omnibus
1030 4471 1338 4526 insinuari.
1370 4488 1396 4520 »
1429 4471 1734 4527 Observata
1760 4486 1791 4527 a
1812 4473 2152 4529 Schelestra-

2258 529 2283 557 α
2326 516 2624 578 antequam
2651 522 2683 562 a
2710 514 2782 573 te,
2813 508 2913 578 qui
2947 508 3186 575 majores
3216 509 3495 564 Dimceses
3522 515 3707 572 tenes,
3740 513 3903 574 perte

2259 600 2286 631 a
2332 579 2692 648 potissimum
2707 579 3298 633 omnibusinsinuari.
3321 578 3516 646 nQuod
3540 580 3635 632 hic
3653 578 3903 631 locusin-

2258 657 2412 720 teger
2439 663 2551 705 non
2577 650 2674 713 sit,
2709 650 2806 704 sed
2837 650 2893 704 in
2930 648 3031 703 illo
3059 648 3335 703 nonnulla
3359 649 3527 704 verba
3552 650 3775 704 desint.
3800 648 3903 715 jam

2257 719 2470 789 saepius
2510 721 2859 776 adnotarunt
2898 720 3138 786 eruditi,
3168 721 3267 789 qui
3304 720 3542 788 proinde
3590 721 3650 774 in
3683 719 3791 773 illo
3824 731 3906 771 re.

2258 793 2551 847 stituendo
2568 805 2791 860 operam
2821 792 3282 860 industriamque
3301 805 3462 846 suam
3491 790 3903 851 adhibuerunt,

2260 871 2325 919 ut
2348 863 2722 932 ostendimus
2742 868 2900 932 parte
2936 876 2973 932 ll
2998 862 3382 932 Antiquitatis
3421 862 3754 927 illustratae,
3787 860 3907 914 dis-

2259 941 2392 989 sert.
2432 931 2481 987 l.
2527 948 2650 1001 cap.
2689 930 2755 1003 7,
2792 939 2903 987 art.
2950 931 3002 997 4,
3057 930 3533 988 υὺῖειᾱᾱιιχίωιιε
3580 937 3907 1000 sequentem

2259 1004 2574 1060 cardinalis
2626 1003 2845 1059 Peronii
2877 1010 2933 1058 et
2979 1003 3263 1058 Francisci
3304 1002 3790 1073 Rotbomagensis
3819 1015 3909 1053 ar-

2259 1076 2615 1144 chiepiscopi
2647 1075 3096 1130 emendationem
3127 1093 3139 1128 :
3176 1075 3385 1128 Placuit
3413 1077 3579 1128 etiam
3609 1074 3726 1125 haec
3745 1073 3907 1139 juxta

2257 1147 2696 1201 consuetudinem
2738 1148 3023 1213 antiquam
3051 1162 3085 1198 a
3132 1152 3200 1206 te,
3250 1148 3349 1213 qui
3391 1147 3625 1212 majores
3669 1145 3909 1196 dicacem

2257 1225 2422 1281 tenes,
2475 1224 2525 1270 et
2548 1232 2648 1285 per
2685 1222 2735 1269 te
2775 1220 3117 1285 potissunum
3151 1217 3398 1269 omnibus
3446 1217 3755 1269 insinuari.
3800 1216 3911 1267 Duo

2256 1295 2412 1356 sunt,
2445 1302 2570 1357 qua:
2599 1289 2710 1343 viri
2741 1287 3127 1342 eruditissimi
3160 1289 3217 1340 in
3252 1287 3524 1354 praedicto
3572 1287 3704 1357 loco
3729 1285 3913 1357 corri-

2256 1366 2417 1430 gunt,
2443 1356 2685 1428 quorum
2720 1372 2896 1413 unum
2922 1358 3252 1430 adverbium
3272 1364 3583 1426 antequam,
3609 1356 3779 1410 aliud
3807 1356 3912 1430 hac

2254 1428 2421 1486 verba
2448 1446 2549 1498 per
2578 1436 2626 1482 te
2670 1435 2928 1495 spectant
2967 1429 3120 1483 circa
3172 1428 3269 1483 illa
3299 1429 3583 1483 duntaxat
3633 1428 3912 1496 qutestio-

2257 1516 2383 1557 nem
2413 1515 2535 1556 esse
2585 1500 2927 1562 indicantes,
2962 1514 3087 1568 qua:
3126 1501 3185 1554 in
3222 1500 3493 1566 pr:edicto
3523 1499 3652 1554 loco
3685 1504 3796 1551 aut
3817 1498 3913 1551 de-

2257 1579 2486 1642 pravata
2520 1578 2620 1626 aut
2647 1572 2857 1642 omissa
2888 1577 3069 1637 erant,
3118 1584 3227 1625 non
3264 1584 3394 1642 vero
3432 1572 3590 1625 circa
3614 1568 3761 1629 alia.
3798 1583 3911 1637 qua:

2215 1640 2405 1699 recte
2458 1643 2670 1711 scripta
2701 1641 3064 1696 videbantur.
3110 1643 3181 1696 At
3232 1640 3349 1695 alio
3403 1642 3571 1695 modo
3622 1648 3910 1693 auctorem

2257 1722 2515 1770 nostrum
2538 1727 2688 1767 nunc
2720 1713 2932 1767 sentire
2958 1712 3239 1777 videmus,
3258 1726 3385 1766 cum
3418 1711 3515 1765 illa
3544 1723 3785 1779 quoque
3804 1724 3912 1763 cor~

2181 1799 2230 1858 Β
2258 1785 2713 1868 rigendaducat,
2758 1796 2907 1868 qute‘
2926 1790 3075 1837 recte
3104 1784 3334 1868 scripta‘
3358 1788 3743 1868 esse‘constat
3768 1796 3908 1868 :_pa-

2257 1852 2390 1929 gina
2421 1860 2571 1910 enim
2603 1854 2674 1909 83
2703 1855 3069 1929 asserit_vere
3097 1867 3127 1929 ξι
3162 1852 3431 1929 Patribus
3480 1852 3911 1929 Arelatensibus

2257 1924 2476 1983 dictum
2537 1940 2678 1989 esse,
2729 1926 2876 1993 quod
2912 1925 3064 1992 Papa
3095 1924 3289 1977 habeat
3315 1924 3577 1990 majorem
3631 1924 3910 1981 (timerem,

2261 1999 2359 2053 ubi
2390 1999 2507 2051 haec
2549 1995 2737 2061 verba,
2790 1997 2886 2063 qui
2931 1996 3164 2062 majores
3193 1997 3441 2048 ditrceses
3471 2000 3625 2047 tenes
3655 1993 3908 2062 corrigit,

2256 2076 2312 2125 et
2339 2070 2461 2123 loco
2494 2068 2765 2135 majorum
2794 2067 3096 2130 diuae-esum,
3130 2079 3332 2120 nomen
3358 2065 3690 2134 singularis
3724 2064 3910 2117 dures-

2256 2143 2332 2195 sis
2361 2145 2558 2194 contra
2584 2137 2841 2207 epistolae
2865 2137 3149 2205 synodica:
3178 2136 3341 2191 ﬁdem
3368 2136 3708 2191 substituit.

2331 2232 2357 2262 «
2402 2210 2563 2264 Parvi
2597 2206 2825 2277 quidem
2863 2208 3130 2262 momenti
3157 2208 3338 2262 videri
3375 2212 3567 2275 posset
3595 2207 3722 2261 haec
3755 2206 3914 2261 unius

2258 2282 2414 2337 verbi
2443 2280 2709 2343 variatio,
2742 2278 2854 2333 nisi
2886 2279 3173 2348 integrum
3204 2291 3433 2333 sensum
3479 2278 3842 2348 immutaret,
3868 2283 3916 2329 et

2258 2353 2510 2424 agnitam
2537 2363 2569 2424 a
2614 2350 2879 2424 Patribus
2927 2347 3277 2424 Arelatensis
3321 2348 3561 2424 concilii
3625 2348 3686 2401 in
3732 2347 3914 2424 plures

2258 2420 2497 2479 Romani
2544 2421 2774 2489 imperii
2804 2420 3078 2475 diceceses
3134 2420 3474 2488 patriarchze
3519 2420 3775 2473 Romani
3824 2432 3914 2484 po-

2259 2500 2515 2549 testatem
2585 2496 2877 2546 everteret.
2954 2492 3035 2545 Ad
3119 2490 3295 2559 hujus
3365 2491 3640 2544 veritatis
3714 2489 3916 2543 mntir-

2262 2565 2565 2619 mationem
2623 2562 2681 2616 in
2740 2562 3065 2616 memoriam
3124 2561 3498 2616 revocandum
3540 2568 3658 2623 est,
3712 2561 3918 2614 diente-

2258 2636 2365 2690 sim
2393 2635 2530 2689 olim
2562 2633 2620 2687 in
2649 2632 2891 2701 imperio
2923 2632 3112 2686 vocari
3142 2632 3530 2693 consuevisse,
3570 2647 3706 2701 quae
3739 2631 3916 2699 plures

2259 2701 3119 2777 provinciascomplectebatur,
3152 2716 3261 2772 qua
3290 2703 3803 2777 rationeuantiqua
3835 2702 3916 2755 im-

2260 2774 2406 2846 perii
2447 2775 2656 2846 notitia
2681 2780 3102 2846 antetempora
3144 2774 3375 2828 Arcadii
3406 2780 3464 2846 et
3508 2774 3763 2846 ljonorii
3791 2786 3913 2846 con-

2257 2842 2473 2917 scripta
2506 2844 2699 2911 refert,
2749 2842 3148 2917 subprzefecto
3198 2845 3466 2917 prtetorio
3492 2843 3767 2917 Orientis
3793 2845 3912 2896 dia-

2257 2914 2396 2972 ceses
2467 2919 2724 2986 quinque,
2777 2914 3028 2986 Orientis,
3093 2917 3333 2983 ngypti,
3390 2916 3567 2986 Asiae,
3632 2916 3824 2975 Ponti,
3875 2922 3913 2965 et

2260 2984 2539 3051 Thracii;
2593 2986 2699 3041 sub
2758 2984 3018 3054 pra-tecto
3080 2986 3344 3054 praetorio
3397 2984 3625 3054 Illyrici
3678 2986 3911 3039 (“(306st

2255 3063 2416 3119 duas,
2455 3042 2784 3112 Macedoniae
2839 3064 2889 3109 et
2923 3042 3134 3120 Daciae;
3192 3058 3299 3111 sub
3341 3042 3615 3125 praefecto
3657 3056 3912 3124 praetorio

2175 3138 2223 3199 Ο
2257 3131 2435 3184 Italia:
2484 3130 2731 3182 diwccses
2781 3131 2907 3191 tres,
2957 3128 3149 3199 Italiae,
3197 3128 3402 3199 lilyrici
3442 3133 3493 3180 et
3526 3129 3790 3191 Afr-cae;
3820 3125 3907 3180 sub

2260 3200 2519 3270 praefecto
2558 3199 2786 3253 demum
2819 3199 3083 3266 praetorio
3112 3196 3452 3263 Galliarum,
3470 3198 3758 3270 idiwceses
3803 3203 3908 3253 tris.

2257 3269 2553 3340 Hispaniae,
2611 3278 2809 3340 septem
2855 3270 3288 3333 Provinciarum,
3358 3274 3409 3321 et
3452 3269 3905 3340 Britanniarum.

2258 3338 2412 3397 Unde
2433 3346 2677 3402 constat,
2706 3339 3021 3394 Romanum
3051 3340 3353 3407 imperium
3374 3338 3485 3394 sub
3509 3346 3773 3409 quatuor
3798 3352 3915 3407 pne-

2256 3414 2423 3467 fectis
2448 3412 2715 3480 praatorio
2736 3409 3116 3465 distributum
3136 3409 3316 3465 fuisse
3338 3410 3395 3463 in
3416 3411 3698 3464 tredecim
3717 3410 3913 3463 ditece-

2255 3497 2365 3547 ses,
2403 3496 2646 3552 qnarum
2676 3481 2933 3550 quinque
2962 3481 3030 3535 ad
3063 3482 3351 3536 Orientem
3382 3480 3753 3552 spectabant,
3784 3480 3916 3534 reli-

2256 3569 2383 3625 quae
2422 3551 2495 3608 ad
2527 3552 2887 3625 Occidentem
2915 3570 2926 3605 :
2967 3553 3088 3625 sive
3114 3559 3303 3625 autem
3334 3553 3530 3625 Patres
3557 3551 3912 3625 Arelatenses

2258 3622 2607 3694 persiiectam
2642 3622 2951 3694 habuerint
2997 3623 3140 3677 hanc
3182 3622 3411 3691 imperii
3469 3622 3770 3681 notitiam.
3807 3623 3911 3675 sive

2254 3693 2491 3751 aliunde
2533 3694 2799 3749 notitiam
2829 3693 3145 3749 dioeceseon
3172 3695 3520 3762 acceperint,
3552 3694 3909 3761 scripserunt

2254 3780 2319 3822 ex
2374 3765 2624 3821 concilio
2667 3764 3025 3820 Occidentali
3075 3766 3142 3818 ad
3191 3764 3542 3824 Svlvestrum
3593 3762 3912 3819 Occidentis

2261 3837 2642 3906 patriarcham
2668 3852 2679 3887 :
2718 3838 2816 3903 qui
2831 3836 3063 3902 majores
3085 3836 3330 3889 dimceses
3352 3840 3516 3899 tenes,
3546 3844 3615 3889 ut
3647 3836 3909 3906 nimirum

2256 3904 2671 3977 Significarent,
2692 3919 2819 3960 eum
2837 3919 2947 3977 non
2970 3907 3071 3960 uni
3086 3906 3319 3977 dimcesi
3344 3908 3723 3975 przepositum
3749 3904 3914 3977 fuisse

2257 3975 2352 4034 sed
2372 3976 3296 4048 pluribusdimcesibus,omnibus
3311 3980 3513 4045 utique
3529 3977 3679 4042 illis,
3694 3975 3914 4048 quaeoc-

2258 4046 2506 4105 cidentis
2526 4049 2792 4103 terminis
2810 4048 3200 4102 continentur.
3217 4048 3353 4116 Qua:
3371 4062 3503 4102 cum
3525 4049 3607 4102 ita
3632 4048 3778 4111 sint,
3794 4046 3913 4115 quis

2260 4135 2370 4176 non
2398 4120 2571 4179 videt,
2610 4120 2713 4174 hoc
2747 4119 2933 4187 ipsum
2980 4118 3200 4174 auctori
3240 4126 3437 4173 nostro
3466 4118 3790 4186 displicere
3818 4130 3909 4185 po—

2258 4192 2444 4247 tuisse
2501 4191 2670 4259 eique
2716 4189 2975 4244 mutandi
3028 4196 3215 4244 textus
3264 4189 3624 4245 occasionem
3676 4191 3906 4243 dedisse.

2258 4263 2396 4317 Cum
2429 4262 2583 4315 enim
2618 4261 2723 4315 hoc
2746 4273 2859 4315 uno
2884 4260 3111 4314 Patrum
3141 4260 3563 4315 Arelatensium
3589 4259 3909 4315 testimonio

2262 4333 2547 4388 sententia
2576 4333 2761 4400 ipsius
2777 4331 2846 4385 de
2867 4331 3200 4387 coercendis
3227 4332 3660 4400 patriarchatus
3688 4329 3907 4385 Romani

2264 4403 2530 4458 terminis
2581 4408 2888 4468 evertatur,
2934 4400 3122 4457 voluit
3169 4400 3362 4457 forsan
3392 4402 3461 4456 ad
3497 4402 3903 4471 infringendam

2264 4475 2505 4543 hujusce
2561 4472 2882 4544 argumenti
2908 4473 3052 4545 _vim
3109 4473 3229 4528 loco
3278 4474 3617 4545 diwcesium,
3658 4474 3905 4545 animus

500 4550 585 4602 tio
615 4545 675 4599 in
724 4544 1056 4612 exponendo
1085 4548 1363 4597 commate
1404 4544 1500 4611 qui
1528 4543 1761 4610 majores
1797 4545 2045 4598 disceses
2067 4552 2154 4599 te—
2182 4552 2237 4613 D
2263 4543 2867 4614 solummodo’legere.
2897 4543 2993 4598 Sic
3020 4544 3195 4610 enim,
3229 4544 3330 4613 qui
3366 4543 3645 4613 pluribus
3673 4543 3904 4598 ditecest-

499 4632 592 4671 nes
619 4615 933 4685 plurimum
960 4614 1254 4668 illustrare
1278 4621 1517 4682 possunt
1536 4614 1687 4669 hunc
1706 4622 1921 4670 textum
1946 4617 2153 4671 Biblio-

501 4684 743 4743 theCarii
776 4686 858 4756 in,
890 4685 1194 4756 Dionysio.
1225 4684 1411 4750 Quare
1440 4685 1659 4756 integre
1688 4692 1820 4756 sunt
1868 4688 2152 4742 reddenda

504 4771 630 4828 qua:
659 4755 892 4825 scripsit
923 4754 1156 4828 laudato
1185 4755 1307 4828 loco
1337 4769 1405 4810 ex
1438 4754 1592 4811 num'.
1630 4754 1652 4809 4
1688 4758 1756 4812 ad
1786 4754 1837 4811 4.

578 4828 785 4881 «Inter
838 4827 995 4881 varia
1042 4826 1413 4896 antiquitatis
1466 4834 1847 4893 monumenta,
1905 4842 2032 4896 quae
2078 4829 2147 4883 ad

503 4897 981 4967 comprobandam
1017 4897 1455 4965 patriarchalem
1488 4899 1724 4953 Romani
1771 4899 2058 4962 pontiﬁcis
2092 4901 2149 4954 in

499 4970 859 5026 Occidentem
906 4968 1233 5023 universum
1298 4970 1695 5024 auctoritatem
1748 4968 1987 5038 faciunt,
2039 4984 2150 5025 non

502 5039 977 5097 contemnendum
1005 5046 1111 5107 est,
1144 5040 1294 5109 quod
1331 5042 1519 5094 Patres
1543 5039 1779 5095 concilii
1805 5041 2152 5096 Arelatensis

504 5113 677 5181 primi
704 5117 1058 5180 posterorum
1086 5110 1367 5165 memoria:
1389 5118 1814 5166 consecrarunt.
1838 5114 1976 5167 Cum
1999 5114 2152 5167 enim

504 5184 595 5239 illi
645 5196 712 5237 ex
743 5181 952 5245 Gallia,
988 5181 1281 5249 Hispania,
1317 5182 1630 5248 Britannia,
1658 5181 1871 5250 Africa,
1904 5190 1959 5238 et
1993 5184 2153 5238 italia

508 5256 566 5310 in
596 5255 721 5323 ipso
747 5252 1007 5307 ﬂorentis
1023 5251 1290 5307 Ecclesia:
1313 5252 1545 5308 exordio
1571 5252 1795 5308 collecti
1829 5261 2035 5315 essent,
2067 5268 2154 5309 ca-

502 5339 680 5380 nones
727 5323 1156 5394 constituerunt
1204 5324 1413 5391 viginti
1452 5323 1618 5393 duos,
1677 5339 1920 5394 quorum
1968 5327 2152 5393 primo

501 5403 683 5464 agunt
727 5395 797 5450 de
840 5393 982 5450 festo
1031 5394 1324 5449 Paschatis
1359 5408 1470 5449 uno
1498 5395 1593 5450 die
1631 5393 1707 5450 et’
1735 5410 1847 5452 uno
1902 5404 2153 5464 tempore

505 5411 683 5519 a%unt
727 5411 797 5450 ue
840 5411 982 5450 tesw
1031 5411 1324 5449 rascnaus
1359 5411 1470 5449 uno
1498 5411 1593 5450 uie
1631 5411 1687 5450 et
1735 5411 1847 5452 uno
1902 5411 2151 5464 tempore

505 5481 543 5521 u
589 5467 720 5535 ique
775 5466 1144 5543 observando,
1204 5465 1557 5543 adduntque,
1617 5480 1680 5543 ea
1718 5468 1787 5521 de
1846 5481 1904 5521 re
1933 5467 2151 5543 _Sylve—

503 5543 686 5590 strum
728 5551 926 5605 papam
949 5538 1119 5604 juxta
1149 5539 1590 5591 consuetudinem
1619 5538 1828 5591 litteras
1871 5539 1945 5591 ad
1972 5554 2150 5591 omnes

504 5607 740 5678 dirigere
782 5608 1014 5671 debere;
1063 5620 1130 5661 ex
1180 5621 1291 5678 quo
1334 5621 1550 5662 canone
1583 5609 1903 5678 colligitur,
1960 5611 2151 5663 Patres

508 5676 863 5750 Arelatenses
883 5685 1160 5750 statutum
1182 5677 1253 5731 de
1276 5679 1567 5733 Paschatis
1591 5681 1686 5733 die
1706 5676 1773 5734 ad
1801 5681 2150 5750 Sylvestrum

510 5747 797 5814 retulisse,
847 5754 1016 5815 prout
1057 5747 1322 5818 reliquos
1351 5762 1578 5818 quoque
1607 5747 1853 5806 canones
1885 5753 2152 5806 retulisse

503 5824 728 5878 constat
777 5831 846 5873 ex
892 5817 1164 5886 synodica
1209 5820 1466 5888 ipsorum
1491 5817 1751 5890 epistola
1780 5823 1847 5877 ad
1890 5824 2151 5877 eumdem

2262 4617 2370 4671 bus
2402 4615 2713 4685 praesidens
2737 4613 3181 4682 patriarchalem
3210 4628 3371 4670 suam
3397 4616 3805 4669 auctoritatem
3834 4626 3904 4685 us-

2264 4701 2373 4757 que
2396 4683 2464 4742 ad
2498 4686 2849 4740 Britanniam
2873 4687 3228 4747 extendebat,
3257 4686 3733 4741 uniusditecesis
3757 4683 3903 4739 Italis-

2263 4756 2591 4829 potestatem
2618 4756 2888 4829 obtinens
2911 4758 3163 4825 ejusdem
3197 4756 3412 4811 ﬁnibus
3435 4766 3818 4812 coerceretur.

2340 4850 2366 4880 «
2408 4829 2583 4898 Atqui
2618 4827 2724 4883 hoc
2762 4841 2905 4896 esse,
2945 4823 3105 4896 quod
3156 4834 3354 4882 auctor
3402 4836 3602 4882 noster
3667 4823 3901 4882 mutando

2262 4907 2480 4956 textum
2507 4897 2744 4954 concilii
2771 4899 2898 4953 suis
2918 4898 3221 4955 obtrudere
3258 4906 3505 4953 conatus
3536 4901 3640 4959 sit,
3669 4900 3807 4954 satis
3839 4897 3902 4948 in-

2262 4973 2438 5035 dicat,
2482 4971 2618 5025 dum
2666 4985 2870 5025 rursus
2921 4970 3206 5039 synodica:
3236 4969 3673 5025 Arelatensium
3709 4972 3897 5024 Patrum

2262 5040 2515 5112 epistola;
2548 5042 2853 5096 meminit:
2906 5061 2931 5091 α
2972 5040 3165 5108 Quoad
3217 5054 3402 5112 voces,
3441 5041 3667 5110 inquit,
3704 5040 3893 5107 inciam

2267 5111 2600 5175 edidicescs,
2649 5112 2892 5168 dubium
2941 5119 3047 5177 est,
3090 5124 3162 5165 an
3209 5111 3635 5167 Constantinus
3687 5119 3895 5177 tempore

2267 5205 2291 5234 α
2334 5184 2535 5252 synodi
2557 5183 2909 5238 Arelatensis
2926 5182 3324 5238 distribuisset
3348 5182 3671 5250 imperium
3700 5186 3756 5238 in
3778 5182 3896 5235 diea-

2267 5276 2290 5306 «
2335 5267 2521 5308 ceses:
2575 5260 2632 5308 et
2666 5254 3061 5309 verosimilius
3093 5260 3198 5316 est,
3235 5266 3335 5308 nec
3381 5253 3438 5308 id
3475 5252 3703 5308 factum
3756 5252 3895 5307 fuisse

2266 5347 2291 5377 «
2334 5331 2586 5394 tempore
2614 5326 2874 5391 Nicaeum,
2907 5339 3038 5380 cum
3072 5325 3152 5378 ibi
3178 5325 3367 5379 solum
3411 5325 3635 5379 mentio
3672 5326 3767 5379 ﬁat
3790 5334 3899 5391 pro—

2267 5419 2291 5448 ι(
2337 5396 2676 5465 vinciarum,
2702 5409 2812 5468 non
2834 5398 3173 5468 dioeceseon.
3193 5394 3354 5468 Quod
3381 5395 3434 5449 si
3455 5409 3659 5450 verum
3682 5398 3777 5450 sit.
3800 5404 3903 5468 cet-

2267 5489 2291 5519 α
2338 5474 2503 5535 rupta
2522 5464 2844 5522 sunt'verba
2866 5466 3126 5530 illoloco,
3156 5467 3307 5521 sicut
3327 5472 3551 5520 certum
3573 5476 3684 5529 est,
3715 5469 3769 5520 in
3792 5464 3909 5519 aliis

2267 5560 2291 5591 ‹‹
2334 5536 2515 5592 fuisse
2541 5545 2831 5607 corrupta.
2863 5538 3013 5607 Quin
3044 5538 3215 5592 etiam
3248 5537 3501 5591 admissa
3538 5537 3655 5592 loci
3685 5536 3913 5605 integri—

2266 5632 2290 5661 ς(
2334 5616 2447 5664 tate
2470 5609 2619 5663 nihil
2646 5609 2777 5664 inde
2795 5610 3123 5676 deducitur,
3155 5609 3267 5663 nisi
3295 5608 3446 5676 quod
3473 5610 3788 5677 episcopus
3812 5609 3915 5659 lto-

2266 5704 2291 5731 «
2336 5694 2538 5735 manus
2558 5680 3091 5735 haberetdioecesim
3118 5679 3351 5747 majoris
3371 5683 3740 5734 extensionis
3760 5688 3913 5746 quam

2265 5772 2289 5802 ‹‹
2333 5752 2438 5805 alii
2488 5752 2741 5820 episcopi
2792 5750 3207 5819 Occidentales,
3255 5751 3404 5819 quod
3442 5763 3555 5803 non
3602 5759 3919 5819 negatur.»

2261 5825 2502 5877 Mentem
2536 5836 2698 5878 suam
2728 5822 2881 5879 clare
2911 5822 3008 5878 hic
3036 5821 3287 5891 explicat
3315 5828 3520 5876 auctor
3569 5828 3791 5891 noster,
3827 5822 3933 5888 qui
