4072 6176
229 320 374 377 4495

1041 325 1358 382 HISTORIA
1394 328 1485 381 DE
1532 327 1708 382 vms
1766 326 1929 381 nou.
1990 324 2187 380 PONT.
2237 286 2333 365 -“
2364 331 2422 385 s.
2475 287 2847 382 DION‘YSIUS.

3514 322 3537 380 4
3550 322 3652 384 426

226 452 295 501 ut
312 447 739 523 corruptionem
764 452 956 523 textus
981 456 1272 522 utcunque
1295 452 1576 522 probaret,
1604 448 1883 507 nonnulla
1906 445 1965 505 A
1993 449 2252 523 ceptione
2282 451 2717 520 episc0patuum
2749 465 2849 506 seu
2882 451 3281 523 parochiarum
3314 451 3385 507 ab
3414 451 3645 523 origine

228 532 336 592 pro
365 518 609 592 lectione
639 533 741 592 sua
768 520 1024 588 adducit,
1055 518 1307 592 quze'bic'
1330 524 1694 592 expendenda
1726 526 1883 576 sunt.

224 590 309 663 Ac
342 589 527 663 primo
558 590 789 663 quidem
826 589 1087 658 indicat,‘
1109 589 1416 663 imperium
1445 602 1576 649 ante
1608 602 1882 661 tempora,

227 660 464 714 Arcadii
507 667 561 714 et
593 662 827 717 Honorii
870 663 926 717 in
971 660 1246 720 dioeceses
1291 666 1670 720 distributum
1708 660 1886 718 fuisse

227 731 341 805 sub
389 731 767 805 Constantino
813 735 1034 805 Magno,
1079 736 1134 790 id
1183 744 1365 791 tamen
1413 743 1536 804 post
1573 735 1885 791 concilium

235 802 528 856 Nictenum
566 801 778 857 factum
812 801 1017 870 vidéri,
1054 814 1116 861 ut
1156 808 1348 862 Patres
1376 801 1734 862 Arelatenses
1762 818 1883 859 ma-

229 873 813 947 jorumnditecesium
862 877 1203 932 mentionem
1256 878 1437 933 facere
1481 878 1881 947 nequiverint:

234 964 261 993 α
309 944 557 1017 Dubium
583 953 689 1017 est,
727 946 939 1015 inquit,
967 961 1039 1001 an
1067 950 1481 1004 Constantinus
1514 944 1767 1017 tempore
1786 961 1889 1016 sy-

233 1034 261 1065 α
309 1014 442 1068 nodi
476 1014 826 1069 Arelatensis
852 1018 1222 1073 distribuerit
1244 1020 1548 1088 imperium
1586 1014 1648 1074 in
1670 1014 1888 1074 ditece—

235 1105 263 1135 «
308 1098 420 1149 ses,
452 1093 506 1139 et
534 1087 926 1142 verosimilius
951 1096 1056 1155 est,
1093 1104 1191 1144 nec
1217 1092 1269 1144 itl
1302 1087 1511 1146 factum
1539 1090 1721 1145 fuisse
1746 1098 1885 1143 tem-

234 1175 260 1206 α
309 1169 443 1223 pore
463 1157 721 1220 Nicaenae,
746 1172 872 1212 cum
900 1159 980 1213 ibi
1004 1161 1186 1215 solum
1218 1163 1430 1216 mentio
1453 1161 1549 1217 fiat
1574 1161 1889 1228 provincia-

232 1245 260 1277 α
305 1239 453 1288 rum,
481 1240 591 1280 non
614 1228 954 1284 diceeeseon.
982 1247 1007 1277 ιτ
1032 1232 1236 1286 Verum
1261 1234 1513 1302 graviter
1559 1233 1889 1286 hallucina—

230 1303 333 1373 tur
362 1304 581 1373 auctor,
614 1306 670 1352 et
700 1302 882 1373 errori
914 1315 1162 1356 errorem
1202 1304 1489 1371 adjungit,
1524 1317 1717 1373 seque,
1753 1314 1882 1373 cum

234 1368 319 1421 ita
359 1367 647 1441 loquitur,
688 1370 845 1437 Acta,
902 1386 1027 1440 quae
1078 1367 1327 1441 tempore
1378 1367 1883 1428 Nic’mni'concilii

232 1438 594 1505 prodierunt,
628 1453 738 1494 non
771 1438 1113 1508 pervolvisse
1140 1438 1411 1499 ostendit.
1440 1446 1637 1499 Exstat
1663 1456 1798 1497 sane
1827 1442 1884 1495 in

228 1509 596 1582 Constantini
624 1511 867 1579 epistola
891 1513 961 1567 de
985 1515 1252 1569 Paschate
1280 1528 1375 1582 per
1396 1522 1577 1569 totum
1604 1522 1884 1569 terrarum

231 1579 430 1654 orbem
458 1595 571 1635 uno
586 1582 686 1654 die
706 1582 1064 1649 celebrando,
1095 1600 1263 1654 quam
1282 1579 1400 1639 'tem
1415 1599 1546 1653 pore
1571 1586 1756 1654 ipsius
1778 1585 1888 1637 Ni—

229 1651 392 1725 omni
413 1652 651 1725 concilii
696 1654 955 1725 scripsit,
993 1656 1047 1709 in
1084 1651 1193 1725 qua
1226 1670 1337 1710 non
1373 1651 1557 1711 solum
1594 1651 1884 1710 variarum

233 1722 661 1796 provinciarum
677 1723 784 1778 sub
801 1725 975 1779 unius
990 1722 1246 1796 regionis
1260 1728 1489 1782 nomine
1504 1726 1882 1793 meminit,sed

230 1806 502 1861 expresse
519 1795 765 1849 Ponticae
777 1795 1069 1851 etAsianaé
1082 1800 1111 1851 d
1125 1799 1348 1853 itecesis
1368 1800 1709 1853 mentionem
1727 1796 1832 1851 fuci
1845 1804 1882 1859 t,

233 1864 475 1936 Ἀσιανὴν
505 1884 556 1916 τε
586 1867 843 1932 διοίκησιν,
874 1869 954 1919 καὶ
986 1868 1233 1936 Ποντικὴν
1264 1872 1552 1934 Asianum,
1591 1869 1803 1933 inquit,
1838 1871 1889 1919 et

227 1935 508 2008 Ponticam
546 1935 829 2008 diceeesim.
863 1940 1010 2007 Quid
1034 1935 1250 1995 clarius
1278 1940 1307 1994 εἰ
1329 1938 1475 2006 Quid
1508 1938 1837 2008 eXpressius
1861 1936 1889 1990 ‘I

229 2005 381 2072 Quid
409 2005 770 2081 manifestius
787 2022 818 2063 a
834 2005 1209 2065 Constantino
1230 2005 1429 2081 Magno
1451 2005 1627 2065 scribi
1659 2008 1890 2079 potuit?

228 2083 451 2150 certum
474 2078 667 2147 itaque
688 2086 792 2147 est,
817 2082 967 2149 quod
994 2089 1245 2150 tempore
1262 2078 1477 2136 Ni‘cteni
1497 2078 1732 2150 concilii
1751 2082 1891 2135 dite-

230 2159 394 2221 eeses
411 2146 628 2202 fuerint
652 2150 708 2204 in
734 2146 1008 2219 imperio:
1031 2146 1179 2221 quod
1205 2153 1459 2207 auctoris
1483 2153 1662 2207 nostri
1688 2147 1885 2221 ἀγνοέειν

228 2219 450 2292 prodit,
473 2233 719 2292 eumque
744 2223 995 2292 graviter
1021 2219 1125 2277 hac
1155 2225 1213 2277 in
1241 2238 1299 2277 re
1325 2237 1544 2278 errasse
1570 2219 1881 2277 convincit.

307 2310 333 2340 α
374 2290 637 2364 Secundo
674 2290 824 2364 dicit
860 2292 1101 2347 dubium
1144 2308 1288 2361 esse,
1333 2296 1692 2364 quandonam
1732 2294 1888 2348 Con-

228 2360 532 2432 stantinus
565 2362 870 2430 imperium
906 2364 963 2418 in
992 2364 1270 2419 diteceses
1308 2360 1700 2429 distribuerit,
1734 2365 1883 2432 quod

230 2431 482 2512 nihilad
510 2434 874 2512 quastionem
903 2434 1054 2501 facit,
1075 2437 1653 2512 cumditecesesante
1672 2436 1887 2512 distri-

231 2501 539 2575 butionem
569 2504 676 2557 sub
702 2511 951 2573 quatuor
982 2505 1265 2574 praefectis
1296 2508 1582 2575 pra-torio,
1612 2509 1671 2561 in
1700 2508 1889 2574 impe-

229 2573 322 2646 rio
352 2572 588 2646 fuerint,
622 2572 820 2644 sicque
851 2572 1041 2631 Patres
1070 2572 1427 2633 Arelatenses
1453 2579 1579 2633 suis
1605 2572 1887 2646 tempori-

228 2642 343 2698 bus
388 2642 742 2699 ditecesium‘
774 2660 974 2702 nomen
1026 2663 1303 2719 usurpare
1353 2651 1663 2717 potuerint,
1718 2642 1886 2717 prout

230 2728 550 2789 usurpasse
583 2729 756 2789 nemo
806 2718 916 2773 huc
955 2733 1139 2789 usque
1187 2721 1242 2773 in
1286 2720 1529 2774 dubium
1581 2721 1879 2774 revocavit.

228 2786 523 2840 Diteceses
571 2787 856 2855 Sylvestro
884 2786 1174 2855 tribuunt,
1207 2791 1482 2845 diteceses
1527 2792 1718 2858 itaque
1765 2799 1884 2844 tum

229 2863 401 2929 erant
454 2858 509 2929 in
568 2857 830 2929 imperio,
881 2874 1121 2929 quarum
1176 2862 1399 2916 nomine
1441 2857 1882 2929 amplitudinem

230 2928 1081 3001 patriarchalisjurisdictionis
1104 2933 1290 2987 Patres
1306 2946 1371 2986 ex
1384 2928 1718 3001 primebant.
1737 2931 1886 2986 Onu-

232 2999 443 3072 phrius
470 3001 1142 3072 Paiuviniusdivisionem
1170 2999 1615 3070 provinciarum,
1636 3018 1761 3072 quae
1779 3003 1886 3056 sub

227 3069 490 3145 Adriano
535 3071 874 3145 imperatore
922 3069 1197 3141 obtinuit,
1235 3073 1503 3145 referens,
1549 3069 1698 3128 inter
1739 3074 1887 3128 alios

1995 520 2261 575 Ecclesiae
2303 524 2568 577 conditas
2600 536 2698 591 per
2728 522 3019 590 apostolos
3047 541 3062 589 ;
3097 523 3154 576 in
3185 522 3361 577 altera
3395 520 3531 577 vero
3556 522 3645 578 si—

1996 591 2366 661 gnificatione
2422 593 2843 661 metr0politica
2897 594 3093 647 eodem
3142 594 3459 661 apostolico
3511 599 3646 647 tem-

2001 674 2133 729 pore
2164 662 2431 719 fundatas
2463 666 2734 719 diteceses
2769 667 2914 733 (nam
2947 670 3002 717 et
3034 662 3245 717 Paulus
3278 665 3466 718 Titum
3500 663 3645 717 reli—

1997 741 2194 800 querat
2227 737 2420 800 Cretae,
2457 736 2874 803 metropolitam
2921 747 2985 789 ac
3018 735 3316 803 primatem
3350 736 3530 788 totius
3560 734 3646 788 in-

1996 804 2156 867 sulte,
2186 811 2247 859 ut
2272 806 2648 861 constitueret
2666 807 3009 875 presbyteros
3032 820 3129 874 per
3173 806 3439 871 ciuitates)
3463 822 3480 869 ;
3502 809 3559 875 et
3585 804 3643 858 in

2000 875 2180 942 prima
2216 875 2315 930 illa
2349 874 2681 944 acceptione
2720 877 3041 931 diteceseon
3089 875 3311 931 eluceat
3345 874 3644 943 apostolo-

1999 960 2121 999 rum
2174 948 2424 1016 principi
2474 948 2652 1003 trium
2699 947 2917 1001 setlium
2966 948 3383 1015 prmcipuarum
3436 947 3639 1013 Romm,

1994 1017 2378 1073 Alexandriae.
2406 1020 2727 1074 Antiochia:
2755 1016 3065 1073 fundatori.
3091 1017 3295 1072 debere
3324 1017 3644 1072 institutio-

1998 1101 2120 1141 nem
2168 1102 2330 1143 suam
2379 1090 2802 1158 patriarchatus
2850 1090 3087 1144 totidem
3139 1088 3210 1143 iis
3257 1089 3315 1142 in
3362 1087 3645 1142 tractibus

1996 1160 2346 1215 constitutos
2374 1179 2388 1221 ς
2419 1174 2774 1225 consequens
2809 1167 2912 1219 est,
2948 1166 3014 1215 ut
3042 1160 3353 1229 Dionysius
3382 1159 3500 1213 dici
3532 1171 3643 1212 non

1995 1229 2195 1284 debeat
2225 1232 2278 1284 in
2316 1231 2430 1285 ulla
2466 1245 2533 1285 ex
2561 1232 2749 1286 tribus
2789 1231 2943 1285 verbi
2984 1230 3321 1285 notionibus
3364 1232 3646 1282 institutor

1992 1302 2204 1366 primus
2234 1302 2543 1354 diteceseon.
2578 1304 2768 1371 Neque
2800 1302 2854 1356 id
2890 1303 3101 1357 :tsset‘it
3143 1300 3481 1355 Anastasius
3511 1319 3526 1354 :
3554 1314 3648 1353 cu-

1991 1370 2089 1437 jus
2119 1371 2285 1425 verba
2317 1374 2545 1427 codices
2583 1370 2976 1433 ita’retiuent,
3025 1378 3090 1427 ut
3122 1371 3494 1440 intelligenda
3525 1371 3647 1423 sint

1995 1442 2064 1496 de
2096 1442 2337 1497 urbanis
2360 1443 2623 1498 ecclesiis
2654 1443 2993 1498 titularibus
3023 1442 3175 1498 fonte
3200 1443 3431 1496 donatis
3454 1448 3509 1495 et
3540 1447 3647 1495 tero

1996 1513 2201 1567 ritorio
2249 1528 2346 1582 per
2374 1515 2700 1569 decessores
2743 1528 2899 1579 suos,
2931 1520 2987 1568 et
3016 1526 3049 1568 a
3078 1527 3137 1567 se
3184 1513 3472 1567 restitutis
3518 1516 3647 1580 post

1994 1584 2151 1637 Decii
2179 1581 2551 1640 et’Valeriani
2589 1586 3034 1654 persecutiones,
3060 1584 3196 1638 dum
3225 1584 3448 1638 eosdem
3482 1581 3646 1638 urbis

1996 1654 2201 1708 titulos
2253 1662 2309 1710 et
2361 1656 2691 1711 suburbana
2749 1656 3071 1710 cmmeteria
3126 1656 3441 1723 partiretur
3496 1655 3647 1707 inter

1998 1725 2377 1794 presbyteros,
2418 1736 2479 1781 ut
2508 1728 2676 1782 lectio
2707 1728 2831 1795 ipsa
2872 1726 3098 1795 vulgata
3136 1726 3509 1780 demonstrat.
3546 1725 3646 1777 Hic

1925 1821 1969 1879 Β
1995 1797 2326 1879 presbyteris
2348 1800 2594 1879 ecclesias
2608 1800 2822 1879 diuisit,
2858 1806 2907 1850 et
2938 1798 3255 1878 cmmeteritt,
3277 1795 3646 1879 etparoc‘ltias

1998 1866 2244 1921 diuaceses
2275 1872 2570 1922 constituit.
2608 1870 2916 1923 Verborum
2948 1881 3151 1922 sensus
3182 1867 3433 1921 nitidius
3460 1867 3649 1920 adhuc

1999 1939 2318 2005 percipitur
2342 1954 2409 1994 ex
2438 1940 2607 2009 paulo
2636 1940 2871 1995 clariori
2899 1940 3265 2007 expressione
3292 1937 3552 1993 adhibita
3588 1937 3647 1990 in

1998 2009 2248 2063 sectione
2279 2012 2552 2073 Marcelli,
2587 2025 2715 2065 cum
2744 2011 2967 2065 scilicet
3001 2011 3050 2064 is
3081 2009 3409 2064 restitueret
3437 2021 3650 2063 cosme—

1998 2082 2143 2134 teria
2173 2080 2367 2135 diruta
2404 2087 2459 2136 et
2491 2082 2698 2151 viginti
2744 2082 3004 2151 quinque
3037 2080 3241 2136 titulos
3272 2080 3555 2137 Romanos
3586 2079 3645 2132 in

1998 2153 2394 2219 persecutione
2445 2153 2784 2207 Diocletiani
2836 2152 3150 2207 violentius
3200 2164 3533 2217 concussos,
3584 2161 3649 2203 ac

2000 2222 2391 2289 perturbatos:
2432 2244 2457 2274 (ι
2490 2225 2645 2278 Fecit
2689 2224 3011 2279 cmmeteria
3038 2224 3129 2277 via
3166 2222 3409 2285 Salaria,
3453 2231 3509 2275 et
3554 2220 3648 2274 vi-

1997 2292 2145 2362 ginti
2174 2294 2433 2363 quinque
2464 2294 2669 2351 titulos
2699 2296 2753 2348 in
2787 2294 2924 2348 urbe
2952 2295 3126 2349 Roma
3152 2292 3460 2347 constituit
3485 2291 3649 2363 quasi

1997 2361 2263 2426 diwceses,
2296 2361 2524 2433 propter
2551 2365 2921 2435 baptismum,
2945 2372 3000 2419 et
3029 2364 3423 2433 paenitentiam
3448 2361 3649 2417 multo-

1997 2447 2145 2501 rum,
2181 2435 2281 2504 qui
2310 2435 2790 2492 convertebantur
2819 2449 2888 2490 ex
2918 2436 3176 2504 paganis,
3208 2444 3264 2491 et
3295 2440 3526 2503 propter
3550 2445 3650 2487 se-

1996 2504 2284 2573 pulturam
2312 2513 2642 2576 martyrum.
2672 2525 2697 2557 ››
2720 2508 3036 2562 Plurimum
3060 2506 3317 2560 illustrat
3338 2510 3648 2576 utrumque

1997 2577 2184 2631 locum
2232 2574 2564 2632 adverbium
2609 2581 2772 2647 quasi
2821 2578 3201 2647 prtemissum,
3255 2581 3312 2630 et
3365 2574 3649 2647 particula

1992 2651 2212 2715 prapter
2262 2648 2530 2715 baptisma
2573 2645 2833 2717 subjecta
2876 2648 3046 2703 verbo
3078 2648 3345 2700 diwceses.
3386 2645 3652 2717 Ostendit

1994 2718 2145 2771 enim
2190 2731 2258 2772 ex
2304 2717 2482 2775 fontis
2528 2716 2921 2785 assig’natione
2963 2733 3029 2772 ac
3078 2718 3361 2773 territorii
3409 2716 3651 2771 urbanis

1997 2789 2192 2843 titulis
2219 2790 2676 2859 presbyterorum
2706 2791 3000 2844 inductam
3024 2788 3207 2843 fuisse
3229 2788 3533 2858 quamdam
3560 2788 3652 2841 si—

2000 2860 2385 2914 militudinem
2409 2862 2729 2916 diteceseou
2757 2862 2942 2915 tertia:
2967 2860 3341 2928 acceptionis,
3366 2872 3465 2913 seu
3491 2871 3649 2927 paro-

1993 2929 2257 2983 chiarum
2288 2932 2724 2999 episcopulium,
2764 2932 2965 2985 iisdem
3000 2930 3264 2984 ecclesiis
3308 2928 3648 2983 titularibus

1998 3001 2394 3069 presbyteroru
2408 3016 2452 3055 m
2474 3004 2603 3056 card
2617 3002 2794 3056 inaliu
2809 3015 2855 3055 m
2868 3042 2880 3053 .
2898 3001 3189 3069 Ejusmodi
3205 3000 3644 3067 explicationem

1999 3085 2352 3125 reservamus
2374 3085 2611 3127 numero
2635 3072 2910 3139 Marcelli,
2938 3071 3032 3126 ttbi
3053 3070 3433 3139 opportunior
3453 3083 3648 3123 occur-

233 3139 443 3217 t_itulos
470 3154 644 3217 unum
672 3144 848 3217 Italiae
877 3139 1193 3211 provinciis
1217 3139 1619 3216 przetigit,'quo
1639 3146 1878 3199 asserit:
1917 3153 1965 3217 Ο
1996 3149 2081 3217 _ret
2103 3161 2115 3201 -,
2141 3142 2276 3217 licet
2308 3142 2576 3217 nonnihil
2609 3144 2678 3217 de
2706 3142 3305 3217 eaprtelibaverimnin
3330 3140 3644 3217 superiori-

228 3212 571 3275 Provincias,
628 3214 711 3265 uel
766 3215 1010 3268 diceeeses
1064 3219 1121 3268 in
1168 3212 1635 3283 nolim—ejusque
1688 3217 1884 3268 insulis

226 3284 407 3347 fuisse
452 3284 843 3350 septemdecim.
890 3286 1046 3340 Licet
1088 3293 1275 3341 autem
1311 3287 1450 3341 mihi
1489 3300 1597 3341 non
1642 3293 1881 3351 constet,

232 3351 519 3406 undenam
571 3356 895 3420 provincias
932 3362 1071 3411 tunc
1117 3358 1390 3412 diceeeses
1445 3364 1672 3411 vocatas
1703 3355 1884 3411 fuisse

229 3424 550 3491 agnoverit,
601 3426 930 3480 nullatenus
977 3434 1161 3482 tamen
1212 3428 1487 3489 dubitem,
1545 3429 1683 3497 quin
1737 3428 1879 3481 illud

228 3498 685 3549 Stcutetczetera
725 3499 917 3552 omnia
960 3498 1167 3553 ibidem
1189 3499 1360 3553 allata
1386 3500 1440 3552 in
1469 3500 1730 3553 antiquis
1773 3512 1882 3551 mo-

230 3567 530 3637 numentis
590 3571 916 3635 repererit:
976 3583 1254 3637 ponamus
1308 3571 1520 3637 itaque,
1575 3567 1645 3622 ab
1701 3569 1885 3637 ipsius

228 3636 474 3708 Adriani
495 3637 845 3708 temporibus
861 3636 1129 3694 ditecesis
1154 3654 1353 3695 nomen
1378 3642 1546 3694 etiam
1570 3636 1883 3708 provinciis

230 3706 518 3780 tributum
543 3703 727 3763 fuisse
754 3727 766 3761 :
798 3723 1001 3779 negare
1032 3724 1193 3766 nemo
1224 3712 1445 3780 poterit,
1480 3703 1621 3780 quin
1659 3712 1882 3778 provin-

228 3779 339 3832 cia:
388 3780 609 3837 fuerint
658 3782 931 3835 diteceses
976 3783 1224 3836 minores
1276 3779 1533 3849 respectu
1581 3784 1878 3849 majorum,

229 3864 475 3918 quarum
508 3854 717 3907 Sextus
742 3851 923 3906 Rufus
951 3851 1007 3905 in
1034 3853 1321 3907 Breviario
1354 3854 1694 3907 mentionem
1725 3851 1878 3920 fecit,

227 3921 369 3975 dum
402 3924 460 3975 in
489 3925 704 3977 ἀειθεεεὶ
734 3924 1065 3976 Macedoniae
1089 3928 1286 3990 septem
1312 3926 1625 3991 prouincias
1656 3925 1885 3978 consti—

231 3999 392 4046 tutas
422 3992 601 4049 fuisse
645 3993 900 4061 scripsit,
940 4008 1007 4047 ac
1051 4008 1293 4063 quarum
1323 3995 1734 4049 Constantinus
1760 3996 1885 4048 Ma-

230 4076 382 4132 gnus
421 4066 480 4117 in
522 4064 765 4133 epistola
795 4066 862 4118 ad
914 4064 1199 4118 Ecclesias
1242 4066 1523 4124 meminit.
1555 4066 1690 4119 dum
1733 4073 1882 4119 tem-

232 4148 371 4201 pore
414 4137 650 4191 concilii
684 4135 899 4189 Nicteni
937 4139 1206 4188 Ponticum
1231 4143 1280 4189 et
1315 4137 1581 4189 Asianum
1615 4136 1883 4189 diteeesim

230 4206 305 4257 in
329 4209 655 4261 memoriam
686 4207 986 4261 revocavit.
1014 4206 1245 4260 Similes
1279 4207 1472 4275 itaque
1500 4207 1793 4267 diteceses,
1822 4212 1884 4260 ut

231 4288 297 4346 se
323 4276 650 4346 significare
684 4277 990 4331 innuerent
1024 4278 1216 4330 Patres
1248 4278 1624 4344 Arelatenses,
1650 4278 1884 4343 majores

233 4345 482 4401 dicaces-es
523 4347 841 4402 minoribus
884 4355 1294 4416 opposuerunt,
1331 4352 1389 4402 et
1417 4349 1648 4414 majores
1686 4348 1885 4401 dioece—

233 4432 320 4469 ses
350 4431 382 4471 a
411 4419 462 4471 S.
501 4419 788 4488 Sylvestro
829 4421 1000 4472 teneri
1026 4420 1405 4487 scripserunt.
1452 4420 1732 4472 Dtteceses
1768 4419 1885 4487 igi—

237 4493 340 4541 tur
367 4489 648 4557 Sylvester
680 4490 889 4549 tenuit,
922 4490 1057 4543 dum
1091 4489 1399 4543 concilium
1435 4490 1760 4543 Arelatense
1785 4504 1885 4543 ce—

238 4533 518 4614 lebratJum
561 4560 696 4623 fuit,
727 4533 927 4628 sicqtie
957 4573 1068 4614 non
1107 4561 1304 4627 paucis
1332 4562 1611 4613 duntaxat
1647 4563 1885 4625 provin—
1913 4533 1965 4593 D

232 4629 370 4689 ciis,
401 4632 820 4698 quaediuzceses
851 4633 1100 4683 minores
1120 4629 1459 4697 efﬁciebant,
1488 4631 1581 4684 sed
1618 4630 1884 4698 pluribus

235 4707 518 4754 terrarum
546 4702 849 4767 tractibus,
880 4702 978 4770 qui
1006 4702 1279 4755 diwceses
1314 4702 1553 4767 majores
1578 4703 1886 4756 constitue-

232 4770 396 4895 bgnt,
432 4771 682 4895 ptt'zefuit,
718 4786 784 4827 ac
815 4773 875 4826 in
916 4771 990 4825 iis
1019 4772 1455 4841 patriarchalem
1483 4774 1879 4827 auctoritatem

232 4854 266 4895 Ο
344 4855 466 4895 ιηιιι
502 4882 513 4894 .
547 4862 572 4891 ι>

230 4842 513 4896 obtinuit.
547 4862 572 4891 ι>

312 4913 413 4965 itis
455 4913 764 4981 praemissis
807 4927 836 4967 e
865 4912 1292 4977 Schelestratio,
1336 4925 1463 4966 cum
1507 4918 1725 4967 constet
1754 4915 1887 4984 Syl-

233 4990 490 5037 vestrum
535 4998 603 5039 ex
639 4985 877 5053 antiqua
918 4985 1337 5039 consuetudine
1371 4983 1615 5037 (lt'trccses
1653 4983 1885 5051 majores

233 5057 476 5107 tenuisse
505 5073 522 5117 ;
545 5056 671 5122 ejtts
700 5069 930 5124 quoque
959 5056 1303 5117 decessores,
1340 5055 1489 5108 unde
1513 5055 1579 5108 ad
1613 5055 1883 5123 Sylvestri

231 5131 460 5179 aetatem
477 5129 710 5193 antiqua
732 5126 829 5180 illa
868 5126 1223 5180 consuetudo
1262 5126 1514 5179 derivata
1536 5131 1639 5189 est,
1660 5128 1884 5181 eosdem

231 5201 449 5249 tractus
478 5199 693 5256 imperii
713 5196 1038 5265 complexos
1060 5198 1249 5265 plures
1276 5198 1585 5264 provincias
1615 5198 1888 5253 similiter

234 5269 498 5321 tenuisse
537 5266 826 5321 fatendum
875 5274 980 5321 est.
1015 5268 1208 5336 Neque
1249 5267 1397 5320 enim
1431 5268 1613 5321 victor
1654 5268 1889 5322 Asianis

230 5338 529 5405 episcopis
560 5339 769 5393 minari
799 5344 1016 5404 poterat
1041 5338 1378 5392 sententiam
1410 5351 1688 5405 supremae
1714 5340 1884 5407 sedis,

233 5409 355 5463 nisi
398 5409 593 5477 aliqua
625 5409 930 5463 sacerdotii
966 5410 1177 5463 summi
1217 5409 1559 5462 auctoritate
1595 5409 1886 5464 ditecesim

236 5478 508 5533 Asianum
558 5481 860 5534 tenuisset.
892 5480 994 5534 Sed
1040 5492 1222 5548 neque
1255 5480 1431 5547 Syrias
1465 5480 1520 5531 in
1558 5484 1742 5533 tractu
1787 5495 1887 5535 seu

234 5551 476 5604 dioecesi
510 5551 822 5605 constituto
846 5550 1180 5605 Caesariensi
1214 5549 1586 5616 metropolitze
1622 5550 1891 5604 mandas-

236 5628 349 5683 set,
388 5635 448 5675 ut
475 5621 754 5688 synodum
781 5621 851 5675 de
878 5636 937 5675 re
968 5620 1224 5675 Paschali
1257 5624 1594 5673 convocaret
1623 5633 1653 5672 e
1678 5621 1891 5676 vicinis

242 5692 586 5759 provinciis,
610 5692 725 5746 nisi
749 5697 806 5745 et
825 5692 1082 5746 eumdem
1105 5698 1343 5745 tractum
1370 5690 1679 5744 dimceseos
1695 5692 1890 5745 Orien-

238 5765 322 5815 tis
348 5762 547 5831 aliqua
578 5769 852 5831 potestate
885 5762 1252 5831 pontificatus
1283 5761 1515 5814 maximi
1551 5761 1888 5827 complecte-

238 5839 423 5889 retur.
452 5835 591 5888 Cum
622 5835 816 5903 itaque
840 5843 1056 5888 certum
1089 5833 1187 5901 sit,
1220 5833 1469 5887 diwceses
1503 5831 1562 5885 in
1590 5832 1759 5887 tertia
1786 5846 1891 5888 ac-

1996 3212 2285 3337 :igginottis
2309 3219 2364 3267 et
2389 3209 2891 3268 observationibus
2918 3212 2986 3266 ad
3020 3226 3175 3267 num.
3201 3209 3235 3265 3
3257 3212 3310 3264 S.
3338 3210 3503 3277 Cleti,
3527 3210 3638 3266 col.

2162 3296 2191 3337 e
2242 3297 2360 3337 seu.

2066 3281 2125 3337 61
2162 3290 2218 3337 et
2242 3297 2360 3351 seq.

2062 3355 2377 3423 Antequam
2427 3354 2531 3408 hoc
2577 3354 2698 3408 loco
2728 3354 2992 3408 excedam
3037 3352 3230 3421 operis
3265 3351 3510 3420 pretium
3555 3365 3643 3406 me

1994 3423 2277 3479 facturum
2304 3425 2557 3480 arbitror
2578 3427 2626 3480 si
2654 3426 2824 3495 paulo
2848 3424 3098 3480 nitidius
3122 3424 3215 3479 hic
3237 3436 3516 3495 exponam
3541 3423 3641 3477 illa

1994 3509 2119 3565 quae
2144 3495 2251 3549 col.
2281 3496 2381 3549 cit.
2404 3511 2579 3565 supra
2603 3498 2660 3550 in
2688 3498 2839 3551 notis
2860 3497 2928 3551 ad
2952 3497 3135 3550 Vitam
3154 3495 3295 3549 Cleti
3318 3494 3638 3562 afferebam,

1992 3567 2060 3621 ad
2094 3566 2501 3621 illustrandum
2545 3569 2836 3622 Anastasii
2874 3574 3087 3621 textum
3119 3567 3273 3621 circa
3307 3566 3642 3620 institutio—

1995 3652 2117 3691 nem
2142 3639 2347 3706 viginti
2372 3640 2630 3708 quinque
2657 3638 2957 3693 tttulorum
2982 3636 3452 3707 presbyteralium
3479 3635 3643 3690 urbis

1999 3712 2201 3765 ltomte.
2232 3709 2377 3762 beati
2415 3711 2561 3763 Petri
2583 3710 2753 3777 jussu
2776 3724 2808 3764 u
2833 3709 2987 3763 clero
3020 3710 3331 3771 inductam,
3361 3713 3468 3761 eta
3498 3721 3643 3761 suc—

1991 3778 2318 3834 cessoribus
2344 3781 2690 3847 restitutum,
2714 3787 2767 3834 et
2791 3778 3217 3848 amplificatam,
3241 3790 3456 3832 necnon
3485 3779 3641 3832 circa

1991 3851 2327 3905 subsecutus
2353 3851 2692 3918 partitiones
2717 3851 3047 3919 hujusmodi
3077 3849 3401 3904 titularium
3419 3849 3487 3903 ad
3512 3848 3643 3903 heb-

1990 3920 2319 3977 domadaria
2342 3920 2522 3975 ofﬁcia
2547 3922 2915 3990 persolvendo
2942 3922 2998 3976 in
3029 3919 3508 3990 patriarchalibus
3533 3920 3640 3975 ba—

1991 3992 2182 4046 silicis
2220 3990 2405 4059 Urbis,
2451 3999 2575 4061 post
2619 3994 2945 4047 earumdem
2986 3991 3350 4047 erectionem.
3383 3992 3639 4046 Brevitas

1992 4065 2142 4117 enim
2181 4062 2301 4127 illa,
2335 4076 2503 4132 quam
2545 4065 2887 4118 Anastasius
2918 4077 2985 4118 ex
3018 4062 3295 4132 catalogis
3339 4063 3551 4129 hausit,
3585 4070 3641 4118 et

1995 4133 2400 4202 multiplicitas
2422 4139 2731 4204 gestorum,
2758 4149 2883 4204 qua:
2906 4135 2963 4189 in
2988 4140 3207 4189 arctum
3230 4139 3517 4188 contracta
3543 4148 3642 4203 per

1996 4220 2098 4259 nos
2138 4203 2250 4259 fuit
2284 4206 2340 4258 in
2372 4203 2563 4259 eadem
2609 4203 2836 4277 pagina,
2886 4213 2949 4261 ut
2991 4205 3416 4277 observationes
3449 4205 3642 4273 potius

1995 4290 2164 4346 quam
2197 4283 2476 4330 tractatus
2509 4276 2761 4346 integros
2789 4282 3192 4342 attexeremus,
3227 4276 3638 4331 obscuritatem

1993 4348 2247 4415 aliquam
2293 4360 2487 4414 parere
2520 4360 2728 4416 posset,
2762 4348 2877 4402 nisi
2922 4348 3353 4416 opportunitate
3385 4348 3479 4401 hic
3508 4349 3641 4402 data

1997 4426 2290 4472 uteremur
2332 4419 2399 4471 ad
2432 4432 2494 4472 ea
2539 4421 2854 4487 praesertim
2900 4418 3263 4484 declaranda,
3300 4432 3423 4486 qua!
3459 4417 3537 4471 ibi
3570 4419 3641 4473 de

1996 4501 2233 4543 numero
2254 4501 2319 4543 ac
2337 4495 2406 4542 de
2430 4489 2751 4543 ministerio
2774 4489 3146 4543 basilicarum
3175 4488 3361 4540 Romae
3390 4489 3643 4554 patriar-

1994 4559 2247 4613 chalium
2272 4560 2588 4614 distributo
2613 4562 2669 4613 in
2694 4560 3015 4627 septenaria
3036 4556 3501 4627 presbyterorum
3524 4571 3583 4612 ca
3596 4573 3644 4612 r-

1998 4630 2281 4684 dinalium
2305 4644 2404 4683 seu
2428 4626 2778 4695 titularium,
2802 4635 2858 4683 et
2877 4630 2946 4683 de
2966 4626 3167 4682 ofﬁciis
3189 4634 3243 4679 et
3263 4627 3489 4682 vicibus
3515 4628 3645 4682 heb-

1996 4702 2348 4757 domadariis
2377 4713 2476 4767 pro
2500 4700 2659 4754 varia
2682 4707 2995 4767 temporum
3020 4697 3331 4766 disciplina
3358 4699 3640 4768 gradatim

1998 4772 2183 4827 auctis
2212 4770 2652 4838 exponebamus.

2066 4841 2357 4896 indicabat
2377 4840 2742 4895 Innocentius
2772 4842 2863 4907 Ιῐῐ,
2895 4839 3200 4906 praeclarus
3230 4838 3327 4893 ille
3350 4838 3501 4895 inter
3524 4842 3645 4898 Ro-

1997 4925 2194 4967 manos
2217 4912 2513 4980 pontifices
2537 4912 2799 4966 doctrina
2824 4918 2880 4966 et
2909 4911 3290 4965 sanctimonia
3320 4911 3643 4968 illustrator

1996 4997 2286 5039 sacrorum
2313 4984 2553 5048 rituum,
2575 4988 2631 5037 et
2655 4988 2903 5050 mysticae
2929 4982 3377 5050 signiﬁcationis
3399 4996 3586 5038 rerum
3610 4999 3643 5040 a

1995 5053 2394 5110 decessoribus
2424 5053 2551 5107 suis
2584 5054 2639 5106 in
2676 5054 2923 5107 Romana
2958 5052 3206 5107 Ecclesia
3242 5053 3640 5110 institutarum

1997 5125 2374 5181 fidelissimus
2396 5124 2699 5191 interpres,
2718 5137 2880 5193 atque
2900 5138 2965 5178 ac
2986 5124 3458 5191 sapientissimus
3482 5125 3648 5191 legis-

1997 5198 2162 5261 lator,
2191 5194 2501 5260 indicabat,
2529 5197 2784 5264 inquam,
2813 5196 2869 5248 in
2893 5194 3136 5262 epistola
3158 5195 3289 5264 Reg.
3318 5208 3413 5258 xv,
3435 5208 3490 5248 n.
3518 5194 3638 5266 454,

1995 5282 2025 5322 a
2050 5267 2425 5321 Thomassino
2459 5266 2676 5335 prolata
2708 5266 2766 5319 in
2800 5266 3008 5335 veteris
3037 5278 3103 5318 ac
3133 5278 3287 5319 nova:
3312 5266 3647 5334 Disciplina.-

2000 5344 2143 5407 part.
2180 5351 2216 5402 ι,
2247 5337 2348 5391 lib.
2380 5351 2418 5405 ι,
2449 5333 2571 5405 cap.
2605 5333 2690 5403 45,
2723 5350 2878 5391 num.
2908 5334 2964 5403 2,
2994 5336 3304 5407 Ecclesium
3339 5333 3644 5393 Romanam

1997 5405 2328 5480 creterarum
2371 5415 2544 5475 caput
2572 5415 2628 5462 et
2658 5414 2893 5480 matrem
2926 5407 3094 5461 talem
3124 5405 3393 5480 exhibere
3434 5407 3647 5480 imagi-

2000 5494 2125 5534 nem
2177 5478 2439 5532 Ecclesize
2482 5478 2800 5541 catholicae,
2836 5483 2901 5532 ut
2940 5476 3257 5545 exemplum
3312 5476 3650 5536 illustre'sit

2000 5550 2193 5606 throni
2230 5548 2414 5613 illius,
2462 5563 2527 5602 ac
2556 5551 2710 5603 sedis
2736 5548 2836 5602 Dei
2871 5555 2925 5603 et
2970 5549 3137 5618 Agni,
3172 5560 3341 5616 quam
3390 5548 3542 5605 vidit
3585 5567 3650 5608 ac

2000 5621 2312 5689 descripsit
2353 5620 2411 5673 in
2454 5620 2795 5689 Apocalypsi
2835 5620 3078 5674 Joannes
3115 5619 3430 5687 apostolus.
3472 5622 3652 5678 Verba

2002 5691 2321 5747 Innocentii
2366 5698 2541 5744 sunt:
2578 5711 2601 5740 α
2641 5693 2697 5744 1η
2750 5690 2936 5745 medio
2979 5689 3156 5760 sedis,
3185 5697 3242 5744 et
3291 5696 3349 5744 tu
3394 5692 3649 5750 circuitu

2002 5762 2157 5817 sedis
2187 5768 2351 5815 erant
2376 5768 2625 5830 quatuor
2654 5762 2929 5816 animalia
2965 5762 3127 5830 plena
3158 5762 3368 5830 oculis,
3402 5769 3511 5818 etc.
3543 5765 3653 5818 Se-

2000 5835 2102 5889 des
2150 5833 2260 5887 ista
2312 5834 2562 5888 Romana
2604 5832 2857 5888 Ecclesia
2908 5832 3280 5903 intelligitur,
3323 5847 3452 5902 qua;
3488 5835 3653 5889 sedes
