4072 6176
457 258 593 318 4427

1677 264 2033 323 ANASTASII
2089 265 2639 323 BIBLIOTHECARII
2694 258 2711 269 ’

3736 266 3863 324 Ηὲε

456 387 773 464 apostolica
820 394 1223 464 nuncupatur,
1256 393 1465 462 Utique
1514 392 1677 448 sedes
1721 392 1890 463 Agni,
1937 389 2099 464 sedes
2124 388 2184 448 A
2211 387 2632 464 clesiathrono
2660 390 2993 464 adornando
3018 394 3289 461 tanquam
3313 392 3461 464 Agni
3483 392 3642 447 sede.
3670 389 3865 458 Quem-

457 461 705 516 viventis
734 463 790 516 in
818 464 1026 520 sacula
1056 461 1416 519 saculorum.
1442 465 1504 518 In
1536 465 1721 520 medio
1741 461 1909 532 cujus
1935 462 2098 532 quasi

460 531 595 604 ﬁlia
626 532 688 604 in
722 535 939 603 gremio
967 536 1239 597 resident,
1270 542 1319 589 et
1350 535 1407 589 in
1436 535 1689 590 circuitu
1718 531 1907 589 astant
1935 531 2101 604 quasi

460 601 569 676 fam
582 602 689 676 ula
710 601 766 659 in
784 605 1061 676 obsequio
1078 610 1326 676 quatuor
1345 607 1754 673 patriarchales
1766 601 2053 661 Ecclesia.
2075 621 2100 651 ››

460 674 621 741 Quod
665 674 1035 732 Innocentius
1078 674 1171 732 hic
1204 677 1569 745 memorabat,
1618 678 1886 732 hauserat
1914 690 1946 732 a
1980 676 2108 729 suis

463 746 895 803 decessoribus:
927 761 1168 817 quorum
1188 748 1387 803 studio
1405 748 1654 816 videbat,
1678 754 1741 802 ut
1761 749 1931 803 etiam
1955 760 2108 802 nunc

461 817 754 873 cernimus
782 820 839 873 in
873 819 1162 888 plerisque
1192 818 1455 875 basilicis
1486 821 1776 888 Romanis,
1810 820 1953 874 etin
1986 818 2109 885 ple-

464 889 663 957 risque
682 889 874 944 titulis
891 890 1232 945 delineatam
1258 891 1475 946 idcirco
1492 890 1674 946 fuisse
1694 891 1837 946 hanc
1857 891 2107 945 eamdem

467 960 772 1031 imaginem
798 961 953 1015 sedis
975 962 1072 1016 Dei
1100 968 1153 1015 et
1175 961 1320 1031 Agni
1343 976 1472 1017 cum
1498 969 1747 1031 quatuor
1776 962 1896 1017 illis
1923 960 2113 1030 mysti-

466 1030 925 1103 cis_animalium
960 1033 1184 1103 ﬁguris,
1218 1030 1451 1088 currum
1485 1030 1683 1103 gloria
1715 1033 1940 1088 Domini
1977 1046 2110 1101 per-

466 1100 829 1157 trahentibus
877 1100 1105 1172 quando
1152 1100 1628 1173 progrediendum
1671 1105 1843 1158 estin
1888 1100 2113 1157 exteras

466 1178 679 1245 gentes,
713 1174 1062 1245 etthronum
1091 1176 1189 1229 Dei
1220 1182 1276 1229 et
1298 1176 1443 1245 Agni
1472 1175 1838 1245 cingentibus
1869 1174 2113 1229 honori—

468 1246 575 1298 ﬁco
606 1241 885 1299 famulatu
927 1245 1156 1314 quando
1198 1241 1462 1314 majestas
1489 1241 1745 1300 omnium
1782 1246 2008 1299 Domini
2053 1246 2107 1298 in

463 1315 595 1370 sede
648 1315 846 1385 gloria
894 1331 1012 1371 sua
1053 1317 1547 1384 procumbentium
1597 1317 1960 1371 adorationes
2008 1329 2112 1369 ex-

468 1392 703 1455 spectat.
735 1389 814 1441 lta
843 1401 1040 1456 nempe
1065 1387 1443 1442 adumbratur
1467 1388 1811 1441 universitas
1841 1388 2114 1441 Ecclesia-

467 1470 597 1512 rum
644 1458 916 1513 catholici
954 1458 1226 1521 nominis,
1264 1471 1361 1526 per
1389 1471 1583 1513 omnes
1626 1458 1824 1513 mundi
1859 1458 2052 1528 plagas
2082 1470 2114 1511 a

470 1528 948 1599 patriarchalium
981 1528 1200 1583 sedium
1231 1530 1519 1598 episcopis
1552 1530 1663 1584 late
1698 1538 2024 1599 pr0pagata,
2059 1536 2114 1583 et

470 1599 542 1655 ab
578 1600 783 1654 iisdem
825 1599 933 1654 sub
981 1600 1353 1669 patriarchali
1405 1601 1614 1655 throno
1663 1601 1808 1655 Petri
1854 1601 2114 1655 omnium

473 1671 732 1740 principe
758 1672 944 1726 Roma
971 1672 1287 1726 constituto
1316 1672 1385 1726 ad
1414 1673 1741 1727 unanimem
1768 1672 1864 1726 Dei
1894 1672 2114 1726 cultum

2212 461 2517 517 admodum
2567 463 2749 534 igitur
2794 462 3081 518 minorum
3124 461 3744 533 imperii'diaceseon,
3776 476 3862 534 seu

2213 533 2631 602 provinciarum
2686 534 2941 603 episcopi
2985 534 3234 603 aliquem
3282 548 3349 589 ex
3399 548 3467 589 eo
3518 547 3770 588 numero
3818 533 3865 586 in

2216 604 2509 674 provincia
2530 605 2913 675 agnoscebant
2937 606 3146 674 potiori
3166 607 3295 674 jure
3318 606 3631 674 praeditum
3656 606 3731 658 ab
3753 618 3867 673 apo-

2215 675 2385 731 stolis
2421 677 2477 729 in
2512 676 2870 744 prasidendo
2899 676 3139 741 caeteris,
3167 683 3224 731 et
3254 678 3309 730 in
3343 676 3743 734 convocanda.
3778 690 3867 730 or-

2215 746 2584 815 dinandoque
2626 747 3199 815 comprovincialium
3238 753 3431 803 ccetu:
3468 750 3548 801 ita
3587 750 3650 800 in
3682 746 3869 801 titulis

2217 818 2492 873 Romanis
2514 818 2696 887 (quasi
2717 819 3030 872 dioecesibus
3054 819 3270 873 idcirco
3286 815 3634 887 designatis)
3659 817 3869 887 placuit

2220 902 2460 959 praesse
2516 889 2874 959 presbyteros
2928 889 3291 955 cardinales,,
3324 890 3542 959 quibus
3614 894 3870 959 parerent

2217 961 2407 1015 caeteri
2443 959 2754 1030 presbyteri
2786 961 2969 1016 eidem
3004 960 3175 1015 titulo
3203 961 3651 1016 sucrenturiati.
3685 968 3753 1015 ut
3788 974 3873 1027 per

2218 1031 2416 1086 domos
2445 1031 2723 1099 ﬁdelium,
2751 1032 2871 1086 sive
2898 1045 2994 1101 per
3021 1032 3279 1101 proxima
3304 1033 3637 1086 cameteria
3669 1031 3873 1085 titulo-

2222 1116 2346 1157 rum
2392 1102 2605 1157 ﬁnibus
2644 1103 2936 1173 assignata
2979 1115 3139 1157 sacra
3180 1103 3602 1157 ministrarent.
3660 1103 3873 1173 Rursus

2222 1180 2285 1228 ut
2325 1174 2575 1227 minores
2620 1173 2735 1227 illa
2774 1171 3077 1242 'diaceses,
3131 1174 3251 1228 sive
3302 1175 3621 1242 provincia
3671 1171 3871 1237 forent,

2221 1246 2341 1299 sive
2382 1246 2660 1313 regiones,
2710 1245 3042 1300 constabant
3097 1258 3159 1299 ea
3207 1245 3345 1314 lege,
3395 1252 3455 1299 ut
3502 1250 3716 1312 prater
3756 1244 3876 1298 illas

2226 1316 2526 1384 imperium
2559 1323 2890 1385 agnosceret
2927 1317 3201 1371 diaceses
3243 1317 3505 1384 majores,
3541 1316 3718 1370 modo
3748 1316 3876 1383 plu-

2224 1387 2407 1453 ribus,
2443 1386 2608 1441 modo
2651 1387 3024 1454 paucioribus
3064 1385 3345 1455 praefectis
3384 1388 3665 1456 pratorio
3710 1387 3877 1440 attri-

2223 1457 2391 1512 butas
2415 1459 2470 1511 in
2502 1457 2663 1512 civili
2685 1459 3065 1527 dispositione
3088 1457 3460 1527 reipublicae;
3489 1461 3570 1511 ita
3596 1459 3661 1511 in
3692 1457 3878 1511 Eccle—

2225 1528 2461 1583 siastica
2491 1528 2817 1583 hierarchia
2847 1532 3045 1583 Petrus
3073 1528 3409 1586 fundaverat
3428 1530 3756 1584 diacesum
3782 1540 3879 1581 ma-

2220 1601 2412 1669 jorum
2454 1601 2616 1654 sedes
2654 1601 2821 1667 duas,
2868 1600 3313 1655 Alexandrinam
3355 1608 3411 1655 et
3439 1600 3877 1659 Antiochenam,

2227 1672 2524 1741 proximas
2553 1671 2837 1742 dignitate
2874 1685 2907 1727 a
2936 1671 3207 1737 Romana,
3244 1678 3301 1726 et
3329 1670 3737 1739 amplitudine
3774 1683 3880 1723 suae

472 1741 753 1812 ﬁdemque
779 1742 1037 1807 collecta,
1070 1750 1125 1798 et
1155 1743 1511 1799 consolidata
1539 1762 1550 1796 :
1580 1748 1708 1812 apte
1742 1744 1801 1797 in
1830 1742 2117 1797 articula—
2142 1750 2193 1809 Β
2224 1743 2595 1798 auctoritatis
2637 1741 2897 1811 plurium
2947 1743 3374 1809 provinciarum
3411 1742 3698 1810 praesules
3728 1754 3879 1795 com-

442 1806 545 1868 ‘tis
572 1815 630 1868 in
662 1806 986 1885 compagem
1017 1806 1278 1883 Corporis
1303 1814 1526 1870 Christi
1563 1806 1659 1883 per
1691 1814 2113 1869 hierarchicum

471 1886 721 1954 regimen
753 1885 1061 1940 sacerdotii
1094 1886 1344 1957 singulis
1373 1886 1817 1941 collectionibus
1859 1885 2113 1939 ﬁdelium

470 1970 783 2027 earumque
832 1957 1214 2025 prasulibus,
1264 1971 1361 2027 per
1405 1958 1690 2023 civitates,
1743 1956 2113 2026 provincias,

471 2028 765 2095 diaceses,
796 2041 994 2097 nempe
1031 2029 1339 2099 episc0pis,
1384 2028 1859 2097 archiepiscopis,
1898 2028 2119 2099 prima-7

474 2099 653 2165 tibus,
699 2100 1046 2168 patriarchis
1071 2097 1189 2155 sub
1234 2097 1349 2155 uno
1382 2099 1651 2168 pontiﬁce
1684 2100 1929 2153 maximo
1970 2097 2117 2153 Petri

472 2170 859 2239 apostolorum
909 2172 1195 2240 Principis
1229 2172 1650 2226 successionem
1685 2183 1751 2225 ac
1795 2170 1982 2225 locum
2029 2175 2121 2224 te-

478 2248 645 2296 nente
674 2242 777 2295 hac
812 2242 869 2295 in
902 2244 1034 2298 sede
1064 2243 1335 2297 Romana.

546 2311 747 2383 Unitas
772 2312 907 2379 hac,
929 2320 986 2368 et
1003 2314 1263 2369 ordinata
1284 2312 1564 2368 connexio
1588 2313 1836 2383 partium
1855 2311 2122 2368 Ecclesia

478 2382 775 2455 catholica
805 2384 913 2455 sub
940 2385 1112 2440 unico
1142 2384 1365 2440 visibili
1398 2382 1605 2453 capite,
1641 2399 1766 2455 qua
1801 2385 1952 2439 inter
1976 2398 2122 2453 apo-

476 2453 670 2509 stolici
718 2454 959 2524 sy'mboli
1002 2456 1282 2511 articulos
1310 2457 1379 2511 ad
1431 2453 1700 2511 tesseram
1752 2463 1959 2511 nostra
1990 2455 2121 2510 ﬁdei

476 2525 640 2594 plene
662 2526 1000 2581 reddendam
1026 2529 1229 2583 merito
1252 2534 1607 2591 numeratur,
1631 2529 1761 2595 jure
1781 2529 1948 2582 etiam
1974 2540 2126 2581 exer-

478 2596 838 2668 cuitucuram
874 2599 1229 2666 pontiﬁcum,
1278 2604 1342 2653 ut
1374 2598 1562 2653 oculis
1594 2612 1821 2668 quoque
1869 2598 2124 2653 ﬁdelium

475 2666 712 2739 sensilis
738 2667 1086 2735 redderetur,
1118 2675 1238 2722 tum
1265 2670 1323 2722 in
1348 2669 1505 2723 hisce
1530 2666 1823 2739 ﬁguris'ab
1844 2672 2128 2723 Innocen-

479 2737 563 2791 tio
607 2739 953 2807 memoratis,
989 2747 1107 2794 tum
1137 2741 1196 2793 in
1231 2746 1464 2807 aspectu
1490 2737 1781 2794 sacrarum
1812 2741 2042 2807 adium,
2072 2746 2128 2794 et

482 2808 559 2863 iis
590 2806 1006 2875 prafectorum,
1040 2809 1254 2878 quibus
1290 2813 1518 2878 sapiens
1543 2811 1896 2865 architectus
1928 2813 2127 2866 Petrus

478 2878 775 2948 apostolus
800 2884 1061 2934 constare
1083 2879 1266 2935 voluit
1292 2887 1715 2935 sacrosanctum
1742 2883 1845 2936 hoc
1871 2882 2126 2936 taberna-

477 2950 674 3005 culum
702 2951 800 3005 Dei
832 2951 981 3005 inter
1004 2951 1287 3018 homines,
1310 2951 1615 3007 Romanam
1639 2952 1970 3006 Ecclesium.
1998 2954 2127 3007 Sive

479 3021 665 3091 igitur
690 3020 850 3076 tituli
872 3019 944 3077 25
961 3021 1032 3076 ab
1054 3022 1229 3077 initio
1250 3022 1651 3091 fundarentur,
1677 3030 1738 3079 ut
1761 3024 1911 3078 vices
1932 3037 2128 3079 omnes

2226 1814 2515 1883 plexuras.
2547 1812 2753 1868 Harum
2786 1827 3015 1883 quoque
3040 1815 3326 1883 specimen
3350 1814 3539 1868 visum
3565 1820 3658 1867 est
3682 1826 3716 1867 a
3744 1814 3880 1865 titu-

2226 1885 2302 1940 lis
2331 1885 2673 1940 distinctum
2708 1886 2767 1939 in
2803 1887 3064 1939 Romana
3110 1885 3373 1940 Ecclesia
3408 1884 3684 1949 partibus
3713 1883 3875 1937 exhi-

2226 1957 2374 2011 bere.
2396 1956 2813 2025 Opportunitas
2830 1955 3137 2011 exhibendi
3155 1956 3495 2025 speciminis
3513 1969 3576 2009 se
3592 1955 3811 2009 obtulit
3828 1956 3878 2006 in

2228 2028 2437 2082 erectis
2476 2027 2742 2082 basilicis
2779 2027 3160 2095 amplioribus
3188 2041 3216 2081 a
3249 2028 3662 2081 Constantino.
3702 2028 3880 2095 Neque

2231 2099 2288 2154 id
2309 2106 2494 2153 tamen
2522 2099 2695 2154 unius
2710 2094 3137 2168 pontiﬁcis,aut
3156 2099 3332 2153 unius
3348 2098 3556 2152 saculi
3576 2112 3731 2166 opus
3751 2094 3878 2149 fuit:

2232 2171 2707 2240 quemadmodum
2755 2184 2856 2224 nec
2890 2170 3064 2225 unius
3099 2169 3390 2236 pontiﬁcis
3435 2183 3579 2223 cura
3609 2168 3749 2240 fuit
3788 2181 3881 2235 pa—

2232 2239 2613 2297 triarcharum
2644 2241 2803 2296 orbis
2827 2242 3142 2295 Christiani
3175 2255 3476 2296 numerum
3514 2239 3791 2294 deﬁnire.

2304 2316 2601 2367 Diaceseon
2632 2313 2751 2367 sive
2774 2313 3064 2380 majorum,
3100 2314 3217 2366 sive
3248 2315 3525 2365 minorum
3554 2318 3757 2380 typum
3788 2308 3883 2362 sub

2229 2385 2526 2455 Dionysio,
2549 2386 2619 2440 de
2640 2398 2753 2454 quo
2773 2397 3020 2455 agimus,
3047 2385 3190 2437 satis
3214 2382 3528 2438 reddebant
3551 2382 3721 2455 tituli
3744 2380 3811 2433 ab
3832 2392 3886 2433 eo

2233 2453 2502 2525 reparati,
2536 2462 2591 2510 et
2611 2453 2719 2510 sub
2744 2453 3011 2510 Marcello
3037 2455 3349 2509 similiter:
3381 2454 3631 2525 quando
3656 2453 3727 2506 ab
3752 2461 3887 2505 utro-

2234 2524 2343 2598 que
2368 2528 2480 2582 isto
2512 2527 2778 2596 pontiﬁce
2812 2535 2936 2594 post
2969 2532 3306 2598 memoratas
3340 2524 3779 2598 persecutiones
3804 2536 3890 2575 re-

2234 2595 2441 2654 stituto
2458 2595 2665 2670 viginti
2689 2599 2944 2668 quinque
2961 2596 3227 2670 titulariu
3238 2611 3285 2650 m
3305 2595 3782 2670 presbyterorum
3801 2607 3891 2647 nu-

2236 2670 2410 2740 mero)
2428 2670 2485 2723 in
2512 2668 2624 2739 riuo
2644 2670 2994 2724 universitas
3012 2668 3319 2723 sacerdotii
3338 2681 3405 2723 ex
3429 2668 3655 2740 virium
3682 2676 3891 2740 summa

2234 2736 2543 2809 elucebat)'
2575 2741 2753 2795 divisi
2811 2749 2946 2794 sunt
2990 2740 3174 2808 tituli,
3226 2752 3291 2793 ac
3339 2738 3685 2793 cameteria
3731 2736 3888 2809 certis

2238 2808 2604 2881 presbyteris,
2626 2825 2690 2865 ea
2709 2825 2875 2881 quam
2891 2812 3149 2866 diximus
3166 2808 3721 2881 partitioneviginti
3738 2808 3888 2881 quin-

2236 2879 2348 2953 que
2381 2879 3053 2952 titularibusparituris,
3089 2881 3255 2951 quasi
3291 2880 3653 2951 prasulibus
3686 2879 3889 2933 dicace—

2236 2968 2392 3009 86011.

2304 3025 2664 3080 Constructis
2703 3038 2835 3080 vero
2876 3024 3143 3081 basilicis
3185 3021 3578 3092 amplioribus
3612 3036 3716 3091 per
3751 3020 3886 3073 Con-

479 3065 878 3162 sacerdolales,
903 3107 1029 3162 qua
1055 3100 1242 3149 stante
1264 3065 1438 3149 veteri
1463 3065 1785 3149 sacerdotio
1811 3065 2129 3162 meros-aly:
2156 3091 2204 3153 C
2878 3065 3254 3163 iiiEiiIéiores
3276 3065 3577 3149 commode
3600 3065 3768 3148 ireddi
3795 3104 3886 3159 po-

480 3163 591 3218 mis
617 3164 1018 3225 cernebantur,
1052 3164 1149 3221 hic
1182 3166 1491 3235 perennius
1515 3172 1572 3219 et
1600 3166 1885 3221 sacratius
1909 3167 2124 3222 consti-

480 3240 618 3289 tuta
671 3240 1163 3306 agnoscerentur;
1215 3236 1334 3306 sive
1388 3236 1611 3291 reddita
1667 3237 1937 3292 Ecclesia
1995 3250 2127 3306 pace

479 3312 683 3374 prater
704 3307 908 3362 titulos
929 3305 1208 3362 Romanas
1231 3305 1303 3362 25
1326 3308 1497 3362 etiam
1525 3307 1779 3363 basilica
1800 3305 2129 3363 excitaren—

478 3387 593 3442 tur,
620 3378 1087 3447 patriarchalium
1107 3379 1443 3434 thronorum
1465 3379 1769 3449 imaginem
1795 3382 2125 3446 redditura,

481 3454 544 3503 ut
576 3450 943 3503 Innocentius
975 3449 1212 3505 indicat.
1242 3454 1299 3503 et
1318 3449 1634 3504 cardinalis
1656 3451 1954 3519 Raspouus
1984 3465 2131 3505 con—

481 3519 670 3573 ﬁrmat
696 3532 764 3574 ex
792 3520 1123 3575 testimonio
1150 3521 1392 3575 alterius
1417 3520 1732 3575 cardinalis
1763 3522 1927 3587 longe
1961 3528 2130 3576 vetu-

478 3591 700 3656 stioris,
732 3604 931 3657 nempe
955 3591 1010 3645 S.
1035 3592 1186 3646 Petri
1218 3592 1503 3657 Damiani,
1532 3592 1784 3661 aliisque
1813 3594 2130 3647 documen-

481 3662 580 3724 tis,
605 3662 902 3731 productis
923 3676 1097 3731 supra
1123 3664 1182 3717 in
1205 3664 1359 3718 notis
1378 3664 1446 3718 ad
1479 3665 1658 3718 Vitam
1682 3666 1738 3717 S.
1765 3664 1945 3731 Cleti;
1975 3676 2130 3718 mens

481 3733 673 3788 eadem
706 3735 965 3789 omnium
997 3748 1392 3789 successorum
1427 3733 1538 3789 fuit
1569 3748 1695 3804 qua
1734 3736 2127 3803 apostolorum

485 3804 734 3873 principi
766 3804 947 3861 fuisse
978 3806 1353 3873 intelligitur,
1376 3806 1512 3861 dum
1541 3805 1695 3860 Cleto
1725 3806 2036 3871 mandaret,
2069 3812 2131 3860 ut

479 3874 553 3931 25
600 3876 957 3945 presbyteros
1004 3878 1061 3929 in
1114 3877 1258 3931 Urbe
1300 3877 1677 3931 constitueret
1726 3890 1923 3943 nempe
1958 3877 2133 3930 exhi—

481 3946 615 4000 bere
636 3946 816 4016 totius
829 3946 1147 4001 Christiani
1169 3948 1476 4002 sacerdotii
1497 3948 1823 4002 ordinatum
1848 3948 2134 4016 principa-

484 4024 605 4093 tum
634 4015 741 4093 sub
763 4016 1031 4085 pluribus
1050 4018 1359 4093 episcopis,
1382 4020 1558 4093 unius
1581 4015 1870 4093 pontiﬁcis
1894 4019 2130 4073 maximi

489 4088 795 4157 primatum
827 4088 1293 4156 agnoscentibus,
1328 4089 1428 4158 qui
1462 4088 1668 4146 fratres
1694 4090 2054 4145 conﬁrmaret
2077 4094 2133 4145 et

486 4158 1211 4231 auctoritatisprastantia
1247 4167 1463 4231 regeret
1502 4161 1800 4216 universos
1829 4163 1886 4214 in
1917 4167 2130 4229 partem

486 4227 909 4283 sollicitudinis
938 4237 1186 4285 vocatos.

558 4298 642 4352 Ad
674 4298 817 4369 hanc
845 4300 1149 4369 imaginem
1175 4300 1552 4356 exhibendam
1584 4315 1691 4357 non
1720 4303 1955 4357 unicum
1986 4301 2130 4357 illud

489 4368 809 4442 symbolum
839 4368 1238 4425 universitatis
1266 4371 1593 4426 adhibitum
1625 4372 1758 4440 fuit,
1797 4374 1943 4442 quod
1975 4380 2134 4441 pete-

488 4440 722 4531 batura'
741 4441 966 4531 vicibus
986 4443 1528 4531 veteris‘sa‘cerdotii
1558 4440 2133 4531 nlosnici.'qj)po£tu—
2163 4473 2212 4531 Β

490 4526 625 4567 num
662 4511 803 4567 illud
851 4514 1148 4583 potissime
1188 4512 1300 4568 fuit
1334 4514 1392 4567 in
1423 4519 1625 4568 exortu
1666 4511 1951 4570 Ecclesia.
1990 4516 2130 4570 Cum

488 4584 639 4639 enim
664 4584 775 4639 ista
798 4599 896 4654 per
914 4598 1093 4640 annos
1114 4584 1439 4653 complures
1457 4598 1488 4640 e
1507 4586 1649 4641 solis
1667 4587 1901 4653 Judais,
1925 4587 2133 4641 deinde

490 4661 617 4724 post
641 4655 921 4711 visionem
950 4657 1200 4712 Cornelii
1233 4658 1402 4712 etiam
1434 4672 1502 4712 ex
1532 4658 1799 4728 gentibus
1827 4657 2135 4727 colligere—

488 4733 605 4793 tur,
639 4728 1031 4801 prastabat‘eo
1054 4731 1221 4799 signo
1248 4736 1384 4783 tunc
1406 4731 1490 4801 uti
1520 4729 1731 4784 vicium
1761 4730 1973 4801 viginti
2002 4741 2139 4801 qua:

489 4799 1122 4871 tuor‘sacerdotalium,
1163 4801 1361 4855 addita
1391 4800 1662 4871 vigesima
1695 4799 1897 4869 quinta
1928 4799 2133 4854 vicarii

491 4868 804 4937 pontiﬁcis,
827 4872 976 4939 quod
998 4872 1056 4925 in
1077 4872 1289 4926 recenti
1309 4868 1579 4926 memoria
1601 4868 1806 4926 veteris
1828 4871 2134 4927 sacerdotii

489 4946 628 4994 atas
661 4940 759 4994 illa
788 4942 975 4997 adhuc
1008 4943 1260 4998 vividum
1289 4949 1345 4997 et
1378 4956 1622 5011 prasens
1652 4943 1889 4997 maxime
1916 4942 2137 4996 retine-

494 5014 606 5066 bat.
638 5011 868 5081 Sepulta
898 5014 1127 5069 interim
1160 5016 1449 5085 Synagoga
1481 5028 1609 5069 cum
1638 5015 1871 5079 honore,
1902 5013 2008 5068 alii
2036 5028 2134 5069 su-

495 5090 759 5151 pererant
803 5086 1027 5154 mystici
1064 5087 1287 5141 numeri
1333 5087 1730 5141 universitatis
1766 5087 1825 5141 in
1860 5086 2134 5141 Ecclesiis

495 5168 593 5224 per
620 5156 910 5223 apostolos
940 5155 1217 5217 fundatis,
1244 5165 1301 5211 et
1331 5158 1629 5225 potissime
1656 5170 1929 5213 numerus
1959 5163 2137 5226 septe-

495 5226 716 5288 narius,
735 5226 807 5281 ab
820 5227 1157 5296 Apocalypsi
1192 5230 1429 5283 Joannis
1456 5228 1988 5295 reddituscelebris,
2012 5236 2131 5285 tum

495 5298 553 5352 iu
580 5298 791 5353 Asiana
813 5298 1045 5354 diacesi
1075 5304 1286 5368 septem
1311 5299 1689 5354 Ecclesiarum
1720 5300 1828 5354 sub
1849 5300 2134 5369 Ephesina

492 5368 645 5440 sede,
696 5383 864 5440 quam
910 5369 1120 5424 Paulus
1168 5370 1483 5425 tradiderat
1531 5370 1847 5436 Timotheo,
1899 5368 2020 5426 tum
2072 5373 2130 5426 in

492 5439 749 5509 symbolo
778 5441 1013 5497 totidem
1047 5441 1538 5500 candelabrorum,
1583 5454 1648 5496 ac
1680 5443 1917 5497 totidem
1947 5443 2133 5512 spiri-

494 5517 658 5582 tunm
689 5512 787 5566 Dei
818 5513 1024 5567 throno
1052 5514 1387 5577 astantium,
1424 5512 1635 5568 ibidem
1666 5526 1953 5582 expresso.

563 5580 831 5654 Romanis
856 5582 1227 5650 pontiﬁcibus
1250 5584 1465 5652 placuit
1489 5585 1661 5639 etiam
1692 5580 1794 5639 hac
1814 5583 2132 5654 symbolum

491 5649 765 5722 adhibere
795 5649 919 5707 suis
950 5654 1006 5707 in
1041 5649 1656 5722 titulis—disponendis,
1688 5656 1756 5710 ad
1791 5649 2137 5710 universalis

487 5720 757 5803 gccl'esia
785 5725 1073 5803 specimen
1102 5720 1471 5803 reddendum,
1504 5726 1801 5803 totiusque
1826 5727 2135 5803 sacerdo_tii

488 5793 810 5849 Christiani
840 5795 1171 5860 synedrium
1197 5797 1635 5865 exprimendum
1666 5793 1724 5852 iri
1755 5797 2018 5852 Romana
2042 5798 2140 5852 Ec-

2234 3172 2472 3222 tuerunt
2497 3167 2570 3221 iis
2595 3168 2653 3221 in
2677 3167 2959 3236 basilicis,
2984 3180 3048 3222 ac
3070 3165 3305 3235 ﬁgurari
3328 3184 3343 3230 ς
3368 3171 3431 3219 ut
3453 3165 3719 3218 diacescs
3740 3164 3889 3236 mino-

2235 3254 2320 3291 res
2352 3238 2800 3307 provinciarum,
2850 3232 2957 3294 seu
2996 3232 3297 3293 civitatum
3327 3238 3477 3305 (nam
3526 3242 3587 3289 et
3613 3236 3684 3307 ad
3714 3232 3890 3307 urbes

2237 3305 2501 3379 singulas
2531 3305 2797 3364 diacesis
2829 3322 3032 3365 nomen
3076 3309 3303 3363 tandem
3330 3313 3598 3375 aptatum
3633 3305 3774 3367 fuit)
3807 3316 3891 3371 per

2239 3381 2444 3435 titulos
2467 3381 2747 3454 Romanos
2775 3383 2832 3434 in
2858 3380 3090 3435 ﬁliabus
3112 3379 3388 3454 Ecclesiis
3408 3379 3555 3437 suis,
3587 3384 3653 3432 ut
3676 3381 3887 3454 vocant.

2234 3454 2364 3520 jura
2426 3451 2703 3506 nonnulla
2749 3459 3080 3507 exercentes
3121 3451 3610 3512 ostenderentur;
3665 3451 3889 3513 majores

2240 3536 2370 3577 vero
2414 3522 2659 3575 diaceses
2707 3524 2872 3591 quasi
2927 3525 2984 3577 in
3031 3529 3162 3591 typo
3208 3521 3756 3576 demonstrarentur
3803 3529 3891 3591 per

2239 3594 2513 3648 basilicas
2545 3588 2974 3662 patria—rchales.
3006 3588 3200 3647 Visum
3229 3599 3315 3647 est
3344 3593 3541 3660 itaque
3569 3588 3886 3662 septenario

2242 3678 2498 3730 numero,
2535 3658 2934 3720 universitatis
2966 3664 3154 3719 indice
3182 3664 3237 3717 in
3270 3658 3591 3730 Scripturis
3619 3673 3771 3728 sape
3793 3658 3888 3711 de-

2243 3744 2582 3809 monstrato,
2604 3749 2672 3790 ex
2696 3736 2979 3809 sententia
3004 3735 3314 3804 Augustini
3337 3739 3395 3787 et
3420 3731 3881 3809 Gregorii,_h0tn.

2240 3805 2390 3862 33in
2421 3801 2652 3877 Evang,
2679 3806 3044 3875 aliorumque
3068 3801 3318 3867 Patrum,
3344 3812 3401 3877 et
3425 3801 3884 3858 hebdomadariis

2241 3878 2470 3933 vicibus
2495 3876 2624 3948 apte
2652 3891 3021 3946 responsura,
3049 3879 3192 3930 hanc
3218 3876 3524 3948 imaginem
3549 3886 3725 3948 posse
3749 3883 3886 3948 pra;-

2240 3950 2406 4003 stari.
2437 3940 2623 4017 Quare
2652 3940 2910 4003 basilicis
2944 3948 3257 4017 majoribus
3290 3940 3791 4017 patriarchatuum
3821 3940 3887 3994 ﬁ—

2241 4034 2441 4094 guram
2463 4016 2794 4094 reddituris
2825 4019 3092 4094 attributi
3124 4026 3259 4094 sunt
3298 4016 3648 4094 singillatim
3681 4020 3882 4094 septeni

2242 4088 2545 4164 titulorum
2572 4091 2883 4164 presbyteri
2906 4090 3248 4164 cardinales.
3275 4088 3372 4158 qui
3400 4088 3686 4141 concinne
3706 4088 3887 4164 signi-

2243 4162 2498 4221 ﬁcarent.
2534 4162 2790 4234 minores
2823 4161 3423 4234 diacesescivitatum
3457 4172 3527 4212 ac
3560 4161 3888 4234 provincia:

2244 4249 2369 4289 rum
2405 4247 2502 4302 per
2528 4233 2884 4302 patriarchas
2912 4234 2990 4288 ita
3014 4231 3283 4287 collectos
3310 4235 3466 4302 arcte
3494 4222 3757 4302 co'nnecti
3787 4222 3886 4278 sub

2245 4318 2359 4360 uno
2398 4299 2585 4372 capite
2620 4305 2803 4359 totius
2839 4303 3104 4358 Ecclesia
3142 4301 3459 4368 catholica,
3504 4299 3658 4369 quod
3700 4307 3886 4372 omnes

2243 4368 2615 4450 agnoscerent
2670 4376 2729 4430 in
2760 4374 3441 4450 _patri_archa_Romano,
3495 4368 3695 4450 utpote
3743 4368 3882 4450 Petri

2243 4443 2632 4515 apostolorum
2687 4443 2972 4515 principis
3024 4444 3239 4515 inihoc
3289 4443 3486 4497 eodem
3536 4443 3880 4509 episcopatu.

2244 4514 2410 4586 quem
2447 4514 2754 4586 primatum
2798 4516 3062 4571 Ecclesia
3096 4514 3325 4581 fecerat,
3357 4524 3719 4586 successore,

2314 4592 2423 4644 Nec
2447 4580 2635 4642 tamen
2661 4594 2878 4643 certum
2901 4601 3025 4642 esse
3048 4587 3293 4641 dixerim
3316 4580 3515 4639 eodem
3545 4580 3758 4637 saculo
3782 4588 3881 4645 quo

2238 4659 2728 4714 Constantiniana
2754 4658 3006 4713 basilica
3029 4656 3423 4711 condebantur
3450 4658 3556 4708 has
3583 4652 3883 4707 hebdoma—

2241 4732 2437 4804 darias
2463 4731 2960 4804 vices_ti_tularium
2991 4728 3448 4797 presbyterorum
3479 4728 3541 4804 in
3568 4724 3785 4804 eisdem
3804 4718 3882 4804 b1-

2243 4803 2431 4857 silicis
2462 4801 2633 4856 simul
2669 4792 3005 4866 institutas;
3026 4812 3125 4853 nec
3151 4792 3399 4867 quatuor
3422 4803 3529 4850 aut
3550 4795 3803 4864 quinque
3820 4792 3881 4867 ab

2247 4874 2412 4928 initio
2442 4873 2714 4927 basilicas
2738 4873 2841 4927 hoc
2864 4859 3186 4940 septenario
3212 4859 3681 4940 ministrantium
3711 4859 3881 4940 [itula—

2245 4944 2394 4999 rium
2424 4957 2659 4999 numero
2689 4942 2870 4998 fuisse
2890 4935 3152 5009 donatas,
3183 4946 3245 4995 ut
3267 4939 3687 5006 responderent
3708 4935 3880 5009 ﬁgant

2244 5016 2475 5070 totidem
2493 5015 2585 5070 sed
2599 5015 2715 5070 ium
2736 5006 3205 5083 patriarchalium
3222 5010 3382 5083 orbis
3400 5010 3755 5083 Christiani.
3772 5006 3877 5059 Srio

2244 5094 2457 5157 quanta
2489 5080 2757 5157 ﬁrmitate
2782 5084 3115 5157 obstiterint
3147 5081 3383 5157 Romani
3417 5080 3749 5157 pontiﬁces,
3778 5084 3875 5157 luit!

2244 5145 2467 5231 quarto,
2495 5164 2614 5211 tum
2639 5154 3072 5231 quintosaculo
3097 5168 3223 5208 ara
3242 5145 3876 5231 Christiana_,gprasuli-

2244 5220 2350 5283 bus
2364 5220 3037 5299 Constanti’nopolitanis,
3052 5224 3457 5299 connumerari
3472 5220 3873 5299 adnitentibus.

2243 5314 2342 5354 seu
2365 5302 2507 5368 pari,
2532 5312 2632 5352 seu
2656 5298 3039 5366 prastantiori
3063 5297 3243 5366 gradu
3262 5309 3388 5350 cum
3408 5300 3642 5368 caeteris
3668 5297 3877 5368 patriar-

2240 5366 2388 5426 chis‘.
2414 5370 2565 5424 Satis
2608 5375 2752 5424 nota
2782 5383 2846 5423 ac
2871 5368 3120 5423 celebres
3149 5372 3304 5431 sunt,
3338 5373 3459 5419 tum
3495 5366 3749 5425 Damasi,
3775 5369 3876 5414 tum

2241 5441 2445 5497 Leonis
2475 5440 2660 5512 Magni
2687 5440 2963 5508 epistola,
2992 5444 3180 5512 vetera
3200 5438 3332 5512 iuga
3358 5443 3688 5512 asserentes
3714 5432 3882 5512 tribus

2241 5513 2501 5582 antiquis
2517 5505 2750 5567 sedibus
2773 5505 3255 5579 patria'rchalibus
3277 5508 3485 5582 Roma,
3511 5505 3879 5582 Alexandria.

2242 5579 2582 5651 Antiochia,
2606 5589 2662 5636 et
2682 5583 3013 5638 cohibentes
3036 5579 3467 5651 usurpationem
3494 5579 3887 5651 Constantina

2246 5655 2514 5727 politana
2539 5648 3205 5727 sedisantistitum._qu_i
3240 5650 3579 5727 nitebantur
3614 5648 3739 5727 loco
3771 5659 3887 5727 ιιωο

2245 5721 2372 5780 vere
2400 5724 2849 5781 Alexandrinum
2882 5729 2939 5778 et
2966 5721 3410 5795 Antiochennm,
3436 5726 3497 5795 ut_
3543 5721 3888 5795 sensitnre-

2241 5802 2468 5867 ptarent
2509 5795 2577 5850 ad
2617 5797 3014 5864 occupandum
3058 5793 3242 5848 totius
3282 5789 3553 5847 Ecclesia
3593 5787 3895 5843 catholica
