4040 6184
242 300 365 357 4429

1003 301 1319 357 HISTORIA
1369 304 1459 357 DE
1518 304 1685 359 VITIS
1745 302 1914 359 ROM.
1968 303 2163 359 PONT.
2223 336 2294 345 —
2335 307 2389 360 S.
2448 307 2821 362 DIO.\‘Y.~‘~IU5.

3477 258 3614 363 uso

240 422 552 497 primatum,
577 422 870 497 studentes
895 423 1005 491 ipsi
1037 423 1283 479 Romano
1304 426 1457 493 ponti
1470 426 1558 480 ﬁci
1583 424 1860 494 praeferri.
1886 426 1945 484 A
1973 422 2221 497 famulas
2236 426 2293 482 in
2309 426 2585 497 obsequio
2601 436 2848 497 quatuor
2862 428 3273 496 patriarchales
3284 428 3569 483 Ecclesias
3584 446 3609 477 υ

236 493 424 545 Verum
477 492 591 545 haec
635 493 873 547 audacia
923 501 1202 562 postrema
1254 492 1363 551 neu
1410 492 1624 551 invasit
1650 502 1863 551 mentes

238 562 456 637 illorum
502 563 831 637 praesulum,
874 566 975 633 qui
1024 571 1187 620 :etate
1226 567 1448 622 Damasi
1498 575 1554 622 et
1606 568 1862 637 proxima

234 633 916 706 Constantinopolitanum
968 637 1356 706 episcopatum
1417 633 1703 693 tenebant.
1752 640 1864 693 Hos

237 705 375 760 inter
403 711 637 779 sanctus
669 706 913 779 Joannes
948 708 1415 779 Chrysostomus,
1451 711 1548 779 qui
1578 716 1728 763 certe
1754 709 1864 763 ob-

234 776 704 856 sequeutissimus
732 777 799 856 in_
814 778 959 832 Petri
991 776 1188 856 sedem
1211 779 1375 851 longe
1402 776 1596 856 aberat
1616 781 1687 835 ab
1706 780 1860 835 omni

233 846 557 921 ambitionis
585 846 841 916 igniculo
880 848 1250 915 confovendo,
1296 846 1525 921 quando
1559 858 1865 907 accusatus

233 917 337 998 fuit
379 922 992 998 tanquamuattentator
1016 921 1214 998 aliena:
1238 917 1708 998 jurisdictionis,
1733 936 1861 976 cum

231 988 517 1061 episcopos
563 988 953 1061 Aptiochente,
1009 993 1093 1046 vel
1157 988 1418 1061 Ponticaa,
1474 993 1561 1048 vel
1615 993 1861 1060 Asiana),

230 1060 529 1114 dioeceseos
555 1059 639 1114 vel
671 1061 992 1117 ordinasset
1019 1063 1104 1118 vel
1122 1059 1563 1127 exauctorasset,
1584 1064 1733 1118 nihil
1762 1079 1864 1119 co-

230 1129 522 1200 gitabatde
536 1134 787 1199 primatu
813 1134 1076 1188 Ecclesiae
1105 1138 1384 1190 universa:
1402 1136 1738 1199 invadendo,
1764 1142 1866 1190 aut

230 1202 525 1275 evertenda
558 1201 828 1275 primzeva
858 1204 1183 1260 hierarchia
1230 1215 1282 1261 et
1312 1206 1726 1262 constitutione
1760 1221 1864 1275 pa-

231 1272 984 1352 t_riarchaliumthronorum
1008 1277 1370 1352 Antiochenaa
1395 1272 1865 1352 etAlexandrinze

228 1344 551 1424 dimceseos.
596 1345 808 1424 Fusius
833 1360 899 1424 ea
929 1351 1297 1424 prosequitur
1327 1356 1381 1403 et
1422 1350 1657 1424 exponit
1708 1349 1868 1424 :Ifho—

231 1418 517 1488 massinus
558 1423 727 1488 parte
762 1418 943 1485 prima
991 1421 1199 1474 veteris
1227 1427 1281 1474 et
1314 1434 1469 1474 novaa
1508 1419 1862 1488 Disciplinte,

228 1485 394 1567 libat“,
420 1498 545 1567 cap.
574 1486 665 1541 40.
698 1486 959 1567 Ostendit
981 1490 1423 1567 enim_ab‘initio
1441 1485 1865 1567 ejusdem_capi-

230 1556 301 1610 tis
328 1554 404 1630 1ολ
419 1558 644 1611 Nicenze
665 1559 887 1626 synodi,
904 1574 1118 1615 canone
1135 1558 1167 1614 7
1192 1579 1203 1614 :
1228 1554 1673 1630 Consequentium
1691 1554 1866 1614 hono—

228 1630 299 1707 ris
326 1626 508 1707 fuisse
536 1629 816 1707 decretam
838 1633 1105 1707 episcopo
1128 1626 1665 1707 llierosolymitano,
1698 1634 1864 1685 salvis

216 1699 439 1765 juribus
468 1701 819 1768 metropolitee
843 1702 1189 1757 Caesariensis
1218 1706 1311 1760 cui
1344 1699 1595 1767 suberat,
1628 1717 1866 1773 eamque

226 1776 441 1841 auctum
468 1773 744 1837 confessus
792 1773 1199 1841 honorificeiniu
1239 1794 1273 1829 a
1320 1778 1553 1831 NlCéBIliS
1583 1776 1859 1840 Plit-ribus,

228 1846 323 1893 eta
347 1840 874 1915 Chalcedonensibus
900 1840 1032 1897 novo
1062 1851 1223 1900 etiam
1238 1848 1386 1915 jure,
1412 1846 1864 1901 assentientibus

224 1912 553 1988 apostolicae
579 1914 733 1988 sedis
764 1915 988 1988 legatis,
1020 1929 1201 1988 neque
1233 1912 1287 1972 id
1307 1919 1608 1988 decretum
1641 1920 1866 1972 rescin-

224 1983 391 2066 dente
420 1984 598 2066 Leone
624 1983 983 2066 Magno’mlp.
1019 1983 1281 2066 l_’2,'num.
1301 1985 1356 2058 7)
1385 2002 1499 2066 quo
1519 2002 1586 2042 ex
1616 1993 1867 2066 tempore

224 2056 373 2108 inter
434 2056 788 2123 patriarchas
839 2059 1077 2126 censeri,
1137 2056 1348 2116 nedum
1404 2056 1554 2115 inter
1588 2060 1866 2114 exarchos

224 2132 322 2179 aut
341 2126 750 2201 umeirOpolitas
779 2128 951 2201 etiam
979 2130 1531 2201 llierosolymitanus
1556 2131 1744 2199 coepit.
1769 2130 1869 2184 Os-

228 2197 415 2278 tendit
443 2198 657 2278 pariter
684 2196 961 2278 (cap-J40)
993 2196 1316 2278 imitatione
1362 2204 1534 2271 hujus
1562 2196 1807 2278 exempli
1834 2214 1866 2255 a

224 2269 698 2349 Nictena‘synodo
726 2270 1077 2349 petit_i_,‘quaa‘
1095 2269 1754 2349 dignitatemcoufessus
1778 2274 1869 2349 de-

222 2343 480 2421 creveuat
519 2343 785 2421 episeOpo
821 2343 984 2421 {Elite
1032 2346 1152 2399 sive
1182 2345 1714 2421 Hierosolymitano,
1747 2343 1871 2421 cle-

226 2425 354 2465 rum
385 2410 1087 2484 Co‘nstantinopolitanum
1103 2429 1353 2479 curasse,
1382 2410 1523 2471 ut'in
1547 2428 1611 2469 ea
1631 2416 1867 2484 synodo,

222 2496 354 2561 qua:
382 2480 852 2561 subpamas-oin
888 2486 1042 2561 regia
1076 2487 1215 2542 urbe
1252 2486 1533 2561 celebrata
1562 2480 1871 2561 estu'contra

222 2553 644 2633 luaeedonium,
672 2553 1227 2633 ederenturdecreta
1259 2558 1591 2633 honoriﬁca.
1619 2558 1872 2625 ejusdem

220 2624 510 2705 Beclesiaa.
528 2625 881 2705 przesuli-bus
902 2629 1355 2705 prhinlatumusive
1374 2624 1748 2705 exarchatum
1780 2635 1875 2682 at—

223 2694 573 2770 tribuentia,
603 2702 665 2750 ut
695 2709 818 2752 can.
847 2694 916 2754 25
948 2698 1577 2770 Constantinopolitanus
1597 2701 1875 2768 episcopus

223 2767 431 2840 habent
481 2768 755 2835 primatus
823 2770 1090 2837 honorem,
1168 2772 1230 2824 τὰ
1280 2767 1511 2840 ἐρεσὸεία
1566 2778 1651 2836 τῆς
1707 2777 1871 2840 τιμῆς,

220 2844 349 2912 post
400 2839 701 2891 Romanum
729 2843 1056 2910 episcopum,
1106 2859 1164 2897 eo
1199 2839 1344 2912 quod
1389 2844 1462 2895 sit
1495 2857 1636 2895 nova
1686 2839 1871 2896 Roma.

221 2909 563 2990 Licetnvero
590 2909 919 2990 apostolica
948 2915 1112 2990 sedes
1142 2909 1264 2969 rata
1307 2927 1419 2969 non
1454 2913 1718 2990 habuerit
1749 2915 1875 2990 ejus

224 2979 437 3056 synodi
484 2987 660 3056 gesta,
716 2983 833 3039 nisi
884 2984 941 3038 in
976 2985 1068 3039 his
1099 3000 1226 3056 qua:
1251 2992 1450 3041 contra
1474 2979 1873 3056 Macedoniam

224 3055 357 3124 rite
369 3066 506 3120 pron
518 3052 870 3124 untiaverat;
892 3052 1138 3112 canones
1160 3070 1291 3113 vero
1305 3057 1376 3112 de
1391 3055 1553 3112 sediu
1567 3070 1614 3109 m
1640 3056 1878 3124 patriar-

1971 496 2336 566 exhibebant,
2378 496 2575 569 aliqua
2620 496 2688 553 ex
2736 500 2827 553 his
2869 498 3103 553 referret
3144 501 3501 569 Byzantinam
3536 500 3605 554 ad

1973 581 2175 622 novum
2238 570 2505 624 honorem
2548 576 2790 625 erectam
2835 583 2866 624 a
2907 571 3176 625 conciliis
3223 570 3330 625 sub
3369 584 3607 625 assensu

1970 651 2237 706 expresso
2264 641 2350 695 vel
2376 642 2549 696 tacito
2582 642 2843 696 Romamn
2870 641 3024 695 sedis
3049 659 3064 702 ;
3096 655 3223 695 cum
3242 641 3454 696 diserte
3479 655 3606 695 con—

1972 714 2319 766 testarentur
2348 714 2536 766 eadem
2576 713 2697 780 ipsa
2733 712 2974 767 concilia
3015 711 3608 781 Constantinopolita-

1972 794 2128 848 num,
2164 784 2536 850 Ephesinum,
2572 784 3052 849 Chalcedonense,
3095 796 3221 849 qua:
3264 783 3609 851 priesullbus

1970 852 2489 923 Hierosolymitano
2535 862 2589 909 et
2618 853 3261 922 Constantinopolitano
3294 867 3466 908 novos
3500 853 3609 908 ho-

1974 937 2140 978 nores
2168 925 2571 988 decernebant,
2606 925 2707 980 hos
2733 939 2981 980 canones
3010 924 3184 978 robur
3212 934 3548 993 accepturos
3576 937 3608 978 a

1971 994 2265 1051 voluntate
2309 996 2545 1051 Romani
2591 995 2902 1064 pontiﬁcis,
2951 996 3046 1050 cui
3078 995 3408 1063 supplicum
3458 1007 3611 1050 more

1974 1080 2167 1133 preces
2218 1067 2517 1121 humiliter
2561 1066 2888 1133 oﬁ'erebant,
2937 1074 2999 1120 ut
3044 1066 3607 1121 his'assentiretur:

1975 1158 1999 1185 «
2024 1137 2304 1207 Rogamus
2331 1139 2449 1193 tuis
2468 1138 2714 1193 decretis
2738 1147 2993 1193 nostrum
3020 1137 3562 1203 honoresjudicium
3590 1154 3605 1199 ;

1972 1214 2027 1261 et
2049 1210 2201 1263 sicut
2221 1209 2508 1276 noscapiti
2531 1211 2586 1263 in
2604 1209 2790 1275 bonis,
2809 1208 3124 1277 adiecimus
3140 1208 3603 1263 consonantiam:

1973 1281 2059 1332 sic
2100 1287 2153 1333 et
2184 1281 2487 1334 summitas
2537 1288 2633 1335 tua
2674 1279 2814 1334 ﬁliis
2845 1281 2994 1349 quod
3028 1280 3187 1333 decet
3216 1279 3543 1347 adimpleat.
3578 1296 3604 1327 ››

1974 1353 2052 1403 lta
2080 1352 2232 1405 enim
2258 1351 2403 1406 datae
2444 1357 2580 1406 sunt
2610 1352 2676 1405 ad
2708 1353 2943 1406 Leonem
2989 1349 3307 1419 pontiﬁcem
3343 1349 3548 1404 littera.
3577 1363 3609 1403 a

1972 1423 2221 1476 concilio
2237 1422 2816 1477 Chalcedonensitum
2840 1420 3294 1485 otﬁeiosissimze,
3323 1428 3439 1474 tum
3465 1434 3611 1475 reve-

1978 1493 2338 1554 rentissimae,
2363 1494 2751 1563 etsingularis
2769 1493 3144 1547 observantiae
3164 1492 3514 1547 testimoniis
3534 1505 3613 1545 re-

1977 1564 2151 1625 fertae,
2204 1564 2488 1623 Ecclesiae,
2531 1565 2884 1633 conciliique
2931 1571 3101 1630 caput
3153 1564 3336 1631 ipsum
3373 1565 3608 1618 Leonem

1977 1636 2299 1700 pontiﬁcem
2354 1637 2746 1703 praedicantes,
2800 1642 2860 1689 ut
2910 1636 3053 1703 scite
3086 1634 3297 1688 ibidem
3350 1634 3614 1689 observat

1971 1702 2384 1761 Thomassinus
2412 1706 2621 1774 capitis
2650 1704 2736 1771 ll,
2761 1719 2918 1761 num.
2954 1702 3055 1759 45:
3093 1726 3117 1755 α
3142 1706 3225 1759 Tu
3248 1706 3400 1760 sicut
3432 1718 3614 1759 mem-

1894 1796 1942 1853 B
1973 1778 2095 1832 bris
2146 1784 2318 1853 caput
2375 1790 2636 1853 praeeras,
2700 1777 2993 1853 inquiuut,
3043 1776 3269 1853 lucente
3314 1777 3463 1853 apud
3512 1789 3611 1829 vos

1969 1849 2286 1917 apostolico
2313 1848 2496 1916 radio,
2527 1855 2582 1902 et
2616 1862 2796 1916 usque
2824 1848 2892 1901 ad
2914 1847 3609 1917 Constantinopolitanam

1970 1916 2280 1975 Ecclesiam
2306 1918 2468 1973 illum
2499 1926 2851 1988 spargentes,
2876 1932 2941 1972 eo
2972 1918 3121 1987 quod
3149 1917 3363 1985 absque
3391 1916 3611 1971 invidia

1973 1991 2387 2046 consueveritis
2412 1987 2731 2045 vestrorum
2759 1989 3036 2044 bonorum
3064 1988 3504 2057 participatione
3528 1987 3616 2041 di-

1977 2071 2094 2117 tare
2113 2063 2478 2118 domesticos.
2512 2079 2538 2109 »
2568 2060 2832 2127 Quandiu
2858 2061 3041 2130 igitur
3068 2059 3187 2114 sive
3212 2060 3321 2113 sub
3350 2062 3611 2124 Damaso,

1974 2136 2092 2189 sive
2114 2134 2221 2189 sub
2255 2133 2534 2201 proximis
2553 2132 2778 2187 Damasi
2803 2130 3235 2187 successoribus
3261 2130 3410 2184 nihil
3435 2137 3614 2184 atten-

1976 2212 2163 2261 tarent
2207 2210 2405 2259 contra
2436 2204 2797 2258 Nietenorum
2845 2216 3125 2257 canonum
3177 2202 3525 2267 ﬁrmitatem,
3559 2204 3615 2253 et

1976 2283 2175 2333 contra
2205 2282 2392 2331 vetera
2430 2275 2685 2342 priorum
2738 2274 3194 2342 patriarcharum
3226 2282 3397 2342 atque
3439 2285 3612 2326 exar-

1978 2349 2214 2403 chorum
2249 2346 2573 2417 privilegia,
2604 2344 2874 2417 praesules
2900 2344 3325 2417 regiaeuurbisa
3346 2344 3617 2417 Constan-

1979 2420 2106 2474 tino
2141 2412 2373 2472 delecta:
2405 2412 2486 2471 in'
2509 2412 2696 2472 sedem
2727 2412 3041 2471 Orientalis
3082 2415 3341 2484 imperii,
3372 2414 3468 2468 sed
3493 2412 3616 2484 solo

1984 2490 2299 2545 honoriﬁco
2356 2488 2528 2543 titulo
2572 2495 2629 2541 et
2674 2500 2980 2542 consessus
3014 2500 3046 2540 a
3095 2483 3366 2540 Romanis
3411 2483 3617 2554 legatis

1984 2562 2241 2631 proximo
2254 2574 2381 2615 cum
2394 2559 2615 2631 caeteris
2631 2556 3304 2631 majoribusdimcesibus
3326 2553 3617 2631 numerari

1982 2626 2091 2688 sub
2109 2645 2345 2686 assensu
2375 2630 2614 2684 Romani
2639 2628 3268 2699 pontiﬁciscupiebant,
3290 2626 3440 2681 nihil
3462 2626 3625 2699 abso-

1984 2718 2117 2759 num
2149 2702 2470 2767 videbatur,
2503 2702 2552 2755 si
2579 2696 2759 2771 ﬁgura
2783 2700 2914 2755 ﬁlia:
2933 2716 2965 2753 a
2993 2696 3202 2755 veteris
3221 2699 3410 2771 Romae
3433 2696 3622 2766 ponti-

1983 2776 2085 2830 ﬁce
2114 2774 2293 2828 totius
2314 2772 2579 2827 Ecclesiae
2611 2769 2796 2840 capite
2825 2772 2904 2825 ita
2930 2771 3220 2825 honorataa
3234 2769 3621 2834 dedicaretur,

1982 2860 2094 2901 non
2125 2860 2290 2899 secus
2319 2857 2384 2898 ac
2416 2843 2652 2911 reliqua:
2686 2844 2959 2911 majorum
2993 2842 3304 2897 ditecesum
3336 2845 3626 2911 metropo-

1985 2918 2086 2981 les,
2116 2918 2174 2971 in
2224 2915 2421 2984 aliqua
2451 2928 2519 2969 ex
2545 2908 2813 2969 basilicis
2842 2913 3031 2967 Urbis.
3066 2914 3194 2968 Sive
3227 2912 3325 2984 illa
3353 2908 3624 2984 fueritab

1987 2988 2158 3042 initio
2191 2980 2572 3041 Laurentiana
2602 2990 2762 3038 extra
2789 2998 3004 3047 muros,
3029 2983 3151 3037 sive
3180 2981 3481 3036 Liberiana
3502 2980 3624 3034 sive

1984 3060 2156 3113 etiam
2171 3057 2441 3111 Vaticana
2468 3055 2956 3123 (quandoquidem
2982 3052 3382 3108 Lateranensis
3408 3054 3625 3123 Roma-

222 3121 487 3177 chalium
534 3121 899 3181 ordinatione
941 3142 1051 3183 non
1098 3130 1418 3198 acceperit;
1470 3127 1566 3181 sed
1609 3121 1795 3181 valide
1824 3129 1881 3179 et
1906 3134 1953 3194 Ο
1986 3143 2113 3183 nam
2139 3134 2196 3182 et
2223 3121 2669 3198 Alexandrinam
2702 3121 2941 3179 Paulina
2965 3121 3492 3198 referredicuntuu)
3519 3133 3624 3189 pe-

224 3200 563 3267 constanter
626 3199 961 3267 perstiterit,
1035 3206 1155 3255 tum
1224 3197 1417 3255 eodem
1473 3197 1701 3264 saeculo,
1754 3202 1874 3250 tum

222 3265 494 3340 proxime
514 3270 861 3340 consecutis,
890 3265 990 3340 pro
1021 3270 1229 3325 tuenda
1257 3269 1429 3324 veteri
1459 3267 1791 3340 disciplina,
1819 3273 1877 3320 et

214 3336 641 3408 jurisdictione
675 3336 1092 3408 praecipitarum
1133 3341 1354 3395 sedium
1389 3343 1512 3407 post
1542 3338 1872 3408 Romanam,

208 3406 631 3461 Alexandrina:
650 3406 877 3464 scilicet
897 3418 951 3465 et
977 3406 1523 3475 Antiochetlzegeum
1551 3414 1752 3476 praeter
1780 3407 1874 3461 ho-

207 3490 417 3555 norem
445 3477 744 3555 confessus
773 3486 1106 3551 agnosceret
1139 3494 1177 3555 a_
1201 3481 1354 3555 clero
1383 3480 1694 3555 Byzantino
1725 3490 1872 3555 con—

206 3546 381 3602 tendi
412 3547 481 3599 ad
508 3547 641 3613 jura
670 3546 873 3605 alienie
915 3552 1216 3621 potestatis
1240 3551 1352 3605 sibi
1387 3546 1740 3621 arrogantia;
1773 3554 1869 3601 at-

205 3626 411 3672 tamen
443 3623 668 3689 constat
699 3634 808 3676 non
832 3622 1199 3689 detrectasse,
1250 3626 1313 3675 ut
1341 3620 1697 3675 honoriﬁcus
1723 3632 1869 3674 con—

202 3702 420 3762 sessus
440 3688 692 3762 ejusdem
714 3693 881 3762 regia!
903 3693 1064 3748 urbis
1081 3692 1371 3762 episcopis
1392 3690 1765 3757 tribueretur,
1790 3691 1867 3744 ita

209 3766 287 3834 u_t_
304 3760 701 3834 ‘l‘aschasinus
725 3760 879 3832 papae
908 3760 1131 3834 legatus
1154 3770 1505 3832 conquestus
1533 3763 1611 3816 sit
1638 3762 1693 3815 in
1723 3774 1869 3834 con—

202 3829 364 3904 cilio
384 3829 852 3897 Chalcedonensi,
877 3829 1023 3904 quod
1049 3836 1105 3889 in
1135 3829 1417 3903 Ephe‘sina
1437 3832 1869 3902 pseudosynodo

207 3901 470 3971 quintus
500 3906 721 3957 tantum
748 3901 910 3960 locus
943 3901 1209 3960 Flaviano
1237 3901 1870 3972 Constantinopolitano

207 3972 486 4045 tributus
505 3973 609 4045 sit,
632 3987 760 4029 cum
789 3978 1034 4045 primum
1065 3983 1190 4043 post
1210 3974 1535 4044 apostolicaa
1553 3975 1707 4029 sedis
1728 3975 1872 4041 lega-

206 4051 311 4098 tos
344 4043 399 4096 in
419 4043 612 4097 eodem
639 4043 1085 4103 Chalcedonensi
1108 4043 1412 4102 Anatolius
1436 4048 1546 4100 rite
1566 4047 1869 4099 obtineret.

208 4116 359 4187 Eam
377 4127 487 4167 rem
508 4115 585 4168 ita
598 4119 1444 4187 complectiturThomassinus,
1462 4131 1618 4171 num.
1636 4114 1721 4183 49,
1743 4130 1867 4184 cap.

210 4183 326 4239 4οε
358 4204 384 4235 α
408 4187 518 4239 Nec
540 4183 1075 4258 tamen'inﬁciabor,
1100 4197 1223 4258 post
1239 4188 1552 4243 concilium
1571 4187 1874 4242 Chalcedo-

210 4269 425 4325 nense,
453 4255 799 4326 quibusdam
848 4274 959 4315 non
1003 4255 1198 4329 exigui
1243 4260 1511 4314 mOmenti
1548 4259 1872 4329 privilegiis

212 4329 446 4400 potitos
462 4341 683 4397 semper
701 4329 881 4386 fuisse
900 4330 1872 4400 prtesulesConstantinopolitanos,

212 4412 343 4453 non
383 4399 669 4456 abnuente
696 4399 945 4457 Romano
975 4403 1256 4471 pontiﬁce.
1290 4402 1572 4456 Sederunt
1601 4403 1687 4455 illi
1718 4414 1873 4455 sem-

211 4483 329 4538 per
371 4476 504 4524 ante
549 4474 931 4541 patriarcham
970 4475 1411 4539 Antiochenum,
1445 4478 1501 4526 et
1525 4472 1872 4527 Alexandri—

207 4524 246 4595 h
260 4555 299 4596 u
314 4554 390 4594 m.
412 4524 783 4612 Contingat;
797 4524 1871 4599 am.”scaeniscanusinatus-
1906 4524 1955 4583 D

206 4613 509 4685 chasinus
541 4610 695 4683 papae
734 4615 973 4684 legatus,
1008 4618 1156 4685 quod
1204 4616 1261 4669 in
1300 4610 1592 4683 E’phesina
1622 4614 1875 4683 pseudo—

206 4684 446 4759 synodo
464 4686 705 4759 quintus
718 4693 962 4746 tantum,
988 4684 1247 4759 tributus
1261 4694 1410 4740 esset
1432 4686 1591 4741 locus
1609 4686 1877 4759 Flaviano

203 4757 865 4825 Constantinopolitano
911 4757 1365 4826 archiepiscopo,
1412 4770 1541 4810 cum
1570 4757 1624 4812 ei
1656 4760 1879 4824 primus

211 4831 359 4898 post
384 4828 538 4882 sedis
566 4829 895 4896 apostolica
924 4828 1137 4898 legatos
1178 4829 1500 4889 deberetur,
1528 4836 1586 4882 et
1610 4827 1682 4881 ab
1720 4829 1878 4882 Ana—

207 4896 303 4953 tol
318 4900 375 4950 io
394 4911 585 4952 revera
609 4901 666 4954 in
694 4901 819 4969 ipso
838 4896 1287 4955 Chalcedonensi
1310 4898 1560 4953 concilio
1585 4897 1874 4953 obtinere-

209 4976 370 5031 tur;
416 4970 499 5023 Ita
534 4977 594 5025 ut
618 4971 734 5039 jam
787 4974 844 5025 in
876 4970 1117 5025 dubium
1146 4970 1290 5025 verti
1343 4982 1454 5023 non
1489 4971 1690 5039 possit,
1733 4971 1875 5038 quin

206 5052 593 5096 successores
642 5043 903 5098 eumdem
947 5055 1174 5111 semper
1202 5041 1548 5095 retinuerint
1580 5040 1789 5095 locum.
1845 5058 1871 5087 ι)

210 5112 458 5167 lnvasio
481 5112 990 5182 igiturordinarize
1015 5114 1313 5181 potestatis
1331 5112 1389 5166 in
1416 5113 1636 5166 alienas
1654 5112 1878 5179 provin-

206 5183 355 5238 cias
377 5182 507 5251 jure
532 5184 875 5254 culpabatur
895 5198 926 5238 a
954 5186 1155 5253 Magno
1177 5184 1381 5254 Leone,
1402 5183 1654 5252 aliisque
1681 5182 1880 5237 Roma-

213 5256 329 5309 nis
363 5252 754 5322 pontiﬁcubus,
796 5257 854 5309 in
897 5252 1569 5323 Constantinopolitanis.
1601 5255 1877 5308 Cteterum

213 5325 610 5381 honoriﬁcam
629 5326 873 5395 speciem
894 5327 1175 5395 primatus
1194 5327 1365 5380 titulo
1379 5332 1546 5380 tenus
1569 5326 1718 5379 inter
1737 5325 1883 5379 alios

212 5397 652 5464 metmpolitas,
685 5399 805 5451 sive
829 5397 999 5451 etiam
1022 5398 1387 5460 exarchatus,
1416 5399 1493 5450 ita
1518 5396 1883 5465 indulgenter

208 5475 320 5524 eis
349 5467 561 5522 deferri
615 5480 725 5521 non
761 5467 1165 5535 impediebant.
1201 5470 1388 5534 Quare
1419 5473 1641 5535 poterat
1670 5469 1883 5522 Dama-

207 5554 357 5604 sus,
390 5539 511 5592 sive
542 5538 765 5591 Damasi
786 5552 1166 5603 successores,
1189 5551 1299 5591 non
1328 5551 1612 5603 recusare,
1642 5544 1703 5591 ut
1736 5540 1886 5592 inter

213 5609 513 5666 basilicas
545 5609 843 5672 Romanas,
875 5622 998 5677 qua)
1033 5608 1449 5677 praacipuarum
1480 5608 1760 5676 ejusmodi
1789 5622 1885 5662 se-

210 5684 398 5738 dium
463 5686 658 5749 typum
714 5682 1051 5747 referebant,
1083 5685 1257 5749 atque
1304 5688 1370 5734 ut
1415 5682 1785 5733 Innocentius
1814 5680 1883 5733 ιιι

210 5752 520 5809 describit
549 5772 574 5804 «
599 5752 765 5821 quasi
797 5750 946 5805 ﬁlias
978 5752 1037 5805 in
1064 5750 1280 5822 gremio
1307 5754 1570 5806 Romanae
1600 5751 1754 5805 sedis
1776 5764 1891 5805 om-

218 5828 406 5881 nium
428 5824 627 5879 matris
650 5823 985 5892 residentes,
1011 5829 1067 5878 et
1089 5835 1147 5877 in
1173 5822 1429 5880 circuitu
1448 5828 1702 5877 astantes
1720 5822 1888 5892 quasi

1986 3199 2151 3278 [inde
2174 3204 2284 3252 est:
2314 3208 2498 3278 neque
2524 3195 2578 3278 id
2606 3203 2884 3276 repugnat
2912 3191 3621 3278 constantiaepouti‘ﬁcum

1984 3272 2388 3332 Romanorum,
2407 3264 2759 3332 intactajura
2776 3265 3239 3333 praeservantium
3255 3266 3416 3333 juxta
3433 3264 3627 3317 Nicaea

1982 3354 2088 3395 nos
2117 3352 2363 3393 canones
2383 3336 2785 3405 jurisdictioni
2822 3343 2878 3391 et
2909 3336 3240 3391 auctoritati
3261 3337 3507 3390 duarum
3526 3346 3624 3388 se-

1980 3414 2141 3466 dium
2160 3407 2657 3478 patriarchalium,
2679 3421 2711 3461 a
2737 3409 2896 3463 Petro
2916 3407 3177 3475 apostolo
3194 3406 3619 3470 institutarum,

1980 3488 2183 3551 praeter
2198 3482 2504 3535 Romanam
2520 3479 2809 3533 universis
2820 3478 2891 3533 ab
2904 3492 2965 3532 ea
2984 3480 3292 3551 przelatam.
3308 3478 3621 3551 llocautem

1978 3546 2151 3608 sensu
2173 3551 2550 3620 intelligenda
2577 3557 2858 3619 suntquae
2886 3551 3101 3604 nostris
3124 3549 3181 3603 in
3207 3549 3361 3620 notis
3388 3546 3624 3617 legenda

1980 3625 2250 3694 preposui
2271 3623 2339 3677 ad
2362 3618 2484 3675 Vita
2497 3621 2730 3694 milleti,
2756 3618 3057 3694 utscilicet
3083 3626 3205 3689 post
3228 3618 3624 3694 fundationem

1980 3689 2354 3750 basilicarum
2403 3691 2748 3760 ampliorum
2789 3693 3001 3747 saeculo
3048 3698 3254 3760 quarto
3285 3689 3623 3757 completam

1979 3767 2087 3822 sub
2116 3765 2343 3820 Liberio
2373 3764 2632 3832 proximo
2662 3764 2887 3817 Damasi
2919 3764 3234 3827 decessore,
3258 3774 3389 3832 cum
3421 3761 3626 3832 dicace-

1979 3853 2070 3892 ses
2098 3838 2339 3904 majores
2354 3829 2758 3889 ecclesiasticae
2786 3833 2975 3889 tribus
3000 3830 3489 3904 patriarchalibus
3504 3829 3623 3904 pri-

1982 3899 2273 3979 migeniis.
2306 3920 2372 3961 ac
2400 3905 2631 3979 duobus
2652 3899 3075 3979 recentioribus
3106 3903 3430 3979 honorario_
3452 3899 3625 3979 titulo

1979 3972 2373 4048 superadditis
2393 3977 2793 4036 deﬁnirentur,
2816 3982 2879 4031 ut
2898 3976 3231 4048 quinarium
3249 3988 3369 4028 com
3382 3972 3621 4048 plereut,

1983 4042 2217 4107 totidem
2247 4062 2474 4118 quoque
2492 4048 2745 4102 basilica:
2770 4042 3006 4102 Romani
3030 4047 3415 4115 episcOpatus,
3445 4045 3503 4098 in
3528 4042 3628 4097 Ur-

1981 4123 2069 4185 be,
2102 4129 2157 4175 et
2183 4121 2336 4175 circa
2366 4118 2569 4173 Urbem
2598 4119 2951 4179 constitutae,
2984 4119 3416 4173 universitatem
3446 4127 3635 4169 sacer-

1979 4190 2453 4249 dotiiChristiani
2479 4188 2774 4255 referrent,
2796 4190 2902 4243 sub
2925 4190 3075 4244 Petri
3092 4190 3343 4257 primatu
3364 4187 3629 4242 ordinate

1979 4264 2341 4332 colligentem
2385 4266 2670 4331 quotquot
2724 4260 2994 4330 praesules
3042 4272 3137 4329 per
3186 4259 3397 4332 mundi
3428 4257 3627 4332 plagas

1981 4329 2249 4390 fundatas
2281 4329 2559 4401 regebant
2586 4329 2891 4387 Ecclesias.
2923 4332 3051 4386 Sive
3077 4329 3441 4401 Damasusid
3478 4341 3630 4397 prae—-

1980 4406 2217 4469 stiterit,
2236 4400 2372 4458 dum
2390 4402 2577 4458 divini
2600 4404 2795 4458 cultus
2815 4402 2997 4459 oﬁicia
3020 4410 3076 4457 et
3098 4400 3425 4470 psalmodiaa
3450 4401 3627 4453 ritum
3664 4430 3671 4438 ο

1981 4486 2148 4532 attem
2162 4482 2318 4545 perat
2338 4488 2435 4543 per
2453 4473 2832 4548 hebdomadas
2847 4474 3139 4548 ineisdem
3164 4470 3628 4548 basilicisnuper

1986 4540 2263 4613 fundatis,
2290 4540 2528 4614 eamque
2561 4546 2736 4613 legem
2769 4545 2947 4614 edicit
2977 4544 3261 4610 episcopis,
3289 4540 3622 4614 presbyteris

1985 4626 2032 4673 et
2054 4610 2395 4672 monasteriis
2417 4610 2588 4683 (intra
2619 4610 2770 4667 imm.
2804 4612 2927 4684 54):
2978 4613 3101 4667 sive
3130 4610 3357 4684 Damasi
3389 4620 3626 4684 succes-

1987 4704 2162 4756 sores,
2196 4681 2558 4756 potissimum
2605 4686 2647 4739 ii
2698 4685 2798 4753 qui
2834 4681 3121 4756 leguntur
3151 4681 3625 4756 hebdomadarias

1986 4762 2137 4815 vices
2153 4750 2360 4825 septem
2390 4750 2791 4825 episcoporum
2824 4750 2995 4810 Urbis
3025 4753 3403 4808 ﬁnitimorum
3446 4750 3627 4805 insti-

1984 4833 2168 4886 tuisse
2196 4830 2253 4883 in
2276 4828 2516 4882 basilica
2536 4827 2847 4882 Salvatoris
2875 4826 2943 4880 ad
2977 4826 3336 4887 Lateranum,
3368 4836 3436 4877 ex
3464 4827 3630 4875 aetate

1984 4900 2255 4970 Stephani
2302 4899 2495 4968 quarti
2545 4897 2754 4970 saeculo
2799 4902 2995 4970 octavo
3037 4896 3154 4965 jam
3189 4894 3487 4970 celebres;
3537 4891 3629 4970 uel

1983 4963 2344 5041 Simplicius",
2365 4983 2529 5041 quem
2552 4969 2786 5024 tradunt
2806 4968 3011 5041 quinto
3032 4963 3242 5041 sazculo
3257 4963 3633 5041 hebdomada-

1987 5034 2272 5100 rias'vices
2290 5034 2747 5110 presbyterorum
2774 5034 3150 5094 constituisse
3168 5038 3317 5105 apud
3346 5042 3461 5090 tres
3482 5034 3627 5110 basi:

1988 5118 2130 5171 licas
2163 5104 2330 5167 Urbis
2376 5104 2535 5166 extra
2588 5124 2784 5165 muros
2828 5117 2965 5165 tunc
3025 5104 3261 5178 positas,
3318 5104 3630 5178 nempead

1988 5189 2249 5241 Sanctum
2301 5187 2517 5239 Petrum
2547 5183 2873 5251 apostolum,
2897 5185 2947 5235 et
2989 5177 3064 5234 ad
3109 5182 3367 5235 Sanctum
3396 5177 3631 5231 Paulum

1989 5257 2311 5327 apostolum.
2369 5259 2418 5306 et
2471 5254 2547 5306 ad
2588 5253 2856 5327 Sanctum
2898 5252 3254 5327 Laureutium
3300 5253 3626 5327 _murtyrem,

1990 5320 2229 5384 delectis
2257 5340 2287 5380 e
2318 5325 2640 5394 septenario
2683 5325 2979 5393 regionum
3010 5322 3182 5377 Urbis
3201 5320 3633 5394 ecclesiastica-

1994 5416 2119 5455 rum
2168 5392 2401 5465 numero
2447 5398 2662 5464 primae,
2706 5392 2897 5459 tertia,
2947 5398 3235 5465 satana
3263 5393 3503 5465 septima;
3541 5392 3634 5465 _(ut

1997 5469 2145 5525 infra
2176 5483 2325 5521 num.
2373 5462 2464 5529 483
2501 5468 2771 5519 ministris
2798 5466 2991 5520 eadem
3023 5464 3209 5521 ofﬁcia
3242 5462 3633 5531 praestitutis;

1995 5542 2051 5596 id
2079 5553 2252 5596 unum
2281 5550 2502 5606 semper
2532 5536 2851 5598 colligitur,
2879 5534 3308 5606 utuniversitas
3329 5531 3642 5606 sacerdotii

1998 5626 2094 5682 per
2126 5617 2307 5665 totum
2342 5604 2734 5682 Christianum
2769 5607 2959 5662 orbem
2986 5605 3197 5682 diffusa
3241 5604 3639 5682 ostenderetur

1997 5673 2234 5752 mystice
2264 5680 2413 5748 apud
2443 5679 2628 5752 sedem
2654 5681 2959 5752 Romanam
2993 5676 3328 5752 adumbrata
3359 5675 3417 5752 in
3446 5673 3639 5752 titulis

1996 5745 2136 5810 et'in
2166 5745 2428 5826 basilicis
2459 5749 2642 5815 Urbis,
2669 5751 2748 5826 ita
2773 5748 3237 5826 e_xprimentib_us_
3252 5745 3641 5826 majoresdile-

1994 5840 2133 5886 ceses
2162 5823 2502 5890 singulorum
2542 5821 3015 5892 patriarcharum,
3043 5826 3099 5875 et
3122 5818 3195 5873 ab
3226 5818 3319 5873 bis
3350 5818 3638 5886 proximas
