4072 6176
447 297 575 355 4434
630 330 639 335 -

1571 364 1575 369 ,
1670 304 2023 360 ANASTASII
2071 303 2614 359 BlBLIOTHECARIl

3709 301 3841 358 M32

446 423 819 497 emarcho-rum,
846 430 1399 497 metropolitanorum,
1434 433 1482 482 ct
1507 429 1833 497 episcopales
1864 427 2091 481 hierar—
2118 427 2175 486 A
2196 424 2514 480 Christiani
2550 426 2812 495 corporis
2840 439 3135 496 compago,
3181 440 3307 497 qua:
3341 427 3543 495 juncta
3574 424 3757 493 capiti
3785 424 3839 478 in

444 493 610 574 chico
637 508 785 574 nexu
814 512 943 574 cum
975 493 1123 554 Petri
1152 513 1480 574 successore
1506 493 1823 574 connexas,
1843 499 1937 553 cui
1968 511 2089 574 pro-

449 564 581 619 inde
598 567 864 624 scribunt
882 571 1075 625 Patres
1092 564 1990 635 Arelatenses(observantibusca
2002 569 2085 623 rd.

447 636 739 710 Perronio,
755 640 1735 710 etarchiepiScOpoArelatensiapud
1750 640 2090 695 Schelestrav

441 707 615 782 tium)
642 724 676 761 a
710 714 759 763 te
807 714 904 778 qui
931 707 1164 779 majores
1185 707 1453 765 'diaaceses
1508 707 1653 765 tenes
1684 731 1698 765 :
1749 711 1899 782 quod
1926 715 1985 763 in
2032 725 2089 782 eo

444 779 683 849 maxime
735 778 1027 849 splendere
1064 784 1325 838 observat
1372 778 1786 838 Thomassinus
1852 795 1975 848 cap.
2029 778 2085 849 8,

448 859 604 922 num.
626 846 692 904 14
714 846 894 919 partis
917 853 1129 922 primae,
1148 862 1203 909 et
1224 854 1360 909 libri
1386 868 1402 907 1
1422 855 1629 909 veteris
1648 860 1703 908 et
1722 866 1876 908 nova:
1897 846 2089 906 Disci-é

449 918 644 995 plinaa,
667 918 813 990 quod
838 918 1018 991 prima
1054 918 1203 979 sedes
1251 925 1539 995 Sylvestri,
1569 925 1637 979 ad
1682 937 1849 995 quem
1894 924 2088 977 Patres

443 989 802 1047 Arelatenses
827 989 1173 1062 scribebant,
1195 989 1636 1049 indeclinabilem
1650 989 2090 1063 jurisdictione-m

447 1066 750 1137 emercuerit
781 1067 840 1117 in
867 1071 1081 1120 ceteros
1107 1083 1287 1121 omnes
1314 1067 1685 1137 patriarchas.

445 1200 458 1214 _
485 1213 492 1214 γ
515 1132 641 1214 lituo
663 1134 846 1204 igitur
872 1137 1043 1214 paulo
1069 1132 1672 1214 nitidius—exuonenda
1691 1137 1860 1214 duxi,
1881 1140 1999 1214 tum
2024 1140 2087 1214 ut

442 1202 1743 1278 inclarescerentillaquieobscuritatiobnoxia
1769 1208 1824 1261 in
1850 1206 2084 1262 notisad

440 1271 660 1350 Cletum
684 1271 1069 1350 reddebantur
1089 1293 1119 1333 a
1143 1286 1429 1350 gestorum
1453 1280 1617 1346 c0pia
1637 1280 1695 1332 in
1717 1284 1935 1350 arctam
1959 1291 2088 1332 con-

441 1349 623 1400 tracta
646 1364 660 1409 ς
685 1353 804 1402 tum
830 1356 894 1403 ut
925 1349 1252 1405 illustretur
1269 1363 1541 1405 numerus
1564 1350 1671 1404 iste
1698 1349 2086 1403 Bibliotheca-

443 1415 519 1468 rii
546 1416 617 1471 de
645 1418 922 1491 Dionysio
955 1434 1237 1491 asserens,
1284 1422 1339 1475 in
1371 1421 1659 1476 divisione
1692 1420 1920 1491 abipso
1950 1432 2086 1488 per-

439 1492 565 1559 acta
595 1488 964 1544 ecclesiarum
1008 1492 1177 1546 Urbis
1199 1488 1257 1547 et
1283 1493 1737 1547 cmmeteriorum
1770 1490 1920 1544 inter
1949 1503 2084 1559 pre-

442 1556 719 1626 sbyteros,
767 1562 1078 1629 parochias,
1119 1577 1219 1618 seu
1248 1564 1453 1618 titulos
1488 1562 1790 1629 Romanos,
1822 1556 2081 1616 eumdem

439 1629 745 1701 instituisse
771 1632 1020 1686 diceceses
1051 1652 1069 1696 ;
1098 1641 1153 1689 et
1182 1635 1359 1689 sectio
1392 1636 1450 1689 in
1481 1633 1746 1690 Marcello
1780 1638 1906 1701 post
1933 1632 2085 1686 alte-

440 1710 559 1772 ram
578 1700 878 1757 immanem
899 1707 1352 1772 persecutionem
1374 1704 1714 1761 Diocletiani
1732 1700 2084 1758 nitidiusex-

2197 497 2447 551 Romana
2465 497 2596 551 sede
2616 497 2894 553 collocato
2944 511 3125 553 nexus
3144 496 3337 554 omnes
3356 505 3488 566 apte
3502 496 3837 564 dispositos,

2197 574 2253 621 et
2277 567 2554 623 inﬂuxum
2577 569 2795 637 gratiaa,
2816 570 3137 624 venustatis
3152 582 3217 623 ac
3244 568 3467 623 roboris
3485 566 3837 627 ostendebat,

2200 644 2318 709 tum
2363 640 2420 692 in
2454 639 2619 708 Urbe,
2650 646 2768 693 tum
2799 641 2856 693 in
2883 640 3216 709 provinciis,
3239 639 3681 709 dissolveretur.
3703 638 3840 691 Huic

2200 708 2440 764 scelesto
2461 711 2844 779 separationis
2870 708 3135 779 Classico,
3160 711 3309 781 quod
3338 726 3435 775 per
3460 708 3707 764 rebelles
3735 710 3839 763 Deo

2201 781 2446 849 spiritus
2475 781 2692 850 pridem
2728 782 2785 835 in
2809 781 2953 837 caelo
2976 782 3240 837 auditum
3270 781 3513 836 Michael
3556 787 3838 850 exegerat,

2200 864 2352 923 nunc
2377 865 2509 906 vero
2543 854 2697 906 circa
2735 853 2922 907 sedem
2948 853 3092 923 Agni
3125 853 3182 907 in
3207 852 3380 907 terris
3402 852 3651 920 positam
3684 864 3836 923 reno-

2199 922 2404 977 vabant
2419 923 2715 978 rebellium
2732 921 3047 992 spirituum
3073 924 3305 993 pessimi
3323 923 3650 978 imitatores
3669 921 3842 975 sebis.

2199 994 2417 1056 matici,
2440 993 2663 1048 nullum
2685 997 3027 1063 praesentius
3048 994 3360 1049 remedium
3379 1006 3671 1064 opponere
3698 1000 3838 1061 pote-

2198 1071 2329 1118 rant
2354 1066 2601 1133 proximi
2634 1079 2995 1120 successores
3016 1064 3291 1129 Cornelii,
3326 1078 3495 1135 quam
3534 1066 3616 1118 ita
3647 1076 3839 1118 conse-

2195 1136 2341 1189 ctari
2365 1136 2621 1190 studium
2648 1136 2891 1191 unitatis
2908 1136 3158 1203 tuendae,
3177 1143 3233 1191 et
3252 1136 3649 1191 custodienda:
3672 1135 3731 1188 in
3756 1136 3839 1187 Ec-

2195 1205 2371 1260 clesia
2402 1208 2690 1272 universa,
2713 1207 3046 1275 utejusdem
3070 1205 3414 1275 profundius
3441 1208 3772 1261 radicandaa
3790 1211 3840 1259 et

2197 1277 2589 1347 signiﬁcanda
2621 1278 2678 1331 in
2714 1278 2818 1332 hac
2844 1279 2969 1346 ipsa
3000 1279 3151 1339 sede,
3183 1279 3363 1332 totius
3392 1278 3842 1344 Ecclesiesym-

2196 1347 2386 1423 bolum
2420 1350 2547 1403 suis
2574 1350 2631 1403 in
2659 1348 2920 1423 partibus
2944 1349 3245 1423 etvicibius
3263 1347 3727 1423 sacerdotalibus
3753 1360 3841 1423 re-

2195 1416 2430 1487 ferente,
2461 1416 2669 1474 curam'
2692 1416 3115 1487 proﬁterentur.
3146 1422 3481 1474 Tentaverat
3507 1417 3841 1474 schismatis

2195 1490 2418 1557 primus
2445 1498 2650 1545 auctor
2671 1504 2770 1559 per
2797 1490 3099 1546 titulorum
3132 1491 3553 1559 separationem
3598 1490 3674 1543 ab
3714 1490 3842 1551 epi—

2192 1574 2363 1629 scopo
2393 1560 2563 1615 Urbis
2587 1560 2852 1617 Cornelio
2885 1561 3197 1630 praeludere
3221 1562 3573 1630 separationi
3605 1561 3844 1629 provin-

2192 1632 2411 1687 ciarum
2431 1645 2497 1686 ac
2520 1633 2839 1687 diaeceseon
2862 1646 2893 1687 a
2917 1633 3219 1701 metropoli
3241 1632 3561 1687 Christiani
3587 1631 3843 1686 nominis

2194 1716 2292 1771 per
2322 1704 2469 1757 Petri
2503 1704 2691 1758 sedem
2713 1702 2926 1758 eﬁ‘ecta.
2964 1704 3326 1758 Retundatur
3353 1703 3668 1773 (dicebant)
3690 1710 3840 1756 vete-

437 1769 711 1846 primens,
743 1769 913 1828 illum
944 1777 1266 1842 pontiﬁcem
1294 1777 1502 1845 viginti
1529 1777 1787 1846 quinque
1810 1776 1997 1827 titulos
2021 1777 2083 1846 in
2114 1781 2165 1841 Β
2193 1769 2405 1828 ratoris
2446 1774 2689 1846 audacia
2740 1788 2839 1844 per
2880 1774 3199 1843 symbolum
3252 1769 3520 1837 unitatis,
3576 1782 3635 1828 et
3651 1769 3837 1846 nexus

435 1841 571 1916 urbe
615 1844 783 1897 Roma
832 1841 1176 1901 constituisse
1213 1841 1383 1916 quasi
1427 1841 1719 1913 ditrceses}
1774 1858 1973 1911 nempe
2022 1844 2078 1898 id

435 1912 641 1994 egisse,
660 1923 723 1969 ut
751 1916 1014 1994 inﬁgura
1039 1912 1285 1994 numeri,
1308 1916 2081 1994 regiminisetordinationls

438 1987 678 2039 istarum
696 1987 944 2054 partium
960 1987 1503 2046 RomanzeEcclesim
1516 1989 1926 2045 exhiberentur
1941 1987 2082 2041 dite-

432 2066 590 2109 ceses
602 2058 1320 2131 majoresetecclesiasticaa
1336 2063 1492 2129 provi
1504 2059 1769 2131 heimsub
1785 2072 1898 2113 uno
1911 2058 2079 2126 capi-

434 2131 490 2179 te
502 2140 565 2179 su
579 2127 709 2180 mmi
728 2130 1138 2187 sacerdotisita
1164 2127 1415 2188 collectae
1438 2140 1495 2188 et
1519 2127 1758 2188 invicem
1782 2142 2076 2198 connexaa,

433 2200 499 2250 ut
512 2198 787 2253 unitatem
803 2207 857 2255 et
872 2201 1224 2258 harmoniam
1242 2205 1422 2259 totius
1433 2203 1713 2269 corporis,
1728 2206 1782 2255 et
1798 2200 2076 2254 inﬁuxum

434 2269 735 2341 potestatis
759 2283 791 2325 a
811 2272 998 2340 capite
1031 2274 1089 2327 in
1120 2274 1366 2330 membra
1396 2275 1749 2336 exhiberem,
1777 2270 1938 2341 quasi
1957 2270 2080 2325 ole-

435 2351 552 2411 um,
570 2340 720 2409 quod
735 2354 765 2394 a
780 2342 1163 2411 capiteAaron
1181 2348 1237 2400 in
1251 2359 1406 2401 oram
1421 2343 1745 2402 vestimenti
1761 2340 2075 2397 descendit.

503 2410 700 2486 Causae
720 2410 907 2486 autem
937 2414 1230 2481 suberant,
1266 2432 1378 2486 prae
1405 2418 1628 2472 caeteris
1656 2413 1949 2483 Dionysio,
1977 2427 2081 2468 cur

438 2482 632 2558 oculis
671 2482 982 2540 evidentem
1018 2487 1253 2542 reddere
1267 2482 1510 2543 curaret
1538 2482 1822 2558 ejusmodi
1845 2496 2078 2558 natum

432 2558 489 2605 et
509 2552 828 2608 ordinatam
851 2557 1126 2612 unitatem
1148 2559 1552 2614 ecclesiasticae
1568 2552 1929 2614 hierarchize.
1955 2555 2080 2609 Pri-

436 2635 591 2676 mum
630 2624 782 2678 enim
811 2627 1063 2682 schisma
1086 2626 1401 2684 tentaverat
1439 2631 1495 2684 in
1523 2629 1836 2685 Ecclesium
1870 2627 2081 2680 Roma-

434 2705 560 2773 nam
596 2693 870 2773 inducere
900 2698 1168 2773 Novatus,
1202 2701 1512 2773 adveniens
1541 2714 1607 2755 ex
1647 2698 1837 2773 Africa
1865 2709 2082 2751 noven-

434 2768 529 2816 nio
554 2772 857 2845 antequam
911 2768 1034 2845 ipse
1078 2770 1394 2845 Dionysius
1440 2771 1751 2845 eligeretur
1792 2769 2081 2845 Romanus

434 2832 719 2915 pontifex,
741 2841 809 2915 et
826 2832 1431 2915 per—integrum'ferme
1457 2832 1561 2915 hoc
1591 2839 1937 2915 novenniutn
1961 2839 2081 2892 No—

428 2908 701 2977 vatianus
721 2908 990 2977 antipapa
1012 2910 1265 2977 ejusdem
1296 2913 1494 2966 Novati
1525 2911 1752 2966 artibus
1776 2910 1854 2965 ita
1884 2910 2080 2963 intru—

431 2976 663 3057 βυβλιῃί
700 2989 767 3057 ex
784 2976 1122 3057 epistolas.
1155 2980 1402 3057 Cornelii
1428 2983 1497 3038 ad
1520 2983 1573 3038 S.
1606 2983 1954 3057 Cyprianum
1985 2993 2081 3057 re-

431 3045 571 3122 tulit
590 3045 875 3104 Eusebius
911 3050 1014 3122 lib.
1039 3065 1114 3116 Vl,
1140 3065 1263 3121 cap.
1285 3051 1372 3122 43,
1394 3067 1504 3109 non
1527 3045 1993 3110 modo'sectarios
2019 3051 2077 3104 in

2190 1846 2460 1899 arctioris
2484 1845 2786 1900 titulorum
2818 1846 2989 1900 Urbis
3018 1860 3146 1901 cum
3172 1859 3275 1900 suo
3294 1846 3593 1915 episcopo,
3620 1844 3842 1915 signiti-

2189 1916 2555 1985 candoatque
2568 1916 2916 1971 ostendendo
2931 1930 3136 1971 nexum
3156 1917 3497 1971 hierarchia:
3510 1915 3833 1970 Christiani

2189 1987 2498 2042 sacerdotii
2528 2001 2655 2041 cum
2689 1988 2949 2056 principe
2967 1989 3269 2055 apostolici
3292 1988 3522 2043 ordinis
3541 2000 3574 2041 a
3602 1987 3837 2041 Domino

2188 2062 2534 2113 constituto.
2580 2059 2844 2113 Referant
2873 2058 3035 2113 tttuli
3076 2058 3313 2113 Romani
3362 2072 3539 2113 unum
3576 2057 3837 2111 Ecclesia

2188 2129 2486 2184 catholicae
2507 2129 2898 2197 episcOpatum
2931 2130 3123 2198 plures
3148 2131 3202 2183 in
3240 2130 3511 2197 praesules
3540 2129 3836 2183 distribu-

2189 2207 2308 2255 tum
2326 2200 2434 2255 sub
2452 2202 2621 2255 unico
2634 2202 2877 2256 Maximo
2892 2202 3203 2255 sacerdote.
3221 2200 3349 2254 Sint
3377 2200 3538 2255 tituli
3567 2207 3833 2269 tanquam

2189 2272 2464 2326 dimceses
2483 2272 2782 2339 dispositae
2812 2270 2920 2326 sub
2952 2272 3158 2326 throno
3181 2272 3511 2333 Piscatoris,
3536 2271 3609 2326 ad
3651 2270 3833 2325 sedem

2187 2344 2287 2397 Dei
2312 2351 2367 2396 et
2391 2343 2537 2413 Λειιὶ
2564 2343 2621 2397 in
2649 2342 2823 2397 terris
2850 2342 3254 2401 exhibendam.
3283 2357 3397 2412 qua
3425 2342 3538 2396 late
3572 2349 3726 2409 patet
3750 2354 3834 2395 or-

2190 2413 2302 2481 bis,
2328 2412 2581 2468 subuno
2610 2414 2850 2480 Christi,
2878 2413 3097 2468 vicario
3122 2413 3391 2468 omnibus
3418 2414 3552 2481 jura
3583 2413 3831 2467 dantem.

2189 2486 2508 2539 Diaecesum
2543 2484 2726 2553 igitur
2757 2484 3218 2539 Christianarum
3248 2492 3441 2553 typum
3470 2484 3528 2538 in
3564 2483 3833 2538 Romanis

2193 2556 2383 2611 titulis
2398 2555 2723 2625 recognosci
2746 2555 2934 2611 voluit
2952 2556 3285 2624 Dionysius.
3307 2556 3524 2625 Typum
3547 2554 3837 2623 approba-

2191 2629 2274 2680 vit
2287 2625 2609 2692 Marcellus,
2627 2634 2753 2695 post
2768 2628 3084 2695 proximam
3102 2627 3444 2681 Diocletiani
3473 2627 3835 2693 persecutio-

2193 2710 2340 2757 nem,
2356 2698 2578 2751 eosdem
2604 2697 2808 2753 titulos
2824 2698 2903 2752 ita
2919 2711 3208 2766 reparans,
3238 2704 3501 2753 utessent
3513 2702 3687 2765 quasi
3697 2697 3799 2749 die
3815 2724 3836 2734 -

2191 2784 2348 2822 ceses.
2381 2767 2786 2837 Approbarunt
2806 2782 3185 2835 successores,
3212 2768 3413 2836 paucis
3442 2774 3573 2837 post
3596 2768 3836 2823 Marcel-

2193 2839 2311 2893 lum
2324 2852 2432 2893 ann
2445 2840 2493 2893 is
2509 2838 2802 2908 publicum
2819 2840 2914 2894 Dei
2930 2840 3148 2894 cultum
3165 2839 3271 2894 sub
3288 2840 3435 2893 Moxi
3448 2853 3535 2893 mo
3548 2839 3839 2893 Constan—

2191 2910 2336 2976 tino,
2369 2912 2706 2979 caeterisque
2725 2911 3075 2965 Christianis
3099 2910 3464 2979 principibus
3487 2919 3836 2964 exercentes.

2189 2983 2327 3035 Nam
2349 2981 2553 3035 titulos
2570 2989 2626 3035 et
2648 2981 2919 3037 basilicas
2936 2985 3214 3037 Romanas
3230 2980 3697 3045 utostendereut,
3713 2982 3834 3036 uni-

2190 3059 2359 3107 tatem
2418 3051 2685 3107 Ecclesiae
2734 3052 3064 3123 ﬁgurantes,
3146 3053 3318 3107 etiam
3401 3053 3461 3106 in
3519 3053 3836 3120 parietibus

431 3116 581 3193 Urbe
643 3132 778 3193 suos
829 3116 1444 3191 excitaverat,'verum
1497 3133 1552 3180 et
1611 3125 1680 3180 ad
1740 3123 2074 3193 Dionysium
2113 3119 2159 3179 C
2190 3124 2512 3178 earumdem
2569 3116 2982 3193 consignarunt
3027 3116 3304 3193 imagines
3350 3116 3535 3179 emtus
3582 3123 3834 3178 universi

429 3188 907 3264 Alexandrinum,
925 3200 980 3246 et
999 3195 1066 3247 ad
1087 3188 1408 3262 complures
1420 3195 1739 3252 Orientales
1757 3188 2075 3264 episcopus,

432 3265 491 3313 et
519 3260 805 3316 Ecclesias
841 3260 1270 3321 communionis
1297 3266 1518 3321 litteras
1556 3260 1810 3333 dederat,
1843 3260 2080 3334 sperans

435 3342 496 3412 se
522 3337 941 3412 pertracturum
973 3335 1034 3412 in_
1064 3351 1198 3391 suas
1235 3346 1424 3412 partes
1449 3344 1569 3392 tum
1598 3338 1929 3412 episcOpum
1955 3348 2070 3412 tua-

429 3402 579 3469 joris
612 3402 1088 3476 illiusdiaecesis,
1124 3402 1250 3462 tum
1274 3408 1557 3476 plurimos
1595 3402 1941 3463 orientales:
1977 3405 2078 3475 qui

436 3481 620 3527 tamen
648 3474 801 3528 cauti
847 3476 984 3530 satis
1012 3477 1080 3531 ad
1130 3474 1459 3533 servandam
1492 3478 1786 3533 catholica:
1820 3474 2084 3532 Ecclesia

437 3543 739 3613 unitatem,
759 3546 984 3614 rejectis
997 3547 1355 3603 schismatici
1376 3550 1629 3605 hominis
1642 3548 2084 3604 temerariislit—

434 3615 599 3688 teris,
625 3629 753 3671 cum
774 3616 1032 3688 legitimo
1051 3620 1317 3674 antistite
1335 3622 1598 3676 Romanai
1620 3621 1774 3675 sedis
1796 3618 2080 3685 Cornelio,

434 3686 675 3760 ejusque
707 3686 1190 3760 post'martyrium
1212 3705 1340 3746 cum
1364 3693 1589 3746 czeteris
1608 3692 1937 3760 apostolicae
1969 3691 2086 3745 hu-

432 3757 529 3824 jus
560 3758 846 3832 cathedraa
877 3757 1332 3829 successoribus,
1369 3764 1563 3826 Lucio,
1595 3757 1899 3832 Stephano,
1922 3763 2085 3815 Sixto

438 3829 766 3899 arctissime
796 3832 1114 3899 conjuncti,
1160 3835 1333 3887 Petra:
1363 3829 1745 3897 adhteseruu't,
1779 3847 1810 3888 a
1850 3834 2082 3888 Christo

435 3898 684 3968 Domino
727 3898 986 3968 jactzein
1032 3900 1463 3958 lundamentum
1519 3905 1784 3959 Ecclesia:
1827 3919 1966 3961 sure.
1996 3903 2079 3957 Ad

437 3967 738 4024 Africanas
781 3978 968 4027 autem
1014 3972 1320 4039 Ecclesias,
1372 3975 1521 4030 unde
1547 3975 1881 4031 schismatis
1913 3981 2080 4030 ante-

436 4043 718 4109 signanus
752 4043 1003 4097 Novatus
1026 4045 1094 4099 ad
1123 4059 1251 4100 eum
1296 4046 1683 4102 seducendum
1715 4054 1772 4101 et
1800 4046 2085 4101 ordinan—

437 4110 574 4164 dum
602 4113 924 4187 advenerat,
962 4115 1175 4184 legatos
1209 4131 1434 4187 quoque
1466 4119 1810 4185 transmisit,
1848 4119 2083 4186 provida

439 4188 625 4257 tamen
659 4185 841 4237 sancti
884 4185 1154 4257 Cypriani
1190 4202 1327 4243 cura
1347 4185 1578 4243 matura
1616 4185 1909 4257 depulsos,
1940 4187 2082 4241 etin

439 4251 709 4328 pluribus
751 4251 1021 4328 conciliis
1065 4257 1319 4312 ﬁdelium
1368 4251 1771 4314 communione
1807 4251 2079 4328 privatos,

440 4324 920 4397 quemadmodum
965 4328 1251 4396 synodicae
1288 4329 1520 4385 illorum
1563 4324 1820 4397 epistolae
1860 4336 2083 4385 testan-

440 4399 536 4448 tur
565 4394 633 4449 ad
679 4394 1008 4471 Cornelium
1056 4398 1222 4471 datae,
1257 4413 1499 4467 quarum
1535 4394 1798 4455 meminit
1836 4401 2080 4471 Cypria-

2190 3194 2564 3249 sacerdotalis
2593 3194 2906 3259 seniorum,
2936 3208 3125 3249 coram
3158 3196 3290 3250 sede
3313 3195 3413 3252 Dei
3435 3200 3497 3248 et
3524 3194 3678 3264 Agni
3707 3207 3836 3263 pro-

2189 3266 2605 3331 cumbentium,
2620 3265 3831 3334 etoblationesatqueorationessanctorum

2192 3336 2305 3404 ipsi
2335 3334 2694 3391 offerentium
2725 3351 2852 3391 cum
2884 3351 3028 3392 novo
3060 3336 3161 3391 illo
3188 3338 3434 3401 cantico,
3467 3337 3624 3406 quod
3657 3336 3835 3390 nitide

2195 3410 2523 3476 mysterium
2571 3408 2821 3477 explicat
2864 3410 3013 3477 apud
3046 3409 3313 3463 Joannem
3361 3410 3419 3461 in
3446 3408 3828 3475 Apocalypsi:

2190 3478 2482 3532 Redemisti
2504 3494 2600 3532 nos
2625 3482 2685 3531 in
2713 3482 2981 3545 sanguine
3010 3485 3101 3532 tuo
3120 3495 3188 3532 ea:
3209 3480 3358 3532 omni
3376 3479 3529 3531 tribu
3550 3484 3605 3531 et
3624 3479 3827 3542 lingua,

2193 3555 2241 3601 et
2266 3551 2486 3617 populo,
2515 3555 2565 3601 et
2590 3553 2809 3603 natione
2831 3570 2849 3603 :
2879 3556 2930 3603 et
2955 3552 3139 3617 fecisti
3160 3565 3255 3603 nos
3274 3551 3381 3603 Deo
3406 3555 3593 3601 nostro
3614 3564 3831 3615 regnum

2192 3624 2242 3672 et
2271 3620 2727 3675 SACERDOTES
2754 3622 2946 3689 (Apoc.
3008 3636 3059 3683 v,
3113 3618 3185 3690 9).
3218 3622 3298 3675 Ita
3329 3633 3530 3689 nempe
3570 3620 3832 3688 procide-

2195 3690 2350 3756 bant,
2384 3691 2678 3758 canebant,
2707 3704 2773 3747 ac
2801 3691 3161 3746 testabantur
3184 3692 3453 3747 concordi
3486 3705 3623 3746 voce
3648 3692 3829 3745 senio-

2194 3775 2284 3816 res
2338 3761 2419 3828 hi,
2466 3763 2569 3831 qui
2621 3779 2688 3816 ea:
2745 3765 2891 3816 omni
2937 3764 3101 3826 tribu,
3150 3770 3203 3817 et
3254 3763 3466 3829 lingua,
3527 3768 3577 3816 et
3611 3761 3825 3831 populo,

2191 3839 2243 3885 et
2280 3838 2502 3886 natione
2547 3848 2603 3885 se
2661 3837 2837 3900 factos
2874 3835 3191 3887 asserebant
3235 3836 3339 3887 Deo
3378 3838 3564 3887 nostra
3612 3848 3827 3899 regnum

2192 3909 2242 3957 et
2323 3904 2644 3969 sacerdotes,
2728 3919 2909 3975 eoque
2974 3906 3205 3960 nomine
3282 3904 3561 3973 descripti
3613 3903 3829 3975 fuerant

2192 3975 2379 4043 capite
2434 3975 2772 4043 praecedenti
2818 3974 2914 4031 ’in
2964 3977 3201 4032 totidem
3266 3975 3526 4041 sedibus,
3568 3983 3628 4030 et
3672 3974 3826 4028 thro—

2192 4046 2285 4099 nis
2349 4059 2538 4117 coram
2589 4049 2876 4115 praecipua
2926 4047 3071 4117 Agni
3140 4047 3270 4102 sede
3334 4048 3727 4107 considentes,
3778 4049 3830 4098 et

2194 4116 2492 4172 coronati:
2548 4118 2615 4169 In
2663 4120 2896 4171 circuitu
2964 4116 3110 4171 sedis
3173 4119 3370 4172 sedilia
3416 4120 3620 4184 viginti
3690 4132 3831 4185 qua-

2193 4193 2317 4240 tuor
2339 4206 2355 4253 ;
2382 4197 2432 4241 et
2447 4203 2610 4254 super
2628 4190 2848 4242 thronos
2871 4191 3074 4255 viginti
3093 4195 3324 4258 quotuor
3338 4192 3578 4242 seniores
3597 4190 3829 4241 circum—

2190 4261 2377 4312 amicti
2404 4262 2735 4329 vestimentis
2761 4261 2922 4325 albis,
2957 4267 3007 4313 et
3030 4262 3089 4312 in
3112 4262 3383 4329 capitibus
3422 4274 3607 4312 eorum
3630 4272 3830 4311 corona

2188 4346 2389 4383 aureas.
2420 4328 2777 4399 Subscripsit
2807 4328 3187 4385 decessurum
3214 4330 3552 4400 pontiﬁcum
3594 4330 3827 4398 mystico

2189 4400 2445 4472 symbolo
2465 4407 2521 4454 et
2543 4402 2809 4457 instituto
2836 4403 3106 4472 quisquis
3129 4401 3226 4456 ille
3253 4401 3384 4467 fuit,
3410 4401 3532 4456 sive
3556 4401 3829 4470 Sylvester

439 4478 586 4546 nus:
620 4468 771 4546 unde
818 4469 1139 4546 universam
1177 4469 1320 4546 hanc
1368 4471 1667 4546 historiam
1707 4468 2079 4546 apte‘dispo-
2113 4486 2161 4546 ι)
2192 4468 2249 4546 in
2279 4471 2615 4527 fundatione
2642 4474 2818 4528 trium
2849 4468 3262 4546 praecipuarum
3288 4468 3689 4546 basilicarum,
3717 4472 3828 4546 sive

438 4536 609 4609 sitam
662 4537 815 4609 leges
857 4541 1008 4609 apud
1056 4542 1362 4597 Baronium
1410 4545 1476 4597 ad
1518 4536 1885 4599 annum'254.
1938 4536 2078 4599 D'um

439 4608 557 4684 haec
592 4609 650 4663 in
708 4608 1044 4684 provinciis,
1075 4622 1357 4682 geruntur
1417 4628 1513 4683 per
1554 4616 1828 4684 epistolas
1885 4624 1936 4671 et
1986 4630 2083 4684 per

437 4679 733 4758 ablegatos
747 4679 1649 4758 Novatiani,aduproscindenda'm
1679 4679 2086 4758 propagatione

435 4751 771 4827 schismatis
802 4754 1122 4827 universam
1149 4751 1458 4811 Ecclesiam
1479 4758 1603 4822 Dei,
1631 4751 1690 4812 et
1715 4751 2083 4827 separandam

435 4835 467 4875 a
502 4823 999 4898 Petri_sede,_quid
1039 4827 1157 4898 ipse
1190 4827 1378 4882 Romae
1415 4835 1696 4898 satageret
1720 4823 1951 4883 in‘hanc
1984 4842 2086 4884 ar-

436 4906 556 4948 cem
590 4893 895 4964 religionis
942 4893 1240 4952 turbarum
1271 4913 1338 4952 ac
1367 4893 1753 4955 scissu'rarum
1790 4900 2079 4965 inducere,

375 5004 379 5008 .
435 4964 603 5038 testis
622 4973 706 5038 est
738 4965 996 5035 locuples
1026 4968 1326 5024 Cornelius
1358 4983 1420 5038 pa
1434 4982 1518 5037 pa,
1541 4983 1604 5025 ea
1633 4971 1704 5025 de
1735 4984 1793 5024 re
1823 4964 2081 5027 scribens

435 5036 505 5118 ad
526 5036 895 5118 Cyprianum.
929 5038 1240 5118 Sacrilegis
1269 5036 1503 5118 suorum
1535 5041 1784 5095 cmtibus
1812 5043 1878 5096 ad
1911 5042 2080 5118 oblaf

432 5111 648 5181 tionem
695 5111 910 5181 vacatis
942 5128 968 5161 α
1014 5124 1142 5165 cum
1171 5111 1421 5180 singulis
1472 5119 1686 5181 partem
1734 5116 2074 5168 sacramenti

433 5177 856 5253 distribuisset,
887 5177 1369 5253 perrexissetqite,
1407 5177 1647 5237 miseros
1677 5183 1934 5238 homines
1977 5199 2076 5253 pro

434 5247 834 5305 benedictione
854 5257 911 5306 et
931 5247 1918 5322 gratiarum'actionejusjurandum
1939 5247 2077 5311 dare

432 5322 826 5395 coegit,_atque
837 5322 963 5377 suis
976 5324 1280 5393 utriusque
1297 5324 1561 5379 manibus
1576 5338 1777 5381 manus
1792 5326 1911 5381 acci
1924 5328 2077 5395 pien-

430 5391 510 5466 tis
537 5392 909 5466 prehendens,
946 5407 1054 5466 non
1091 5391 1251 5466 prius
1292 5396 1538 5459 dimisit,
1573 5410 1741 5466 quam
1782 5391 2074 5466 hocj'ure-

433 5411 510 5444 us
538 5411 909 5460 prenenaens,
946 5411 1054 5448 non
1091 5411 1251 5462 prius
1292 5411 1538 5459 atmtstt,
1615 5411 1741 5451 uam
1782 5411 2074 5466 nocjure-

426 5461 675 5539 jurando
704 5478 831 5519 eum
855 5464 1258 5520 obstrinxisset
1280 5466 1466 5531 (illius
1497 5411 1687 5522 V83)“
1718 5467 1901 5539 utar):
1936 5471 2074 5522 Jura

429 5532 565 5585 mihi
601 5549 702 5601 per
743 5550 954 5603 corpus,
989 5542 1039 5589 et
1081 5540 1401 5603 sanguinem
1455 5542 1670 5592 Domini
1721 5532 1898 5592 nostri
1948 5543 2074 5594 Jesu

432 5602 654 5667 Christi,
690 5608 739 5656 te
767 5602 1050 5673 nunquam
1082 5602 1292 5660 nec’me
1318 5609 1673 5673 deserturum,
1708 5625 1803 5663 nec
1833 5609 1907 5663 ad
1937 5610 2074 5663 Cor—

428 5672 635 5754 nelium
651 5672 1012 5754 reversurum.
1036 5695 1061 5725 ι)
1086 5678 1484 5754 Universaigit
1493 5672 1700 5754 urstqu
1715 5680 1766 5735 ia
1790 5681 2074 5754 nascentis

428 5748 549 5798 tum
583 5747 833 5812 primum
862 5747 1197 5803 schismatis
1228 5749 1287 5803 in
1316 5750 1372 5803 id
1396 5747 1788 5821 collimabant,
1823 5759 1886 5808 ut
1911 5752 2073 5808 ﬁrma

2189 4545 2468 4598 Damasus
2487 4552 2611 4612 post
2640 4541 2871 4599 auctum
2902 4541 3227 4599 earumdem
3254 4557 3554 4598 numerum
3582 4544 3640 4596 in
3669 4541 3826 4596 ordi-

2194 4616 2422 4670 natione
2442 4614 2789 4683 psalmodite,
2822 4616 2942 4670 sive
2966 4616 3176 4669 saeculo
3195 4615 3453 4683 sequenti
3470 4614 3824 4683 Simplicius,

2195 4686 2311 4757 qui
2328 4686 2799 4747 hebdomadarias
2821 4685 3289 4757 presbyterorum,
3308 4686 3460 4739 vices
3480 4684 3543 4739 in
3575 4684 3827 4739 basilicis

2196 4756 2539 4825 quibusdam
2566 4756 3198 4826 primariisconStituit,
3214 4756 3295 4811 vel
3313 4757 3822 4811 instauravit.Nam

2192 4827 2435 4883 alterum
2461 4828 2858 4883 universitatis
2878 4828 3180 4894 indicium,
3200 4827 3591 4896 septenarium
3613 4827 3826 4882 scilicet

2194 4912 2514 4961 numerum,
2545 4900 2933 4954 adhibendum
2960 4912 3085 4954 esse
3114 4897 3612 4968 censuitsingulis
3644 4900 3704 4952 in
3732 4898 3824 4951 ba-

2189 4970 2400 5039 silicis,
2460 4971 2663 5026 lectum
2695 4984 2724 5023 e
2757 4970 3101 5041 presbyteris
3158 4968 3500 5025 titularibus
3538 4969 3734 5035 Urbis,
3773 4970 3819 5021 in

2191 5042 2558 5097 Lateranensi
2596 5054 2725 5096 vero
2753 5055 2822 5096 ex
2854 5042 3165 5111 episcopis,
3200 5047 3265 5096 ut
3295 5041 3565 5095 ordinata
3600 5041 3821 5111 bierar—

2187 5113 2317 5167 chia
2345 5114 2525 5170 totius
2554 5112 2860 5167 sacerdotii
2882 5110 2941 5167 in
2971 5110 3225 5169 Ecclesia
3256 5113 3525 5167 universa
3561 5110 3727 5179 plene
3757 5122 3822 5164 te-

2188 5182 2452 5245 ferretur,
2484 5186 2621 5238 dum
2653 5184 2848 5239 throni
2882 5183 3293 5253 patriarchales
3324 5182 3610 5252 parmcias
3638 5182 3818 5236 conti-

2188 5262 2341 5322 nent,
2378 5258 2499 5308 sive
2526 5255 2893 5323 episcopatus
2923 5255 3267 5324 peculiarem
3293 5253 3521 5309 ordinis
3550 5259 3813 5308 rationem

2185 5331 2618 5395 servanteserga
2632 5338 2769 5380 suos
2786 5326 3197 5395 metropolitas,
3210 5325 3507 5389 exarchos,
3522 5332 3582 5379 et
3598 5327 3820 5393 patriar-

2183 5396 2342 5462 chas,
2371 5396 2597 5466 ipsique
2626 5398 2856 5452 exarchi
2889 5403 2943 5451 et
2998 5398 3363 5466 patriarchize
3411 5408 3537 5450 sese
3567 5396 3819 5464 disposi—

2184 5475 2272 5523 tos
2293 5467 2639 5521 conﬁtentur
2669 5468 2778 5523 sub
2809 5469 2980 5523 unico
3016 5468 3276 5523 Ecclesia:
3302 5468 3491 5534 capite
3516 5468 3813 5535 primatum

2187 5539 2335 5594 Petri
2373 5540 2432 5593 in
2470 5538 2715 5593 Ecclesia
2750 5540 3016 5594 universa
3044 5539 3338 5593 obtinente
3373 5540 3428 5591 in
3461 5537 3820 5592 haereditario

2178 5612 2309 5679 jure
2338 5610 2603 5664 Romana:
2626 5610 2800 5677 sedis,
2826 5611 2920 5664 cui
2954 5614 3177 5665 caeteris
3212 5623 3289 5663 ιιίὶ
3323 5622 3565 5677 pmesse
3591 5613 3821 5677 aposto—

2186 5682 2370 5736 lorum
2402 5694 2668 5750 prtnceps
2699 5688 2929 5749 accepta
2959 5695 2991 5735 a
3015 5682 3245 5736 Christo
3273 5680 3517 5735 Domino
3550 5684 3822 5749 potestate

2182 5751 2388 5807 fratres
2417 5765 2556 5808 suos
2585 5753 2663 5807 ita
2705 5752 3107 5820 conﬁrmandi,
3139 5764 3385 5822 ovesque
3413 5757 3470 5806 et
3509 5764 3693 5822 agnos
3718 5761 3823 5819 pa-
