4040 6184
254 307 379 366 4433

1048 310 1366 368 HISTORIA
1415 316 1505 371 DE
1565 316 1743 374 VITIS
1774 318 1943 376 ROM.
1994 314 2194 377 PONT.
2224 353 2297 364 —
2344 324 2399 379 S.
2432 326 2816 384 DIONYSIUS.

3498 332 3637 394 4434

254 449 458 530 scandi,
485 449 809 530 mandavit._
827 452 959 530 Hoc
970 452 1156 530 igitur
1173 467 1296 510 esse
1318 470 1619 514 censemus
1649 459 1883 517 insutu.
1908 449 1963 505 A
1991 447 2061 528 de
2086 462 2190 530 sua
2209 448 2473 530 stultitia
2503 466 2613 506 non
2640 455 3084 530 remittentibus,
3133 458 3640 530 impudentiusque

249 527 357 599 tum
384 520 652 599 Dionysii
673 527 729 575 et
758 520 1032 599 hlarcelii',
1060 524 1492 599 disponentium
1519 544 1584 585 ac
1611 543 1883 599 reparan-

247 591 377 671 tium
415 587 496 671 25-
520 587 724 671 titulos
765 594 1000 671 Romani
1024 587 1549 671 'presbyteriissive
1582 587 1878 671 pariecias,

248 667 303 716 ut
331 666 799 738 essenttanquam
838 664 1103 738 diazceses.
1139 664 1252 722 Hoc
1281 664 1600 738 symbolum
1637 664 1884 729 unitatis

242 732 629 805 ecclesiastica
673 733 1031 802 hierarchia,
1067 745 1193 805 post
1230 732 1570 797 erectionem
1602 743 1885 799 basilica-

244 816 357 878 rum
395 816 426 878 a
472 803 778 872 Sylvestro,
824 803 1082 878 Damaso,
1131 809 1453 878 Simplicio,
1498 820 1554 868 et
1598 828 1885 871 successo-

243 872 393 945 ribus
412 873 772 945 impressum,
789 881 845 929 et
863 872 1143 945 gradatim
1164 872 1451 937 redditum
1472 884 1768 941 illustrius
1785 900 1884 945 per

243 902 393 927 riuus
413 902 547 941 ιιιψι
562 902 772 941 σδθυιιι,
789 902 845 929 σι
863 902 1143 945 grauatum
1166 902 1450 937 reuuuum
1472 902 1768 941 lllllSll'luS
1821 902 1883 941 81'

238 942 666 998 attributionem
693 948 1019 1002 eorumdem
1053 950 1380 1007 titularium
1413 955 1480 1010 ad
1506 968 1667 1011 sacra
1700 958 1756 1011 in
1785 902 1883 1011 ga-

237 1015 417 1069 silicis
456 1014 915 1088 administranda
960 1032 1058 1087 per
1090 1022 1240 1076 vices
1287 1022 1786 1088 hebdomadarias,
1827 1032 1886 1082 et

235 1085 549 1166 septeuario
570 1085 1213 1166 numeroruniversitatis
1228 1095 1470 1163 speciem
1492 1085 1883 1166 expressuras,

237 1156 374 1225 quod
404 1158 775 1234 innocentius
800 1160 1009 1215 tertius
1025 1163 1175 1234 _scite
1196 1156 1531 1234 exponebat,
1556 1156 1660 1224 nos
1685 1170 1752 1224 ad
1765 1156 1883 1223 mo-'

237 1240 383 1309 nens,
423 1227 815 1310 inter_figur_a_s
843 1232 1248 1310 apocalypseos
1272 1227 1464 1291 sedem
1500 1227 1595 1293 Dei
1637 1246 1692 1293 et
1729 1240 1878 1310 Agni

240 1298 352 1365 pari
382 1298 641 1376 exemplo
656 1298 832 1376 nobis
860 1298 1172 1376 proponere
1203 1306 1509 1363 Romanam
1544 1298 1875 1376 Ecclesiam,

231 1376 281 1450 et
305 1381 365 1450 ea
384 1382 513 1450 qua
541 1369 600 1423 in
632 1370 817 1450 medio
841 1378 897 1450 et
916 1372 1249 1450 incircuitu
1275 1378 1431 1433 sedis
1456 1380 1604 1450 vidit
1624 1369 1883 1450 Evange-L

231 1439 357 1493 lista
399 1440 674 1495 Joannes:
702 1462 726 1493 α
773 1442 942 1497 Sedes
982 1444 1093 1500 ista
1137 1447 1382 1502 Romana
1426 1449 1674 1505 Ecclesia
1718 1439 1881 1506 intel-

230 1510 453 1591 l‘igitur,
477 1524 604 1590 qua
625 1512 1138 1591 sedesApostolica
1160 1526 1544 1591 nuncupatur.
1575 1522 1782 1591 Utique
1796 1535 1877 1577 se-

226 1580 321 1635 des
346 1580 519 1650 Agni.
567 1582 729 1637 sedes
782 1580 1038 1640 Viventis
1082 1586 1141 1640 in
1179 1580 1388 1643 saecula
1418 1580 1779 1647 saculoru'm.
1815 1595 1876 1647 In

229 1651 411 1727 medio
430 1651 599 1718 cujus
621 1654 949 1727 quasifilia
974 1657 1031 1711 in
1060 1659 1276 1727 gremio
1302 1661 1572 1726 resident,
1599 1668 1655 1717 et
1678 1663 1734 1716 in
1769 1663 1880 1718 cir-

223 1722 384 1802 cuitu
409 1726 804 1802 _as_tant_qu_asi_
832 1722 1147 1802 famula'in
1177 1728 1455 1802 obsequio
1486 1722 1735 1801 quatuor
1768 1746 1874 1802 pa—

1995 517 2054 571 in
2085 518 2377 591 impietate
2402 522 2787 591 pergentibus,
2811 533 3041 581 coactus
3061 517 3147 581 est
3173 517 3242 584 ad
3269 517 3637 585 illorum-iiu-

1995 588 2331 667 probitatem
2358 588 2768 667 retundendam
2794 596 3121 652 istiusmodi
3154 600 3453 667 epistolam
3484 603 3641 656 scri—

1993 657 2182 735 bere“
2208 701 2219 713 .
2243 701 2257 713 .
2286 662 2567 732 verbaque
2591 664 2732 727 illis,
2759 680 2884 735 qua
2911 657 3249 724 humanitus
3266 679 3322 725 et
3346 673 3641 727 humiliter

1992 730 2061 804 de
2085 731 2379 804 Servatore
2404 730 2630 801 sonant,
2656 730 2904 804 objicere
2929 755 2943 803 ;
2972 746 3032 793 ut
3056 739 3229 795 rebus
3263 742 3640 797 humanitatis

1992 801 2119 876 ejus
2149 802 2650 876 intersepirentur,
2676 801 2990 876 quominus
3029 810 3242 866 Filium
3270 813 3485 866 Patrem
3517 826 3643 867 esse

1991 871 2270 945 dicerent,
2307 871 2739 945 facilioremque
2764 877 2887 932 illis
2917 881 3062 934 viam
3091 884 3159 937 ad
3193 883 3530 938 credendam
3558 884 3643 937 Fi-

1994 941 2062 1021 l_ii
2080 943 2436 1021 divinitatem
2464 941 2765 1021 sterne-ret.
2788 988 2802 1001 .
2823 988 2835 1001 .
2855 949 2997 1021 iCum
3025 953 3207 1021 igitur
3227 955 3441 1009 certior
3456 952 3641 1009 factus

1992 1012 2064 1067 de
2107 1014 2557 1091 Pentapolitanis
2604 1018 2724 1091 zelo
2788 1012 3090 1090 religionis
3135 1024 3438 1091 epistolam
3498 1027 3641 1079 hanc

1995 1085 2472 1151 quemadmodum
2494 1088 2638 1155 dixi,
2664 1096 2861 1145 contra
2880 1085 3137 1148 b'aresim
3154 1085 3389 1149 Sabellii
3408 1095 3476 1150 ad
3499 1096 3643 1149 Am-

1996 1155 2301 1235 mouiu_m,_
2320 1163 2377 1211 et
2429 1159 2854 1235 Euphranorem
2902 1163 3252 1232 scripsisset,
3295 1165 3532 1235 quidam
3572 1179 3642 1220 ex

1991 1225 2241 1301 Ecclesia
2275 1225 2498 1292 fratres,
2520 1225 2680 1284 recte
2701 1232 2929 1300 quidem
2962 1225 3294 1301 sentientes,
3313 1225 3418 1291 'sed
3450 1243 3637 1290 tamen

1991 1311 2117 1376 cum
2160 1298 2347 1376 ipsum
2382 1312 2503 1376 _non
2548 1298 3014 1376 interrogassent,
3062 1313 3123 1359 ut
3165 1298 3486 1361 ediscerent
3522 1320 3638 1376 quo

1991 1370 2538 1446 pacto_s_cripsisset,
2566 1371 2802 1446 Romam
2834 1376 3234 1444 ascenderunt,
3283 1376 3480 1446 ibique
3509 1370 3639 1431 eum

1987 1438 2137 1517 apud
2167 1439 2505 1509 Dionysium
2528 1441 2783 1510 ejusdem
2811 1446 3064 1500 nominis
3092 1438 3405 1503 Rom'anuni
3432 1462 3638 1517 praesu-

1987 1506 2096 1562 lem
2127 1506 2558 1566 accusaverunt.

2060 1600 2085 1630 «
2109 1580 2193 1634 lbi
2225 1595 2354 1636 cum
2384 1583 2616 1650 quidam
2649 1584 3101 1659 Alexandrinum
3128 1590 3459 1659 episcopum
3486 1589 3637 1659 apud

1984 1648 2301 1730 Romanum
2323 1648 2679 1730 accusarent,
2710 1657 2876 1730 quasi
2902 1659 3002 1726 qui
3028 1648 3237 1715 Filium
3260 1648 3426 1730 op'us,
3450 1667 3506 1715 et
3527 1648 3638 1715 non

1985 1721 2534 1800 consubstantialem
2562 1721 2743 1800 _l’atri'
2775 1721 3025 1800 diceret;
3068 1737 3124 1785 et
3158 1721 3425 1800 synodus
3451 1733 3642 1786 Roma

226 1791 566 1873 tri‘archales
596 1791 927 1873 Ecclesia.»
960 1799 1041 1873 _Ad
1078 1798 1195 1873 hac
1242 1791 1480 1857 uberius
1504 1791 1873 1859 'illustranda
1904 1808 1956 1867 Β
1985 1799 2180 1873 αξξειριέι
2207 1793 2455 1873 ,ίηάίὲἔηθ
2493 1795 2663 1873 tum}
2717 1802 2774 1851 θῐ
2816 1791 3105 1873 Κοῐηέυὲυδ
3142 1791 3211 1856 δά
3243 1802 3639 1873 cognominem

223 1862 424 1942 referri
460 1875 688 1942 possent
739 1867 909 1942 _ritus,
959 1868 1019 1922 in
1064 1869 1268 1924 ordine
1309 1873 1552 1927 Romana
1595 1887 1628 1928 a
1663 1874 1874 1942 priscis

224 1933 596 2013 pontificibus
618 1936 893 2013 instituti,
926 1944 983 1993 et
1010 1946 1203 2013 nostra
1232 1947 1396 1996 atate
1424 1956 1488 2013 ea
1517 1957 1626 2012 qua
1659 1933 1761 2013 par
1788 1952 1875 1999 est

218 2005 578 2080 observantia
600 2009 900 2080 custoditi.
928 2014 993 2064 ut
1011 2010 1237 2065 scilicet
1264 2012 1517 2080 pontifici
1534 2005 1791 2070 Romano
1813 2017 1872 2071 in

218 2078 431 2131 throno
459 2077 808 2143 considenti,
836 2087 893 2134 et
913 2094 1199 2136 summum
1222 2077 1488 2138 Ecclesia
1512 2085 1874 2142 hierarcham

218 2148 557 2224 solemniter
576 2151 764 2217 agenti
780 2151 1071 2224 assistant
1099 2159 1156 2207 et
1179 2154 1591 2209 administrent
1622 2157 1876 2224 patriar-

215 2218 355 2292 cha,
386 2222 678 2292 primates,
703 2222 979 2290 episcopi,
1004 2229 1061 2277 et
1082 2224 1353 2292 praesules
1380 2218 1647 2281 ordinum
1673 2229 1732 2281 in
1766 2230 1878 2284 Ec-

215 2289 397 2366 clesia
418 2289 945 2366 Deimilita‘ntium,
982 2293 1039 2347 in
1064 2289 1270 2366 primis
1294 2301 1483 2351 autem
1510 2298 1788 2366 episcopi,
1820 2305 1877 2354 et

219 2360 558 2431 presbyteri,
591 2376 657 2416 ac
684 2363 915 2418 diaconi
952 2360 1276 2421 cardinales
1310 2360 1570 2423 Romana
1610 2360 1876 2429 Ecclesia

216 2443 330 2486 non
361 2432 531 2488 modo
558 2433 840 2489 assistant
870 2441 928 2489 et
955 2434 1385 2499 administrent,
1423 2452 1616 2494 verum
1648 2447 1704 2495 et
1734 2440 1877 2496 obe-

212 2502 496 2581 dientiam
535 2510 800 2581 praestent
832 2518 944 2581 per
962 2506 1224 2581 osculum
1257 2521 1460 2563 manus
1498 2511 1876 2581 auriphrygio

214 2579 514 2640 contecta,
554 2575 623 2630 ad
664 2588 785 2629 eam
817 2576 1042 2631 scilicet
1088 2578 1361 2633 unitatem
1415 2575 1877 2637 testandam's'ub

215 2643 373 2697 Petri
402 2658 732 2720 successore
762 2647 941 2702 totius
969 2647 1232 2720 Ecclesia
1262 2651 1541 2717 corporis,
1576 2651 1723 2720 quod
1758 2652 1878 2708 Ro-

214 2727 404 2790 mana
421 2717 686 2771 Ecclesia
703 2730 927 2790 sacrum
945 2718 1251 2790 collegium
1268 2717 1689 2789 episcoporum,
1712 2736 1877 2790 pres—

213 2783 570 2853 byterorum,
598 2801 663 2842 ac
684 2788 1053 2843 diaconorum
1085 2783 1482 2845 cardinalium'
1504 2806 1633 2846 cum
1664 2783 1880 2848 basili-

211 2860 318 2929 cis.
350 2857 657 2929 actitulis,
691 2865 745 2913 et
775 2860 1066 2915 diaconiis
1093 2862 1347 2929 ejusdem
1382 2862 1644 2918 Romana
1676 2864 1878 2918 Eccle-

211 2926 319 2981 sia
357 2928 635 2984 referunt.
677 2930 879 2984 Verum
914 2926 1203 2986 declarata
1234 2932 1377 2987 satis
1415 2933 1668 2989 arbitror
1707 2934 1875 2990 verba

206 2998 654 3055 Bibliothecarii
677 3013 745 3055 ex
770 3001 1045 3057 hactenus
1070 3002 1409 3059 observatis.

892 3072 1209 3129 ClACONll.

1985 1861 2100 1942 sibi
2131 1861 2463 1942 episcopum
2480 1868 2756 1942 omnium
2781 1871 3125 1926 sententiam
3160 1861 3498 1942 perscripsit
3529 1891 3542 1926 :
3576 1887 3643 1928 ac

1979 1933 2095 2015 jam
2145 1935 2279 2015 inde
2322 1949 2382 1990 se
2406 1936 2505 2015 _ad
2540 1935 2928 2015 defensionem
2975 1933 3257 2012 parans,»
3309 1933 3418 1999 etc.
3466 1943 3637 2015 (fdem

1982 2005 2356 2078 Athanasius,
2381 2007 2447 2059 de
2466 2007 2746 2078 Synodis.)

2058 2076 2370 2151 Dionysius
2414 2078 2596 2147 igitur
2636 2076 2924 2136 Romanus
2962 2081 3220 2151 pontifex
3251 2084 3641 2141 Alexandrino

1983 2146 2187 2214 edixit,
2220 2154 2283 2225 ut
2312 2146 2652 2225 sententiam
2693 2165 2855 2225 suam
2884 2146 3102 2209 clarius
3131 2155 3466 2223 explicaret.
3498 2157 3642 2225 Epi—

1985 2232 2195 2287 scopus
2224 2220 2333 2274 iste
2364 2221 2624 2275 secunda
2642 2222 2796 2276 sedis
2822 2224 2878 2277 in
2903 2225 3187 2281 catholica
3208 2220 3457 2283 Ecclesia
3479 2220 3641 2282 anti-

1985 2294 2105 2367 stes_
2124 2291 2471 2367 quantocius
2501 2290 2911 2367 obtemperavit
2934 2294 3205 2365 Romano,
3230 2304 3500 2367 tanquam
3530 2312 3640 2353 su—

1987 2361 2201 2438 periori
2245 2375 2387 2438 suo;
2429 2368 2484 2416 et
2524 2362 2593 2416 ad
2637 2362 3023 2438 defensionem
3064 2361 3226 2422 suam
3274 2361 3462 2423 coram
3516 2370 3641 2438 ipso

1989 2432 2433 2509 producendam,
2466 2435 2880 2490 communicari
2914 2437 3027 2491 sibi
3056 2440 3369 2507 postulavit
3396 2432 3640 2509 objecta.

1985 2504 2290 2578 Postulavit
2327 2519 2362 2578 a
2402 2506 2640 2578 Romano
2690 2508 2942 2574 praesule,
2995 2504 3069 2562 ut'
3095 2510 3303 2578 objecta
3339 2511 3447 2564 sibi
3468 2504 3645 2564 vindi-

1985 2580 2201 2648 carent.
2237 2574 2554 2648 (A_thanas.,
2582 2576 2648 2628 de
2675 2578 2826 2631 Sent.
2855 2580 3105 2648 Dionys.)

2056 2643 2350 2714 Quidquid
2382 2652 2638 2701 attexant
2663 2643 3047 2705 Protestantés
3078 2643 3136 2705 in
3166 2651 3292 2707 suis
3315 2651 3644 2706 ant-histo-

1988 2714 2097 2768 riis
2119 2716 2406 2791 Ecclesia,
2441 2716 2621 2791 palam
2646 2725 2733 2771 est
2751 2727 3058 2791 aperteque
3080 2722 3293 2777 visitur
3312 2734 3483 2777 causa
3511 2722 3644 2790 epi-

1988 2788 2146 2858 scopi
2177 2795 2335 2858 trans
2362 2787 2570 2841 marini
2604 2787 2997 2858 servatojuris
3032 2793 3235 2848 ordine
3262 2787 3640 2847 intentata'ad

1988 2856 2250 2929 tribunal;
2296 2864 2507 2912 sancta
2547 2860 2724 2921 sedis,
2762 2856 2941 2929 eaque
2977 2876 3148 2918 causa
3201 2878 3311 2919 non
3348 2863 3645 2918 inferioris

1988 2926 2255 3002 subsellii
2287 2929 2541 3002 episcopi
2580 2926 2951 3002 intelligitur,
2985 2934 3079 2987 sed
3113 2935 3237 3001 ejus
3259 2935 3358 3002 qui
3399 2936 3642 2988 alterum

1986 3011 2018 3052 a
2042 3000 2294 3072 Romano
2309 3001 2577 3072 episcopo
2602 2999 2791 3054 l0cum’
2818 3001 2875 3055 in
2900 2999 3167 3059 universa
3191 2999 3442 3058 Ecclesia
3467 3010 3640 3072 tenet,

1985 3070 2153 3142 cujus
2183 3075 2357 3142 caput
2390 3068 2673 3142 Romanus
2700 3079 2785 3142 est
2803 3073 3031 3139 prasul.
3058 3074 3160 3128 Ille
3186 3087 3315 3128 vero
3336 3068 3643 3142 episcopus

288 3141 465 3196 Linea
496 3140 546 3205 4,
568 3172 641 3182 -
677 3144 988 3211 Dionysius,
1022 3160 1090 3198 ea;
1123 3146 1403 3211 monacho,
1445 3147 1603 3213 cujus
1639 3162 1875 3213 genera—
1903 3154 1950 3213 ο
1986 3139 2152 3213 longe
2174 3138 2423 3213 abest_ab
2451 3138 2815 3213 excipiendo
2837 3155 2903 3213 ne
2932 3156 2992 3196 se
3014 3144 3181 3198 sistat
3206 3144 3273 3198 ad
3311 3138 3415 3199 hoc
3445 3138 3644 3198 tribu-

209 3213 423 3285 tionem
468 3229 577 3285 non
618 3216 897 3283 potuimus
938 3217 1202 3269 invenire.
1251 3218 1495 3270 Sanctus
1537 3218 1871 3285 Dionysius,

207 3282 448 3351 origine
493 3282 756 3352 obscura,
789 3286 1005 3341 Thuria
1046 3286 1321 3340 Calabria
1365 3286 1526 3351 urbe,
1566 3282 1700 3355 qua’
1734 3286 1871 3341 olim

212 3366 426 3425 magna
447 3355 663 3409 Gracia
686 3356 839 3410 dicta
865 3356 995 3417 fuit,
1028 3356 1341 3410 monachus
1358 3356 1612 3424 Gracus,
1637 3371 1733 3411 seu
1766 3370 1874 3425 po-

207 3423 344 3478 tius
373 3426 735 3485 anachoreta,
771 3432 835 3479 ut
866 3426 965 3495 qui
999 3426 1312 3495 aliquando
1332 3423 1653 3480 solitariam
1694 3423 1871 3481 vitam

203 3494 453 3561 egisset,
487 3508 554 3549 ex
601 3494 889 3550 monacho
915 3494 1214 3564 cooptatus
1247 3498 1304 3549 in
1343 3495 1730 3565 presbyterum
1760 3499 1875 3551 Ec—

202 3566 421 3638 clesia
449 3566 733 3638 Romana,
784 3572 847 3619 ut
877 3572 1121 3638 testatur
1159 3567 1534 3636 Hieronymus
1558 3567 1629 3622 de
1656 3568 1869 3638 Script.

201 3634 507 3690 ecclesiat.
534 3636 618 3705 _in
649 3635 883 3705 Dionys.
923 3636 1231 3692 Alexandr.

287 3706 487 3760 Lineis
521 3702 556 3760 4
592 3713 648 3761 et
680 3702 814 3776 57-4
836 3708 938 3760 Hic
988 3709 1317 3776 presbyteris
1344 3708 1613 3761 Ecclesias
1659 3709 1868 3765 divisit.

202 3776 528 3845 Dionysius
545 3775 798 3849 pontifex
820 3775 1007 3835 factus
1030 3780 1374 3849 presbyteris
1396 3781 1667 3836 Romanis
1688 3782 1875 3836 eccle-

202 3850 359 3921 sias,
391 3854 447 3901 et
477 3848 799 3921 eameteria
822 3849 882 3902 in
916 3849 1057 3921 urbe
1078 3848 1249 3905 Roma
1283 3850 1477 3921 statim
1508 3850 1748 3907 divisit:
1774 3865 1874 3921 pa-

205 3918 472 3993 rochias,
503 3925 561 3993 et
600 3920 879 3993 diaceses
908 3918 1062 3976 foras
1104 3920 1433 3982 distribuit,
1475 3935 1587 3991 quo
1627 3918 1876 3993 quisque

204 3991 290 4045 fin
303 3989 437 4044 ibus
453 3990 599 4055 suis,
623 3990 721 4044 lim
734 3990 983 4046 itibusve
1001 3999 1304 4047 contentus
1325 3989 1616 4059 esset,‘nec
1631 3989 1876 4049 alterius

202 4060 718 4117 administrationi
754 4063 1059 4131 quisquam
1092 4076 1152 4117 se
1181 4065 1481 4133 ingereret.

885 4133 1102 4188 SOMMI
1112 4135 1219 4189 ER.

284 4206 355 4259 In
396 4207 501 4274 ﬁne
540 4208 795 4257 notarum
836 4205 910 4257 ad
942 4206 1159 4288 Sixtum
1187 4207 1244 4259 II
1276 4206 1502 4274 ejusque
1509 4207 1874 4330 fontiﬁcatus

284 4280 505 4329 storiam
540 4278 820 4330 promissae
860 4277 1082 4330 fuerant
1124 4277 1253 4330 illa.
1302 4292 1423 4330 qua
1472 4294 1505 4329 a
1583 4278 1874 4330 expeditio-

201 4276 505 4329 historiam
538 4278 820 4345 promissae
858 4277 1082 4342 fuerant
1124 4277 1253 4334 illa.
1302 4292 1423 4345 qua
1472 4276 1546 4330 ad
1583 4278 1877 4345 expeditio-

200 4362 338 4400 nem
360 4348 637 4414 pertinent
678 4362 861 4399 rerum
890 4351 1017 4399 tunc
1054 4347 1450 4409 inchoatarum,
1498 4352 1550 4401 et
1585 4348 1875 4403 absoluta-

200 4434 343 4470 rum
361 4419 461 4470 sub
498 4420 770 4485 Dionysio,
806 4433 926 4486 qua
958 4419 1092 4472 tales
1117 4427 1266 4471 sunt.

291 4488 666 4544 Pontificatus
683 4489 738 4543 S.
782 4489 1042 4558 Dionysii
1070 4489 1420 4544 successoris
1446 4488 1592 4544 Sixti
1628 4489 1873 4546 celebris

1985 3208 2489 3283 nal’respondendi
2524 3222 2732 3283 causa:
2782 3212 3047 3279 quinimo
3090 3213 3187 3268 ubi
3227 3215 3441 3283 accipit
3481 3228 3644 3269 com-

1987 3280 2309 3353 municatos
2334 3278 2448 3353 sibi
2480 3278 2960 3353 articuloss’uper
2992 3283 3209 3353 quibus
3239 3278 3640 3351 accusabatur,

1983 3350 2177 3403 statim
2215 3349 2479 3417 producit
2508 3363 2645 3404 suas
2672 3349 3072 3408 defensiones:
3124 3367 3385 3410 asserens
3416 3349 3644 3411 errores

1983 3420 2096 3473 sibi
2125 3419 2440 3475 attributos
2456 3434 2579 3475 esse
2600 3421 2921 3478 calumnias
2945 3425 3001 3479 in
3025 3426 3246 3480 Satana
3269 3424 3493 3481 officina
3512 3440 3644 3481 con-

1984 3490 2320 3564 sarcinatas.
2346 3511 2371 3541 α
2392 3490 2615 3564 Quibus
2632 3495 2883 3564 acceptis
2911 3508 3055 3564 opus
3073 3496 3258 3551 edidit
3279 3497 3389 3552 sub
3410 3498 3644 3552 nomine

1983 3562 2219 3616 Elenchi
2243 3570 2297 3616 et
2318 3562 2617 3632 apologia,
2643 3562 2740 3618 ubi
2764 3562 3094 3621 sceleratam
3116 3566 3399 3623 ofﬁcinam
3421 3569 3642 3623 Christi

1989 3633 2241 3687 hostium
2264 3633 2579 3708 redarguit,
2608 3641 2665 3708 et
2695 3648 2809 3708 quo
2840 3643 3003 3705 pacto
3034 3639 3176 3693 hanc
3205 3637 3501 3694 infamiam
3525 3639 3638 3708 ipsi

1984 3711 2184 3780 contra
2222 3717 2283 3757 se
2314 3705 2469 3780 ipsos
2496 3706 2818 3780 excitarint
2841 3708 3214 3780 demonstrat.
3246 3709 3440 3779 (Idem,
3476 3705 3595 3763 ibid
3615 3711 3642 3780 )

1985 3774 2335 3851 Libellosuo
2376 3775 2611 3851 titulum
2656 3775 3024 3851 refutationis
3066 3786 3122 3836 et
3163 3774 3443 3851 apulogia
3479 3774 3641 3835 indi-

1986 3846 2096 3923 dit,
2127 3853 2183 3923 et
2210 3846 2267 3900 in
2306 3845 3065 3923 hac_verbauad_Romanum
3114 3845 3383 3921 scr'ipsit':
3429 3852 3545 3923 Ego
3589 3859 3644 3907 et

1989 3916 2208 3993 i_n_alia
2242 3916 2482 3985 epistola
2531 3918 2898 3993 scripsi,_ubi
2938 3923 3175 3979 ostendo
3222 3916 3639 3993 crimen,quod

1985 3986 2252 4063 deferunt
2305 3995 2505 4044 contra
2556 3986 2667 4063 me,
2708 3990 2912 4063 falsum
2960 4006 3102 4055 esse,
3165 3995 3328 4063 quasi
3392 3986 3642 4049 dicerem

1985 4058 2277 4114 Christum
2310 4072 2421 4114 non
2455 4060 3004 4118 consubstantialem
3038 4077 3163 4119 esse
3184 4058 3326 4120 'Deo.
3370 4066 3509 4119 Nam
3550 4072 3643 4119 ta—

1988 4130 2157 4205 metsi
2189 4129 2324 4205 dico
2355 4144 2450 4205 me
2474 4131 2541 4205 id
2564 4145 2765 4205 nomen
2800 4146 2910 4188 non
2959 4138 3260 4203 reperisse,
3292 4149 3393 4191 nec
3438 4135 3645 4205 legisse

1984 4201 2203 4256 alicubi
2227 4202 2280 4255 in
2306 4203 2489 4256 sacris
2508 4202 2741 4276 litteris,
2761 4201 3220 4276 rationes—tamen
3242 4214 3469 4271 nostrai,
3498 4201 3645 4276 quas

1986 4276 2373 4346 retinuerunt,
2398 4286 2507 4346 non
2530 4274 2702 4329 ablud
2716 4284 2817 4330 unt
2839 4275 2910 4329 ab
2927 4276 3030 4332 hac
3043 4279 3357 4333 sententia.
3378 4318 3389 4330 .
3414 4318 3427 4331 .
3448 4274 3641 4346 etepi-

1984 4344 2210 4405 stolam,
2244 4351 2311 4417 ut
2353 4345 2500 4406 dixi,
2536 4346 2607 4398 ob
2646 4359 2815 4401 casus
2844 4353 3185 4417 temporum,
3235 4348 3487 4417 proferre
3529 4344 3642 4403 non

1987 4428 2241 4483 possum.
2260 4416 2318 4469 Si
2336 4423 2524 4471 autem
2546 4416 2652 4470 tibi
2672 4418 2840 4473 verba
2866 4416 3050 4483 mitto,
3075 4416 3549 4474 multolibentius
3566 4426 3646 4472 to-

1984 4493 2105 4541 tum
2124 4487 2444 4555 exemplum
2470 4487 2754 4542 misissem
2775 4508 2790 4542 :
2809 4491 2959 4557 quod
2983 4489 3078 4543 ubi
3101 4498 3303 4543 nactus
3324 4488 3505 4554 fuero,
3528 4500 3642 4542 non

206 4559 484 4615 redditur
519 4574 586 4614 ex
614 4560 838 4626 judicio
884 4574 981 4629 per
1022 4561 1174 4616 hunc
1205 4559 1531 4630 pontificem
1566 4562 1786 4629 prolato
1816 4563 1871 4617 in
1900 4562 1955 4622 D
1985 4558 2268 4613 omittam.
2297 4576 2322 4606 ››
2348 4558 2635 4630 (fdem._de
2651 4560 2929 4630 Synod.et
2949 4560 3015 4611 de
3034 4565 3249 4612 narrat.
3274 4560 3393 4613 Nic.
3422 4558 3645 4630 synod.)

200 4644 393 4685 causa
415 4631 567 4685 inter
589 4631 1054 4699 Pentapolitanos
1078 4640 1133 4686 et
1154 4632 1493 4700 Dionysium
1521 4632 1875 4687 Alexandri—

206 4715 395 4767 num;
426 4715 494 4756 ex
540 4702 909 4756 damnatione
945 4701 1181 4757 Sabellii
1214 4709 1272 4756 et
1301 4702 1460 4757 Pauli
1496 4703 1872 4769 Samosateni,

199 4773 587 4843 aliorumque
606 4772 1030 4841 bareticorum,
1056 4786 1300 4843 quorum
1323 4787 1546 4827 errores
1562 4773 1765 4829 beatus
1785 4774 1879 4830 hic

206 4842 475 4968 pontifex
493 4856 597 4968 sua
614 4845 963 4899 auctoritate
988 4842 1351 4913 prescripsit,
1376 4856 1597 4913 suaque
1614 4846 1881 4900 doctrina

206 4928 327 4968 con
363 4923 513 4968 utavi
556 4954 569 4967 .

200 4916 569 4970 confutavit.

288 4985 562 5054 Quamvis
575 4985 883 5055 Dionysius
898 4985 1402 5042 Alexandrinusad
1421 4989 1670 5040 sanctam
1690 4988 1879 5043 sedem

199 5057 525 5113 detulisset
548 5056 655 5111 sub
680 5058 1019 5126 pracedenti
1048 5058 1381 5127 pontificatu
1403 5057 1663 5111 haresim
1679 5057 1881 5113 Sabel—

202 5130 313 5195 lii,
338 5135 396 5182 et
414 5134 615 5183 contra
636 5129 896 5184 eumdem
922 5128 1357 5183 haresiarcham
1382 5128 1624 5183 suismet
1645 5129 1880 5196 scriptis

202 5206 725 5282 ipsenpugnasse't;
761 5199 1150 5282 nihilominus
1185 5200 1428 5282 accepit,
1446 5201 1882 5282 'errores‘ejus-

211 5270 383 5325 modi
417 5270 627 5326 mirum
665 5272 722 5324 in
756 5271 985 5326 modum
1018 5272 1311 5341 propagati
1358 5272 1416 5324 in
1446 5270 1876 5340 Pentapolitana

199 5343 313 5397 sui
341 5341 768 5409 patriarchatus
799 5340 1249 5410 provincia,ubi
1277 5340 1504 5397 fuerant
1533 5342 1757 5396 suborti
1784 5359 1798 5409 ;
1827 5347 1881 5396 et

204 5415 299 5469 ita
324 5410 568 5467 infectos
583 5413 698 5481 jam
720 5425 844 5466 esse
865 5412 1271 5480 pestilentibus
1294 5413 1417 5467 illis
1432 5411 1714 5467 doctrinis
1732 5426 1879 5466 non-

203 5499 243 5540 η
258 5483 417 5539 ullos
434 5485 733 5551 episcopos
757 5499 768 5532 :
799 5502 823 5531 ‹‹
852 5485 1191 5550 Tantumque
1210 5498 1391 5535 eorum
1413 5490 1709 5535 commenta
1729 5485 1882 5535 inva-

201 5557 405 5618 luisse,
430 5559 493 5605 ut
532 5554 629 5604 via:
658 5553 893 5622 uiterius
936 5553 1108 5605 Filius
1138 5555 1236 5605 Dei
1281 5555 1340 5605 in
1370 5554 1624 5606 Ecclesiis
1664 5553 1880 5622 pradi—

200 5630 437 5681 carctur
467 5641 493 5671 ››
516 5623 603 5691 (ut
633 5620 805 5694 refert
829 5624 885 5694 ὃ,
907 5622 1277 5685 Athanasius,
1302 5623 1368 5675 de
1405 5623 1553 5675 Sent.
1593 5620 1874 5694 Dionys.):

204 5718 241 5748 α
282 5698 357 5751 Re
386 5695 615 5766 cognita
634 5693 959 5766 Dionysius
987 5693 1056 5766 _ad
1081 5694 1249 5766 cujus
1279 5707 1474 5749 curam
1512 5706 1590 5748 ea
1612 5696 1880 5749 Ecclesia

205 5764 606 5837 pertinebant,
633 5764 1030 5837 legatosmisit
1050 5765 1150 5834 qui
1172 5770 1435 5837 auctores
1458 5775 1655 5837 earum
1688 5778 1877 5820 rerum

200 5835 294 5893 ab
325 5837 449 5893 illis
476 5838 670 5907 pravis
706 5835 1085 5906 opinionibus
1110 5835 1483 5892 retraherent.
1516 5835 1641 5892 lllis
1665 5843 1876 5908 autem,

2059 4632 2133 4683 De
2166 4630 2271 4683 hac
2303 4630 2426 4699 ipsa
2465 4627 2797 4683 defensione
2824 4629 2944 4683 sive
2970 4629 3232 4699 apologia
3270 4630 3428 4699 loqui
3464 4629 3642 4683 intel-

1989 4700 2228 4769 ligimus
2259 4698 2565 4771 Eusebium
2594 4699 3019 4771 Caesariensem,
3049 4706 3105 4754 et
3131 4698 3184 4753 s.
3209 4698 3637 4771 Hieronymum,

1991 4768 2219 4840 quando
2250 4768 2539 4823 affirmans
2565 4777 2813 4839 quatuor
2837 4769 3019 4841 libros
3047 4784 3077 4824 a
3106 4771 3380 4841 Dionysio
3405 4768 3644 4826 Alexan-

1989 4843 2161 4898 drino
2201 4842 2553 4909 compositos
2594 4847 2791 4895 contra
2828 4840 3162 4905 Sabellium,
3186 4840 3318 4911 quos
3360 4843 3637 4909 Dionysio,

1990 4916 2088 4982 qui
2114 4916 2386 4967 Romanus
2412 4917 2529 4964 erat
2553 4913 2849 4979 episcopus,
2881 4912 3173 4967 dedicavit.
3203 4915 3280 4982 (S.
3312 4915 3635 4982 Hieronym.

1990 4986 2056 5038 de
2082 4984 2280 5051 Script.
2310 4982 2453 5054 Ecci.
2481 4984 2541 5035 in
2558 4984 2834 5049 Dionysio.
2836 4983 2860 5054 )

2062 5054 2266 5109 Exitus
2297 5053 2377 5107 rei
2410 5053 2544 5125 fuit,
2570 5058 2719 5125 Ateste
2748 5054 2808 5107 B.
2840 5053 3176 5121 Athanasio,
3212 5056 3361 5125 quod
3393 5067 3640 5110 accusa-

1992 5134 2087 5181 tus
2130 5127 2209 5178 ita
2248 5124 2458 5178 eximie
2487 5122 2808 5179 defenderit
2849 5139 3079 5181 causam
3110 5122 3294 5191 suam,
3328 5131 3393 5181 ut
3422 5125 3637 5180 nullam

1991 5196 2227 5252 omnino
2249 5209 2467 5264 panum
2500 5195 2750 5250 subierit
2774 5210 2841 5252 ex
2868 5197 2945 5251 iis
2966 5212 3093 5266 qua
3118 5211 3340 5266 semper
3371 5197 3641 5265 infligun-

1992 5275 2088 5323 tur
2112 5267 2415 5327 haretiris,
2442 5268 2632 5321 statim
2661 5280 2726 5321 ac
2767 5268 2943 5337 impia
2968 5282 3164 5324 eorum
3203 5268 3468 5335 dOgmata
3501 5280 3639 5336 pro—

1993 5339 2106 5393 lata
2152 5350 2276 5409 esse
2301 5337 2775 5409 comprobantur:
2814 5360 2839 5388 α
2894 5352 3077 5409 neque
3110 5338 3370 5394 haresim
3419 5352 3640 5408 propu-

1991 5408 2218 5480 gnando
2240 5408 2319 5480 ab
2365 5408 2615 5480 Ecclesia
2648 5410 2902 5477 recessit,
2947 5411 3041 5464 sed
3078 5411 3133 5464 in
3178 5422 3242 5465 ea
3268 5423 3396 5464 cum
3433 5409 3639 5479 pietate

1990 5478 2369 5535 obdormivit.
2392 5519 2405 5532 .
2428 5519 2439 5531 .
2463 5517 2475 5531 .
2499 5479 2580 5533 .Si
2602 5479 2945 5536 scriptorum
2968 5494 3203 5536 suorum
3228 5481 3505 5535 rationem
3525 5492 3636 5534 non

1992 5550 2359 5622 reddidisset,
2384 5550 2879 5606 minimedubium
2903 5558 3008 5607 est.
3025 5553 3163 5621 quin
3183 5552 3376 5606 eadem
3398 5565 3522 5622 qua
3546 5550 3636 5605 illi

1993 5635 2270 5691 passurus
2300 5620 2525 5675 fuisset.
2552 5640 2578 5670 ››
2597 5622 2782 5688 (Idem,
2808 5624 2872 5675 de
2894 5620 3356 5692 Sent.Dionysii.)

2062 5692 2374 5761 Dionysius
2422 5705 2561 5761 papa
2598 5706 2707 5748 non
2762 5694 2927 5749 modo
2967 5694 3365 5749 condemnavit
3396 5692 3637 5748 hareses

1992 5769 2132 5843 tunc
2162 5763 2448 5831 subortas,
2481 5764 2825 5843 auctoritate
2848 5765 3002 5821 sedis
3032 5779 3170 5843 sua,
3199 5765 3497 5843 sed_et_iam
3526 5763 3638 5843 do-

1994 5836 2179 5891 ctrina
2198 5848 2433 5893 suorum
2455 5836 2802 5905 scriptorum
2819 5849 2976 5892 arma
2995 5836 3345 5892 ministravit
3368 5834 3637 5891 Ecclesia
