  <div class='ocr_page' id='page_1' title='image "/cluster/home/n/w/nwhite01/storage/ocr_20150623/127/hvd.32044054759881/723.png"; bbox 0 0 4072 6176; ppageno 0'>
   <div class='ocr_carea' id='block_1_1' title="bbox 442 324 581 382">
    <p class='ocr_par' dir='ltr' id='par_1_1' title="bbox 442 324 581 382">
     <span class='ocr_line' id='line_1_1' title="bbox 442 324 581 382; baseline 0 0"><span class='ocrx_word' id='word_1_1' title='bbox 442 326 467 382; x_wconf 73' lang='grc'><strong>4</strong></span> <span class='ocrx_word' id='word_1_2' title='bbox 477 324 581 382; x_wconf 73' lang='grc'><strong>435</strong></span> 
     </span>
    </p>
   </div>
   <div class='ocr_carea' id='block_1_2' title="bbox 437 524 2083 592">
    <p class='ocr_par' dir='ltr' id='par_1_2' title="bbox 437 524 2083 592">
     <span class='ocr_line' id='line_1_2' title="bbox 437 524 2083 592; baseline -0.002 -11"><span class='ocrx_word' id='word_1_3' title='bbox 437 533 493 581; x_wconf 92' lang='lat' dir='ltr'><strong>et</strong></span> <span class='ocrx_word' id='word_1_4' title='bbox 524 527 777 581; x_wconf 86' lang='lat' dir='ltr'><strong>hostium</strong></span> <span class='ocrx_word' id='word_1_5' title='bbox 815 526 1148 581; x_wconf 74' lang='lat' dir='ltr'><strong>divinitatis</strong></span> <span class='ocrx_word' id='word_1_6' title='bbox 1187 524 1423 579; x_wconf 79' lang='lat' dir='ltr'><strong>Christi.</strong></span> <span class='ocrx_word' id='word_1_7' title='bbox 1474 526 1528 578; x_wconf 78' lang='lat' dir='ltr'><strong>S.</strong></span> <span class='ocrx_word' id='word_1_8' title='bbox 1562 524 1936 590; x_wconf 83' lang='lat' dir='ltr'><strong>Athanasius,</strong></span> <span class='ocrx_word' id='word_1_9' title='bbox 1982 525 2083 592; x_wconf 89' lang='lat' dir='ltr'><strong>qui</strong></span> 
     </span>
    </p>
   </div>
   <div class='ocr_carea' id='block_1_3' title="bbox 439 595 2083 665">
    <p class='ocr_par' dir='ltr' id='par_1_3' title="bbox 439 595 2083 665">
     <span class='ocr_line' id='line_1_3' title="bbox 439 595 2083 665; baseline -0.002 -14"><span class='ocrx_word' id='word_1_10' title='bbox 439 596 546 652; x_wconf 88' lang='lat' dir='ltr'><strong>hoc</strong></span> <span class='ocrx_word' id='word_1_11' title='bbox 569 603 833 663; x_wconf 73' lang='lat' dir='ltr'><strong>testatur,</strong></span> <span class='ocrx_word' id='word_1_12' title='bbox 866 596 1032 652; x_wconf 89' lang='lat' dir='ltr'><strong>nobis</strong></span> <span class='ocrx_word' id='word_1_13' title='bbox 1064 596 1425 665; x_wconf 72' lang='lat' dir='ltr'><strong>praeservavit</strong></span> <span class='ocrx_word' id='word_1_14' title='bbox 1469 595 1703 649; x_wconf 90' lang='lat' dir='ltr'><strong>illorum</strong></span> <span class='ocrx_word' id='word_1_15' title='bbox 1736 595 2083 662; x_wconf 89' lang='lat' dir='ltr'><strong>scriptorum</strong></span> 
     </span>
    </p>
   </div>
   <div class='ocr_carea' id='block_1_4' title="bbox 438 665 2086 739">
    <p class='ocr_par' dir='ltr' id='par_1_4' title="bbox 438 665 2086 739">
     <span class='ocr_line' id='line_1_4' title="bbox 438 665 2086 739; baseline -0.002 -18"><span class='ocrx_word' id='word_1_16' title='bbox 438 666 842 739; x_wconf 81' lang='lat' dir='ltr'><strong>fragmentum,</strong></span> <span class='ocrx_word' id='word_1_17' title='bbox 880 669 937 722; x_wconf 92' lang='lat' dir='ltr'><strong>in</strong></span> <span class='ocrx_word' id='word_1_18' title='bbox 967 680 1080 736; x_wconf 89' lang='lat' dir='ltr'><strong>quo</strong></span> <span class='ocrx_word' id='word_1_19' title='bbox 1108 666 1564 739; x_wconf 81' lang='lat' dir='ltr'><strong>sabellianorum</strong></span> <span class='ocrx_word' id='word_1_20' title='bbox 1595 671 1652 720; x_wconf 91' lang='lat' dir='ltr'><strong>et</strong></span> <span class='ocrx_word' id='word_1_21' title='bbox 1679 665 2086 739; x_wconf 85' lang='lat' dir='ltr'><strong>Marcionista-</strong></span> 
     </span>
    </p>
   </div>
   <div class='ocr_carea' id='block_1_5' title="bbox 440 735 2086 808">
    <p class='ocr_par' dir='ltr' id='par_1_5' title="bbox 440 735 2086 808">
     <span class='ocr_line' id='line_1_5' title="bbox 440 735 2086 808; baseline -0.002 -16"><span class='ocrx_word' id='word_1_22' title='bbox 440 735 568 793; x_wconf 83' lang='lat' dir='ltr'><strong>rum</strong></span> <span class='ocrx_word' id='word_1_23' title='bbox 586 740 865 808; x_wconf 67' lang='lat' dir='ltr'><strong>opposita:</strong></span> <span class='ocrx_word' id='word_1_24' title='bbox 893 738 1133 793; x_wconf 83' lang='lat' dir='ltr'><strong>invicem</strong></span> <span class='ocrx_word' id='word_1_25' title='bbox 1161 737 1528 805; x_wconf 70' lang='lat' dir='ltr'><strong>blasphemiae</strong></span> <span class='ocrx_word' id='word_1_26' title='bbox 1545 750 1613 791; x_wconf 87' lang='lat' dir='ltr'><strong>ex</strong></span> <span class='ocrx_word' id='word_1_27' title='bbox 1636 750 1798 808; x_wconf 69' lang='lat' dir='ltr'><strong>mquo</strong></span> <span class='ocrx_word' id='word_1_28' title='bbox 1827 735 2086 805; x_wconf 90' lang='lat' dir='ltr'><strong>proseri-</strong></span> 
     </span>
    </p>
   </div>
   <div class='ocr_carea' id='block_1_6' title="bbox 439 807 2082 876">
    <p class='ocr_par' dir='ltr' id='par_1_6' title="bbox 439 807 2082 876">
     <span class='ocr_line' id='line_1_6' title="bbox 439 807 2082 876; baseline -0.002 -13"><span class='ocrx_word' id='word_1_29' title='bbox 439 807 688 864; x_wconf 36' lang='lat' dir='ltr'><strong>buntu’r:</strong></span> <span class='ocrx_word' id='word_1_30' title='bbox 713 830 738 861; x_wconf 79' lang='grc' dir='ltr'><strong>α</strong></span> <span class='ocrx_word' id='word_1_31' title='bbox 764 810 964 865; x_wconf 89' lang='lat' dir='ltr'><strong>Merito</strong></span> <span class='ocrx_word' id='word_1_32' title='bbox 988 809 1260 876; x_wconf 86' lang='lat' dir='ltr'><strong>deinceps</strong></span> <span class='ocrx_word' id='word_1_33' title='bbox 1279 808 1522 862; x_wconf 83' lang='lat' dir='ltr'><strong>dixerim</strong></span> <span class='ocrx_word' id='word_1_34' title='bbox 1547 808 1603 861; x_wconf 90' lang='lat' dir='ltr'><strong>in</strong></span> <span class='ocrx_word' id='word_1_35' title='bbox 1628 807 1928 871; x_wconf 86' lang='lat' dir='ltr'><strong>divisores,</strong></span> <span class='ocrx_word' id='word_1_36' title='bbox 1955 820 2082 862; x_wconf 82' lang='lat' dir='ltr'><strong>sec-</strong></span> 
     </span>
    </p>
   </div>
   <div class='ocr_carea' id='block_1_7' title="bbox 438 877 2084 950">
    <p class='ocr_par' dir='ltr' id='par_1_7' title="bbox 438 877 2084 950">
     <span class='ocr_line' id='line_1_7' title="bbox 438 877 2084 950; baseline -0.002 -16"><span class='ocrx_word' id='word_1_37' title='bbox 438 887 724 950; x_wconf 87' lang='lat' dir='ltr'><strong>toresque,</strong></span> <span class='ocrx_word' id='word_1_38' title='bbox 778 886 833 935; x_wconf 90' lang='lat' dir='ltr'><strong>et</strong></span> <span class='ocrx_word' id='word_1_39' title='bbox 877 884 1258 948; x_wconf 78' lang='lat' dir='ltr'><strong>peremptores</strong></span> <span class='ocrx_word' id='word_1_40' title='bbox 1306 879 1770 934; x_wconf 91' lang='lat' dir='ltr'><strong>reverendissimi</strong></span> <span class='ocrx_word' id='word_1_41' title='bbox 1823 877 2084 950; x_wconf 67' lang='lat' dir='ltr'><strong>Ecclesia:</strong></span> 
     </span>
    </p>
   </div>
   <div class='ocr_carea' id='block_1_8' title="bbox 436 949 2080 1021">
    <p class='ocr_par' dir='ltr' id='par_1_8' title="bbox 436 949 2080 1021">
     <span class='ocr_line' id='line_1_8' title="bbox 436 949 2080 1021; baseline -0.002 -16"><span class='ocrx_word' id='word_1_42' title='bbox 436 952 537 1006; x_wconf 91' lang='lat' dir='ltr'><strong>Dei</strong></span> <span class='ocrx_word' id='word_1_43' title='bbox 564 949 853 1020; x_wconf 65' lang='lat' dir='ltr'><strong>praeconii,</strong></span> <span class='ocrx_word' id='word_1_44' title='bbox 889 951 987 1021; x_wconf 91' lang='lat' dir='ltr'><strong>qui</strong></span> <span class='ocrx_word' id='word_1_45' title='bbox 1025 949 1411 1005; x_wconf 88' lang='lat' dir='ltr'><strong>monarchiam</strong></span> <span class='ocrx_word' id='word_1_46' title='bbox 1447 950 1502 1004; x_wconf 94' lang='lat' dir='ltr'><strong>in</strong></span> <span class='ocrx_word' id='word_1_47' title='bbox 1538 955 1729 1004; x_wconf 87' lang='lat' dir='ltr'><strong>ternas</strong></span> <span class='ocrx_word' id='word_1_48' title='bbox 1776 949 2080 1018; x_wconf 86' lang='lat' dir='ltr'><strong>potentias,</strong></span> 
     </span>
    </p>
   </div>
   <div class='ocr_carea' id='block_1_9' title="bbox 438 1021 2074 1092">
    <p class='ocr_par' dir='ltr' id='par_1_9' title="bbox 438 1021 2074 1092">
     <span class='ocr_line' id='line_1_9' title="bbox 438 1021 2074 1092; baseline -0.002 -16"><span class='ocrx_word' id='word_1_49' title='bbox 438 1028 743 1092; x_wconf 91' lang='lat' dir='ltr'><strong>ternasque</strong></span> <span class='ocrx_word' id='word_1_50' title='bbox 779 1021 1153 1087; x_wconf 84' lang='lat' dir='ltr'><strong>substantias,</strong></span> <span class='ocrx_word' id='word_1_51' title='bbox 1187 1026 1243 1075; x_wconf 92' lang='lat' dir='ltr'><strong>et</strong></span> <span class='ocrx_word' id='word_1_52' title='bbox 1289 1025 1479 1092; x_wconf 88' lang='lat' dir='ltr'><strong>ternas</strong></span> <span class='ocrx_word' id='word_1_53' title='bbox 1519 1022 1761 1092; x_wconf 89' lang='lat' dir='ltr'><strong>deitates</strong></span> <span class='ocrx_word' id='word_1_54' title='bbox 1805 1024 2074 1092; x_wconf 86' lang='lat' dir='ltr'><strong>carpunt.</strong></span> 
     </span>
    </p>
   </div>
   <div class='ocr_carea' id='block_1_10' title="bbox 436 1090 2083 1162">
    <p class='ocr_par' dir='ltr' id='par_1_10' title="bbox 436 1090 2083 1162">
     <span class='ocr_line' id='line_1_10' title="bbox 436 1090 2083 1162; baseline -0.003 -14"><span class='ocrx_word' id='word_1_55' title='bbox 436 1093 624 1148; x_wconf 83' lang='lat' dir='ltr'><strong>Audio</strong></span> <span class='ocrx_word' id='word_1_56' title='bbox 652 1090 803 1147; x_wconf 79' lang='lat' dir='ltr'><strong>enim</strong></span> <span class='ocrx_word' id='word_1_57' title='bbox 827 1093 1100 1162; x_wconf 87' lang='lat' dir='ltr'><strong>quosdam</strong></span> <span class='ocrx_word' id='word_1_58' title='bbox 1128 1092 1279 1161; x_wconf 91' lang='lat' dir='ltr'><strong>apud</strong></span> <span class='ocrx_word' id='word_1_59' title='bbox 1312 1105 1410 1146; x_wconf 91' lang='lat' dir='ltr'><strong>vos</strong></span> <span class='ocrx_word' id='word_1_60' title='bbox 1433 1091 1617 1146; x_wconf 86' lang='lat' dir='ltr'><strong>divini</strong></span> <span class='ocrx_word' id='word_1_61' title='bbox 1642 1091 1833 1145; x_wconf 89' lang='lat' dir='ltr'><strong>verbis</strong></span> <span class='ocrx_word' id='word_1_62' title='bbox 1866 1090 2083 1160; x_wconf 84' lang='lat' dir='ltr'><strong>magis—</strong></span> 
     </span>
    </p>
   </div>
   <div class='ocr_carea' id='block_1_11' title="bbox 438 1162 2078 1232">
    <p class='ocr_par' dir='ltr' id='par_1_11' title="bbox 438 1162 2078 1232">
     <span class='ocr_line' id='line_1_11' title="bbox 438 1162 2078 1232; baseline -0.002 -13"><span class='ocrx_word' id='word_1_63' title='bbox 438 1171 577 1225; x_wconf 90' lang='lat' dir='ltr'><strong>tros,</strong></span> <span class='ocrx_word' id='word_1_64' title='bbox 611 1164 784 1232; x_wconf 88' lang='lat' dir='ltr'><strong>hujus</strong></span> <span class='ocrx_word' id='word_1_65' title='bbox 806 1164 1104 1219; x_wconf 77' lang='lat' dir='ltr'><strong>sententiae</strong></span> <span class='ocrx_word' id='word_1_66' title='bbox 1134 1163 1505 1230; x_wconf 85' lang='lat' dir='ltr'><strong>professores,</strong></span> <span class='ocrx_word' id='word_1_67' title='bbox 1535 1163 1636 1230; x_wconf 89' lang='lat' dir='ltr'><strong>qui</strong></span> <span class='ocrx_word' id='word_1_68' title='bbox 1668 1175 1737 1216; x_wconf 84' lang='lat' dir='ltr'><strong>ex</strong></span> <span class='ocrx_word' id='word_1_69' title='bbox 1775 1162 2078 1227; x_wconf 84' lang='lat' dir='ltr'><strong>diametro,</strong></span> 
     </span>
    </p>
   </div>
   <div class='ocr_carea' id='block_1_12' title="bbox 436 1232 2080 1305">
    <p class='ocr_par' dir='ltr' id='par_1_12' title="bbox 436 1232 2080 1305">
     <span class='ocr_line' id='line_1_12' title="bbox 436 1232 2080 1305; baseline -0.003 -15"><span class='ocrx_word' id='word_1_70' title='bbox 436 1236 825 1299; x_wconf 84' lang='lat' dir='ltr'><strong>utitadicam,</strong></span> <span class='ocrx_word' id='word_1_71' title='bbox 850 1240 1106 1305; x_wconf 85' lang='lat' dir='ltr'><strong>pugnant</strong></span> <span class='ocrx_word' id='word_1_72' title='bbox 1123 1247 1252 1305; x_wconf 87' lang='lat' dir='ltr'><strong>cum</strong></span> <span class='ocrx_word' id='word_1_73' title='bbox 1284 1233 1512 1301; x_wconf 88' lang='lat' dir='ltr'><strong>placitis</strong></span> <span class='ocrx_word' id='word_1_74' title='bbox 1529 1232 1764 1287; x_wconf 79' lang='lat' dir='ltr'><strong>Sabelli.</strong></span> <span class='ocrx_word' id='word_1_75' title='bbox 1798 1232 1899 1305; x_wconf 75' lang='lat' dir='ltr'><strong>Ille</strong></span> <span class='ocrx_word' id='word_1_76' title='bbox 1927 1232 2080 1287; x_wconf 89' lang='lat' dir='ltr'><strong>enim</strong></span> 
     </span>
    </p>
   </div>
   <div class='ocr_carea' id='block_1_13' title="bbox 435 1304 2085 1374">
    <p class='ocr_par' dir='ltr' id='par_1_13' title="bbox 435 1304 2085 1374">
     <span class='ocr_line' id='line_1_13' title="bbox 435 1304 2085 1374; baseline -0.003 -13"><span class='ocrx_word' id='word_1_77' title='bbox 435 1319 564 1361; x_wconf 89' lang='lat' dir='ltr'><strong>cum</strong></span> <span class='ocrx_word' id='word_1_78' title='bbox 589 1304 949 1374; x_wconf 85' lang='lat' dir='ltr'><strong>blasphemia</strong></span> <span class='ocrx_word' id='word_1_79' title='bbox 972 1306 1139 1371; x_wconf 90' lang='lat' dir='ltr'><strong>dicit,</strong></span> <span class='ocrx_word' id='word_1_80' title='bbox 1172 1304 1382 1358; x_wconf 85' lang='lat' dir='ltr'><strong>Filium</strong></span> <span class='ocrx_word' id='word_1_81' title='bbox 1413 1317 1536 1358; x_wconf 91' lang='lat' dir='ltr'><strong>esse</strong></span> <span class='ocrx_word' id='word_1_82' title='bbox 1554 1306 1794 1358; x_wconf 83' lang='lat' dir='ltr'><strong>Patrem.</strong></span> <span class='ocrx_word' id='word_1_83' title='bbox 1823 1304 2085 1356; x_wconf 89' lang='lat' dir='ltr'><strong>Patrem—</strong></span> 
     </span>
    </p>
   </div>
   <div class='ocr_carea' id='block_1_14' title="bbox 437 1374 2083 1446">
    <p class='ocr_par' dir='ltr' id='par_1_14' title="bbox 437 1374 2083 1446">
     <span class='ocr_line' id='line_1_14' title="bbox 437 1374 2083 1446; baseline -0.004 -14"><span class='ocrx_word' id='word_1_84' title='bbox 437 1390 547 1446; x_wconf 90' lang='lat' dir='ltr'><strong>que</strong></span> <span class='ocrx_word' id='word_1_85' title='bbox 578 1377 789 1431; x_wconf 77' lang='lat' dir='ltr'><strong>Filium</strong></span> <span class='ocrx_word' id='word_1_86' title='bbox 815 1395 827 1431; x_wconf 87' lang='lat'><strong>:</strong></span> <span class='ocrx_word' id='word_1_87' title='bbox 857 1377 952 1431; x_wconf 88' lang='lat' dir='ltr'><strong>isti</strong></span> <span class='ocrx_word' id='word_1_88' title='bbox 974 1382 1161 1429; x_wconf 91' lang='lat' dir='ltr'><strong>autem</strong></span> <span class='ocrx_word' id='word_1_89' title='bbox 1184 1374 1602 1446; x_wconf 81' lang='lat' dir='ltr'><strong>quodammodo</strong></span> <span class='ocrx_word' id='word_1_90' title='bbox 1633 1379 1749 1428; x_wconf 89' lang='lat' dir='ltr'><strong>tres</strong></span> <span class='ocrx_word' id='word_1_91' title='bbox 1767 1374 1903 1428; x_wconf 90' lang='lat' dir='ltr'><strong>deos</strong></span> <span class='ocrx_word' id='word_1_92' title='bbox 1936 1386 2083 1446; x_wconf 83' lang='lat' dir='ltr'><strong>con-</strong></span> 
     </span>
    </p>
   </div>
   <div class='ocr_carea' id='block_1_15' title="bbox 435 1444 2083 1513">
    <p class='ocr_par' dir='ltr' id='par_1_15' title="bbox 435 1444 2083 1513">
     <span class='ocr_line' id='line_1_15' title="bbox 435 1444 2083 1513; baseline -0.003 -10"><span class='ocrx_word' id='word_1_93' title='bbox 435 1444 707 1513; x_wconf 77' lang='lat' dir='ltr'><strong>stituunt,</strong></span> <span class='ocrx_word' id='word_1_94' title='bbox 730 1448 865 1502; x_wconf 91' lang='lat' dir='ltr'><strong>dum</strong></span> <span class='ocrx_word' id='word_1_95' title='bbox 892 1448 949 1500; x_wconf 89' lang='lat' dir='ltr'><strong>in</strong></span> <span class='ocrx_word' id='word_1_96' title='bbox 970 1452 1084 1500; x_wconf 89' lang='lat' dir='ltr'><strong>tres</strong></span> <span class='ocrx_word' id='word_1_97' title='bbox 1101 1444 1454 1500; x_wconf 86' lang='lat' dir='ltr'><strong>substantias</strong></span> <span class='ocrx_word' id='word_1_98' title='bbox 1479 1445 1834 1512; x_wconf 75' lang='lat' dir='ltr'><strong>alienigenas</strong></span> <span class='ocrx_word' id='word_1_99' title='bbox 1861 1450 1914 1497; x_wconf 89' lang='lat' dir='ltr'><strong>et</strong></span> <span class='ocrx_word' id='word_1_100' title='bbox 1933 1444 2083 1498; x_wconf 92' lang='lat' dir='ltr'><strong>inter</strong></span> 
     </span>
    </p>
   </div>
   <div class='ocr_carea' id='block_1_16' title="bbox 433 1515 2080 1587">
    <p class='ocr_par' dir='ltr' id='par_1_16' title="bbox 433 1515 2080 1587">
     <span class='ocr_line' id='line_1_16' title="bbox 433 1515 2080 1587; baseline -0.005 -13"><span class='ocrx_word' id='word_1_101' title='bbox 433 1533 495 1573; x_wconf 91' lang='lat' dir='ltr'><strong>se</strong></span> <span class='ocrx_word' id='word_1_102' title='bbox 512 1524 712 1573; x_wconf 90' lang='lat' dir='ltr'><strong>mutuo</strong></span> <span class='ocrx_word' id='word_1_103' title='bbox 728 1523 1049 1587; x_wconf 85' lang='lat' dir='ltr'><strong>segregatas</strong></span> <span class='ocrx_word' id='word_1_104' title='bbox 1067 1521 1319 1571; x_wconf 87' lang='lat' dir='ltr'><strong>sanctam</strong></span> <span class='ocrx_word' id='word_1_105' title='bbox 1337 1516 1612 1571; x_wconf 90' lang='lat' dir='ltr'><strong>unitatem</strong></span> <span class='ocrx_word' id='word_1_106' title='bbox 1629 1516 1661 1569; x_wconf 92' lang='lat' dir='ltr'><strong>d</strong></span> <span class='ocrx_word' id='word_1_107' title='bbox 1674 1515 2080 1587; x_wconf 78' lang='lat' dir='ltr'><strong>ispartiuntur.</strong></span> 
     </span>
    </p>
   </div>
   <div class='ocr_carea' id='block_1_17' title="bbox 435 1584 2080 1644">
    <p class='ocr_par' dir='ltr' id='par_1_17' title="bbox 435 1584 2080 1644">
     <span class='ocr_line' id='line_1_17' title="bbox 435 1584 2080 1644; baseline 0.001 -1"><span class='ocrx_word' id='word_1_108' title='bbox 435 1590 598 1644; x_wconf 89' lang='lat' dir='ltr'><strong>Uniri</strong></span> <span class='ocrx_word' id='word_1_109' title='bbox 626 1584 1103 1643; x_wconf 45' lang='lat' dir='ltr'><strong>enim&#39;neéessum</strong></span> <span class='ocrx_word' id='word_1_110' title='bbox 1134 1594 1219 1641; x_wconf 87' lang='lat' dir='ltr'><strong>est</strong></span> <span class='ocrx_word' id='word_1_111' title='bbox 1247 1587 1501 1642; x_wconf 92' lang='lat' dir='ltr'><strong>omnium</strong></span> <span class='ocrx_word' id='word_1_112' title='bbox 1537 1589 1648 1641; x_wconf 93' lang='lat' dir='ltr'><strong>Deo</strong></span> <span class='ocrx_word' id='word_1_113' title='bbox 1678 1586 1777 1640; x_wconf 90' lang='lat' dir='ltr'><strong>Dei</strong></span> <span class='ocrx_word' id='word_1_114' title='bbox 1812 1584 2080 1644; x_wconf 78' lang='lat' dir='ltr'><strong>Verbum.</strong></span> 
     </span>
    </p>
   </div>
   <div class='ocr_carea' id='block_1_18' title="bbox 352 1658 2084 1727">
    <p class='ocr_par' dir='ltr' id='par_1_18' title="bbox 352 1658 2084 1727">
     <span class='ocr_line' id='line_1_18' title="bbox 352 1658 2084 1727; baseline -0.003 -10"><span class='ocrx_word' id='word_1_115' title='bbox 352 1682 381 1697; x_wconf 62' lang='grc' dir='ltr'><em>ν</em></span> <span class='ocrx_word' id='word_1_116' title='bbox 433 1666 491 1717; x_wconf 92' lang='lat' dir='ltr'><strong>et</strong></span> <span class='ocrx_word' id='word_1_117' title='bbox 533 1661 593 1714; x_wconf 92' lang='lat' dir='ltr'><strong>in</strong></span> <span class='ocrx_word' id='word_1_118' title='bbox 639 1672 705 1714; x_wconf 94' lang='lat' dir='ltr'><strong>eo</strong></span> <span class='ocrx_word' id='word_1_119' title='bbox 755 1660 968 1714; x_wconf 68' lang='lat' dir='ltr'><strong>haerere</strong></span> <span class='ocrx_word' id='word_1_120' title='bbox 1010 1658 1343 1727; x_wconf 86' lang='lat' dir='ltr'><strong>versarique</strong></span> <span class='ocrx_word' id='word_1_121' title='bbox 1390 1658 1672 1726; x_wconf 91' lang='lat' dir='ltr'><strong>Spiritum</strong></span> <span class='ocrx_word' id='word_1_122' title='bbox 1713 1660 1996 1719; x_wconf 87' lang='lat' dir='ltr'><strong>sanctum,</strong></span> <span class='ocrx_word' id='word_1_123' title='bbox 2029 1661 2084 1711; x_wconf 91' lang='lat' dir='ltr'><strong>et</strong></span> 
     </span>
    </p>
   </div>
   <div class='ocr_carea' id='block_1_19' title="bbox 434 1729 2082 1787">
    <p class='ocr_par' dir='ltr' id='par_1_19' title="bbox 434 1729 2082 1787">
     <span class='ocr_line' id='line_1_19' title="bbox 434 1729 2082 1787; baseline -0.004 0"><span class='ocrx_word' id='word_1_124' title='bbox 434 1735 687 1787; x_wconf 89' lang='lat' dir='ltr'><strong>sanctam</strong></span> <span class='ocrx_word' id='word_1_125' title='bbox 715 1731 1053 1785; x_wconf 88' lang='lat' dir='ltr'><strong>Trinitatem</strong></span> <span class='ocrx_word' id='word_1_126' title='bbox 1091 1730 1148 1783; x_wconf 91' lang='lat' dir='ltr'><strong>in</strong></span> <span class='ocrx_word' id='word_1_127' title='bbox 1177 1742 1356 1784; x_wconf 89' lang='lat' dir='ltr'><strong>unum</strong></span> <span class='ocrx_word' id='word_1_128' title='bbox 1400 1732 1659 1783; x_wconf 91' lang='lat' dir='ltr'><strong>omnium</strong></span> <span class='ocrx_word' id='word_1_129' title='bbox 1685 1741 1872 1782; x_wconf 92' lang='lat' dir='ltr'><strong>rerum</strong></span> <span class='ocrx_word' id='word_1_130' title='bbox 1905 1729 2082 1782; x_wconf 91' lang='lat' dir='ltr'><strong>Deum</strong></span> 
     </span>
    </p>
   </div>
   <div class='ocr_carea' id='block_1_20' title="bbox 433 1799 2167 1881">
    <p class='ocr_par' dir='ltr' id='par_1_20' title="bbox 433 1799 2167 1881">
     <span class='ocr_line' id='line_1_20' title="bbox 433 1799 2167 1881; baseline -0.003 -23"><span class='ocrx_word' id='word_1_131' title='bbox 433 1802 901 1881; x_wconf 82' lang='lat' dir='ltr'><strong>omnipotentem,</strong></span> <span class='ocrx_word' id='word_1_132' title='bbox 961 1800 1139 1881; x_wconf 79' lang='lat' dir='ltr'><strong>veluti</strong></span> <span class='ocrx_word' id='word_1_133' title='bbox 1190 1802 1569 1881; x_wconf 71' lang='lat' dir='ltr'><strong>in_verticem</strong></span> <span class='ocrx_word' id='word_1_134' title='bbox 1625 1799 2079 1881; x_wconf 71' lang='lat' dir='ltr'><strong>principemque,</strong></span> <span class='ocrx_word' id='word_1_135' title='bbox 2115 1821 2167 1881; x_wconf 80' lang='grc' dir='ltr'>Β</span> 
     </span>
    </p>
   </div>
   <div class='ocr_carea' id='block_1_21' title="bbox 433 1870 2080 1937">
    <p class='ocr_par' dir='ltr' id='par_1_21' title="bbox 433 1870 2080 1937">
     <span class='ocr_line' id='line_1_21' title="bbox 433 1870 2080 1937; baseline -0.004 -9"><span class='ocrx_word' id='word_1_136' title='bbox 433 1874 820 1929; x_wconf 90' lang='lat' dir='ltr'><strong>consummari</strong></span> <span class='ocrx_word' id='word_1_137' title='bbox 843 1878 899 1927; x_wconf 91' lang='lat' dir='ltr'><strong>et</strong></span> <span class='ocrx_word' id='word_1_138' title='bbox 914 1872 1245 1926; x_wconf 86' lang='lat' dir='ltr'><strong>coalescere.</strong></span> <span class='ocrx_word' id='word_1_139' title='bbox 1272 1872 1582 1927; x_wconf 87' lang='lat' dir='ltr'><strong>Marcionis</strong></span> <span class='ocrx_word' id='word_1_140' title='bbox 1601 1870 1751 1924; x_wconf 90' lang='lat' dir='ltr'><strong>enim</strong></span> <span class='ocrx_word' id='word_1_141' title='bbox 1783 1870 2080 1937; x_wconf 90' lang='lat' dir='ltr'><strong>vaniloqui</strong></span> 
     </span>
    </p>
   </div>
   <div class='ocr_carea' id='block_1_22' title="bbox 432 1940 2083 2012">
    <p class='ocr_par' dir='ltr' id='par_1_22' title="bbox 432 1940 2083 2012">
     <span class='ocr_line' id='line_1_22' title="bbox 432 1940 2083 2012; baseline -0.004 -12"><span class='ocrx_word' id='word_1_142' title='bbox 432 1944 695 2000; x_wconf 90' lang='lat' dir='ltr'><strong>doctrina</strong></span> <span class='ocrx_word' id='word_1_143' title='bbox 711 1945 1020 1998; x_wconf 91' lang='lat' dir='ltr'><strong>sectionem</strong></span> <span class='ocrx_word' id='word_1_144' title='bbox 1042 1943 1503 2012; x_wconf 87' lang='lat' dir='ltr'><strong>divisionemque</strong></span> <span class='ocrx_word' id='word_1_145' title='bbox 1521 1940 1864 2012; x_wconf 64' lang='lat' dir='ltr'><strong>monarchiaz</strong></span> <span class='ocrx_word' id='word_1_146' title='bbox 1888 1941 1945 1993; x_wconf 94' lang='lat' dir='ltr'><strong>in</strong></span> <span class='ocrx_word' id='word_1_147' title='bbox 1969 1947 2083 1994; x_wconf 89' lang='lat' dir='ltr'><strong>tres</strong></span> 
     </span>
    </p>
   </div>
   <div class='ocr_carea' id='block_1_23' title="bbox 435 2011 2079 2086">
    <p class='ocr_par' dir='ltr' id='par_1_23' title="bbox 435 2011 2079 2086">
     <span class='ocr_line' id='line_1_23' title="bbox 435 2011 2079 2086; baseline -0.004 -16"><span class='ocrx_word' id='word_1_148' title='bbox 435 2015 796 2086; x_wconf 84' lang='lat' dir='ltr'><strong>principatus</strong></span> <span class='ocrx_word' id='word_1_149' title='bbox 814 2014 1221 2086; x_wconf 56' lang='lat' dir='ltr'><strong>instituit.Sed</strong></span> <span class='ocrx_word' id='word_1_150' title='bbox 1246 2027 1313 2086; x_wconf 79' lang='lat' dir='ltr'><strong>ea</strong></span> <span class='ocrx_word' id='word_1_151' title='bbox 1332 2011 1621 2086; x_wconf 77' lang='lat' dir='ltr'><strong>diabolica</strong></span> <span class='ocrx_word' id='word_1_152' title='bbox 1652 2011 1945 2065; x_wconf 87' lang='lat' dir='ltr'><strong>institutio</strong></span> <span class='ocrx_word' id='word_1_153' title='bbox 1972 2017 2079 2086; x_wconf 83' lang='lat' dir='ltr'><strong>est,</strong></span> 
     </span>
    </p>
   </div>
   <div class='ocr_carea' id='block_1_24' title="bbox 436 2082 2085 2151">
    <p class='ocr_par' dir='ltr' id='par_1_24' title="bbox 436 2082 2085 2151">
     <span class='ocr_line' id='line_1_24' title="bbox 436 2082 2085 2151; baseline -0.003 -10"><span class='ocrx_word' id='word_1_154' title='bbox 436 2082 547 2142; x_wconf 81' lang='lat' dir='ltr'><strong>non</strong></span> <span class='ocrx_word' id='word_1_155' title='bbox 568 2082 755 2139; x_wconf 87' lang='lat' dir='ltr'><strong>autem</strong></span> <span class='ocrx_word' id='word_1_156' title='bbox 775 2098 1035 2140; x_wconf 89' lang='lat' dir='ltr'><strong>verorum</strong></span> <span class='ocrx_word' id='word_1_157' title='bbox 1057 2084 1265 2138; x_wconf 90' lang='lat' dir='ltr'><strong>Christi</strong></span> <span class='ocrx_word' id='word_1_158' title='bbox 1284 2083 1730 2151; x_wconf 89' lang='lat' dir='ltr'><strong>discipulorum,</strong></span> <span class='ocrx_word' id='word_1_159' title='bbox 1752 2089 1807 2135; x_wconf 91' lang='lat' dir='ltr'><strong>et</strong></span> <span class='ocrx_word' id='word_1_160' title='bbox 1824 2082 2085 2150; x_wconf 89' lang='lat' dir='ltr'><strong>acquies-</strong></span> 
     </span>
    </p>
   </div>
   <div class='ocr_carea' id='block_1_25' title="bbox 433 2153 2082 2224">
    <p class='ocr_par' dir='ltr' id='par_1_25' title="bbox 433 2153 2082 2224">
     <span class='ocr_line' id='line_1_25' title="bbox 433 2153 2082 2224; baseline -0.004 -10"><span class='ocrx_word' id='word_1_161' title='bbox 433 2157 685 2214; x_wconf 89' lang='lat' dir='ltr'><strong>centium</strong></span> <span class='ocrx_word' id='word_1_162' title='bbox 710 2156 1024 2211; x_wconf 90' lang='lat' dir='ltr'><strong>Salvatoris</strong></span> <span class='ocrx_word' id='word_1_163' title='bbox 1056 2156 1375 2224; x_wconf 77' lang='lat' dir='ltr'><strong>praeceptis.</strong></span> <span class='ocrx_word' id='word_1_164' title='bbox 1400 2155 1489 2209; x_wconf 89' lang='lat' dir='ltr'><strong>Illi</strong></span> <span class='ocrx_word' id='word_1_165' title='bbox 1514 2155 1690 2217; x_wconf 91' lang='lat' dir='ltr'><strong>enim,</strong></span> <span class='ocrx_word' id='word_1_166' title='bbox 1729 2158 1789 2206; x_wconf 92' lang='lat' dir='ltr'><strong>ut</strong></span> <span class='ocrx_word' id='word_1_167' title='bbox 1815 2153 2082 2207; x_wconf 89' lang='lat' dir='ltr'><strong>Trinita—</strong></span> 
     </span>
    </p>
   </div>
   <div class='ocr_carea' id='block_1_26' title="bbox 432 2223 2079 2296">
    <p class='ocr_par' dir='ltr' id='par_1_26' title="bbox 432 2223 2079 2296">
     <span class='ocr_line' id='line_1_26' title="bbox 432 2223 2079 2296; baseline -0.005 -11"><span class='ocrx_word' id='word_1_168' title='bbox 432 2235 543 2285; x_wconf 90' lang='lat' dir='ltr'><strong>tem</strong></span> <span class='ocrx_word' id='word_1_169' title='bbox 575 2227 876 2296; x_wconf 71' lang='lat' dir='ltr'><strong>przedicari</strong></span> <span class='ocrx_word' id='word_1_170' title='bbox 903 2240 935 2281; x_wconf 93' lang='lat' dir='ltr'><strong>a</strong></span> <span class='ocrx_word' id='word_1_171' title='bbox 955 2223 1138 2282; x_wconf 85' lang='lat' dir='ltr'><strong>sacris</strong></span> <span class='ocrx_word' id='word_1_172' title='bbox 1159 2226 1374 2281; x_wconf 85' lang='lat' dir='ltr'><strong>litteris</strong></span> <span class='ocrx_word' id='word_1_173' title='bbox 1403 2225 1567 2293; x_wconf 89' lang='lat' dir='ltr'><strong>plane</strong></span> <span class='ocrx_word' id='word_1_174' title='bbox 1593 2225 1789 2296; x_wconf 78' lang='lat' dir='ltr'><strong>sciunt</strong></span> <span class='ocrx_word' id='word_1_175' title='bbox 1812 2223 1942 2296; x_wconf 12' lang='lat' dir='ltr'><strong>:itag</strong></span> <span class='ocrx_word' id='word_1_176' title='bbox 1963 2230 2079 2277; x_wconf 90' lang='lat' dir='ltr'><strong>tres</strong></span> 
     </span>
    </p>
   </div>
   <div class='ocr_carea' id='block_1_27' title="bbox 433 2294 2082 2365">
    <p class='ocr_par' dir='ltr' id='par_1_27' title="bbox 433 2294 2082 2365">
     <span class='ocr_line' id='line_1_27' title="bbox 433 2294 2082 2365; baseline -0.005 -9"><span class='ocrx_word' id='word_1_177' title='bbox 433 2294 629 2356; x_wconf 43' lang='lat' dir='ltr'><strong>deos‘a</strong></span> <span class='ocrx_word' id='word_1_178' title='bbox 658 2299 835 2353; x_wconf 88' lang='lat' dir='ltr'><strong>veteri</strong></span> <span class='ocrx_word' id='word_1_179' title='bbox 856 2304 1115 2353; x_wconf 92' lang='lat' dir='ltr'><strong>autnovo</strong></span> <span class='ocrx_word' id='word_1_180' title='bbox 1140 2302 1474 2352; x_wconf 88' lang='lat' dir='ltr'><strong>testamento</strong></span> <span class='ocrx_word' id='word_1_181' title='bbox 1496 2297 1721 2365; x_wconf 82' lang='lat' dir='ltr'><strong>uspiam</strong></span> <span class='ocrx_word' id='word_1_182' title='bbox 1750 2294 1947 2350; x_wconf 89' lang='lat' dir='ltr'><strong>induci</strong></span> <span class='ocrx_word' id='word_1_183' title='bbox 1977 2307 2082 2348; x_wconf 93' lang='lat' dir='ltr'><strong>ne-</strong></span> 
     </span>
    </p>
   </div>
   <div class='ocr_carea' id='block_1_28' title="bbox 435 2365 2083 2442">
    <p class='ocr_par' dir='ltr' id='par_1_28' title="bbox 435 2365 2083 2442">
     <span class='ocr_line' id='line_1_28' title="bbox 435 2365 2083 2442; baseline -0.005 -16"><span class='ocrx_word' id='word_1_184' title='bbox 435 2380 719 2442; x_wconf 83' lang='lat' dir='ltr'><strong>quaquam</strong></span> <span class='ocrx_word' id='word_1_185' title='bbox 762 2373 1097 2442; x_wconf 90' lang='lat' dir='ltr'><strong>agnoscunt.</strong></span> <span class='ocrx_word' id='word_1_186' title='bbox 1144 2370 1376 2440; x_wconf 76' lang='lat' dir='ltr'><strong>»(Apud</strong></span> <span class='ocrx_word' id='word_1_187' title='bbox 1422 2369 1478 2422; x_wconf 90' lang='lat' dir='ltr'><strong>S.</strong></span> <span class='ocrx_word' id='word_1_188' title='bbox 1526 2368 1827 2436; x_wconf 74' lang='lat' dir='ltr'><strong>Athanas,</strong></span> <span class='ocrx_word' id='word_1_189' title='bbox 1872 2365 2083 2434; x_wconf 81' lang='lat' dir='ltr'><strong>Synadi</strong></span> 
     </span>
    </p>
   </div>
   <div class='ocr_carea' id='block_1_29' title="bbox 433 2440 861 2500">
    <p class='ocr_par' dir='ltr' id='par_1_29' title="bbox 433 2440 861 2500">
     <span class='ocr_line' id='line_1_29' title="bbox 433 2440 861 2500; baseline -0.016 0"><span class='ocrx_word' id='word_1_190' title='bbox 433 2440 486 2500; x_wconf 83' lang='grc' dir='ltr'><strong><em>Ν</em></strong></span> <span class='ocrx_word' id='word_1_191' title='bbox 486 2440 637 2496; x_wconf 74' lang='lat' dir='ltr'><strong>icaen.</strong></span> <span class='ocrx_word' id='word_1_192' title='bbox 666 2440 861 2494; x_wconf 80' lang='lat' dir='ltr'><strong>decret.</strong></span> 
     </span>
    </p>
   </div>
   <div class='ocr_carea' id='block_1_30' title="bbox 504 2507 2082 2581">
    <p class='ocr_par' dir='ltr' id='par_1_30' title="bbox 504 2507 2082 2581">
     <span class='ocr_line' id='line_1_30' title="bbox 504 2507 2082 2581; baseline -0.004 -13"><span class='ocrx_word' id='word_1_193' title='bbox 504 2513 656 2571; x_wconf 90' lang='lat' dir='ltr'><strong>Idem</strong></span> <span class='ocrx_word' id='word_1_194' title='bbox 693 2507 946 2581; x_wconf 80' lang='lat' dir='ltr'><strong>pontifex</strong></span> <span class='ocrx_word' id='word_1_195' title='bbox 978 2511 1192 2579; x_wconf 88' lang='lat' dir='ltr'><strong>pariter</strong></span> <span class='ocrx_word' id='word_1_196' title='bbox 1219 2509 1513 2565; x_wconf 85' lang='lat' dir='ltr'><strong>damnavit</strong></span> <span class='ocrx_word' id='word_1_197' title='bbox 1543 2507 2082 2581; x_wconf 87' lang='lat' dir='ltr'><strong>Paulum_Samosa-—</strong></span> 
     </span>
    </p>
   </div>
   <div class='ocr_carea' id='block_1_31' title="bbox 436 2578 2086 2655">
    <p class='ocr_par' dir='ltr' id='par_1_31' title="bbox 436 2578 2086 2655">
     <span class='ocr_line' id='line_1_31' title="bbox 436 2578 2086 2655; baseline -0.004 -16"><span class='ocrx_word' id='word_1_198' title='bbox 436 2578 1400 2655; x_wconf 70' lang='lat' dir='ltr'><strong>tenumepiscopumAntiochenum</strong></span> <span class='ocrx_word' id='word_1_199' title='bbox 1422 2581 1600 2650; x_wconf 90' lang='lat' dir='ltr'><strong>:quod</strong></span> <span class='ocrx_word' id='word_1_200' title='bbox 1622 2578 1944 2649; x_wconf 91' lang='lat' dir='ltr'><strong>complures</strong></span> <span class='ocrx_word' id='word_1_201' title='bbox 1955 2592 2086 2633; x_wconf 89' lang='lat' dir='ltr'><strong>auc-</strong></span> 
     </span>
    </p>
   </div>
   <div class='ocr_carea' id='block_1_32' title="bbox 1663 316 2627 378">
    <p class='ocr_par' dir='ltr' id='par_1_32' title="bbox 1663 316 2627 378">
     <span class='ocr_line' id='line_1_32' title="bbox 1663 316 2627 378; baseline -0.008 0"><span class='ocrx_word' id='word_1_202' title='bbox 1663 322 2026 378; x_wconf 82' lang='lat' dir='ltr'><strong>ANASTASII</strong></span> <span class='ocrx_word' id='word_1_203' title='bbox 2078 316 2627 376; x_wconf 82' lang='lat' dir='ltr'><strong>BIBLIOTHECARII</strong></span> 
     </span>
    </p>
   </div>
   <div class='ocr_carea' id='block_1_33' title="bbox 437 446 3644 522">
    <p class='ocr_par' dir='ltr' id='par_1_33' title="bbox 437 446 3644 522">
     <span class='ocr_line' id='line_1_33' title="bbox 437 446 3644 522; baseline -0.002 -12"><span class='ocrx_word' id='word_1_204' title='bbox 437 455 506 510; x_wconf 80' lang='lat' dir='ltr'><strong>ad</strong></span> <span class='ocrx_word' id='word_1_205' title='bbox 535 454 761 511; x_wconf 88' lang='lat' dir='ltr'><strong>futuras</strong></span> <span class='ocrx_word' id='word_1_206' title='bbox 783 454 1025 510; x_wconf 69' lang='lat' dir='ltr'><strong>haareses</strong></span> <span class='ocrx_word' id='word_1_207' title='bbox 1043 453 1429 522; x_wconf 88' lang='lat' dir='ltr'><strong>debellandas,</strong></span> <span class='ocrx_word' id='word_1_208' title='bbox 1455 452 1721 507; x_wconf 79' lang='lat' dir='ltr'><strong>Arianam</strong></span> <span class='ocrx_word' id='word_1_209' title='bbox 1747 452 2084 521; x_wconf 69' lang='lat' dir='ltr'><strong>praesertim,</strong></span> <span class='ocrx_word' id='word_1_210' title='bbox 2108 450 2165 509; x_wconf 88' lang='lat' dir='ltr'><strong>A</strong></span> <span class='ocrx_word' id='word_1_211' title='bbox 2196 446 2694 522; x_wconf 62' lang='lat' dir='ltr'><strong>toresprobantex</strong></span> <span class='ocrx_word' id='word_1_212' title='bbox 2713 446 3044 522; x_wconf 80' lang='lat' dir='ltr'><strong>testimonio</strong></span> <span class='ocrx_word' id='word_1_213' title='bbox 3060 447 3114 503; x_wconf 94' lang='lat' dir='ltr'><strong>S.</strong></span> <span class='ocrx_word' id='word_1_214' title='bbox 3135 447 3436 522; x_wconf 49' lang='lat' dir='ltr'><strong>Athanasii</strong></span> <span class='ocrx_word' id='word_1_215' title='bbox 3455 450 3542 522; x_wconf 84' lang='lat' dir='ltr'><strong>(de</strong></span> <span class='ocrx_word' id='word_1_216' title='bbox 3566 451 3644 519; x_wconf 80' lang='lat' dir='ltr'><strong>Sy</strong></span> 
     </span>
    </p>
   </div>
   <div class='ocr_carea' id='block_1_34' title="bbox 3718 322 3849 380">
    <p class='ocr_par' dir='ltr' id='par_1_34' title="bbox 3718 322 3849 380">
     <span class='ocr_line' id='line_1_34' title="bbox 3718 322 3849 380; baseline 0.015 -2"><span class='ocrx_word' id='word_1_217' title='bbox 3718 322 3849 380; x_wconf 72' lang='lat' dir='ltr'><strong>M36</strong></span> 
     </span>
    </p>
   </div>
   <div class='ocr_carea' id='block_1_35' title="bbox 3647 452 3843 506">
    <p class='ocr_par' dir='ltr' id='par_1_35' title="bbox 3647 452 3843 506">
     <span class='ocr_line' id='line_1_35' title="bbox 3647 452 3843 506; baseline 0.01 -2"><span class='ocrx_word' id='word_1_218' title='bbox 3647 452 3843 506; x_wconf 74' lang='lat' dir='ltr'><strong>nodisl.</strong></span> 
     </span>
    </p>
   </div>
   <div class='ocr_carea' id='block_1_36' title="bbox 2195 509 3847 585">
    <p class='ocr_par' dir='ltr' id='par_1_36' title="bbox 2195 509 3847 585">
     <span class='ocr_line' id='line_1_36' title="bbox 2195 509 3847 585; baseline 0.003 -11"><span class='ocrx_word' id='word_1_219' title='bbox 2195 521 2299 574; x_wconf 87' lang='lat' dir='ltr'><strong>Hic</strong></span> <span class='ocrx_word' id='word_1_220' title='bbox 2354 509 2735 573; x_wconf 68' lang='lat' dir='ltr'><strong>haeresiarcha</strong></span> <span class='ocrx_word' id='word_1_221' title='bbox 2801 517 3061 585; x_wconf 89' lang='lat' dir='ltr'><strong>docebat,</strong></span> <span class='ocrx_word' id='word_1_222' title='bbox 3127 520 3316 574; x_wconf 83' lang='lat' dir='ltr'><strong>Jesum</strong></span> <span class='ocrx_word' id='word_1_223' title='bbox 3373 509 3675 578; x_wconf 57' lang='lat' dir='ltr'><strong>Christu&#39;m</strong></span> <span class='ocrx_word' id='word_1_224' title='bbox 3756 509 3847 579; x_wconf 77' lang='lat' dir='ltr'><strong>so—</strong></span> 
     </span>
    </p>
   </div>
   <div class='ocr_carea' id='block_1_37' title="bbox 2197 589 3845 661">
    <p class='ocr_par' dir='ltr' id='par_1_37' title="bbox 2197 589 3845 661">
     <span class='ocr_line' id='line_1_37' title="bbox 2197 589 3845 661; baseline 0.002 -16"><span class='ocrx_word' id='word_1_225' title='bbox 2197 589 2586 661; x_wconf 13' lang='lat' dir='ltr'><strong>lamghominis</strong></span> <span class='ocrx_word' id='word_1_226' title='bbox 2613 594 2874 644; x_wconf 88' lang='lat' dir='ltr'><strong>naturam</strong></span> <span class='ocrx_word' id='word_1_227' title='bbox 2908 589 3135 661; x_wconf 84' lang='lat' dir='ltr'><strong>habere,</strong></span> <span class='ocrx_word' id='word_1_228' title='bbox 3163 592 3403 661; x_wconf 88' lang='lat' dir='ltr'><strong>ejusque</strong></span> <span class='ocrx_word' id='word_1_229' title='bbox 3422 596 3767 660; x_wconf 82' lang='lat' dir='ltr'><strong>sanguinem</strong></span> <span class='ocrx_word' id='word_1_230' title='bbox 3792 596 3845 648; x_wconf 88' lang='lat' dir='ltr'><strong>in</strong></span> 
     </span>
    </p>
   </div>
   <div class='ocr_carea' id='block_1_38' title="bbox 2193 660 3846 731">
    <p class='ocr_par' dir='ltr' id='par_1_38' title="bbox 2193 660 3846 731">
     <span class='ocr_line' id='line_1_38' title="bbox 2193 660 3846 731; baseline 0.003 -16"><span class='ocrx_word' id='word_1_231' title='bbox 2193 660 2559 731; x_wconf 81' lang='lat' dir='ltr'><strong>Eucharistia</strong></span> <span class='ocrx_word' id='word_1_232' title='bbox 2573 673 2695 715; x_wconf 88' lang='lat' dir='ltr'><strong>esse</strong></span> <span class='ocrx_word' id='word_1_233' title='bbox 2708 660 3162 728; x_wconf 89' lang='lat' dir='ltr'><strong>corruptibilem.</strong></span> <span class='ocrx_word' id='word_1_234' title='bbox 3181 660 3427 731; x_wconf 67' lang='lat' dir='ltr'><strong>(Euseb,</strong></span> <span class='ocrx_word' id='word_1_235' title='bbox 3441 665 3613 730; x_wconf 63' lang='lat' dir='ltr'><strong>Hist,</strong></span> <span class='ocrx_word' id='word_1_236' title='bbox 3632 665 3846 720; x_wconf 79' lang='lat' dir='ltr'><strong>lib.vn.</strong></span> 
     </span>
    </p>
   </div>
   <div class='ocr_carea' id='block_1_39' title="bbox 2194 729 3849 805">
    <p class='ocr_par' dir='ltr' id='par_1_39' title="bbox 2194 729 3849 805">
     <span class='ocr_line' id='line_1_39' title="bbox 2194 729 3849 805; baseline 0.002 -22"><span class='ocrx_word' id='word_1_237' title='bbox 2194 745 2327 805; x_wconf 61' lang='lat' dir='ltr'><strong>cap.</strong></span> <span class='ocrx_word' id='word_1_238' title='bbox 2345 729 2436 805; x_wconf 72' lang='lat'><strong>22,</strong></span> <span class='ocrx_word' id='word_1_239' title='bbox 2460 737 2515 785; x_wconf 90' lang='lat' dir='ltr'><strong>et</strong></span> <span class='ocrx_word' id='word_1_240' title='bbox 2552 731 2606 805; x_wconf 75' lang='lat' dir='ltr'><strong>_S.</strong></span> <span class='ocrx_word' id='word_1_241' title='bbox 2624 731 2893 805; x_wconf 85' lang='lat' dir='ltr'><strong>_Dionys.,</strong></span> <span class='ocrx_word' id='word_1_242' title='bbox 2916 732 3091 800; x_wconf 84' lang='lat' dir='ltr'><strong>Epist.</strong></span> <span class='ocrx_word' id='word_1_243' title='bbox 3116 729 3243 785; x_wconf 73' lang='lat' dir='ltr'><strong>adu.</strong></span> <span class='ocrx_word' id='word_1_244' title='bbox 3273 734 3526 805; x_wconf 83' lang='lat' dir='ltr'><strong>Paulum.</strong></span> <span class='ocrx_word' id='word_1_245' title='bbox 3554 729 3849 805; x_wconf 64' lang='lat' dir='ltr'><strong>Samosatj</strong></span> 
     </span>
    </p>
   </div>
   <div class='ocr_carea' id='block_1_40' title="bbox 2191 802 3849 873">
    <p class='ocr_par' dir='ltr' id='par_1_40' title="bbox 2191 802 3849 873">
     <span class='ocr_line' id='line_1_40' title="bbox 2191 802 3849 873; baseline 0.002 -16"><span class='ocrx_word' id='word_1_246' title='bbox 2191 802 2540 858; x_wconf 90' lang='lat' dir='ltr'><strong>Credebatur</strong></span> <span class='ocrx_word' id='word_1_247' title='bbox 2559 802 2742 871; x_wconf 88' lang='lat' dir='ltr'><strong>igitur</strong></span> <span class='ocrx_word' id='word_1_248' title='bbox 2760 814 3007 869; x_wconf 68' lang='lat' dir='ltr'><strong>praesens</strong></span> <span class='ocrx_word' id='word_1_249' title='bbox 3023 805 3285 873; x_wconf 86' lang='lat' dir='ltr'><strong>antiquis</strong></span> <span class='ocrx_word' id='word_1_250' title='bbox 3309 804 3400 859; x_wconf 90' lang='lat' dir='ltr'><strong>his</strong></span> <span class='ocrx_word' id='word_1_251' title='bbox 3417 806 3689 861; x_wconf 71' lang='lat' dir='ltr'><strong>Ecclesiae</strong></span> <span class='ocrx_word' id='word_1_252' title='bbox 3706 802 3849 861; x_wconf 64' lang='lat' dir='ltr'><strong>temi-</strong></span> 
     </span>
    </p>
   </div>
   <div class='ocr_carea' id='block_1_41' title="bbox 2194 873 3847 946">
    <p class='ocr_par' dir='ltr' id='par_1_41' title="bbox 2194 873 3847 946">
     <span class='ocr_line' id='line_1_41' title="bbox 2194 873 3847 946; baseline 0.002 -17"><span class='ocrx_word' id='word_1_253' title='bbox 2194 874 2434 943; x_wconf 89' lang='lat' dir='ltr'><strong>poribus</strong></span> <span class='ocrx_word' id='word_1_254' title='bbox 2453 873 2722 946; x_wconf 81' lang='lat' dir='ltr'><strong>Christus</strong></span> <span class='ocrx_word' id='word_1_255' title='bbox 2744 873 3026 946; x_wconf 61' lang='lat' dir='ltr'><strong>Domipus</strong></span> <span class='ocrx_word' id='word_1_256' title='bbox 3054 874 3113 928; x_wconf 92' lang='lat' dir='ltr'><strong>in</strong></span> <span class='ocrx_word' id='word_1_257' title='bbox 3144 875 3529 946; x_wconf 84' lang='lat' dir='ltr'><strong>Eucharistia,</strong></span> <span class='ocrx_word' id='word_1_258' title='bbox 3563 892 3733 946; x_wconf 90' lang='lat' dir='ltr'><strong>quem</strong></span> <span class='ocrx_word' id='word_1_259' title='bbox 3758 893 3847 933; x_wconf 84' lang='lat' dir='ltr'><strong>re—</strong></span> 
     </span>
    </p>
   </div>
   <div class='ocr_carea' id='block_1_42' title="bbox 2193 943 3847 1014">
    <p class='ocr_par' dir='ltr' id='par_1_42' title="bbox 2193 943 3847 1014">
     <span class='ocr_line' id='line_1_42' title="bbox 2193 943 3847 1014; baseline 0.004 -16"><span class='ocrx_word' id='word_1_260' title='bbox 2193 949 2386 999; x_wconf 86' lang='lat' dir='ltr'><strong>centes</strong></span> <span class='ocrx_word' id='word_1_261' title='bbox 2404 943 2638 999; x_wconf 88' lang='lat' dir='ltr'><strong>sectarii</strong></span> <span class='ocrx_word' id='word_1_262' title='bbox 2658 950 2887 1013; x_wconf 83' lang='lat' dir='ltr'><strong>negant.</strong></span> <span class='ocrx_word' id='word_1_263' title='bbox 2902 944 3141 999; x_wconf 87' lang='lat' dir='ltr'><strong>Errores</strong></span> <span class='ocrx_word' id='word_1_264' title='bbox 3159 959 3295 1000; x_wconf 88' lang='lat' dir='ltr'><strong>suos</strong></span> <span class='ocrx_word' id='word_1_265' title='bbox 3311 943 3606 1014; x_wconf 77' lang='lat' dir='ltr'><strong>abjuravit</strong></span> <span class='ocrx_word' id='word_1_266' title='bbox 3626 950 3685 1002; x_wconf 88' lang='lat' dir='ltr'><strong>in</strong></span> <span class='ocrx_word' id='word_1_267' title='bbox 3709 963 3847 1004; x_wconf 87' lang='lat' dir='ltr'><strong>eou-</strong></span> 
     </span>
    </p>
   </div>
   <div class='ocr_carea' id='block_1_43' title="bbox 2194 1015 3846 1083">
    <p class='ocr_par' dir='ltr' id='par_1_43' title="bbox 2194 1015 3846 1083">
     <span class='ocr_line' id='line_1_43' title="bbox 2194 1015 3846 1083; baseline 0.002 -13"><span class='ocrx_word' id='word_1_268' title='bbox 2194 1015 2335 1070; x_wconf 89' lang='lat' dir='ltr'><strong>cilio</strong></span> <span class='ocrx_word' id='word_1_269' title='bbox 2364 1017 2569 1083; x_wconf 90' lang='lat' dir='ltr'><strong>primo,</strong></span> <span class='ocrx_word' id='word_1_270' title='bbox 2602 1027 2667 1069; x_wconf 89' lang='lat' dir='ltr'><strong>ea</strong></span> <span class='ocrx_word' id='word_1_271' title='bbox 2697 1015 2767 1069; x_wconf 89' lang='lat' dir='ltr'><strong>de</strong></span> <span class='ocrx_word' id='word_1_272' title='bbox 2796 1027 2971 1069; x_wconf 81' lang='lat' dir='ltr'><strong>causa</strong></span> <span class='ocrx_word' id='word_1_273' title='bbox 2995 1015 3192 1071; x_wconf 87' lang='lat' dir='ltr'><strong>habito</strong></span> <span class='ocrx_word' id='word_1_274' title='bbox 3221 1029 3326 1071; x_wconf 89' lang='lat' dir='ltr'><strong>sua</strong></span> <span class='ocrx_word' id='word_1_275' title='bbox 3359 1018 3417 1071; x_wconf 92' lang='lat' dir='ltr'><strong>in</strong></span> <span class='ocrx_word' id='word_1_276' title='bbox 3451 1019 3709 1074; x_wconf 80' lang='lat' dir='ltr'><strong>Ecclesia</strong></span> <span class='ocrx_word' id='word_1_277' title='bbox 3730 1022 3846 1074; x_wconf 82' lang='lat' dir='ltr'><strong>An-</strong></span> 
     </span>
    </p>
   </div>
   <div class='ocr_carea' id='block_1_44' title="bbox 2195 1085 3846 1161">
    <p class='ocr_par' dir='ltr' id='par_1_44' title="bbox 2195 1085 3846 1161">
     <span class='ocr_line' id='line_1_44' title="bbox 2195 1085 3846 1161; baseline 0.004 -21"><span class='ocrx_word' id='word_1_278' title='bbox 2195 1086 2481 1141; x_wconf 86' lang='lat' dir='ltr'><strong>tiochena.</strong></span> <span class='ocrx_word' id='word_1_279' title='bbox 2513 1085 2876 1161; x_wconf 76' lang='lat' dir='ltr'><strong>Verumcum</strong></span> <span class='ocrx_word' id='word_1_280' title='bbox 2910 1085 3184 1161; x_wconf 82' lang='lat' dir='ltr'><strong>simulato</strong></span> <span class='ocrx_word' id='word_1_281' title='bbox 3212 1086 3508 1161; x_wconf 88' lang='lat' dir='ltr'><strong>id_fecisse</strong></span> <span class='ocrx_word' id='word_1_282' title='bbox 3545 1103 3846 1161; x_wconf 84' lang='lat' dir='ltr'><strong>cognosce-</strong></span> 
     </span>
    </p>
   </div>
   <div class='ocr_carea' id='block_1_45' title="bbox 2194 1156 3849 1231">
    <p class='ocr_par' dir='ltr' id='par_1_45' title="bbox 2194 1156 3849 1231">
     <span class='ocr_line' id='line_1_45' title="bbox 2194 1156 3849 1231; baseline 0.003 -19"><span class='ocrx_word' id='word_1_283' title='bbox 2194 1164 2372 1231; x_wconf 81' lang='lat' dir='ltr'><strong>retur,</strong></span> <span class='ocrx_word' id='word_1_284' title='bbox 2392 1161 2587 1231; x_wconf 74' lang='lat' dir='ltr'><strong>coacta</strong></span> <span class='ocrx_word' id='word_1_285' title='bbox 2611 1156 2821 1211; x_wconf 90' lang='lat' dir='ltr'><strong>ibidem</strong></span> <span class='ocrx_word' id='word_1_286' title='bbox 2850 1157 3100 1231; x_wconf 86' lang='lat' dir='ltr'><strong>secunda</strong></span> <span class='ocrx_word' id='word_1_287' title='bbox 3121 1159 3375 1227; x_wconf 88' lang='lat' dir='ltr'><strong>synodus</strong></span> <span class='ocrx_word' id='word_1_288' title='bbox 3390 1156 3653 1215; x_wconf 78' lang='lat' dir='ltr'><strong>eumdem</strong></span> <span class='ocrx_word' id='word_1_289' title='bbox 3671 1162 3849 1231; x_wconf 88' lang='lat' dir='ltr'><strong>depo—</strong></span> 
     </span>
    </p>
   </div>
   <div class='ocr_carea' id='block_1_46' title="bbox 2193 1225 3848 1301">
    <p class='ocr_par' dir='ltr' id='par_1_46' title="bbox 2193 1225 3848 1301">
     <span class='ocr_line' id='line_1_46' title="bbox 2193 1225 3848 1301; baseline 0.003 -19"><span class='ocrx_word' id='word_1_290' title='bbox 2193 1228 2409 1301; x_wconf 53' lang='lat' dir='ltr'><strong>suit._g</strong></span> <span class='ocrx_word' id='word_1_291' title='bbox 2442 1225 2649 1282; x_wconf 92' lang='lat' dir='ltr'><strong>Omnes</strong></span> <span class='ocrx_word' id='word_1_292' title='bbox 2693 1240 2825 1282; x_wconf 91' lang='lat' dir='ltr'><strong>vero</strong></span> <span class='ocrx_word' id='word_1_293' title='bbox 2878 1225 3247 1301; x_wconf 50' lang='lat' dir='ltr'><strong>episcopi&#39;et</strong></span> <span class='ocrx_word' id='word_1_294' title='bbox 3295 1237 3572 1298; x_wconf 90' lang='lat' dir='ltr'><strong>pastores,</strong></span> <span class='ocrx_word' id='word_1_295' title='bbox 3641 1225 3762 1301; x_wconf 60' lang='lat' dir='ltr'><strong>qui&#39;</strong></span> <span class='ocrx_word' id='word_1_296' title='bbox 3792 1235 3848 1286; x_wconf 90' lang='lat' dir='ltr'><strong>in</strong></span> 
     </span>
    </p>
   </div>
   <div class='ocr_carea' id='block_1_47' title="bbox 2193 1298 3844 1364">
    <p class='ocr_par' dir='ltr' id='par_1_47' title="bbox 2193 1298 3844 1364">
     <span class='ocr_line' id='line_1_47' title="bbox 2193 1298 3844 1364; baseline 0.002 -10"><span class='ocrx_word' id='word_1_297' title='bbox 2193 1298 2445 1354; x_wconf 89' lang='lat' dir='ltr'><strong>concilio</strong></span> <span class='ocrx_word' id='word_1_298' title='bbox 2503 1305 2811 1353; x_wconf 89' lang='lat' dir='ltr'><strong>memorato</strong></span> <span class='ocrx_word' id='word_1_299' title='bbox 2862 1305 3027 1353; x_wconf 89' lang='lat' dir='ltr'><strong>erant</strong></span> <span class='ocrx_word' id='word_1_300' title='bbox 3071 1300 3277 1364; x_wconf 85' lang='lat' dir='ltr'><strong>vocati,</strong></span> <span class='ocrx_word' id='word_1_301' title='bbox 3330 1314 3497 1356; x_wconf 90' lang='lat' dir='ltr'><strong>unam</strong></span> <span class='ocrx_word' id='word_1_302' title='bbox 3555 1298 3844 1359; x_wconf 82' lang='lat' dir='ltr'><strong>communi</strong></span> 
     </span>
    </p>
   </div>
   <div class='ocr_carea' id='block_1_48' title="bbox 2193 1368 3850 1440">
    <p class='ocr_par' dir='ltr' id='par_1_48' title="bbox 2193 1368 3850 1440">
     <span class='ocr_line' id='line_1_48' title="bbox 2193 1368 3850 1440; baseline 0.002 -15"><span class='ocrx_word' id='word_1_303' title='bbox 2193 1382 2475 1425; x_wconf 91' lang='lat' dir='ltr'><strong>consensu</strong></span> <span class='ocrx_word' id='word_1_304' title='bbox 2500 1368 2798 1438; x_wconf 87' lang='lat' dir='ltr'><strong>epistolam</strong></span> <span class='ocrx_word' id='word_1_305' title='bbox 2827 1370 2896 1423; x_wconf 91' lang='lat' dir='ltr'><strong>ad</strong></span> <span class='ocrx_word' id='word_1_306' title='bbox 2930 1370 3266 1438; x_wconf 86' lang='lat' dir='ltr'><strong>Dionysium</strong></span> <span class='ocrx_word' id='word_1_307' title='bbox 3288 1372 3620 1440; x_wconf 90' lang='lat' dir='ltr'><strong>episcopum</strong></span> <span class='ocrx_word' id='word_1_308' title='bbox 3644 1374 3850 1428; x_wconf 83' lang='lat' dir='ltr'><strong>Roma-</strong></span> 
     </span>
    </p>
   </div>
   <div class='ocr_carea' id='block_1_49' title="bbox 2194 1440 3845 1513">
    <p class='ocr_par' dir='ltr' id='par_1_49' title="bbox 2194 1440 3845 1513">
     <span class='ocr_line' id='line_1_49' title="bbox 2194 1440 3845 1513; baseline 0.003 -18"><span class='ocrx_word' id='word_1_309' title='bbox 2194 1453 2353 1507; x_wconf 90' lang='lat' dir='ltr'><strong>num,</strong></span> <span class='ocrx_word' id='word_1_310' title='bbox 2385 1445 2442 1494; x_wconf 90' lang='lat' dir='ltr'><strong>et</strong></span> <span class='ocrx_word' id='word_1_311' title='bbox 2461 1440 2528 1495; x_wconf 91' lang='lat' dir='ltr'><strong>ad</strong></span> <span class='ocrx_word' id='word_1_312' title='bbox 2566 1440 2874 1513; x_wconf 79' lang='lat' dir='ltr'><strong>Maximum</strong></span> <span class='ocrx_word' id='word_1_313' title='bbox 2901 1441 3260 1513; x_wconf 63' lang='lat' dir='ltr'><strong>Alexandriae</strong></span> <span class='ocrx_word' id='word_1_314' title='bbox 3288 1443 3603 1498; x_wconf 78' lang='lat' dir='ltr'><strong>Ecclesium</strong></span> <span class='ocrx_word' id='word_1_315' title='bbox 3638 1460 3845 1513; x_wconf 79' lang='lat' dir='ltr'><strong>procu-</strong></span> 
     </span>
    </p>
   </div>
   <div class='ocr_carea' id='block_1_50' title="bbox 2195 1511 3849 1585">
    <p class='ocr_par' dir='ltr' id='par_1_50' title="bbox 2195 1511 3849 1585">
     <span class='ocr_line' id='line_1_50' title="bbox 2195 1511 3849 1585; baseline 0.004 -20"><span class='ocrx_word' id='word_1_316' title='bbox 2195 1516 2414 1585; x_wconf 83' lang='lat' dir='ltr'><strong>rantem</strong></span> <span class='ocrx_word' id='word_1_317' title='bbox 2437 1511 2779 1585; x_wconf 84' lang='lat' dir='ltr'><strong>nominatim</strong></span> <span class='ocrx_word' id='word_1_318' title='bbox 2806 1512 3295 1585; x_wconf 81' lang='lat' dir='ltr'><strong>conscripserunt,</strong></span> <span class='ocrx_word' id='word_1_319' title='bbox 3312 1514 3482 1585; x_wconf 88' lang='lat' dir='ltr'><strong>cujus</strong></span> <span class='ocrx_word' id='word_1_320' title='bbox 3503 1511 3849 1585; x_wconf 83' lang='lat' dir='ltr'><strong>exemplaris</strong></span> 
     </span>
    </p>
   </div>
   <div class='ocr_carea' id='block_1_51' title="bbox 2194 1581 3847 1723">
    <p class='ocr_par' dir='ltr' id='par_1_51' title="bbox 2194 1581 3847 1723">
     <span class='ocr_line' id='line_1_51' title="bbox 2194 1581 3847 1723; baseline 0.002 -87"><span class='ocrx_word' id='word_1_321' title='bbox 2194 1583 2262 1636; x_wconf 91' lang='lat' dir='ltr'><strong>ad</strong></span> <span class='ocrx_word' id='word_1_322' title='bbox 2278 1595 2474 1723; x_wconf 52' lang='lat' dir='ltr'><strong>omgn‘e?</strong></span> <span class='ocrx_word' id='word_1_323' title='bbox 2488 1581 3132 1651; x_wconf 85' lang='lat' dir='ltr'><strong>provinciasmiserunt.</strong></span> <span class='ocrx_word' id='word_1_324' title='bbox 3149 1601 3176 1632; x_wconf 85' lang='grc'><strong>››</strong></span> <span class='ocrx_word' id='word_1_325' title='bbox 3194 1584 3446 1653; x_wconf 64' lang='lat' dir='ltr'><strong>(Euseb,</strong></span> <span class='ocrx_word' id='word_1_326' title='bbox 3465 1586 3568 1639; x_wconf 93' lang='lat' dir='ltr'><strong>lib.</strong></span> <span class='ocrx_word' id='word_1_327' title='bbox 3586 1581 3847 1649; x_wconf 49' lang='lat' dir='ltr'><strong>&quot;illisa,</strong></span> 
     </span>
     <span class='ocr_line' id='line_1_52' title="bbox 2195 1666 2801 1723; baseline -0.003 -16"><span class='ocrx_word' id='word_1_328' title='bbox 2195 1666 2319 1722; x_wconf 91' lang='lat' dir='ltr'><strong>cap.</strong></span> <span class='ocrx_word' id='word_1_329' title='bbox 2429 1694 2441 1705; x_wconf 97' lang='lat'><strong>.</strong></span> <span class='ocrx_word' id='word_1_330' title='bbox 2794 1722 2801 1723; x_wconf 17' lang='grc' dir='ltr'><em>γ</em></span> 
     </span>
    </p>
   </div>
   <div class='ocr_carea' id='block_1_52' title="bbox 2195 1666 2441 1722">
    <p class='ocr_par' dir='ltr' id='par_1_52' title="bbox 2195 1666 2441 1722">
     <span class='ocr_line' id='line_1_53' title="bbox 2195 1666 2441 1722; baseline -0.008 -15"><span class='ocrx_word' id='word_1_331' title='bbox 2195 1666 2319 1722; x_wconf 91' lang='lat' dir='ltr'><strong>cap.</strong></span> <span class='ocrx_word' id='word_1_332' title='bbox 2350 1666 2441 1706; x_wconf 68' lang='lat'><strong>24.</strong></span> 
     </span>
    </p>
   </div>
   <div class='ocr_carea' id='block_1_53' title="bbox 2269 1722 3847 1792">
    <p class='ocr_par' dir='ltr' id='par_1_53' title="bbox 2269 1722 3847 1792">
     <span class='ocr_line' id='line_1_54' title="bbox 2269 1722 3847 1792; baseline 0.005 -16"><span class='ocrx_word' id='word_1_333' title='bbox 2269 1723 2479 1778; x_wconf 89' lang='lat' dir='ltr'><strong>Paulus</strong></span> <span class='ocrx_word' id='word_1_334' title='bbox 2493 1722 3009 1777; x_wconf 86' lang='lat' dir='ltr'><strong>recusansdomum</strong></span> <span class='ocrx_word' id='word_1_335' title='bbox 3023 1723 3402 1792; x_wconf 89' lang='lat' dir='ltr'><strong>episcopalem</strong></span> <span class='ocrx_word' id='word_1_336' title='bbox 3424 1726 3629 1783; x_wconf 88' lang='lat' dir='ltr'><strong>cedere</strong></span> <span class='ocrx_word' id='word_1_337' title='bbox 3643 1728 3847 1784; x_wconf 88' lang='lat' dir='ltr'><strong>domno</strong></span> 
     </span>
    </p>
   </div>
   <div class='ocr_carea' id='block_1_54' title="bbox 2196 1792 3844 1863">
    <p class='ocr_par' dir='ltr' id='par_1_54' title="bbox 2196 1792 3844 1863">
     <span class='ocr_line' id='line_1_55' title="bbox 2196 1792 3844 1863; baseline 0.004 -14"><span class='ocrx_word' id='word_1_338' title='bbox 2196 1807 2366 1849; x_wconf 90' lang='lat' dir='ltr'><strong>suum</strong></span> <span class='ocrx_word' id='word_1_339' title='bbox 2389 1794 2446 1848; x_wconf 91' lang='lat' dir='ltr'><strong>in</strong></span> <span class='ocrx_word' id='word_1_340' title='bbox 2473 1794 2657 1848; x_wconf 91' lang='lat' dir='ltr'><strong>locum</strong></span> <span class='ocrx_word' id='word_1_341' title='bbox 2681 1792 2939 1859; x_wconf 81' lang='lat' dir='ltr'><strong>suffecto,</strong></span> <span class='ocrx_word' id='word_1_342' title='bbox 2960 1796 3028 1849; x_wconf 90' lang='lat' dir='ltr'><strong>ad</strong></span> <span class='ocrx_word' id='word_1_343' title='bbox 3052 1795 3448 1863; x_wconf 86' lang='lat' dir='ltr'><strong>imperatorem</strong></span> <span class='ocrx_word' id='word_1_344' title='bbox 3471 1799 3844 1855; x_wconf 86' lang='lat' dir='ltr'><strong>Aurelianum</strong></span> 
     </span>
    </p>
   </div>
   <div class='ocr_carea' id='block_1_55' title="bbox 2195 1865 3845 1939">
    <p class='ocr_par' dir='ltr' id='par_1_55' title="bbox 2195 1865 3845 1939">
     <span class='ocr_line' id='line_1_56' title="bbox 2195 1865 3845 1939; baseline 0.004 -20"><span class='ocrx_word' id='word_1_345' title='bbox 2195 1878 2390 1934; x_wconf 89' lang='lat' dir='ltr'><strong>preces</strong></span> <span class='ocrx_word' id='word_1_346' title='bbox 2418 1865 2655 1939; x_wconf 84' lang='lat' dir='ltr'><strong>direxit,</strong></span> <span class='ocrx_word' id='word_1_347' title='bbox 2684 1870 2747 1918; x_wconf 90' lang='lat' dir='ltr'><strong>ut</strong></span> <span class='ocrx_word' id='word_1_348' title='bbox 2775 1870 3096 1939; x_wconf 77' lang='lat' dir='ltr'><strong>cogeretur.</strong></span> <span class='ocrx_word' id='word_1_349' title='bbox 3136 1867 3404 1939; x_wconf 82' lang='lat' dir='ltr'><strong>Princeps</strong></span> <span class='ocrx_word' id='word_1_350' title='bbox 3435 1868 3553 1934; x_wconf 84' lang='lat' dir='ltr'><strong>hic,</strong></span> <span class='ocrx_word' id='word_1_351' title='bbox 3601 1872 3715 1925; x_wconf 88' lang='lat' dir='ltr'><strong>etsi</strong></span> <span class='ocrx_word' id='word_1_352' title='bbox 3749 1885 3845 1939; x_wconf 82' lang='lat' dir='ltr'><strong>pa-</strong></span> 
     </span>
    </p>
   </div>
   <div class='ocr_carea' id='block_1_56' title="bbox 2193 1935 3845 2007">
    <p class='ocr_par' dir='ltr' id='par_1_56' title="bbox 2193 1935 3845 2007">
     <span class='ocr_line' id='line_1_57' title="bbox 2193 1935 3845 2007; baseline 0.004 -17"><span class='ocrx_word' id='word_1_353' title='bbox 2193 1949 2396 2007; x_wconf 86' lang='lat' dir='ltr'><strong>ganus,</strong></span> <span class='ocrx_word' id='word_1_354' title='bbox 2420 1936 2661 2006; x_wconf 87' lang='lat' dir='ltr'><strong>dignum</strong></span> <span class='ocrx_word' id='word_1_355' title='bbox 2696 1936 2944 2004; x_wconf 87' lang='lat' dir='ltr'><strong>protulit</strong></span> <span class='ocrx_word' id='word_1_356' title='bbox 2970 1935 3135 2004; x_wconf 89' lang='lat' dir='ltr'><strong>plane</strong></span> <span class='ocrx_word' id='word_1_357' title='bbox 3168 1936 3481 2005; x_wconf 89' lang='lat' dir='ltr'><strong>judicium,</strong></span> <span class='ocrx_word' id='word_1_358' title='bbox 3526 1942 3682 1995; x_wconf 91' lang='lat' dir='ltr'><strong>unde</strong></span> <span class='ocrx_word' id='word_1_359' title='bbox 3705 1935 3845 1997; x_wconf 81' lang='lat' dir='ltr'><strong>rom-</strong></span> 
     </span>
    </p>
   </div>
   <div class='ocr_carea' id='block_1_57' title="bbox 2192 2006 3845 2077">
    <p class='ocr_par' dir='ltr' id='par_1_57' title="bbox 2192 2006 3845 2077">
     <span class='ocr_line' id='line_1_58' title="bbox 2192 2006 3845 2077; baseline 0.004 -16"><span class='ocrx_word' id='word_1_360' title='bbox 2192 2006 2469 2076; x_wconf 86' lang='lat' dir='ltr'><strong>probatur</strong></span> <span class='ocrx_word' id='word_1_361' title='bbox 2489 2008 2808 2061; x_wconf 86' lang='lat' dir='ltr'><strong>auctoritas</strong></span> <span class='ocrx_word' id='word_1_362' title='bbox 2824 2019 3106 2075; x_wconf 90' lang='lat' dir='ltr'><strong>suprema,</strong></span> <span class='ocrx_word' id='word_1_363' title='bbox 3130 2020 3297 2075; x_wconf 84' lang='lat' dir='ltr'><strong>quam</strong></span> <span class='ocrx_word' id='word_1_364' title='bbox 3318 2011 3470 2077; x_wconf 88' lang='lat' dir='ltr'><strong>apud</strong></span> <span class='ocrx_word' id='word_1_365' title='bbox 3490 2010 3845 2068; x_wconf 86' lang='lat' dir='ltr'><strong>Christianos</strong></span> 
     </span>
    </p>
   </div>
   <div class='ocr_carea' id='block_1_58' title="bbox 2190 2077 3838 2151">
    <p class='ocr_par' dir='ltr' id='par_1_58' title="bbox 2190 2077 3838 2151">
     <span class='ocr_line' id='line_1_59' title="bbox 2190 2077 3838 2151; baseline 0.004 -20"><span class='ocrx_word' id='word_1_366' title='bbox 2190 2091 2414 2151; x_wconf 82' lang='lat' dir='ltr'><strong>semper</strong></span> <span class='ocrx_word' id='word_1_367' title='bbox 2434 2077 2693 2151; x_wconf 81' lang='lat' dir='ltr'><strong>obtinuit</strong></span> <span class='ocrx_word' id='word_1_368' title='bbox 2714 2079 2960 2151; x_wconf 84' lang='lat' dir='ltr'><strong>Romana</strong></span> <span class='ocrx_word' id='word_1_369' title='bbox 2987 2078 3265 2151; x_wconf 70' lang='lat' dir='ltr'><strong>Ecclesia,</strong></span> <span class='ocrx_word' id='word_1_370' title='bbox 3288 2080 3533 2151; x_wconf 87' lang='lat' dir='ltr'><strong>ejusque</strong></span> <span class='ocrx_word' id='word_1_371' title='bbox 3560 2083 3838 2149; x_wconf 69' lang='lat' dir='ltr'><strong>pontufex:</strong></span> 
     </span>
    </p>
   </div>
   <div class='ocr_carea' id='block_1_59' title="bbox 2193 2149 3839 2221">
    <p class='ocr_par' dir='ltr' id='par_1_59' title="bbox 2193 2149 3839 2221">
     <span class='ocr_line' id='line_1_60' title="bbox 2193 2149 3839 2221; baseline 0.007 -22"><span class='ocrx_word' id='word_1_372' title='bbox 2193 2168 2219 2199; x_wconf 84' lang='lat'><strong>«</strong></span> <span class='ocrx_word' id='word_1_373' title='bbox 2247 2149 2520 2221; x_wconf 72' lang='lat' dir='ltr'><strong>Praecepit</strong></span> <span class='ocrx_word' id='word_1_374' title='bbox 2540 2149 2714 2221; x_wconf 87' lang='lat' dir='ltr'><strong>enim,</strong></span> <span class='ocrx_word' id='word_1_375' title='bbox 2735 2152 2805 2221; x_wconf 79' lang='lat' dir='ltr'><strong>ut</strong></span> <span class='ocrx_word' id='word_1_376' title='bbox 2826 2150 3033 2221; x_wconf 84' lang='lat' dir='ltr'><strong>domus</strong></span> <span class='ocrx_word' id='word_1_377' title='bbox 3057 2149 3320 2221; x_wconf 61' lang='lat' dir='ltr'><strong>Ecclesia:</strong></span> <span class='ocrx_word' id='word_1_378' title='bbox 3344 2149 3839 2221; x_wconf 39' lang='lat' dir='ltr'><strong>illi‘tribueretur,</strong></span> 
     </span>
    </p>
   </div>
   <div class='ocr_carea' id='block_1_60' title="bbox 2191 2219 3844 2295">
    <p class='ocr_par' dir='ltr' id='par_1_60' title="bbox 2191 2219 3844 2295">
     <span class='ocr_line' id='line_1_61' title="bbox 2191 2219 3844 2295; baseline 0.005 -22"><span class='ocrx_word' id='word_1_379' title='bbox 2191 2220 2406 2295; x_wconf 76' lang='lat' dir='ltr'><strong>quibus</strong></span> <span class='ocrx_word' id='word_1_380' title='bbox 2430 2219 2751 2295; x_wconf 76' lang='lat' dir='ltr'><strong>Christiani</strong></span> <span class='ocrx_word' id='word_1_381' title='bbox 2778 2219 2958 2273; x_wconf 66' lang='lat' dir='ltr'><strong>Italiae</strong></span> <span class='ocrx_word' id='word_1_382' title='bbox 2978 2225 3035 2273; x_wconf 92' lang='lat' dir='ltr'><strong>et</strong></span> <span class='ocrx_word' id='word_1_383' title='bbox 3061 2219 3225 2295; x_wconf 79' lang='lat' dir='ltr'><strong>urbis</strong></span> <span class='ocrx_word' id='word_1_384' title='bbox 3251 2221 3440 2276; x_wconf 74' lang='lat' dir='ltr'><strong>Romae</strong></span> <span class='ocrx_word' id='word_1_385' title='bbox 3468 2225 3730 2293; x_wconf 87' lang='lat' dir='ltr'><strong>episc0pi</strong></span> <span class='ocrx_word' id='word_1_386' title='bbox 3756 2219 3844 2295; x_wconf 83' lang='lat' dir='ltr'><strong>per</strong></span> 
     </span>
    </p>
   </div>
   <div class='ocr_carea' id='block_1_61' title="bbox 2192 2289 3841 2363">
    <p class='ocr_par' dir='ltr' id='par_1_61' title="bbox 2192 2289 3841 2363">
     <span class='ocr_line' id='line_1_62' title="bbox 2192 2289 3841 2363; baseline 0.002 -18"><span class='ocrx_word' id='word_1_387' title='bbox 2192 2290 2430 2363; x_wconf 80' lang='lat' dir='ltr'><strong>litteras</strong></span> <span class='ocrx_word' id='word_1_388' title='bbox 2466 2289 2830 2363; x_wconf 77' lang='lat' dir='ltr'><strong>tribuendam</strong></span> <span class='ocrx_word' id='word_1_389' title='bbox 2877 2290 3368 2363; x_wconf 67' lang='lat' dir='ltr'><strong>perscriberent.»</strong></span> <span class='ocrx_word' id='word_1_390' title='bbox 3412 2289 3589 2361; x_wconf 84' lang='lat' dir='ltr'><strong>(Idem</strong></span> <span class='ocrx_word' id='word_1_391' title='bbox 3625 2289 3841 2363; x_wconf 70' lang='lat' dir='ltr'><strong>Euseb,</strong></span> 
     </span>
    </p>
   </div>
   <div class='ocr_carea' id='block_1_62' title="bbox 2189 2358 3846 2430">
    <p class='ocr_par' dir='ltr' id='par_1_62' title="bbox 2189 2358 3846 2430">
     <span class='ocr_line' id='line_1_63' title="bbox 2189 2358 3846 2430; baseline 0.005 -16"><span class='ocrx_word' id='word_1_392' title='bbox 2189 2362 2356 2423; x_wconf 84' lang='lat' dir='ltr'><strong>ibid.)</strong></span> <span class='ocrx_word' id='word_1_393' title='bbox 2379 2361 2435 2416; x_wconf 85' lang='lat' dir='ltr'><strong>id</strong></span> <span class='ocrx_word' id='word_1_394' title='bbox 2473 2374 2639 2430; x_wconf 90' lang='lat' dir='ltr'><strong>porro</strong></span> <span class='ocrx_word' id='word_1_395' title='bbox 2665 2358 2800 2425; x_wconf 85' lang='lat' dir='ltr'><strong>fuit,</strong></span> <span class='ocrx_word' id='word_1_396' title='bbox 2834 2368 2898 2415; x_wconf 91' lang='lat' dir='ltr'><strong>ut</strong></span> <span class='ocrx_word' id='word_1_397' title='bbox 2930 2361 3213 2416; x_wconf 85' lang='lat' dir='ltr'><strong>Eusebius</strong></span> <span class='ocrx_word' id='word_1_398' title='bbox 3236 2358 3523 2429; x_wconf 77' lang='lat' dir='ltr'><strong>observat,</strong></span> <span class='ocrx_word' id='word_1_399' title='bbox 3556 2358 3846 2423; x_wconf 55' lang='lat' dir='ltr'><strong>sanctissiQ</strong></span> 
     </span>
    </p>
   </div>
   <div class='ocr_carea' id='block_1_63' title="bbox 2192 2433 3843 2494">
    <p class='ocr_par' dir='ltr' id='par_1_63' title="bbox 2192 2433 3843 2494">
     <span class='ocr_line' id='line_1_64' title="bbox 2192 2433 3843 2494; baseline 0.004 -7"><span class='ocrx_word' id='word_1_400' title='bbox 2192 2446 2347 2487; x_wconf 90' lang='lat' dir='ltr'><strong>mum</strong></span> <span class='ocrx_word' id='word_1_401' title='bbox 2377 2434 2697 2487; x_wconf 89' lang='lat' dir='ltr'><strong>decretum:</strong></span> <span class='ocrx_word' id='word_1_402' title='bbox 2733 2434 3074 2485; x_wconf 75' lang='lat' dir='ltr'><strong>sanctissime</strong></span> <span class='ocrx_word' id='word_1_403' title='bbox 3102 2433 3366 2494; x_wconf 74' lang='lat' dir='ltr'><strong>decrevit:</strong></span> <span class='ocrx_word' id='word_1_404' title='bbox 3404 2436 3458 2490; x_wconf 92' lang='lat' dir='ltr'><strong>id</strong></span> <span class='ocrx_word' id='word_1_405' title='bbox 3495 2443 3586 2491; x_wconf 84' lang='lat' dir='ltr'><strong>est</strong></span> <span class='ocrx_word' id='word_1_406' title='bbox 3617 2441 3843 2494; x_wconf 89' lang='lat' dir='ltr'><strong>omnino</strong></span> 
     </span>
    </p>
   </div>
   <div class='ocr_carea' id='block_1_64' title="bbox 2189 2502 3844 2577">
    <p class='ocr_par' dir='ltr' id='par_1_64' title="bbox 2189 2502 3844 2577">
     <span class='ocr_line' id='line_1_65' title="bbox 2189 2502 3844 2577; baseline 0.005 -19"><span class='ocrx_word' id='word_1_407' title='bbox 2189 2517 2507 2577; x_wconf 83' lang='lat' dir='ltr'><strong>consonum</strong></span> <span class='ocrx_word' id='word_1_408' title='bbox 2528 2502 2755 2577; x_wconf 84' lang='lat' dir='ltr'><strong>legibus</strong></span> <span class='ocrx_word' id='word_1_409' title='bbox 2778 2508 3215 2577; x_wconf 75' lang='lat' dir='ltr'><strong>nostraesancue</strong></span> <span class='ocrx_word' id='word_1_410' title='bbox 3238 2505 3565 2577; x_wconf 89' lang='lat' dir='ltr'><strong>religionis,</strong></span> <span class='ocrx_word' id='word_1_411' title='bbox 3590 2516 3652 2564; x_wconf 89' lang='lat' dir='ltr'><strong>et</strong></span> <span class='ocrx_word' id='word_1_412' title='bbox 3679 2512 3744 2566; x_wconf 88' lang='lat' dir='ltr'><strong>ad</strong></span> <span class='ocrx_word' id='word_1_413' title='bbox 3771 2512 3844 2565; x_wconf 90' lang='lat' dir='ltr'><strong>in-</strong></span> 
     </span>
    </p>
   </div>
   <div class='ocr_carea' id='block_1_65' title="bbox 2193 2573 3130 2645">
    <p class='ocr_par' dir='ltr' id='par_1_65' title="bbox 2193 2573 3130 2645">
     <span class='ocr_line' id='line_1_66' title="bbox 2193 2573 3130 2645; baseline 0 -16"><span class='ocrx_word' id='word_1_414' title='bbox 2193 2576 2427 2645; x_wconf 85' lang='lat' dir='ltr'><strong>genium</strong></span> <span class='ocrx_word' id='word_1_415' title='bbox 2457 2573 2835 2629; x_wconf 69' lang='lat' dir='ltr'><strong>exactissima:</strong></span> <span class='ocrx_word' id='word_1_416' title='bbox 2860 2574 3130 2644; x_wconf 74' lang='lat' dir='ltr'><strong>iustitiae.</strong></span> 
     </span>
    </p>
   </div>
   <div class='ocr_carea' id='block_1_66' title="bbox 1656 2922 2728 3000">
    <p class='ocr_par' dir='ltr' id='par_1_66' title="bbox 1656 2922 2728 3000">
     <span class='ocr_line' id='line_1_67' title="bbox 1656 2922 2728 3000; baseline -0.004 -4"><span class='ocrx_word' id='word_1_417' title='bbox 1656 2927 1909 3000; x_wconf 86' lang='lat' dir='ltr'><strong>XXVII</strong></span> <span class='ocrx_word' id='word_1_418' title='bbox 1981 2922 2358 2997; x_wconf 85' lang='lat' dir='ltr'><strong>SANCTUS</strong></span> <span class='ocrx_word' id='word_1_419' title='bbox 2433 2926 2692 2994; x_wconf 86' lang='lat' dir='ltr'><strong>FELIX</strong></span> <span class='ocrx_word' id='word_1_420' title='bbox 2707 2971 2728 2991; x_wconf 92' lang='lat'><strong>.</strong></span> 
     </span>
    </p>
   </div>
   <div class='ocr_carea' id='block_1_67' title="bbox 1429 3103 2831 3175">
    <p class='ocr_par' dir='ltr' id='par_1_67' title="bbox 1429 3103 2831 3175">
     <span class='ocr_line' id='line_1_68' title="bbox 1429 3103 2831 3175; baseline -0.004 -9"><span class='ocrx_word' id='word_1_421' title='bbox 1429 3122 1610 3166; x_wconf 81' lang='lat' dir='ltr'><strong>ANNO</strong></span> <span class='ocrx_word' id='word_1_422' title='bbox 1657 3120 1917 3166; x_wconf 83' lang='lat' dir='ltr'><strong>CHRISTI</strong></span> <span class='ocrx_word' id='word_1_423' title='bbox 1975 3105 2115 3175; x_wconf 78' lang='lat'><strong>2&#39;72,</strong></span> <span class='ocrx_word' id='word_1_424' title='bbox 2176 3118 2533 3165; x_wconf 82' lang='lat' dir='ltr'><strong>AURELIANI</strong></span> <span class='ocrx_word' id='word_1_425' title='bbox 2569 3118 2713 3162; x_wconf 82' lang='lat' dir='ltr'><strong>IMP.</strong></span> <span class='ocrx_word' id='word_1_426' title='bbox 2764 3103 2831 3161; x_wconf 81' lang='lat'><strong>2.</strong></span> 
     </span>
    </p>
   </div>
   <div class='ocr_carea' id='block_1_68' title="bbox 752 3382 3837 3466">
    <p class='ocr_par' dir='ltr' id='par_1_68' title="bbox 752 3382 3837 3466">
     <span class='ocr_line' id='line_1_69' title="bbox 752 3382 3837 3466; baseline -0.001 -16"><span class='ocrx_word' id='word_1_427' title='bbox 752 3387 890 3451; x_wconf 87' lang='lat'><strong>27.</strong></span> <span class='ocrx_word' id='word_1_428' title='bbox 942 3387 1168 3465; x_wconf 69' lang='lat' dir='ltr'><strong>Felice,</strong></span> <span class='ocrx_word' id='word_1_429' title='bbox 1229 3389 1498 3452; x_wconf 84' lang='lat' dir='ltr'><strong>natione</strong></span> <span class='ocrx_word' id='word_1_430' title='bbox 1549 3391 1918 3465; x_wconf 81' lang='lat' dir='ltr'><strong>Romanus,</strong></span> <span class='ocrx_word' id='word_1_431' title='bbox 1967 3404 2047 3448; x_wconf 75' lang='lat' dir='ltr'><strong>ea</strong></span> <span class='ocrx_word' id='word_1_432' title='bbox 2084 3387 2293 3466; x_wconf 87' lang='lat' dir='ltr'><strong>patre</strong></span> <span class='ocrx_word' id='word_1_433' title='bbox 2340 3382 2765 3462; x_wconf 86' lang='lat' dir='ltr'><strong>Constantio,</strong></span> <span class='ocrx_word' id='word_1_434' title='bbox 2833 3385 3014 3448; x_wconf 87' lang='lat' dir='ltr'><strong>sedit</strong></span> <span class='ocrx_word' id='word_1_435' title='bbox 3063 3404 3274 3448; x_wconf 89' lang='lat' dir='ltr'><strong>annos</strong></span> <span class='ocrx_word' id='word_1_436' title='bbox 3334 3387 3527 3466; x_wconf 87' lang='lat' dir='ltr'><strong>duos,</strong></span> <span class='ocrx_word' id='word_1_437' title='bbox 3578 3402 3837 3450; x_wconf 81' lang='lat' dir='ltr'><strong>menses</strong></span> 
     </span>
    </p>
   </div>
   <div class='ocr_carea' id='block_1_69' title="bbox 669 3482 918 3560">
    <p class='ocr_par' dir='ltr' id='par_1_69' title="bbox 669 3482 918 3560">
     <span class='ocr_line' id='line_1_70' title="bbox 669 3482 918 3560; baseline 0.004 -15"><span class='ocrx_word' id='word_1_438' title='bbox 669 3482 918 3560; x_wconf 90' lang='lat' dir='ltr'><strong>decem,</strong></span> 
     </span>
    </p>
   </div>
   <div class='ocr_carea' id='block_1_70' title="bbox 1010 3482 3417 3566">
    <p class='ocr_par' dir='ltr' id='par_1_70' title="bbox 1010 3482 3417 3566">
     <span class='ocr_line' id='line_1_71' title="bbox 1010 3482 3417 3566; baseline 0 -20"><span class='ocrx_word' id='word_1_439' title='bbox 1010 3485 1153 3547; x_wconf 92' lang='lat' dir='ltr'><strong>dies</strong></span> <span class='ocrx_word' id='word_1_440' title='bbox 1243 3487 1492 3565; x_wconf 85' lang='lat' dir='ltr'><strong>viginti</strong></span> <span class='ocrx_word' id='word_1_441' title='bbox 1572 3486 1870 3566; x_wconf 88' lang='lat' dir='ltr'><strong>quinque</strong></span> <span class='ocrx_word' id='word_1_442' title='bbox 1932 3495 1981 3544; x_wconf 72' lang='grc' dir='ltr'><strong>α.</strong></span> <span class='ocrx_word' id='word_1_443' title='bbox 2059 3482 2406 3560; x_wconf 69' lang='lat' dir='ltr'><strong>Martyrio</strong></span> <span class='ocrx_word' id='word_1_444' title='bbox 2478 3484 2868 3544; x_wconf 72' lang='lat' dir='ltr'><strong>coronatur.</strong></span> <span class='ocrx_word' id='word_1_445' title='bbox 2938 3484 3111 3546; x_wconf 80' lang='lat' dir='ltr'><strong>Fuit</strong></span> <span class='ocrx_word' id='word_1_446' title='bbox 3191 3487 3417 3548; x_wconf 87' lang='lat' dir='ltr'><strong>autem</strong></span> 
     </span>
    </p>
   </div>
   <div class='ocr_carea' id='block_1_71' title="bbox 3528 3486 3841 3568">
    <p class='ocr_par' dir='ltr' id='par_1_71' title="bbox 3528 3486 3841 3568">
     <span class='ocr_line' id='line_1_72' title="bbox 3528 3486 3841 3568; baseline -0.006 -20"><span class='ocrx_word' id='word_1_447' title='bbox 3528 3486 3841 3568; x_wconf 78' lang='lat' dir='ltr'><strong>tempori-</strong></span> 
     </span>
    </p>
   </div>
   <div class='ocr_carea' id='block_1_72' title="bbox 670 3580 3844 3663">
    <p class='ocr_par' dir='ltr' id='par_1_72' title="bbox 670 3580 3844 3663">
     <span class='ocr_line' id='line_1_73' title="bbox 670 3580 3844 3663; baseline 0.001 -20"><span class='ocrx_word' id='word_1_448' title='bbox 670 3581 791 3643; x_wconf 87' lang='lat' dir='ltr'><strong>bus</strong></span> <span class='ocrx_word' id='word_1_449' title='bbox 857 3582 1145 3647; x_wconf 87' lang='lat' dir='ltr'><strong>Claudii</strong></span> <span class='ocrx_word' id='word_1_450' title='bbox 1198 3583 1593 3663; x_wconf 84' lang='lat' dir='ltr'><strong>Aureliani,</strong></span> <span class='ocrx_word' id='word_1_451' title='bbox 1652 3601 1696 3646; x_wconf 92' lang='lat' dir='ltr'><strong>a</strong></span> <span class='ocrx_word' id='word_1_452' title='bbox 1742 3581 2106 3646; x_wconf 89' lang='lat' dir='ltr'><strong>consulatu</strong></span> <span class='ocrx_word' id='word_1_453' title='bbox 2169 3580 2457 3643; x_wconf 87' lang='lat' dir='ltr'><strong>Claudii</strong></span> <span class='ocrx_word' id='word_1_454' title='bbox 2517 3582 2582 3640; x_wconf 86' lang='lat' dir='ltr'><strong>et</strong></span> <span class='ocrx_word' id='word_1_455' title='bbox 2636 3580 2932 3642; x_wconf 87' lang='lat' dir='ltr'><strong>Paterni</strong></span> <span class='ocrx_word' id='word_1_456' title='bbox 2987 3598 3199 3662; x_wconf 75' lang='lat' dir='ltr'><strong>usque</strong></span> <span class='ocrx_word' id='word_1_457' title='bbox 3268 3584 3361 3646; x_wconf 89' lang='lat' dir='ltr'><strong>ad</strong></span> <span class='ocrx_word' id='word_1_458' title='bbox 3415 3584 3844 3648; x_wconf 74' lang='lat' dir='ltr'><strong>consulatum</strong></span> 
     </span>
    </p>
   </div>
   <div class='ocr_carea' id='block_1_73' title="bbox 665 3676 3844 3764">
    <p class='ocr_par' dir='ltr' id='par_1_73' title="bbox 665 3676 3844 3764">
     <span class='ocr_line' id='line_1_74' title="bbox 665 3676 3844 3764; baseline 0.002 -25"><span class='ocrx_word' id='word_1_459' title='bbox 665 3680 1033 3744; x_wconf 77' lang='lat' dir='ltr'><strong>Aureliani</strong></span> <span class='ocrx_word' id='word_1_460' title='bbox 1084 3686 1150 3745; x_wconf 89' lang='lat' dir='ltr'><strong>et</strong></span> <span class='ocrx_word' id='word_1_461' title='bbox 1214 3682 1602 3764; x_wconf 89' lang='lat' dir='ltr'><strong>Capitolini</strong></span> <span class='ocrx_word' id='word_1_462' title='bbox 1643 3681 1699 3742; x_wconf 72' lang='grc' dir='ltr'><strong>ι).</strong></span> <span class='ocrx_word' id='word_1_463' title='bbox 1755 3682 1893 3744; x_wconf 79' lang='lat' dir='ltr'><strong>Hic</strong></span> <span class='ocrx_word' id='word_1_464' title='bbox 1960 3679 2320 3744; x_wconf 78' lang='lat' dir='ltr'><strong>constituit</strong></span> <span class='ocrx_word' id='word_1_465' title='bbox 2369 3693 2589 3758; x_wconf 84' lang='lat' dir='ltr'><strong>supra</strong></span> <span class='ocrx_word' id='word_1_466' title='bbox 2629 3676 2948 3758; x_wconf 81' lang='lat' dir='ltr'><strong>sepulcra</strong></span> <span class='ocrx_word' id='word_1_467' title='bbox 2978 3684 3366 3759; x_wconf 68' lang='lat' dir='ltr'><strong>martyrum</strong></span> <span class='ocrx_word' id='word_1_468' title='bbox 3412 3684 3665 3746; x_wconf 78' lang='lat' dir='ltr'><strong>missas</strong></span> <span class='ocrx_word' id='word_1_469' title='bbox 3692 3683 3844 3746; x_wconf 61' lang='grc' dir='ltr'><em>σεῖε*</em></span> 
     </span>
    </p>
   </div>
   <div class='ocr_carea' id='block_1_74' title="bbox 573 3776 3842 3861">
    <p class='ocr_par' dir='ltr' id='par_1_74' title="bbox 573 3776 3842 3861">
     <span class='ocr_line' id='line_1_75' title="bbox 573 3776 3842 3861; baseline 0.001 -24"><span class='ocrx_word' id='word_1_470' title='bbox 573 3777 612 3837; x_wconf 86' lang='grc'><strong>5</strong></span> <span class='ocrx_word' id='word_1_471' title='bbox 665 3776 877 3841; x_wconf 89' lang='lat' dir='ltr'><strong>brari.</strong></span> <span class='ocrx_word' id='word_1_472' title='bbox 952 3781 1092 3843; x_wconf 83' lang='lat' dir='ltr'><strong>Hic</strong></span> <span class='ocrx_word' id='word_1_473' title='bbox 1160 3778 1328 3861; x_wconf 82' lang='lat' dir='ltr'><strong>fecit</strong></span> <span class='ocrx_word' id='word_1_474' title='bbox 1406 3780 1877 3843; x_wconf 82' lang='lat' dir='ltr'><strong>ordinationes</strong></span> <span class='ocrx_word' id='word_1_475' title='bbox 1934 3779 2109 3840; x_wconf 87' lang='lat' dir='ltr'><strong>duas</strong></span> <span class='ocrx_word' id='word_1_476' title='bbox 2164 3792 2298 3858; x_wconf 87' lang='lat' dir='ltr'><strong>per</strong></span> <span class='ocrx_word' id='word_1_477' title='bbox 2354 3791 2642 3836; x_wconf 81' lang='lat' dir='ltr'><strong>mensem</strong></span> <span class='ocrx_word' id='word_1_478' title='bbox 2718 3776 3176 3840; x_wconf 84' lang='lat' dir='ltr'><strong>Decembrem:</strong></span> <span class='ocrx_word' id='word_1_479' title='bbox 3242 3779 3666 3859; x_wconf 87' lang='lat' dir='ltr'><strong>presbyteros</strong></span> <span class='ocrx_word' id='word_1_480' title='bbox 3724 3797 3842 3841; x_wconf 89' lang='lat' dir='ltr'><strong>no—</strong></span> 
     </span>
    </p>
   </div>
   <div class='ocr_carea' id='block_1_75' title="bbox 668 3873 3839 3958">
    <p class='ocr_par' dir='ltr' id='par_1_75' title="bbox 668 3873 3839 3958">
     <span class='ocr_line' id='line_1_76' title="bbox 668 3873 3839 3958; baseline 0.001 -24"><span class='ocrx_word' id='word_1_481' title='bbox 668 3891 819 3936; x_wconf 82' lang='lat' dir='ltr'><strong>vem</strong></span> <span class='ocrx_word' id='word_1_482' title='bbox 890 3876 1202 3938; x_wconf 84' lang='lat' dir='ltr'><strong>diaconos</strong></span> <span class='ocrx_word' id='word_1_483' title='bbox 1279 3878 1445 3939; x_wconf 90' lang='lat' dir='ltr'><strong>duos</strong></span> <span class='ocrx_word' id='word_1_484' title='bbox 1499 3889 1569 3956; x_wconf 77' lang='grc' dir='ltr'>ο,</span> <span class='ocrx_word' id='word_1_485' title='bbox 1629 3877 1970 3957; x_wconf 86' lang='lat' dir='ltr'><strong>episcopos</strong></span> <span class='ocrx_word' id='word_1_486' title='bbox 2032 3891 2148 3956; x_wconf 90' lang='lat' dir='ltr'><strong>per</strong></span> <span class='ocrx_word' id='word_1_487' title='bbox 2221 3873 2487 3936; x_wconf 83' lang='lat' dir='ltr'><strong>diversa</strong></span> <span class='ocrx_word' id='word_1_488' title='bbox 2551 3873 2696 3935; x_wconf 90' lang='lat' dir='ltr'><strong>loca</strong></span> <span class='ocrx_word' id='word_1_489' title='bbox 2757 3890 3033 3936; x_wconf 90' lang='lat' dir='ltr'><strong>numero</strong></span> <span class='ocrx_word' id='word_1_490' title='bbox 3108 3876 3429 3958; x_wconf 89' lang='lat' dir='ltr'><strong>quinque.</strong></span> <span class='ocrx_word' id='word_1_491' title='bbox 3510 3879 3637 3940; x_wconf 91' lang='lat' dir='ltr'><strong>Hic</strong></span> <span class='ocrx_word' id='word_1_492' title='bbox 3698 3877 3839 3939; x_wconf 83' lang='lat' dir='ltr'><strong>fecit</strong></span> 
     </span>
    </p>
   </div>
   <div class='ocr_carea' id='block_1_76' title="bbox 668 3969 3838 4054">
    <p class='ocr_par' dir='ltr' id='par_1_76' title="bbox 668 3969 3838 4054">
     <span class='ocr_line' id='line_1_77' title="bbox 668 3969 3838 4054; baseline 0.002 -22"><span class='ocrx_word' id='word_1_493' title='bbox 668 3970 1019 4035; x_wconf 86' lang='lat' dir='ltr'><strong>bacilicam</strong></span> <span class='ocrx_word' id='word_1_494' title='bbox 1059 3974 1129 4035; x_wconf 89' lang='lat' dir='ltr'><strong>in</strong></span> <span class='ocrx_word' id='word_1_495' title='bbox 1153 3974 1269 4037; x_wconf 83' lang='lat' dir='ltr'><strong>via.</strong></span> <span class='ocrx_word' id='word_1_496' title='bbox 1291 3975 1582 4054; x_wconf 84' lang='lat' dir='ltr'><strong>Aurelia,</strong></span> <span class='ocrx_word' id='word_1_497' title='bbox 1640 3974 1754 4037; x_wconf 92' lang='lat' dir='ltr'><strong>ubi</strong></span> <span class='ocrx_word' id='word_1_498' title='bbox 1785 3981 1852 4038; x_wconf 88' lang='lat' dir='ltr'><strong>et</strong></span> <span class='ocrx_word' id='word_1_499' title='bbox 1880 3974 2181 4054; x_wconf 86' lang='lat' dir='ltr'><strong>sepultus</strong></span> <span class='ocrx_word' id='word_1_500' title='bbox 2208 3973 2331 4049; x_wconf 89' lang='lat' dir='ltr'><strong>est,</strong></span> <span class='ocrx_word' id='word_1_501' title='bbox 2360 3969 2699 4033; x_wconf 84' lang='lat' dir='ltr'><strong>milliaria</strong></span> <span class='ocrx_word' id='word_1_502' title='bbox 2722 3972 3012 4035; x_wconf 87' lang='lat' dir='ltr'><strong>secundo</strong></span> <span class='ocrx_word' id='word_1_503' title='bbox 3039 3972 3123 4035; x_wconf 88' lang='lat' dir='ltr'><strong>ab</strong></span> <span class='ocrx_word' id='word_1_504' title='bbox 3148 3974 3312 4036; x_wconf 89' lang='lat' dir='ltr'><strong>urbe</strong></span> <span class='ocrx_word' id='word_1_505' title='bbox 3337 3978 3568 4054; x_wconf 86' lang='lat' dir='ltr'><strong>Roma,</strong></span> <span class='ocrx_word' id='word_1_506' title='bbox 3602 3994 3677 4037; x_wconf 87' lang='lat' dir='ltr'><strong>III</strong></span> <span class='ocrx_word' id='word_1_507' title='bbox 3698 3978 3838 4039; x_wconf 75' lang='lat' dir='ltr'><strong>Ka-</strong></span> 
     </span>
    </p>
   </div>
   <div class='ocr_carea' id='block_1_77' title="bbox 666 4067 2518 4154">
    <p class='ocr_par' dir='ltr' id='par_1_77' title="bbox 666 4067 2518 4154">
     <span class='ocr_line' id='line_1_78' title="bbox 666 4067 2518 4154; baseline -0.001 -25"><span class='ocrx_word' id='word_1_508' title='bbox 666 4067 901 4131; x_wconf 86' lang='lat' dir='ltr'><strong>lendas</strong></span> <span class='ocrx_word' id='word_1_509' title='bbox 947 4070 1177 4151; x_wconf 86' lang='lat' dir='ltr'><strong>Julii;</strong></span> <span class='ocrx_word' id='word_1_510' title='bbox 1202 4073 1490 4136; x_wconf 74' lang='lat' dir='ltr'><strong>cessavit</strong></span> <span class='ocrx_word' id='word_1_511' title='bbox 1536 4072 1965 4154; x_wconf 74' lang='lat' dir='ltr'><strong>episcopatus</strong></span> <span class='ocrx_word' id='word_1_512' title='bbox 2021 4071 2164 4133; x_wconf 86' lang='lat' dir='ltr'><strong>dies</strong></span> <span class='ocrx_word' id='word_1_513' title='bbox 2196 4070 2518 4151; x_wconf 73' lang='lat' dir='ltr'><strong>quinque.</strong></span> 
     </span>
    </p>
   </div>
   <div class='ocr_carea' id='block_1_78' title="bbox 1594 4208 2681 4276">
    <p class='ocr_par' dir='ltr' id='par_1_78' title="bbox 1594 4208 2681 4276">
     <span class='ocr_line' id='line_1_79' title="bbox 1594 4208 2681 4276; baseline -0.006 -1"><span class='ocrx_word' id='word_1_514' title='bbox 1594 4214 2085 4276; x_wconf 81' lang='lat' dir='ltr'><strong>CATALOGUS</strong></span> <span class='ocrx_word' id='word_1_515' title='bbox 2131 4214 2294 4276; x_wconf 88' lang='lat' dir='ltr'><strong>SUR</strong></span> <span class='ocrx_word' id='word_1_516' title='bbox 2345 4208 2681 4272; x_wconf 87' lang='lat' dir='ltr'><strong>LIBERIO</strong></span> 
     </span>
    </p>
   </div>
   <div class='ocr_carea' id='block_1_79' title="bbox 509 4322 3827 4406">
    <p class='ocr_par' dir='ltr' id='par_1_79' title="bbox 509 4322 3827 4406">
     <span class='ocr_line' id='line_1_80' title="bbox 509 4322 3827 4406; baseline 0.002 -20"><span class='ocrx_word' id='word_1_517' title='bbox 509 4323 698 4386; x_wconf 83' lang='lat' dir='ltr'><strong>Felix</strong></span> <span class='ocrx_word' id='word_1_518' title='bbox 727 4325 925 4386; x_wconf 88' lang='lat' dir='ltr'><strong>annis</strong></span> <span class='ocrx_word' id='word_1_519' title='bbox 954 4344 1020 4405; x_wconf 89' lang='lat' dir='ltr'><strong>v,</strong></span> <span class='ocrx_word' id='word_1_520' title='bbox 1072 4328 1415 4391; x_wconf 88' lang='lat' dir='ltr'><strong>mensibus</strong></span> <span class='ocrx_word' id='word_1_521' title='bbox 1447 4347 1541 4406; x_wconf 69' lang='lat' dir='ltr'><strong>x1,</strong></span> <span class='ocrx_word' id='word_1_522' title='bbox 1604 4329 1838 4392; x_wconf 88' lang='lat' dir='ltr'><strong>diebus</strong></span> <span class='ocrx_word' id='word_1_523' title='bbox 1868 4348 2036 4392; x_wconf 79' lang='lat' dir='ltr'><strong>xxv.</strong></span> <span class='ocrx_word' id='word_1_524' title='bbox 2090 4331 2248 4393; x_wconf 86' lang='lat' dir='ltr'><strong>Fuit</strong></span> <span class='ocrx_word' id='word_1_525' title='bbox 2298 4322 2708 4404; x_wconf 87' lang='lat' dir='ltr'><strong>temporibus</strong></span> <span class='ocrx_word' id='word_1_526' title='bbox 2748 4323 3012 4389; x_wconf 82' lang='lat' dir='ltr'><strong>Claudii</strong></span> <span class='ocrx_word' id='word_1_527' title='bbox 3043 4332 3109 4392; x_wconf 88' lang='lat' dir='ltr'><strong>et</strong></span> <span class='ocrx_word' id='word_1_528' title='bbox 3133 4332 3484 4394; x_wconf 79' lang='lat' dir='ltr'><strong>Aureliani</strong></span> <span class='ocrx_word' id='word_1_529' title='bbox 3517 4350 3560 4394; x_wconf 78' lang='lat' dir='ltr'><strong>a.</strong></span> <span class='ocrx_word' id='word_1_530' title='bbox 3604 4349 3827 4394; x_wconf 82' lang='lat' dir='ltr'><strong>oonsu-</strong></span> 
     </span>
    </p>
   </div>
   <div class='ocr_carea' id='block_1_80' title="bbox 431 4420 3034 4506">
    <p class='ocr_par' dir='ltr' id='par_1_80' title="bbox 431 4420 3034 4506">
     <span class='ocr_line' id='line_1_81' title="bbox 431 4420 3034 4506; baseline 0.002 -25"><span class='ocrx_word' id='word_1_531' title='bbox 431 4420 574 4482; x_wconf 84' lang='lat' dir='ltr'><strong>latu</strong></span> <span class='ocrx_word' id='word_1_532' title='bbox 633 4421 977 4485; x_wconf 84' lang='lat' dir='ltr'><strong>Claudiiet</strong></span> <span class='ocrx_word' id='word_1_533' title='bbox 1000 4425 1273 4488; x_wconf 88' lang='lat' dir='ltr'><strong>Paterni</strong></span> <span class='ocrx_word' id='word_1_534' title='bbox 1299 4441 1509 4506; x_wconf 88' lang='lat' dir='ltr'><strong>usque</strong></span> <span class='ocrx_word' id='word_1_535' title='bbox 1541 4427 1612 4489; x_wconf 87' lang='lat' dir='ltr'><strong>in</strong></span> <span class='ocrx_word' id='word_1_536' title='bbox 1641 4422 2066 4490; x_wconf 82' lang='lat' dir='ltr'><strong>consulatum</strong></span> <span class='ocrx_word' id='word_1_537' title='bbox 2092 4423 2440 4489; x_wconf 83' lang='lat' dir='ltr'><strong>Aureliani</strong></span> <span class='ocrx_word' id='word_1_538' title='bbox 2462 4423 2524 4483; x_wconf 95' lang='lat' dir='ltr'>II</span> <span class='ocrx_word' id='word_1_539' title='bbox 2554 4423 2620 4481; x_wconf 88' lang='lat' dir='ltr'><strong>et</strong></span> <span class='ocrx_word' id='word_1_540' title='bbox 2649 4421 3034 4500; x_wconf 87' lang='lat' dir='ltr'><strong>Capitolini.</strong></span> 
     </span>
    </p>
   </div>
   <div class='ocr_carea' id='block_1_81' title="bbox 1550 4569 2712 4621">
    <p class='ocr_par' dir='ltr' id='par_1_81' title="bbox 1550 4569 2712 4621">
     <span class='ocr_line' id='line_1_82' title="bbox 1550 4569 2712 4621; baseline 0.009 -11"><span class='ocrx_word' id='word_1_541' title='bbox 1550 4569 1726 4614; x_wconf 85' lang='lat' dir='ltr'><strong>NOTU</strong></span> <span class='ocrx_word' id='word_1_542' title='bbox 1734 4571 1829 4612; x_wconf 66' lang='lat' dir='ltr'><strong>LE</strong></span> <span class='ocrx_word' id='word_1_543' title='bbox 1890 4570 2305 4615; x_wconf 80' lang='lat' dir='ltr'><strong>MARGINALES</strong></span> <span class='ocrx_word' id='word_1_544' title='bbox 2359 4574 2712 4621; x_wconf 82' lang='lat' dir='ltr'><strong>FABROTTI.</strong></span> 
     </span>
    </p>
   </div>
   <div class='ocr_carea' id='block_1_82' title="bbox 501 4671 2081 4773">
    <p class='ocr_par' dir='ltr' id='par_1_82' title="bbox 501 4671 2079 4746">
     <span class='ocr_line' id='line_1_83' title="bbox 501 4671 2079 4746; baseline 0.005 -21"><span class='ocrx_word' id='word_1_545' title='bbox 501 4671 610 4740; x_wconf 80' lang='grc' dir='ltr'>ιΒ,</span> <span class='ocrx_word' id='word_1_546' title='bbox 643 4685 778 4727; x_wconf 88' lang='lat' dir='ltr'><strong>ann.</strong></span> <span class='ocrx_word' id='word_1_547' title='bbox 832 4687 903 4728; x_wconf 91' lang='lat' dir='ltr'><strong>m.</strong></span> <span class='ocrx_word' id='word_1_548' title='bbox 934 4671 988 4742; x_wconf 97' lang='lat'><strong>5,</strong></span> <span class='ocrx_word' id='word_1_549' title='bbox 1035 4674 1174 4730; x_wconf 93' lang='lat' dir='ltr'><strong>min.</strong></span> <span class='ocrx_word' id='word_1_550' title='bbox 1220 4675 1317 4731; x_wconf 91' lang='lat' dir='ltr'><strong>die</strong></span> <span class='ocrx_word' id='word_1_551' title='bbox 1364 4689 1500 4732; x_wconf 88' lang='lat' dir='ltr'><strong>uno.</strong></span> <span class='ocrx_word' id='word_1_552' title='bbox 1532 4675 1561 4717; x_wconf 77' lang='grc' dir='ltr'>ι)</span> <span class='ocrx_word' id='word_1_553' title='bbox 1614 4678 1673 4746; x_wconf 87' lang='grc' dir='ltr'>Β,</span> <span class='ocrx_word' id='word_1_554' title='bbox 1716 4690 1749 4731; x_wconf 92' lang='lat' dir='ltr'><strong>a</strong></span> <span class='ocrx_word' id='word_1_555' title='bbox 1803 4677 1962 4733; x_wconf 89' lang='lat' dir='ltr'><strong>Coss.</strong></span> <span class='ocrx_word' id='word_1_556' title='bbox 1992 4678 2079 4733; x_wconf 83' lang='lat' dir='ltr'><strong>Au</strong></span> 
     </span>
    </p>
   </div>
   <div class='ocr_carea' id='block_1_83' title="bbox 2195 4671 3831 4773">
    <p class='ocr_par' dir='ltr' id='par_1_83' title="bbox 2218 4676 3831 4773">
     <span class='ocr_line' id='line_1_84' title="bbox 2218 4676 3831 4773; baseline -0.002 -39"><span class='ocrx_word' id='word_1_557' title='bbox 2218 4684 2274 4734; x_wconf 92' lang='lat' dir='ltr'><strong>et</strong></span> <span class='ocrx_word' id='word_1_558' title='bbox 2321 4681 2505 4754; x_wconf 90' lang='lat' dir='ltr'><strong>Bassi,</strong></span> <span class='ocrx_word' id='word_1_559' title='bbox 2556 4685 2623 4740; x_wconf 94' lang='lat' dir='ltr'><strong>ad</strong></span> <span class='ocrx_word' id='word_1_560' title='bbox 2682 4683 2880 4741; x_wconf 76' lang='lat' dir='ltr'><strong>Aurel.</strong></span> <span class='ocrx_word' id='word_1_561' title='bbox 2934 4695 2996 4752; x_wconf 84' lang='grc' dir='ltr'>ιι,</span> <span class='ocrx_word' id='word_1_562' title='bbox 3060 4693 3116 4735; x_wconf 80' lang='lat' dir='ltr'><strong>v1</strong></span> <span class='ocrx_word' id='word_1_563' title='bbox 3169 4677 3283 4734; x_wconf 90' lang='lat' dir='ltr'><strong>Jul.</strong></span> <span class='ocrx_word' id='word_1_564' title='bbox 3347 4677 3593 4748; x_wconf 85' lang='lat' dir='ltr'><strong>Capitol.</strong></span> <span class='ocrx_word' id='word_1_565' title='bbox 3650 4688 3678 4721; x_wconf 74' lang='grc' dir='ltr'><strong>ο</strong></span> <span class='ocrx_word' id='word_1_566' title='bbox 3735 4676 3831 4773; x_wconf 38' lang='lat' dir='ltr'><strong>CB.</strong></span> 
     </span>
    </p>
   </div>
   <div class='ocr_carea' id='block_1_84' title="bbox 430 4777 708 4848">
    <p class='ocr_par' dir='ltr' id='par_1_84' title="bbox 430 4777 708 4848">
     <span class='ocr_line' id='line_1_85' title="bbox 430 4777 708 4848; baseline 0 -17"><span class='ocrx_word' id='word_1_567' title='bbox 430 4777 708 4848; x_wconf 90' lang='lat' dir='ltr'><strong>quinque.</strong></span> 
     </span>
    </p>
   </div>
   <div class='ocr_carea' id='block_1_85' title="bbox 1670 4856 2498 4924">
    <p class='ocr_par' dir='ltr' id='par_1_85' title="bbox 1670 4856 2498 4924">
     <span class='ocr_line' id='line_1_86' title="bbox 1670 4856 2498 4924; baseline 0.011 -11"><span class='ocrx_word' id='word_1_568' title='bbox 1670 4856 1952 4918; x_wconf 68' lang='lat' dir='ltr'><strong>VARIE</strong></span> <span class='ocrx_word' id='word_1_569' title='bbox 2014 4857 2498 4924; x_wconf 90' lang='lat' dir='ltr'><strong>LECTIONES.</strong></span> 
     </span>
    </p>
   </div>
   <div class='ocr_carea' id='block_1_86' title="bbox 707 4979 1791 5049">
    <p class='ocr_par' dir='ltr' id='par_1_86' title="bbox 707 4979 1791 5049">
     <span class='ocr_line' id='line_1_87' title="bbox 707 4979 1791 5049; baseline 0.003 -16"><span class='ocrx_word' id='word_1_570' title='bbox 707 4979 875 5049; x_wconf 62' lang='lat' dir='ltr'><strong>Apud</strong></span> <span class='ocrx_word' id='word_1_571' title='bbox 908 4982 1223 5036; x_wconf 81' lang='lat' dir='ltr'><strong>Fabrottum</strong></span> <span class='ocrx_word' id='word_1_572' title='bbox 1244 4999 1309 5037; x_wconf 76' lang='lat' dir='ltr'><strong>ea:</strong></span> <span class='ocrx_word' id='word_1_573' title='bbox 1343 4983 1523 5038; x_wconf 85' lang='lat' dir='ltr'><strong>codice</strong></span> <span class='ocrx_word' id='word_1_574' title='bbox 1551 4984 1791 5038; x_wconf 69' lang='lat' dir='ltr'><strong>Freheii.</strong></span> 
     </span>
    </p>
   </div>
   <div class='ocr_carea' id='block_1_87' title="bbox 499 5047 2077 5115">
    <p class='ocr_par' dir='ltr' id='par_1_87' title="bbox 499 5047 2077 5115">
     <span class='ocr_line' id='line_1_88' title="bbox 499 5047 2077 5115; baseline 0.004 -10"><span class='ocrx_word' id='word_1_575' title='bbox 499 5052 660 5106; x_wconf 86' lang='lat' dir='ltr'><strong>Num.</strong></span> <span class='ocrx_word' id='word_1_576' title='bbox 687 5047 777 5113; x_wconf 56' lang='lat' dir='ltr'><strong>g7;</strong></span> <span class='ocrx_word' id='word_1_577' title='bbox 808 5053 906 5106; x_wconf 82' lang='lat' dir='ltr'><strong>lin.</strong></span> <span class='ocrx_word' id='word_1_578' title='bbox 939 5050 993 5114; x_wconf 83' lang='lat'><strong>3,</strong></span> <span class='ocrx_word' id='word_1_579' title='bbox 1043 5055 1100 5115; x_wconf 80' lang='grc' dir='ltr'>Β,</span> <span class='ocrx_word' id='word_1_580' title='bbox 1133 5060 1188 5108; x_wconf 89' lang='lat' dir='ltr'><strong>et</strong></span> <span class='ocrx_word' id='word_1_581' title='bbox 1230 5054 1526 5109; x_wconf 81' lang='lat' dir='ltr'><strong>Aureliani</strong></span> <span class='ocrx_word' id='word_1_582' title='bbox 1559 5068 1592 5110; x_wconf 89' lang='lat' dir='ltr'><strong>a</strong></span> <span class='ocrx_word' id='word_1_583' title='bbox 1622 5054 1925 5109; x_wconf 83' lang='lat' dir='ltr'><strong>consulatu</strong></span> <span class='ocrx_word' id='word_1_584' title='bbox 1951 5054 2077 5111; x_wconf 82' lang='lat' dir='ltr'><strong>Au-</strong></span> 
     </span>
    </p>
   </div>
   <div class='ocr_carea' id='block_1_88' title="bbox 429 5123 2070 5194">
    <p class='ocr_par' dir='ltr' id='par_1_88' title="bbox 429 5123 2070 5194">
     <span class='ocr_line' id='line_1_89' title="bbox 429 5123 2070 5194; baseline 0.002 -20"><span class='ocrx_word' id='word_1_585' title='bbox 429 5123 632 5177; x_wconf 90' lang='lat' dir='ltr'><strong>reliani</strong></span> <span class='ocrx_word' id='word_1_586' title='bbox 675 5129 730 5177; x_wconf 92' lang='lat' dir='ltr'><strong>et</strong></span> <span class='ocrx_word' id='word_1_587' title='bbox 757 5123 1091 5194; x_wconf 89' lang='lat' dir='ltr'><strong>Capitolini,</strong></span> <span class='ocrx_word' id='word_1_588' title='bbox 1131 5125 1195 5189; x_wconf 89' lang='lat' dir='ltr'><strong>A,</strong></span> <span class='ocrx_word' id='word_1_589' title='bbox 1237 5124 1463 5179; x_wconf 87' lang='lat' dir='ltr'><strong>Claudii</strong></span> <span class='ocrx_word' id='word_1_590' title='bbox 1508 5130 1561 5181; x_wconf 89' lang='lat' dir='ltr'><strong>et</strong></span> <span class='ocrx_word' id='word_1_591' title='bbox 1603 5126 1925 5181; x_wconf 87' lang='lat' dir='ltr'><strong>Aureliani.</strong></span> <span class='ocrx_word' id='word_1_592' title='bbox 1974 5127 2070 5191; x_wconf 83' lang='lat' dir='ltr'><strong>lin,</strong></span> 
     </span>
    </p>
   </div>
   <div class='ocr_carea' id='block_1_89' title="bbox 432 5193 2074 5266">
    <p class='ocr_par' dir='ltr' id='par_1_89' title="bbox 432 5193 2074 5266">
     <span class='ocr_line' id='line_1_90' title="bbox 432 5193 2074 5266; baseline 0.004 -21"><span class='ocrx_word' id='word_1_593' title='bbox 432 5193 482 5266; x_wconf 54' lang='lat' dir='ltr'><strong>Ii.</strong></span> <span class='ocrx_word' id='word_1_594' title='bbox 523 5194 640 5252; x_wconf 85' lang='lat' dir='ltr'><strong>AB,</strong></span> <span class='ocrx_word' id='word_1_595' title='bbox 699 5208 873 5266; x_wconf 79' lang='lat' dir='ltr'><strong>supra</strong></span> <span class='ocrx_word' id='word_1_596' title='bbox 939 5201 1250 5266; x_wconf 68' lang='lat' dir='ltr'><strong>martyrum</strong></span> <span class='ocrx_word' id='word_1_597' title='bbox 1299 5199 1632 5266; x_wconf 85' lang='lat' dir='ltr'><strong>memorias.</strong></span> <span class='ocrx_word' id='word_1_598' title='bbox 1694 5197 1804 5266; x_wconf 76' lang='lat' dir='ltr'><strong>tin._</strong></span> <span class='ocrx_word' id='word_1_599' title='bbox 1852 5198 1903 5261; x_wconf 87' lang='lat'><strong>6,</strong></span> <span class='ocrx_word' id='word_1_600' title='bbox 1959 5200 2074 5259; x_wconf 85' lang='lat' dir='ltr'><strong>AB,</strong></span> 
     </span>
    </p>
   </div>
   <div class='ocr_carea' id='block_1_90' title="bbox 429 5262 2075 5342">
    <p class='ocr_par' dir='ltr' id='par_1_90' title="bbox 429 5262 2075 5342">
     <span class='ocr_line' id='line_1_91' title="bbox 429 5262 2075 5342; baseline 0.003 -26"><span class='ocrx_word' id='word_1_601' title='bbox 429 5264 698 5342; x_wconf 74' lang='lat' dir='ltr'><strong>diaconos</strong></span> <span class='ocrx_word' id='word_1_602' title='bbox 739 5262 788 5342; x_wconf 83' lang='lat'><strong>5.</strong></span> <span class='ocrx_word' id='word_1_603' title='bbox 841 5267 939 5332; x_wconf 81' lang='lat' dir='ltr'><strong>lin,</strong></span> <span class='ocrx_word' id='word_1_604' title='bbox 972 5263 1027 5334; x_wconf 82' lang='lat'><strong>7,</strong></span> <span class='ocrx_word' id='word_1_605' title='bbox 1070 5262 1346 5322; x_wconf 84' lang='lat' dir='ltr'><strong>milliario</strong></span> <span class='ocrx_word' id='word_1_606' title='bbox 1374 5264 1427 5332; x_wconf 91' lang='lat'><strong>5,</strong></span> <span class='ocrx_word' id='word_1_607' title='bbox 1484 5269 1598 5321; x_wconf 83' lang='grc' dir='ltr'><strong>ΑΒ.</strong></span> <span class='ocrx_word' id='word_1_608' title='bbox 1632 5267 1731 5320; x_wconf 82' lang='lat' dir='ltr'><strong>lin.</strong></span> <span class='ocrx_word' id='word_1_609' title='bbox 1779 5264 1813 5322; x_wconf 86' lang='lat'><strong>7</strong></span> <span class='ocrx_word' id='word_1_610' title='bbox 1847 5274 1897 5323; x_wconf 87' lang='lat' dir='ltr'><strong>et</strong></span> <span class='ocrx_word' id='word_1_611' title='bbox 1924 5266 1977 5334; x_wconf 88' lang='lat'><strong>8,</strong></span> <span class='ocrx_word' id='word_1_612' title='bbox 2016 5270 2075 5332; x_wconf 85' lang='grc' dir='ltr'>Β,</span> 
     </span>
    </p>
   </div>
   <div class='ocr_carea' id='block_1_91' title="bbox 434 5333 964 5393">
    <p class='ocr_par' dir='ltr' id='par_1_91' title="bbox 434 5333 964 5393">
     <span class='ocr_line' id='line_1_92' title="bbox 434 5333 964 5393; baseline 0.009 -8"><span class='ocrx_word' id='word_1_613' title='bbox 434 5333 713 5391; x_wconf 78' lang='lat' dir='ltr'><strong>Kalendas</strong></span> <span class='ocrx_word' id='word_1_614' title='bbox 732 5338 964 5393; x_wconf 81' lang='lat' dir='ltr'><strong>Januar.</strong></span> 
     </span>
    </p>
   </div>
   <div class='ocr_carea' id='block_1_92' title="bbox 676 5409 1827 5474">
    <p class='ocr_par' dir='ltr' id='par_1_92' title="bbox 676 5409 1827 5474">
     <span class='ocr_line' id='line_1_93' title="bbox 676 5409 1827 5474; baseline -0.001 -10"><span class='ocrx_word' id='word_1_615' title='bbox 676 5410 764 5464; x_wconf 67' lang='lat' dir='ltr'><strong>Em</strong></span> <span class='ocrx_word' id='word_1_616' title='bbox 783 5412 960 5463; x_wconf 83' lang='lat' dir='ltr'><strong>codice</strong></span> <span class='ocrx_word' id='word_1_617' title='bbox 977 5410 1160 5474; x_wconf 77' lang='lat' dir='ltr'><strong>Regio,</strong></span> <span class='ocrx_word' id='word_1_618' title='bbox 1185 5410 1469 5463; x_wconf 64' lang='grc' dir='ltr'><strong>Μαιανίηο</strong></span> <span class='ocrx_word' id='word_1_619' title='bbox 1499 5414 1551 5463; x_wconf 78' lang='lat' dir='ltr'><strong>et</strong></span> <span class='ocrx_word' id='word_1_620' title='bbox 1584 5409 1827 5463; x_wconf 85' lang='lat' dir='ltr'><strong>Thuano.</strong></span> 
     </span>
    </p>
   </div>
   <div class='ocr_carea' id='block_1_93' title="bbox 502 5477 2075 5549">
    <p class='ocr_par' dir='ltr' id='par_1_93' title="bbox 502 5477 2075 5549">
     <span class='ocr_line' id='line_1_94' title="bbox 502 5477 2075 5549; baseline 0.004 -21"><span class='ocrx_word' id='word_1_621' title='bbox 502 5477 622 5531; x_wconf 82' lang='lat' dir='ltr'><strong>Lin.</strong></span> <span class='ocrx_word' id='word_1_622' title='bbox 672 5479 720 5545; x_wconf 82' lang='grc'>4,</span> <span class='ocrx_word' id='word_1_623' title='bbox 779 5483 874 5538; x_wconf 90' lang='lat' dir='ltr'><strong>sed</strong></span> <span class='ocrx_word' id='word_1_624' title='bbox 925 5494 1058 5537; x_wconf 90' lang='lat' dir='ltr'><strong>ann.</strong></span> <span class='ocrx_word' id='word_1_625' title='bbox 1112 5477 1161 5549; x_wconf 72' lang='grc'>4,</span> <span class='ocrx_word' id='word_1_626' title='bbox 1194 5496 1294 5549; x_wconf 16' lang='grc' dir='ltr'>ίιιι.</span> <span class='ocrx_word' id='word_1_627' title='bbox 1347 5478 1399 5547; x_wconf 90' lang='lat'><strong>3,</strong></span> <span class='ocrx_word' id='word_1_628' title='bbox 1451 5482 1506 5536; x_wconf 94' lang='lat' dir='ltr'><strong>d.</strong></span> <span class='ocrx_word' id='word_1_629' title='bbox 1562 5478 1652 5536; x_wconf 74' lang='lat'><strong>25.</strong></span> <span class='ocrx_word' id='word_1_630' title='bbox 1710 5480 1842 5536; x_wconf 89' lang='lat' dir='ltr'><strong>Fuit</strong></span> <span class='ocrx_word' id='word_1_631' title='bbox 1889 5485 2075 5536; x_wconf 90' lang='lat' dir='ltr'><strong>autem</strong></span> 
     </span>
    </p>
   </div>
   <div class='ocr_carea' id='block_1_94' title="bbox 431 5548 2079 5665">
    <p class='ocr_par' dir='ltr' id='par_1_94' title="bbox 431 5548 2079 5665">
     <span class='ocr_line' id='line_1_95' title="bbox 431 5548 2079 5665; baseline 0.006 -68"><span class='ocrx_word' id='word_1_632' title='bbox 431 5551 602 5665; x_wconf 43' lang='grc' dir='ltr'><strong>κίειν.</strong></span> <span class='ocrx_word' id='word_1_633' title='bbox 660 5553 975 5607; x_wconf 82' lang='lat' dir='ltr'><strong>Aureliani.</strong></span> <span class='ocrx_word' id='word_1_634' title='bbox 1021 5553 1123 5605; x_wconf 80' lang='lat' dir='ltr'><strong>lin.</strong></span> <span class='ocrx_word' id='word_1_635' title='bbox 1154 5548 1231 5621; x_wconf 61' lang='grc'><strong>⁷4,</strong></span> <span class='ocrx_word' id='word_1_636' title='bbox 1291 5566 1465 5622; x_wconf 89' lang='lat' dir='ltr'><strong>supra</strong></span> <span class='ocrx_word' id='word_1_637' title='bbox 1517 5553 1818 5607; x_wconf 88' lang='lat' dir='ltr'><strong>memorias</strong></span> <span class='ocrx_word' id='word_1_638' title='bbox 1860 5558 2079 5622; x_wconf 78' lang='lat' dir='ltr'><strong>marty—</strong></span> 
     </span>
    </p>
   </div>
   <div class='ocr_carea' id='block_1_95' title="bbox 461 5629 570 5668">
    <p class='ocr_par' dir='ltr' id='par_1_95' title="bbox 461 5629 570 5668">
     <span class='ocr_line' id='line_1_96' title="bbox 461 5629 570 5668; baseline -0.018 -2"><span class='ocrx_word' id='word_1_639' title='bbox 461 5629 570 5668; x_wconf 81' lang='lat' dir='ltr'><strong>lllll.</strong></span> 
     </span>
    </p>
   </div>
   <div class='ocr_carea' id='block_1_96' title="bbox 556 5693 1632 5769">
    <p class='ocr_par' dir='ltr' id='par_1_96' title="bbox 556 5693 1632 5769">
     <span class='ocr_line' id='line_1_97' title="bbox 556 5693 1632 5769; baseline 0.004 -25"><span class='ocrx_word' id='word_1_640' title='bbox 556 5757 567 5769; x_wconf 41' lang='grc'><strong><em>⁸</em></strong></span> <span class='ocrx_word' id='word_1_641' title='bbox 674 5754 689 5769; x_wconf 83' lang='lat'>_</span> <span class='ocrx_word' id='word_1_642' title='bbox 849 5693 936 5746; x_wconf 76' lang='lat' dir='ltr'><strong>Ea:</strong></span> <span class='ocrx_word' id='word_1_643' title='bbox 972 5693 1148 5769; x_wconf 76' lang='lat' dir='ltr'><strong>codice</strong></span> <span class='ocrx_word' id='word_1_644' title='bbox 1167 5694 1632 5769; x_wconf 60' lang='lat' dir='ltr'><strong>Tltuanoaltero.</strong></span> 
     </span>
    </p>
   </div>
   <div class='ocr_carea' id='block_1_97' title="bbox 461 5754 2073 5840">
    <p class='ocr_par' dir='ltr' id='par_1_97' title="bbox 461 5754 2073 5840">
     <span class='ocr_line' id='line_1_98' title="bbox 461 5754 2073 5840; baseline 0.007 -32"><span class='ocrx_word' id='word_1_645' title='bbox 461 5829 470 5840; x_wconf 37' lang='lat'><strong>.</strong></span> <span class='ocrx_word' id='word_1_646' title='bbox 500 5757 624 5840; x_wconf 62' lang='lat' dir='ltr'><strong>Lin.</strong></span> <span class='ocrx_word' id='word_1_647' title='bbox 667 5754 717 5827; x_wconf 76' lang='lat' dir='ltr'><strong>l,</strong></span> <span class='ocrx_word' id='word_1_648' title='bbox 763 5773 943 5817; x_wconf 92' lang='lat' dir='ltr'><strong>annos</strong></span> <span class='ocrx_word' id='word_1_649' title='bbox 972 5760 1024 5830; x_wconf 74' lang='grc'>4,</span> <span class='ocrx_word' id='word_1_650' title='bbox 1058 5779 1131 5840; x_wconf 82' lang='lat' dir='ltr'><strong>m.</strong></span> <span class='ocrx_word' id='word_1_651' title='bbox 1164 5766 1213 5831; x_wconf 79' lang='lat'><strong>3,</strong></span> <span class='ocrx_word' id='word_1_652' title='bbox 1263 5767 1337 5840; x_wconf 61' lang='lat' dir='ltr'><strong>d.</strong></span> <span class='ocrx_word' id='word_1_653' title='bbox 1360 5762 1584 5840; x_wconf 45' lang='lat'><strong>25,1133.</strong></span> <span class='ocrx_word' id='word_1_654' title='bbox 1626 5763 1677 5831; x_wconf 89' lang='lat'><strong>3,</strong></span> <span class='ocrx_word' id='word_1_655' title='bbox 1705 5764 1805 5840; x_wconf 88' lang='lat' dir='ltr'><strong>_Cl.</strong></span> <span class='ocrx_word' id='word_1_656' title='bbox 1838 5770 1893 5821; x_wconf 89' lang='lat' dir='ltr'><strong>et</strong></span> <span class='ocrx_word' id='word_1_657' title='bbox 1935 5765 2073 5821; x_wconf 84' lang='lat' dir='ltr'><strong>Aur.</strong></span> 
     </span>
    </p>
   </div>
   <div class='ocr_carea' id='block_1_98' title="bbox 429 5824 1756 5907">
    <p class='ocr_par' dir='ltr' id='par_1_98' title="bbox 429 5824 1756 5907">
     <span class='ocr_line' id='line_1_99' title="bbox 429 5824 1756 5907; baseline 0.006 -26"><span class='ocrx_word' id='word_1_658' title='bbox 429 5828 529 5881; x_wconf 81' lang='lat' dir='ltr'><strong>lin.</strong></span> <span class='ocrx_word' id='word_1_659' title='bbox 554 5824 608 5890; x_wconf 74' lang='grc'>4,</span> <span class='ocrx_word' id='word_1_660' title='bbox 652 5824 827 5898; x_wconf 80' lang='lat' dir='ltr'><strong>supra</strong></span> <span class='ocrx_word' id='word_1_661' title='bbox 861 5824 1163 5889; x_wconf 87' lang='lat' dir='ltr'><strong>memorias</strong></span> <span class='ocrx_word' id='word_1_662' title='bbox 1195 5824 1268 5890; x_wconf 83' lang='lat' dir='ltr'><strong>in.</strong></span> <span class='ocrx_word' id='word_1_663' title='bbox 1297 5839 1401 5895; x_wconf 81' lang='lat' dir='ltr'><strong>lin.</strong></span> <span class='ocrx_word' id='word_1_664' title='bbox 1432 5835 1486 5907; x_wconf 89' lang='lat'><strong>6,</strong></span> <span class='ocrx_word' id='word_1_665' title='bbox 1514 5824 1672 5892; x_wconf 50' lang='lat' dir='ltr'><strong>diae:</strong></span> <span class='ocrx_word' id='word_1_666' title='bbox 1701 5835 1756 5891; x_wconf 81' lang='lat'><strong>5.</strong></span> 
     </span>
    </p>
   </div>
   <div class='ocr_carea' id='block_1_99' title="bbox 2104 4985 2152 5047">
    <p class='ocr_par' dir='ltr' id='par_1_99' title="bbox 2104 4985 2152 5047">
     <span class='ocr_line' id='line_1_100' title="bbox 2104 4985 2152 5047; baseline 0 0"><span class='ocrx_word' id='word_1_667' title='bbox 2104 4985 2152 5047; x_wconf 89' lang='lat' dir='ltr'><strong>C</strong></span> 
     </span>
    </p>
   </div>
   <div class='ocr_carea' id='block_1_100' title="bbox 2362 4986 3665 5059">
    <p class='ocr_par' dir='ltr' id='par_1_100' title="bbox 2362 4986 3665 5059">
     <span class='ocr_line' id='line_1_101' title="bbox 2362 4986 3665 5059; baseline -0.002 -16"><span class='ocrx_word' id='word_1_668' title='bbox 2362 4990 2536 5059; x_wconf 84' lang='lat' dir='ltr'><strong>Apud</strong></span> <span class='ocrx_word' id='word_1_669' title='bbox 2558 4993 2619 5046; x_wconf 90' lang='lat' dir='ltr'><strong>L.</strong></span> <span class='ocrx_word' id='word_1_670' title='bbox 2654 4992 2720 5045; x_wconf 90' lang='lat' dir='ltr'><strong>V.</strong></span> <span class='ocrx_word' id='word_1_671' title='bbox 2749 4990 3089 5044; x_wconf 82' lang='lat' dir='ltr'><strong>Holstenium</strong></span> <span class='ocrx_word' id='word_1_672' title='bbox 3117 4992 3169 5041; x_wconf 85' lang='lat' dir='ltr'><strong>et</strong></span> <span class='ocrx_word' id='word_1_673' title='bbox 3193 4986 3665 5041; x_wconf 81' lang='lat' dir='ltr'><strong>Schelestratium.</strong></span> 
     </span>
    </p>
   </div>
   <div class='ocr_carea' id='block_1_101' title="bbox 2255 5073 3835 5147">
    <p class='ocr_par' dir='ltr' id='par_1_101' title="bbox 2255 5073 3835 5147">
     <span class='ocr_line' id='line_1_102' title="bbox 2255 5073 3835 5147; baseline -0.001 -19"><span class='ocrx_word' id='word_1_674' title='bbox 2255 5076 2381 5130; x_wconf 84' lang='lat' dir='ltr'><strong>Lin.</strong></span> <span class='ocrx_word' id='word_1_675' title='bbox 2419 5075 2469 5146; x_wconf 80' lang='lat' dir='ltr'><strong>l,</strong></span> <span class='ocrx_word' id='word_1_676' title='bbox 2522 5081 2666 5133; x_wconf 80' lang='lat' dir='ltr'><strong>Flor.</strong></span> <span class='ocrx_word' id='word_1_677' title='bbox 2700 5080 2829 5139; x_wconf 87' lang='lat' dir='ltr'><strong>duo,</strong></span> <span class='ocrx_word' id='word_1_678' title='bbox 2863 5082 3339 5147; x_wconf 77' lang='lat' dir='ltr'><strong>annosquatuor.</strong></span> <span class='ocrx_word' id='word_1_679' title='bbox 3372 5089 3597 5132; x_wconf 89' lang='lat' dir='ltr'><strong>menses</strong></span> <span class='ocrx_word' id='word_1_680' title='bbox 3617 5090 3736 5137; x_wconf 76' lang='lat' dir='ltr'><strong>sex,</strong></span> <span class='ocrx_word' id='word_1_681' title='bbox 3766 5073 3835 5128; x_wconf 64' lang='lat' dir='ltr'><strong>rei</strong></span> 
     </span>
    </p>
   </div>
   <div class='ocr_carea' id='block_1_102' title="bbox 2186 5145 3828 5217">
    <p class='ocr_par' dir='ltr' id='par_1_102' title="bbox 2186 5145 3828 5217">
     <span class='ocr_line' id='line_1_103' title="bbox 2186 5145 3828 5217; baseline 0.001 -16"><span class='ocrx_word' id='word_1_682' title='bbox 2186 5151 2326 5212; x_wconf 81' lang='lat' dir='ltr'><strong>tres,</strong></span> <span class='ocrx_word' id='word_1_683' title='bbox 2356 5155 2418 5202; x_wconf 82' lang='lat' dir='ltr'><strong>ut</strong></span> <span class='ocrx_word' id='word_1_684' title='bbox 2452 5145 2674 5204; x_wconf 65' lang='lat' dir='ltr'><strong>Sec-und.</strong></span> <span class='ocrx_word' id='word_1_685' title='bbox 2720 5152 2837 5203; x_wconf 84' lang='lat' dir='ltr'><strong>cod.</strong></span> <span class='ocrx_word' id='word_1_686' title='bbox 2891 5151 2991 5203; x_wconf 82' lang='lat' dir='ltr'><strong>lin.</strong></span> <span class='ocrx_word' id='word_1_687' title='bbox 3038 5145 3106 5217; x_wconf 47' lang='lat'><strong>6,</strong></span> <span class='ocrx_word' id='word_1_688' title='bbox 3134 5150 3256 5201; x_wconf 80' lang='lat' dir='ltr'><strong>Vat.</strong></span> <span class='ocrx_word' id='word_1_689' title='bbox 3298 5153 3348 5201; x_wconf 86' lang='lat' dir='ltr'><strong>et</strong></span> <span class='ocrx_word' id='word_1_690' title='bbox 3376 5149 3685 5201; x_wconf 76' lang='lat' dir='ltr'><strong>Florentini</strong></span> <span class='ocrx_word' id='word_1_691' title='bbox 3722 5149 3828 5203; x_wconf 72' lang='lat' dir='ltr'><strong>duo.</strong></span> 
     </span>
    </p>
   </div>
   <div class='ocr_carea' id='block_1_103' title="bbox 2189 5219 3833 5290">
    <p class='ocr_par' dir='ltr' id='par_1_103' title="bbox 2189 5219 3833 5290">
     <span class='ocr_line' id='line_1_104' title="bbox 2189 5219 3833 5290; baseline -0.001 -19"><span class='ocrx_word' id='word_1_692' title='bbox 2189 5227 2496 5289; x_wconf 85' lang='lat' dir='ltr'><strong>msrtyrum</strong></span> <span class='ocrx_word' id='word_1_693' title='bbox 2533 5223 2852 5277; x_wconf 89' lang='lat' dir='ltr'><strong>memorias.</strong></span> <span class='ocrx_word' id='word_1_694' title='bbox 2883 5222 2990 5274; x_wconf 82' lang='lat' dir='ltr'><strong>lin.</strong></span> <span class='ocrx_word' id='word_1_695' title='bbox 3038 5237 3092 5282; x_wconf 75' lang='grc' dir='ltr'>ω,</span> <span class='ocrx_word' id='word_1_696' title='bbox 3126 5233 3306 5290; x_wconf 65' lang='lat' dir='ltr'><strong>omnes</strong></span> <span class='ocrx_word' id='word_1_697' title='bbox 3335 5219 3464 5272; x_wconf 88' lang='lat' dir='ltr'><strong>cod.</strong></span> <span class='ocrx_word' id='word_1_698' title='bbox 3501 5235 3632 5272; x_wconf 88' lang='lat' dir='ltr'><strong>mss.</strong></span> <span class='ocrx_word' id='word_1_699' title='bbox 3669 5221 3833 5290; x_wconf 75' lang='lat' dir='ltr'><strong>quin-</strong></span> 
     </span>
    </p>
   </div>
   <div class='ocr_carea' id='block_1_104' title="bbox 2188 5287 3830 5359">
    <p class='ocr_par' dir='ltr' id='par_1_104' title="bbox 2188 5287 3830 5359">
     <span class='ocr_line' id='line_1_105' title="bbox 2188 5287 3830 5359; baseline -0.002 -15"><span class='ocrx_word' id='word_1_700' title='bbox 2188 5287 2447 5358; x_wconf 38' lang='lat' dir='ltr'><strong>que.‘lin.</strong></span> <span class='ocrx_word' id='word_1_701' title='bbox 2482 5292 2586 5345; x_wconf 81' lang='lat' dir='ltr'><strong>ead</strong></span> <span class='ocrx_word' id='word_1_702' title='bbox 2610 5335 2627 5359; x_wconf 89' lang='lat'><strong>,</strong></span> <span class='ocrx_word' id='word_1_703' title='bbox 2656 5293 2930 5349; x_wconf 89' lang='lat' dir='ltr'><strong>diaconos</strong></span> <span class='ocrx_word' id='word_1_704' title='bbox 2956 5290 3009 5345; x_wconf 90' lang='lat'><strong>5.</strong></span> <span class='ocrx_word' id='word_1_705' title='bbox 3044 5291 3143 5344; x_wconf 85' lang='lat' dir='ltr'><strong>lin.</strong></span> <span class='ocrx_word' id='word_1_706' title='bbox 3176 5288 3234 5344; x_wconf 83' lang='lat'><strong>7.</strong></span> <span class='ocrx_word' id='word_1_707' title='bbox 3266 5290 3445 5344; x_wconf 74' lang='lat' dir='ltr'><strong>Vatic.</strong></span> <span class='ocrx_word' id='word_1_708' title='bbox 3477 5287 3706 5344; x_wconf 42' lang='lat' dir='ltr'><strong>Minor.‘</strong></span> <span class='ocrx_word' id='word_1_709' title='bbox 3727 5287 3830 5344; x_wconf 88' lang='lat' dir='ltr'><strong>mil-</strong></span> 
     </span>
    </p>
   </div>
   <div class='ocr_carea' id='block_1_105' title="bbox 2190 5359 2622 5431">
    <p class='ocr_par' dir='ltr' id='par_1_105' title="bbox 2190 5359 2622 5431">
     <span class='ocr_line' id='line_1_106' title="bbox 2190 5359 2622 5431; baseline 0.007 -18"><span class='ocrx_word' id='word_1_710' title='bbox 2190 5359 2362 5417; x_wconf 90' lang='lat' dir='ltr'><strong>liario</strong></span> <span class='ocrx_word' id='word_1_711' title='bbox 2393 5363 2622 5431; x_wconf 89' lang='lat' dir='ltr'><strong>quinto.</strong></span> 
     </span>
    </p>
   </div>
   <div class='ocr_carea' id='block_1_106' title="bbox 2510 5468 3529 5538">
    <p class='ocr_par' dir='ltr' id='par_1_106' title="bbox 2510 5468 3529 5538">
     <span class='ocr_line' id='line_1_107' title="bbox 2510 5468 3529 5538; baseline -0.001 -17"><span class='ocrx_word' id='word_1_712' title='bbox 2510 5468 2681 5538; x_wconf 85' lang='lat' dir='ltr'><strong>Apnd</strong></span> <span class='ocrx_word' id='word_1_713' title='bbox 2702 5471 2928 5524; x_wconf 82' lang='lat' dir='ltr'><strong>Peniam</strong></span> <span class='ocrx_word' id='word_1_714' title='bbox 2957 5484 3024 5522; x_wconf 77' lang='lat' dir='ltr'><strong>ea:</strong></span> <span class='ocrx_word' id='word_1_715' title='bbox 3052 5468 3233 5523; x_wconf 74' lang='lat' dir='ltr'><strong>codice</strong></span> <span class='ocrx_word' id='word_1_716' title='bbox 3276 5468 3529 5523; x_wconf 77' lang='lat' dir='ltr'><strong>Cavcnsi.</strong></span> 
     </span>
    </p>
   </div>
   <div class='ocr_carea' id='block_1_107' title="bbox 2260 5553 3830 5625">
    <p class='ocr_par' dir='ltr' id='par_1_107' title="bbox 2260 5553 3830 5625">
     <span class='ocr_line' id='line_1_108' title="bbox 2260 5553 3830 5625; baseline -0.001 -16"><span class='ocrx_word' id='word_1_717' title='bbox 2260 5556 2383 5609; x_wconf 82' lang='lat' dir='ltr'><strong>Lin.</strong></span> <span class='ocrx_word' id='word_1_718' title='bbox 2420 5553 2471 5615; x_wconf 74' lang='grc'>4,</span> <span class='ocrx_word' id='word_1_719' title='bbox 2512 5557 2631 5612; x_wconf 92' lang='lat' dir='ltr'><strong>sed.</strong></span> <span class='ocrx_word' id='word_1_720' title='bbox 2665 5558 2823 5612; x_wconf 90' lang='lat' dir='ltr'><strong>anni.</strong></span> <span class='ocrx_word' id='word_1_721' title='bbox 2865 5570 2925 5622; x_wconf 89' lang='grc' dir='ltr'>ιι,</span> <span class='ocrx_word' id='word_1_722' title='bbox 2963 5570 3036 5610; x_wconf 85' lang='grc' dir='ltr'><strong>ιη.</strong></span> <span class='ocrx_word' id='word_1_723' title='bbox 3080 5570 3136 5616; x_wconf 82' lang='lat' dir='ltr'><strong>x,</strong></span> <span class='ocrx_word' id='word_1_724' title='bbox 3169 5556 3322 5612; x_wconf 91' lang='lat' dir='ltr'><strong>dieb.</strong></span> <span class='ocrx_word' id='word_1_725' title='bbox 3364 5570 3480 5611; x_wconf 82' lang='lat' dir='ltr'><strong>xxv</strong></span> <span class='ocrx_word' id='word_1_726' title='bbox 3517 5575 3532 5610; x_wconf 92' lang='lat'>:</span> <span class='ocrx_word' id='word_1_727' title='bbox 3574 5554 3830 5625; x_wconf 82' lang='lat' dir='ltr'><strong>martyrio</strong></span> 
     </span>
    </p>
   </div>
   <div class='ocr_carea' id='block_1_108' title="bbox 2186 5627 3833 5695">
    <p class='ocr_par' dir='ltr' id='par_1_108' title="bbox 2186 5627 3833 5695">
     <span class='ocr_line' id='line_1_109' title="bbox 2186 5627 3833 5695; baseline 0 -15"><span class='ocrx_word' id='word_1_728' title='bbox 2186 5632 2514 5681; x_wconf 90' lang='lat' dir='ltr'><strong>coronatur.</strong></span> <span class='ocrx_word' id='word_1_729' title='bbox 2554 5629 2686 5682; x_wconf 86' lang='lat' dir='ltr'><strong>Fuit</strong></span> <span class='ocrx_word' id='word_1_730' title='bbox 2711 5633 2899 5683; x_wconf 90' lang='lat' dir='ltr'><strong>autem</strong></span> <span class='ocrx_word' id='word_1_731' title='bbox 2922 5628 3279 5695; x_wconf 88' lang='lat' dir='ltr'><strong>temporibus</strong></span> <span class='ocrx_word' id='word_1_732' title='bbox 3302 5627 3531 5683; x_wconf 85' lang='lat' dir='ltr'><strong>Claudii</strong></span> <span class='ocrx_word' id='word_1_733' title='bbox 3576 5636 3633 5682; x_wconf 83' lang='lat' dir='ltr'><strong>et</strong></span> <span class='ocrx_word' id='word_1_734' title='bbox 3660 5629 3833 5681; x_wconf 78' lang='lat' dir='ltr'><strong>Aure—</strong></span> 
     </span>
    </p>
   </div>
   <div class='ocr_carea' id='block_1_109' title="bbox 2188 5695 3837 5764">
    <p class='ocr_par' dir='ltr' id='par_1_109' title="bbox 2188 5695 3837 5764">
     <span class='ocr_line' id='line_1_110' title="bbox 2188 5695 3837 5764; baseline -0.001 -12"><span class='ocrx_word' id='word_1_735' title='bbox 2188 5698 2357 5752; x_wconf 88' lang='lat' dir='ltr'><strong>liani.</strong></span> <span class='ocrx_word' id='word_1_736' title='bbox 2388 5699 2486 5751; x_wconf 76' lang='lat' dir='ltr'><strong>lin.</strong></span> <span class='ocrx_word' id='word_1_737' title='bbox 2521 5695 2625 5752; x_wconf 61' lang='lat' dir='ltr'><strong>bet</strong></span> <span class='ocrx_word' id='word_1_738' title='bbox 2649 5697 2703 5759; x_wconf 90' lang='lat'><strong>5,</strong></span> <span class='ocrx_word' id='word_1_739' title='bbox 2741 5701 2945 5753; x_wconf 89' lang='lat' dir='ltr'><strong>missas</strong></span> <span class='ocrx_word' id='word_1_740' title='bbox 2974 5698 3282 5754; x_wconf 89' lang='lat' dir='ltr'><strong>celebrare.</strong></span> <span class='ocrx_word' id='word_1_741' title='bbox 3317 5700 3416 5752; x_wconf 77' lang='lat' dir='ltr'><strong>(in.</strong></span> <span class='ocrx_word' id='word_1_742' title='bbox 3448 5695 3502 5764; x_wconf 83' lang='lat'><strong>7,</strong></span> <span class='ocrx_word' id='word_1_743' title='bbox 3537 5698 3636 5753; x_wconf 87' lang='lat' dir='ltr'><strong>ubi</strong></span> <span class='ocrx_word' id='word_1_744' title='bbox 3665 5705 3721 5753; x_wconf 92' lang='lat' dir='ltr'><strong>et</strong></span> <span class='ocrx_word' id='word_1_745' title='bbox 3747 5710 3837 5751; x_wconf 86' lang='lat' dir='ltr'><strong>se-</strong></span> 
     </span>
    </p>
   </div>
   <div class='ocr_carea' id='block_1_110' title="bbox 2190 5768 3835 5836">
    <p class='ocr_par' dir='ltr' id='par_1_110' title="bbox 2190 5768 3835 5836">
     <span class='ocr_line' id='line_1_111' title="bbox 2190 5768 3835 5836; baseline -0.002 -13"><span class='ocrx_word' id='word_1_746' title='bbox 2190 5768 2388 5836; x_wconf 90' lang='lat' dir='ltr'><strong>pultus</strong></span> <span class='ocrx_word' id='word_1_747' title='bbox 2408 5773 2496 5823; x_wconf 90' lang='lat' dir='ltr'><strong>est</strong></span> <span class='ocrx_word' id='word_1_748' title='bbox 2526 5783 2586 5823; x_wconf 89' lang='grc' dir='ltr'><strong>ιιι</strong></span> <span class='ocrx_word' id='word_1_749' title='bbox 2622 5770 2744 5824; x_wconf 85' lang='lat' dir='ltr'><strong>Kal.</strong></span> <span class='ocrx_word' id='word_1_750' title='bbox 2773 5772 2903 5824; x_wconf 85' lang='lat' dir='ltr'><strong>Jun.</strong></span> <span class='ocrx_word' id='word_1_751' title='bbox 2942 5771 3200 5826; x_wconf 88' lang='lat' dir='ltr'><strong>miliario</strong></span> <span class='ocrx_word' id='word_1_752' title='bbox 3228 5770 3300 5825; x_wconf 89' lang='lat' dir='ltr'><strong>ab</strong></span> <span class='ocrx_word' id='word_1_753' title='bbox 3326 5769 3468 5826; x_wconf 89' lang='lat' dir='ltr'><strong>urbe</strong></span> <span class='ocrx_word' id='word_1_754' title='bbox 3499 5770 3675 5824; x_wconf 82' lang='lat' dir='ltr'><strong>Roma</strong></span> <span class='ocrx_word' id='word_1_755' title='bbox 3703 5784 3762 5825; x_wconf 87' lang='grc' dir='ltr'>ιι.</span> <span class='ocrx_word' id='word_1_756' title='bbox 3785 5772 3835 5822; x_wconf 88' lang='lat' dir='ltr'><strong>et</strong></span> 
     </span>
    </p>
   </div>
   <div class='ocr_carea' id='block_1_111' title="bbox 2187 5839 3129 5910">
    <p class='ocr_par' dir='ltr' id='par_1_111' title="bbox 2187 5839 3129 5910">
     <span class='ocr_line' id='line_1_112' title="bbox 2187 5839 3129 5910; baseline 0.001 -17"><span class='ocrx_word' id='word_1_757' title='bbox 2187 5839 2434 5894; x_wconf 86' lang='lat' dir='ltr'><strong>cessavit</strong></span> <span class='ocrx_word' id='word_1_758' title='bbox 2460 5840 2827 5910; x_wconf 86' lang='lat' dir='ltr'><strong>episcopatus</strong></span> <span class='ocrx_word' id='word_1_759' title='bbox 2844 5840 3050 5897; x_wconf 88' lang='lat' dir='ltr'><strong>diebus</strong></span> <span class='ocrx_word' id='word_1_760' title='bbox 3074 5854 3129 5894; x_wconf 89' lang='lat' dir='ltr'><strong>v.</strong></span> 
     </span>
    </p>
   </div>
  </div>
