4072 6176
305 279 328 335 4
344 279 447 338 437

1146 338 1149 339 ,
1233 282 1558 340 HISTORIA
1594 286 1684 341 DE
1725 285 1897 341 VlTlS
1937 285 2108 342 ROM.
2150 284 2346 341 ΡΟΝΤ.
2378 318 2450 328 -
2481 292 2535 343 S.
2580 292 2779 347 FELIX

1658 428 1901 489 NOTAE
1958 429 2412 495 VARIORUN.

829 558 875 613 Λ
914 558 1437 619 SCHELESTRATE

378 647 551 700 Linea
584 643 634 699 4.
669 676 740 686 -
768 647 949 715 Spura
980 650 1229 716 sepulcra
1253 657 1559 717 martyrum
1585 652 1781 703 missas
1812 651 1956 704 cele—

309 718 482 769 brari.
511 716 651 771 Alite
684 718 957 789 lectiones
994 719 1204 774 habent
1245 741 1260 775 :
1287 716 1469 789 Supra
1506 725 1791 775 memorias
1811 738 1955 774 mar-

305 795 508 855 tyrum.
532 788 811 861 sepulcra
832 791 1008 855 enim,
1040 790 1126 844 vel
1154 790 1225 845 ob
1249 788 1682 859 inscriptiones,
1711 794 1952 861 etsigna

308 859 593 932 martyrii,
619 860 705 913 vel
734 859 804 913 ob
834 874 964 914 ossa
1007 866 1321 931 martyrum
1362 864 1571 918 ibidem
1607 866 1813 932 posita,
1848 859 1951 919 vo-

304 930 587 985 cabantur
610 933 879 983 memoria:
908 930 1232 998 martyrum,
1268 939 1323 987 et
1348 948 1414 988 ex
1458 935 1561 989 hac
1592 930 1799 989 Felicis
1825 948 1952 989 con-

305 1002 612 1056 stitutione
632 1009 819 1055 ortum
856 1002 1123 1058 habuisse
1148 1009 1335 1072 putem
1367 1019 1640 1060 canonem
1673 1005 1740 1060 3t
1770 1006 1954 1060 Illibe-

308 1073 581 1145 rilanum,
608 1088 674 1125 ne
703 1089 910 1125 cereum
935 1076 995 1125 in
1017 1078 1327 1128 caemeteriis
1354 1078 1699 1142 incendatur,
1728 1079 1951 1145 inquie—

305 1144 468 1195 tandi
496 1146 895 1216 enim_spiritus
916 1150 1226 1198 sanctorum
1255 1162 1362 1199 non
1392 1154 1538 1201 sunt.
1573 1149 1733 1216 Quod
1764 1144 1951 1201 nimi-

308 1227 435 1288 rum
481 1214 723 1283 gentiles
774 1228 840 1269 ex
868 1216 1015 1269 cerei
1054 1216 1288 1288 lumine
1334 1214 1664 1288 detegerem
1697 1220 1839 1284 loca,
1892 1219 1950 1271 in

307 1284 531 1357 quibus
554 1292 829 1357 martyres
855 1287 1067 1354 sepulti
1094 1294 1276 1353 erant,
1312 1284 1554 1357 quorum
1591 1290 1853 1357 sepulcra
1885 1302 1951 1342 ex

309 1356 414 1410 illo
442 1356 662 1428 indicio
705 1356 1068 1424 dejiciebant.
1104 1360 1276 1413 Porro
1310 1356 1437 1413 cum
1467 1361 1570 1414 hoc
1601 1356 1954 1428 temporibus

307 1427 651 1481 Diocletiani
685 1441 795 1481 non
823 1428 1073 1491 licuerit,
1107 1431 1449 1484 crediderim
1478 1437 1615 1485 tunc
1644 1427 1773 1485 osSa
1797 1443 1955 1483 mar-

309 1504 499 1566 tyrum
535 1499 591 1551 in
615 1498 753 1552 aliis
777 1499 916 1553 locis
940 1499 1047 1553 sub
1072 1500 1357 1555 altaribus
1382 1502 1655 1555 collocari
1689 1500 1949 1567 coepisse.

306 1575 365 1622 et
394 1582 462 1622 ex
493 1569 594 1623 illo
640 1570 983 1637 proﬂuxisse
1014 1571 1190 1625 ritum
1242 1572 1529 1636 Ecclesiae,
1582 1571 1953 1626 consecrandi

308 1639 517 1713 altaria
541 1653 670 1713 cum
703 1647 1012 1713 martyrum
1046 1642 1337 1711 reliquiis,
1372 1656 1497 1713 quae
1524 1643 1775 1698 subillis
1809 1655 1952 1696 con-

308 1709 534 1765 duntur
558 1711 628 1765 ab
655 1712 924 1780 episcopo
963 1709 1357 1767 consecrante.

916 1834 1358 1890 ALTASERR/E.

384 1924 555 1978 Linea
582 1919 635 1976 4.
654 1953 721 1961 —
750 1925 852 1976 Hic
873 1926 1151 1977 constituit
1179 1940 1349 1993 supra
1370 1925 1622 1993 sepulcra
1650 1929 1957 1991 martyrum

310 1997 507 2048 missas
538 1994 817 2047 celebrari.
841 1994 1106 2049 Oratoria
1154 2009 1254 2049 seu
1284 1996 1490 2050 altaria
1515 1996 1957 2051 exstruebantur

310 2079 488 2133 supra
514 2065 773 2133 sepulcra
809 2075 1118 2134 martyrum
1146 2068 1201 2119 in
1233 2080 1428 2121 eorum
1463 2069 1813 2121 memoriam.
1845 2067 1955 2121 Au-

311 2137 533 2205 gustin.
562 2143 760 2190 contra
775 2138 962 2191 Faust.
988 2136 1097 2191 lib.
1125 2150 1221 2202 xx,
1250 2151 1371 2206 cap.
1396 2135 1484 2191 Q2.
1522 2157 1547 2187 «
1571 2138 1820 2207 Populus
1843 2151 1957 2191 au-

312 2215 425 2262 tem
442 2207 729 2279 Christian
742 2222 807 2262 us
822 2209 1121 2263 memorias
1137 2215 1448 2278 martyrum
1466 2209 1731 2279 religiosa
1756 2209 1957 2263 solem-

315 2280 497 2333 nitate
525 2278 903 2341 concelebrat,
937 2285 991 2333 et
1036 2281 1103 2334 ad
1137 2281 1495 2334 excitandam
1549 2278 1950 2347 imitationem,

312 2356 371 2404 et
404 2355 466 2403 ut
497 2350 720 2403 meritis
744 2363 940 2404 eorum
968 2351 1351 2420 consocietur,
1381 2358 1552 2419 atque
1590 2351 1956 2405 orationibus

316 2421 641 2489 adjuvetur,
687 2421 765 2474 ita
811 2426 997 2474 tamen
1031 2428 1093 2476 ut
1140 2421 1284 2475 nulli
1334 2431 1665 2491 martyrum,
1698 2423 1791 2475 sed
1842 2422 1953 2489 ipsi

315 2493 432 2545 Deo
478 2498 808 2560 martyrum,
854 2494 1117 2560 quamvis
1174 2494 1230 2545 in
1277 2494 1579 2547 memorias
1622 2502 1954 2562 martyrum,

319 2567 747 2617 constituamus
767 2562 996 2626 altaria,
1026 2582 1050 2610 υ
1085 2570 1189 2618 etc.
1226 2565 1293 2618 Et
1312 2564 1427 2617 haec
1447 2564 1790 2619 dicebantur
1818 2578 1956 2619 mar-

318 2634 471 2702 tyria
500 2634 722 2702 (Synod.
767 2634 1038 2699 Chalced.,
1069 2647 1192 2688 can.
1234 2633 1287 2703 8)
1324 2653 1336 2687 :
1368 2635 1437 2688 Οἱ
1452 2636 1673 2703 κληρικοί
1692 2643 1790 2687 τῶν
1817 2655 1958 2686 πτω-

317 2705 491 2775 χεξων.
533 2704 611 2775 atati
653 2707 1014 2775 μοναστηρξωγ,
1051 2706 1131 2756 καὶ
1157 2707 1455 2775 μαρτυρίων.
1484 2704 1581 2757 ὑπό
1607 2706 1693 2772 τὴν
1722 2703 1827 2767 ἐξου
1849 2726 1956 2757 σειν

316 2770 419 2825 alii"
472 2771 518 2825 ἐν
568 2770 744 2839 Enniam
786 2770 926 2827 πόλει
975 2770 1255 2827 ἐπισκόὲωῦ
1300 2770 1705 2846 διαμενέτωσαεέε
1766 2778 1958 2831 Clerici

311 2846 870 2915 prochotrophiorum,
945 2850 1414 2913 monasteriorum,
1476 2853 1525 2900 et
1566 2850 1957 2914 martyriorum

316 2918 417 2970 Sub
434 2922 700 2985 potestate
728 2920 1094 2987 episcoporum
1135 2923 1502 2987 permaneant.
1544 2919 1775 2983 (Pallad,
1807 2921 1953 2971 Hist.

318 2988 570 3041 Lausiac.
620 3002 669 3042 c.
732 2986 850 3053 403,
910 2989 975 3041 de
1042 2986 1347 3042 Innocentio
1412 2990 1606 3042 abbate
1660 2990 1954 3054 ιΕὶσῆλοεν

318 3061 385 3118 εἰς
411 3056 469 3110 τὸ
513 3061 774 3128 μαρτύριον
824 3052 1015 3121 ἑαυτοῦ,
1054 3059 1080 3110 ὁ
1106 3058 1415 3130 οἰκοδομὴιει
1456 3058 1617 3121 αὐτὸς,
1661 3056 1708 3111 ἓν
1747 3052 1789 3130 ᾧ
1810 3062 1956 3111 κατέ-

315 3148 447 3181 κειτο
487 3131 693 3199 λείψανα
722 3136 809 3182 τοῦ
837 3132 964 3181 0εέου
1006 3131 1225 3183 Ιωάννου
1270 3138 1357 3182 τοῦ
1406 3131 1706 3183 Rumina-3.
1730 3133 1957 3197 Ingres-

317 3216 412 3253 sus
439 3205 517 3253 est
544 3204 601 3253 in
626 3217 783 3254 suum
812 3205 1158 3269 martyrium,
1212 3203 1357 3269 quod
1399 3204 1513 3269 ipse
1538 3202 1852 3268 aediﬁcarat,
1895 3205 1954 3253 in

319 3287 428 3339 quo
456 3274 574 3324 sita:
600 3280 728 3324 sunt
750 3274 994 3340 reliquiae
1022 3275 1199 3325 sancti
1227 3274 1451 3325 Joannis
1484 3274 1757 3339 Baptistae.
1796 3272 1949 3341 (Hie-

320 3356 537 3425 ronym.
596 3342 654 3396 in
705 3344 833 3425 Vita
880 3344 1231 3425 llilarianis.)
1262 3363 1286 3393 α
1337 3346 1593 3425 Causam
1622 3341 1950 3425 occultandi

310 3413 479 3480 juxta
510 3419 845 3481 praéceptum
872 3415 1107 3468 Antonii
1145 3412 1323 3469 fuisse
1356 3412 1683 3478 referentes,
1718 3426 1786 3467 ne
1819 3416 1954 3468 Per—

316 3484 543 3554 gamius
570 3487 668 3552 qui
707 3486 763 3538 in
794 3485 916 3539 illis
952 3486 1092 3539 locis
1113 3486 1443 3539 ditissimus
1463 3489 1604 3549 erat,
1633 3483 1859 3539 sublato
1883 3484 1949 3538 ad

317 3553 512 3607 Villam
547 3569 708 3609 suam
744 3557 929 3610 sancti
962 3570 1219 3625 corpore,
1256 3556 1594 3623 martyrium
1638 3553 1955 3609 fabricare—

314 3632 431 3679 tur.
464 3643 488 3673 ιυ
517 3626 941 3682 Constitutione
980 3627 1284 3682 Theodosii
1335 3626 1672 3693 permissum
1705 3632 1810 3692 est,
1842 3639 1953 3695 quo

318 3696 380 3749 in
411 3696 534 3750 loco
560 3702 887 3752 sanctorum
911 3697 1129 3767 aliquis
1153 3705 1238 3751 est
1266 3697 1554 3762 conditus,
1578 3710 1678 3764 pro
1709 3697 1833 3764 ejus
1860 3710 1955 3750 ve-

317 3769 612 3821 neratione
662 3771 1017 3837 martyrium,
1062 3769 1208 3837 quod
1244 3774 1463 3833 vorant,
1496 3767 1758 3827 condere,
1787 3767 1823 3821 l.
1848 3780 1950 3820 vn.

312 3838 375 3891 C.
402 3838 503 3890 Th.
539 3838 607 3892 de
633 3838 887 3906 Sepulcr.
922 3839 1119 3893 violat.
1152 3841 1293 3893 llinc
1314 3839 1634 3906 Martyrarii
1664 3839 1805 3891 dicti
1837 3850 1953 3906 pre-

312 3908 532 3977 sbyteri
601 3910 901 3963 constituti
960 3911 1017 3963 in
1067 3911 1340 3964 oratoriis
1400 3914 1729 3977 martyrum,
1760 3909 1955 3963 cultus

315 3985 632 4048 martyrum
705 3993 875 4034 causa
937 3980 1116 4049 (Cone.
1168 3982 1450 4035 Aurelian.
1521 3992 1582 4045 Il,
1649 3993 1774 4034 can.
1823 3978 1955 4046 l3).-

319 4051 564 4104 Abbates
636 4054 981 4119 martyrarii,
1038 4052 1255 4111 reclusi,
1322 4052 1406 4103 uel
1462 4051 1785 4118 presbyteri,
1837 4052 1958 4119 epi-

311 4122 477 4173 stolia
502 4123 635 4173 dare
666 4138 773 4175 non
788 4128 1141 4192 praesumant.
1176 4124 1429 4192 (Gregor.
1462 4122 1625 4175 Tur..
1667 4122 1732 4173 dc
1759 4123 1954 4175 Mtrac.

317 4193 581 4261 martyr.)
626 4193 733 4247 lib.
772 4190 836 4245 ιι.
869 4208 990 4261 cap.
1043 4190 1111 4247 46
1142 4211 1154 4246 :
1186 4190 1216 4243 tt
1252 4190 1333 4247 Eo
1349 4201 1599 4261 tempore
1651 4206 1780 4246 cum
1834 4200 1960 4261 post

313 4262 540 4317 obitum
569 4265 814 4318 Proserii
843 4264 1189 4333 martyrarii,
1236 4264 1494 4318 urbanus
1538 4264 1817 4319 diaconus
1844 4264 1960 4318 hu-

310 4334 414 4400 jus
445 4334 698 4388 basilicze
741 4337 1044 4390 ordinatur
1087 4336 1409 4389 aedituus.»
1441 4336 1503 4388 Et
1528 4335 1677 4404 quod
1733 4337 1960 4390 consti-

315 4404 546 4458 tutione
562 4405 770 4459 Felicis
789 4408 1126 4474 permissum
1146 4412 1231 4459 est
1254 4407 1459 4460 missas
1483 4405 1758 4460 celebrari
1788 4421 1961 4475 super

314 4476 603 4547 sepulcris
618 4483 949 4544 martyrum,
970 4477 1303 4547 intelligend
1317 4491 1405 4531 um
1425 4483 1511 4531 est
1529 4477 1600 4531 de
1616 4476 1809 4530 missis
1835 4492 1960 4546 quae

312 4545 744 4601 celebrarentur
785 4548 839 4601 in
874 4548 1148 4601 oratoriis
1170 4545 1498 4601 exstructis
1536 4548 1593 4601 in
1627 4545 1957 4602 memoriam

1975 561 2033 620 A

2693 587 3077 645 {BLANCHINI

2580 689 2732 730 NOT.-E
2768 690 3204 733 CllRONOLOGlClE.

2134 759 2636 838 Felicisepocham
2664 770 2775 818 tam
2806 765 2862 818 in
2896 766 3291 821 numeralibus
3321 768 3496 835 notis,
3534 785 3700 838 quam

2065 831 2123 884 in
2146 832 2487 909 consulibus
2512 836 3120 909 integrampraaservat
3141 838 3436 909 cataIOgus
3456 831 3706 895 Liberta-

2063 916 2192 982 [ιιι-ξ.
2210 903 3024 982 Plenampariterexhibentin
3048 903 3390 982 consulibus
3408 911 3706 982 catalogus

2061 973 2268 1048 Felicis
2286 976 2372 1037 IV,
2396 975 2943 1048 LiberPontiﬁcalis,
2963 980 3261 1034 etcodices
3279 973 3707 1048 Ocriculenses,

2062 1044 2197 1099 licet
2248 1046 2305 1099 in
2337 1046 2591 1101 numeris
2642 1048 2905 1102 nonnihil
2938 1050 3226 1113 vitiatam,
3262 1053 3344 1105 uti
3376 1059 3602 1107 constat
3633 1044 3702 1108 ex

2061 1116 2369 1240 pollutione
2387 1117 2882 1190 documentorum,
2905 1134 3029 1189 qua:
3063 1124 3457 1179 recensuimus
3480 1124 3538 1177 in
3560 1126 3705 1180 Pro-

2085 1200 2395 1240 euomenis.

2085 1200 2395 1249 egomems.

2131 1258 2430 1331 Ordinatio
2461 1257 2669 1313 Felicis
2702 1274 2855 1329 papae
2888 1261 3107 1331 ﬁgenda
3131 1269 3218 1317 est
3245 1264 3341 1319 die
3379 1262 3413 1319 3
3441 1265 3705 1319 Januarii

2062 1339 2212 1381 anno
2249 1327 2393 1400 269,
2446 1344 2609 1398 quem
2646 1327 2977 1400 aperiebant
3013 1333 3291 1389 Claudius
3340 1341 3395 1389 et
3431 1338 3706 1391 Paternus

2062 1398 2506 1475 consuleslqme
2527 1402 2652 1455 dies
2686 1398 3132 1475 inDominicam
3158 1406 3429 1475 incidit);
3465 1420 3591 1461 cum
3617 1421 3706 1461 va-

2064 1471 2213 1543 catio
2260 1472 2416 1525 sedis
2463 1485 2494 1525 a
2532 1478 2707 1527 morte
2756 1474 3019 1543 Dionysii
3068 1475 3330 1531 absoluta
3373 1471 3453 1531 'sit
3500 1477 3708 1532 diebus

2065 1542 2343 1617 quinque,
2360 1548 2501 1597 teste
2517 1543 2621 1597 hoc
2638 1545 2830 1599 eodem
2858 1542 3025 1617 Libro
3045 1547 3385 1602 Pontiﬁcali.
3403 1549 3708 1617 Catalogus

2067 1611 2405 1687 Liberiauus
2437 1621 2697 1668 numerat
2724 1628 2907 1670 annos
2934 1616 3152 1672 solidos
3182 1622 3421 1687 quinque
3450 1611 3706 1687 ejusdem

2070 1684 2459 1756 pontiﬁcatus,
2497 1698 2717 1756 menses
2751 1699 2830 1747 x1,
2876 1688 3000 1741 dies
3033 1702 3165 1742 xxv.
3188 1684 3400 1756 'Qua're
3424 1684 3573 1744 mors
3606 1691 3713 1745 Fe-

2068 1753 2202 1808 licis
2231 1756 2400 1822 primi
2429 1754 2754 1811 referturad
2781 1758 2932 1811 diem
2956 1756 3026 1811 99
3052 1753 3379 1815 Decembris
3408 1774 3558 1816 anno
3578 1757 3704 1815 274.

2068 1826 2410 1901 consulibus
2436 1827 2748 1901 Aureliano
2795 1829 3002 1901 iterum
3047 1837 3101 1884 et
3149 1832 3474 1900 Capitolino
3509 1852 3525 1886 .-
3564 1846 3710 1901 quos

2068 1896 2293 1951 scilicet
2318 1898 2584 1952 consules
2622 1898 2753 1952 vitae
2794 1899 3001 1954 Felicis
3034 1896 3350 1968 postremos
3380 1896 3710 1958 attribuunt

2069 1973 2179 2091 talin
2212 1967 2478 2038 catalogi,
2506 1983 2675 2038 quam
2698 1967 3211 2041 Bibliothecarius,
3233 1980 3287 2028 et
3308 1974 3533 2029 codices
3552 1974 3711 2029 Ocri-

2069 2053 2135 2091 cu
2168 2051 2353 2091 enses.

2067 2051 2353 2093 0111811588.

2140 2110 2381 2164 Pictura:
2405 2111 2480 2185 _S.
2510 2110 2673 2185 Pauli
2706 2124 2773 2166 ex
2815 2114 3045 2168 nomine
3076 2113 3282 2170 Felicis
3343 2120 3706 2185 postremam,

2067 2181 2459 2237 tantummodo
2508 2181 2757 2237 litteram
2806 2195 3200 2252 praeservatam
3246 2181 3598 2242 ostendunt:
3648 2181 3707 2242 in

2066 2264 2232 2306 versu
2254 2260 2442 2327 autem
2458 2254 2706 2327 secundo
2726 2254 3036 2310 litteramN
3060 2270 3128 2311 ex
3145 2257 3362 2327 syllaba
3390 2260 3708 2324 anNorum,

2065 2328 2235 2391 atque
2271 2324 2325 2377 in
2360 2326 2530 2379 tertio
2553 2325 2756 2393 siglam
2786 2329 2830 2379 Μ
2868 2328 3112 2381 indicem
3149 2324 3709 2385 mensiumNumeri

2068 2394 2719 2468 omnesinterciderunt.
2748 2399 2893 2452 Dum
2925 2399 3169 2468 catalogi
3204 2401 3387 2454 Italici
3430 2399 3711 2456 describe-

2070 2472 2271 2540 rentur
2299 2479 2367 2519 ex
2400 2467 2903 2540 iisdempicturis,
2935 2467 3211 2525 evanidos
3243 2470 3423 2525 fuisse
3449 2477 3706 2540 oportet;

2068 2549 2197 2591 cum
2225 2536 2345 2609 loco
2380 2538 2971 2609 quinariiannorum,
3007 2540 3154 2609 sigla
3182 2555 3215 2593 v
3246 2536 3705 2599 scribendorum.

2068 2607 2443 2675 descriptoris
2469 2608 2622 2663 oculi
2650 2608 3013 2678 hallucinati,
3038 2607 3257 2666 Binarii
3287 2620 3475 2667 notam
3504 2613 3584 2668 ibi
3617 2613 3712 2667 ob-

2068 2692 2321 2732 servasse
2372 2680 2648 2748 putantis,
2707 2681 2832 2748 ejus
2883 2682 3077 2736 animo
3124 2695 3190 2736 ac
3230 2690 3426 2738 nostro
3456 2685 3706 2738 eamdem

2066 2748 2375 2824 exhibeant
2399 2750 2773 2824 inbinarium
2800 2752 3225 2824 itaconversam
3260 2768 3299 2808 ιι
3332 2768 3496 2824 :quae
3529 2754 3713 2809 hallu-

2066 2820 2283 2893 cinatio
2304 2822 2530 2875 evenire
2546 2820 2715 2875 facile
2744 2823 2932 2890 potuit
2956 2837 3024 2877 ex
3058 2825 3174 2879 imo
3192 2820 3499 2893 pavimenti
3527 2825 3714 2880 Eccle-

2065 2893 2165 2944 siae
2194 2892 2251 2963 in
2284 2904 2404 2945 eam
2448 2893 2817 2947 altitudinem
2851 2908 2915 2947 ac
2939 2892 3275 2949 distantiam
3320 2896 3708 2963 intuentibus,

2066 2963 2117 3034 si
2144 2962 2364 3017 colores
2379 2968 2434 3016 et
2462 2964 2674 3018 ductus
2700 2963 2905 3018 litterae
2925 2978 2957 3016 v
2994 2966 3051 3019 in
3073 2966 3481 3034 conjunctione
3513 2966 3707 3020 intima

2069 3031 2286 3106 fuerint
2312 3034 2540 3106 evanidi
2565 3047 2629 3087 ιι.
2666 3036 2724 3087 ln
2761 3034 3056 3090 mensibus
3078 3031 3308 3105 quoque
3338 3038 3550 3101 unitas,
3584 3050 3710 3106 quae

2070 3110 2196 3177 post
2218 3104 2444 3177 denarii
2471 3109 2659 3177 notam
2692 3117 2727 3157 x
2787 3105 3134 3177 sequebatur
3164 3104 3330 3175 juxta
3387 3104 3707 3177 catalogum

2066 3174 2453 3246 Liberianum,
2475 3175 2525 3229 si
2556 3174 2748 3246 minus
2763 3175 2997 3230 evidens
3028 3174 3177 3241 erat,
3193 3178 3548 3233 occasionem
3578 3174 3710 3246 prae-

1985 3254 2031 3313 C
2065 3244 2195 3317 buit
2227 3258 2444 3300 menses
2474 3260 2529 3312 x,
2556 3245 2678 3317 loco
2712 3258 2769 3299 ιιι
2795 3248 3199 3317 consignandi.
3223 3248 3465 3303 Nomina
3491 3244 3711 3303 consu-

2068 3316 2207 3380 lum,
2244 3320 2327 3370 tot
2358 3317 2415 3369 in
2439 3315 2740 3371 codicibus
2773 3315 3131 3386 praeservata,
3164 3324 3220 3373 et
3258 3319 3384 3373 dies
3409 3319 3712 3374 electionis

2067 3386 2282 3441 relatus
2298 3387 2365 3441 ad
2391 3388 2659 3456 quintum
2677 3387 2748 3441 ab
2775 3387 2937 3442 obitu
2965 3390 3305 3456 decessoris,
3333 3404 3445 3445 una
3462 3403 3592 3445 cum
3614 3390 3710 3445 die

2063 3459 2470 3532 depositionis,
2515 3459 2750 3532 perinde
2793 3465 2949 3532 certo
2990 3475 3057 3515 ex
3083 3462 3327 3515 vetustis
3349 3475 3414 3516 ac
3438 3461 3710 3532 genuinis

2064 3529 2428 3584 documentis
2460 3543 2587 3583 mox
2609 3528 2935 3595 afferendis,
2963 3544 3070 3586 non
3091 3532 3293 3587 sinunt
3312 3546 3417 3588 nos
3440 3528 3711 3588 dubitare

2063 3601 2491 3724 desinite
2513 3601 2760 3669 epochaa,
2775 3601 3025 3657 deﬁnita:
3051 3603 3107 3657 in
3130 3603 3388 3675 catalogo
3409 3603 3711 3658 Liberiano

2084 3686 2161 3725 llS
2192 3686 2380 3726 VBPDIS
2411 3690 2423 3725 ζ

2065 3779 2235 3847 Pelia),
2260 3786 2367 3834 etc.
2415 3779 2568 3832 Sedit
2590 3794 2762 3833 annos
2806 3782 3065 3849 quinque,
3109 3797 3280 3836 mens.
3309 3795 3392 3849 x1,
3435 3783 3550 3837 dies
3578 3797 3711 3839 xxv.

2136 3885 2266 3959 Dixi
2289 3885 2439 3959 diem
2461 3885 2853 3959 depositionis
2874 3891 3137 3942 constare
3159 3901 3222 3942 ex
3254 3889 3526 3959 genuinis
3541 3889 3713 3945 docu-

2068 3957 2294 4028 mentis,
2315 3957 2505 4025 iisque
2518 3958 2951 4012 vetustissimis.
2969 3960 3107 4012 Nam
3125 3960 3181 4012 in
3197 3957 3395 4028 opusc.
3413 3960 3589 4015 relato
3615 3962 3713 4015 in-

2070 4035 2154 4101 ter
2170 4027 2828 4101 Prolegomena.scripto
2855 4042 2953 4096 per
2976 4035 3196 4084 aetatem
3222 4027 3458 4097 Liberii,
3491 4032 3713 4101 deposi-

2071 4100 2256 4153 tiones
2275 4099 2467 4152 Felicis
2489 4104 2539 4151 et
2563 4098 2773 4152 Callistz
2785 4102 3201 4169 consignantur
3230 4116 3291 4156 ιιι
3324 4098 3609 4158 Kalendas
3628 4105 3714 4157 .Ia-

2069 4170 2264 4224 nuarii
2301 4189 2312 4224 :
2342 4170 2436 4241 cui
2467 4171 2872 4241 Martyrt-logia
2906 4171 3224 4241 complura,
3274 4179 3333 4228 et
3364 4174 3713 4229 Lectionarii

2070 4242 2300 4315 codices
2318 4239 2727 4315 suffragantur.
2776 4239 2857 4297 Ex
2888 4314 2892 4315 ν
2918 4242 3010 4298 his
3045 4239 3608 4315 'vero'corrigendus
3628 4253 3716 4301 est

2071 4313 2556 4368 Bibliothecarius
2586 4319 2798 4379 noster,
2848 4314 2970 4369 sive
3017 4313 3412 4382 amanuensis;
3440 4316 3542 4384 qui
3572 4316 3714 4371 vitio

2073 4387 2249 4440 unius
2281 4384 2485 4439 littera:
2537 4384 2680 4437 male
2726 4384 3035 4452 descripsit
3067 4399 3129 4439 ιιι
3173 4388 3300 4439 Kal.
3345 4390 3468 4440 Jun.
3519 4385 3601 4453 (id
3630 4391 3719 4440 est

2074 4457 2306 4510 tertium
2339 4454 2622 4509 Kalendas
2650 4456 2826 4519 Junii)
2858 4456 3007 4524 quod
3039 4462 3187 4510 recte
3214 4458 3495 4524 scriptum
3526 4455 3717 4510 fuerat

2075 4528 2134 4580 in
2162 4525 2440 4593 opusculo
2459 4527 2648 4592 quarti
2675 4525 2872 4579 saeculi
2900 4538 3074 4593 supra
3091 4526 3267 4580 relato
3292 4527 3442 4580 inter
3458 4526 3715 4596 Prolego-

318 4596 746 4685 {sa-{ausi}.
772 4596 1954 4687 ᾀὶιίῐιῖἐὲὸιὶἆιᾖὲέἒῖἐηῖὲὶιίίιήἶιθιιᾳιιίιε,

2075 4596 2678 4687 ωεηειν.,ε,ίῖ’;είο,.ζ(ξιί;-
2710 4596 3025 4687 {02-33199
3037 4606 3149 4687 est
3212 4597 3717 4687 Idumaeas:

314 4687 407 4741 vel
438 4689 658 4759 integra
687 4702 946 4757 corpora.

858 4794 1021 4849 BINII
1052 4808 1116 4848 ET
1148 4793 1409 4848 LABBEI.

392 4882 564 4950 Linea
591 4881 643 4936 9.
671 4913 742 4923 —-
769 4884 1039 4950 Martyrio
1065 4888 1373 4936 coronatur.
1405 4879 1599 4935 Tertio
1626 4880 1747 4936 Kal.
1777 4883 1961 4939 Julias

312 4966 471 5009 anno
487 4949 593 5007 275
613 4954 853 5008 Felicem
880 4949 1138 5023 martyrii
1165 4967 1426 5008 coronam
1457 4951 1723 5024 adeptum
1755 4952 1957 5024 fuisse,

318 5032 526 5093 praeter
557 5027 956 5079 auctoritatem
987 5022 1141 5078 Libri
1176 5022 1550 5094 Pontiﬁcalis,
1586 5022 1806 5078 indicat
1830 5022 1965 5094 epi-é

314 5095 468 5149 stola
493 5095 768 5163 ejusdem,
812 5109 980 5164 quam
1014 5095 1331 5163 scripsitad
1368 5093 1675 5150 Maximum
1708 5093 1962 5150 Alexan-

313 5167 553 5220 drinum
576 5166 906 5235 episcopum
932 5166 1191 5236 Dionysii
1215 5176 1618 5234 successorem,
1652 5167 1819 5235 cujus
1849 5167 1961 5221 fra-

315 5247 610 5303 gmentum
671 5237 729 5291 in
760 5237 996 5292 concilii
1038 5237 1519 5292 Chalcedonensis
1567 5238 1716 5292 actis
1754 5244 1959 5293 exstat.

312 5308 422 5363 Sed
450 5307 551 5362 illo
593 5308 649 5361 in
684 5307 1001 5378 fragmento
1035 5308 1292 5376 epistola?
1315 5309 1441 5363 dies
1465 5317 1519 5363 et
1552 5322 1740 5364 annus
1777 5310 1957 5365 deest.

319 5379 460 5433 Vide
482 5385 786 5447 sequentes
818 5379 1116 5433 Blanchini
1149 5387 1328 5434 notas.

391 5450 565 5503 Linea
588 5447 643 5503 4.
672 5480 746 5489 —
771 5452 875 5503 Hic
919 5453 1219 5503 constituit.
1262 5452 1372 5505 lloc
1403 5452 1694 5506 decretum
1727 5464 1836 5505 non
1867 5464 1963 5506 re-

314 5534 455 5576 cens
481 5534 511 5574 a
530 5520 714 5575 Felice
740 5535 878 5589 papa
900 5534 1053 5575 nunc
1075 5521 1316 5589 primum
1337 5528 1420 5574 est
1442 5522 1805 5586 institutum;
1834 5535 1960 5576 nam

320 5598 488 5661 longe
526 5599 656 5645 ante
703 5592 910 5646 Felicis
955 5599 1177 5659 tempus
1214 5593 1496 5658 ejusmodi
1532 5592 1957 5647 institutionem

317 5663 574 5717 Ecclesia
603 5662 717 5715 sibi
751 5663 1024 5727 vindicat,
1081 5668 1137 5715 et
1162 5663 1392 5730 quidem
1420 5663 1958 5717 convenientissime

316 5733 637 5788 secundum
661 5734 1014 5801 Scripturam
1038 5746 1255 5787 sacram
1287 5733 1542 5800 Apocal..
1574 5747 1698 5803 cap.
1722 5747 1822 5803 vu,
1858 5734 1958 5789 ubi

316 5803 588 5873 sepulcra
617 5808 929 5872 martyrum
976 5803 1343 5873 appellantur
1370 5804 1597 5859 altaria.

2073 4680 2191 4722 sam
2242 4666 2403 4719 dedit
2435 4666 2681 4733 posteris
2710 4664 3093 4721 transferendi
3152 4664 3479 4723 memoriam
3504 4667 3714 4723 Felicis

2072 4753 2140 4793 ex
2165 4737 2258 4792 die
2281 4749 2410 4790 vera
2430 4736 2815 4803 depositionis
2837 4734 3246 4793 30Decembris
3272 4740 3339 4794 ad
3368 4737 3437 4794 30
3465 4739 3623 4803 Maii,
3651 4745 3716 4794 ut

2072 4808 2238 4871 Beda,
2263 4806 2578 4873 Usuardus,
2609 4806 2731 4862 Ado
2762 4808 2888 4863 suis
2929 4809 2986 4862 in
3031 4810 3460 4881 Martyrologiis
3484 4810 3717 4879 praesti-

2073 4884 2286 4935 terunt.

2142 4952 2285 5006 Dum
2320 4948 2722 5020 Prolegomena
2756 4949 2930 5018 przelo
2983 4951 3387 5020 subderentur,
3425 4965 3554 5007 cum
3603 4950 3715 5006 ob-

2073 5034 2352 5079 servarem
2400 5018 2720 5093 catalogum
2770 5021 2979 5076 Felicis
3032 5024 3247 5093 quarti,
3296 5018 3382 5078 et'
3422 5021 3717 5077 Colberti—

2074 5108 2176 5148 nos
2230 5093 2377 5148 duos
2422 5090 2577 5164 (rhuet
2648 5106 2699 5143 m
2738 5105 2878 5164 pag.
2933 5093 3004 5163 c.)
3051 5090 3235 5149 annos
3289 5100 3542 5164 quatuor
3599 5107 3711 5149 nu-

2077 5177 2291 5219 merare
2324 5165 2382 5217 in
2415 5160 2621 5228 Felice,
2649 5163 2749 5230 qui
2784 5160 3109 5231 proximius
3133 5160 3467 5220 accederent
3494 5165 3563 5220 ad
3587 5178 3717 5233 spa-

2075 5238 2218 5290 tium
2233 5233 2620 5304 quinquennii
2640 5235 3013 5301 perconsules
3028 5237 3344 5290 indicatum
3360 5236 3585 5292 secluso
3600 5249 3711 5292 uno

2072 5315 2346 5369 extremo,
2367 5305 2616 5359 aliorum
2640 5318 2771 5359 vero
2791 5306 3181 5377 catalogorum
3208 5307 3510 5377 plerosque
3541 5307 3713 5361 bien—

2076 5379 2232 5432 nium
2264 5377 2603 5448 exprimere,
2647 5380 2703 5448 et
2728 5389 2759 5430 a
2791 5376 3096 5434 Liber-iano
3115 5376 3454 5448 caeterisque
3479 5378 3712 5448 longius

2072 5448 2391 5515 dissidere;
2418 5446 2475 5500 in
2495 5446 2739 5514 picturis
2760 5454 2947 5501 autem
2967 5448 3290 5505 basilicas.
3321 5446 3483 5506 Pauli
3515 5446 3712 5503 omnes

2074 5519 2296 5573 numeri
2338 5531 2468 5572 cum
2508 5517 2601 5589 hic
2631 5518 2984 5573 excidissent
3016 5538 3029 5574 :
3064 5521 3342 5589 opinabar
3372 5522 3559 5576 tutius
3588 5533 3713 5575 esse

2070 5590 2421 5645 Felicianum
2436 5587 2757 5660 cataIOgum
2773 5591 2960 5659 sequi.
2984 5587 3185 5647 Verum
3211 5605 3271 5646 re
3284 5593 3570 5648 maturius
3594 5604 3717 5660 per-

2073 5674 2263 5730 pensa,
2288 5659 2552 5714 laterculi
2587 5660 2922 5715 consulares
2955 5662 3014 5716 in
3058 5664 3244 5718 Felice
3271 5664 3537 5719 recensiti
3594 5659 3707 5716 tam

2072 5734 2128 5786 in
2165 5732 2464 5785 Liberiano
2492 5730 2769 5800 catalogo,
2817 5745 2986 5801 quam
3038 5734 3095 5787 in
3127 5736 3435 5799 Feliciano,
3472 5740 3528 5789 et
3551 5733 3704 5801 apud

2066 5800 3189 5875 Bibliothecariumcazterosquecodices,
3215 5800 3707 5872 monuerunt,$ibi

3563 295 3703 354 4438
3773 293 3781 301 ’
