4072 6176
424 324 447 380 4
459 323 562 381 439

1656 315 2013 372 ANASTASII
2039 309 2582 368 BIBLIOTHECARII

3682 304 3825 361 4440

420 444 1057 501 constareLiberiauum
1075 436 2064 510 praeomnibusantiquiorem,dum
2092 434 2147 490 A
2176 449 2293 510 gap.
2330 429 2452 489 204.
2470 433 2605 486 Nam
2624 430 2704 510 ibi
2723 427 3293 510 Donatusepismpus
3310 425 3819 510 Sitifensisidixit‘:

417 528 602 570 annos
621 529 675 578 ν,
702 529 922 570 menses
945 528 1024 581 χι,
1044 507 1170 567 dies
1190 527 1299 568 xxv
1323 511 1593 566 attribuit
1617 507 1701 580 (ex
1728 509 1820 581 die
1840 507 2068 581 scilicet

420 586 810 641 ordinationis
837 585 872 641 3
894 578 1180 652 Januarii,
1213 596 1338 653 quae
1367 592 1423 636 et
1452 578 1885 653 Dominicafuiit
1914 590 2064 631 anno

417 654 543 722 269,
584 656 825 711 Claudio
854 663 909 710 et
938 649 1175 709 Paterno
1212 649 1383 719 coss,
1434 654 1500 706 ad
1552 653 1701 707 diem
1731 649 1798 705 30
1828 652 2067 722 Decem-

421 720 545 782 bris
595 723 724 794 274,
764 725 1002 782 Aurelio
1053 726 1260 799 iterum
1323 732 1379 799 et
1446 723 1961 799 Capitolino‘conss;
1993 720 2058 799 ).;

419 799 652 853 Italicos
695 788 884 853 autem
940 796 1227 865 catalogos
1256 795 1506 864 potiores
1528 788 1576 847 ἱ).
1609 795 1671 846 d.
1705 794 1849 865 e.f.,
1874 788 2067 865 Belgi-

420 882 548 923 cum
581 885 658 935 g.,
683 875 738 923 et
764 860 1176 932 Colbertinos‘l,
1212 860 1269 921 et
1291 883 1372 931 n.,
1400 878 1616 919 necnon
1644 863 1870 919 codices
1894 860 2068 935 Ocri—

421 932 705 1006 culen'se's,
744 939 844 1008 qui
874 951 1055 992 annos
1106 951 1145 991 ιι
1194 944 1414 992 tantum
1447 935 1734 1008 exhibent,
1758 947 1825 987 ex
1855 932 2065 1008 vitiosa

422 1003 867 1078 transcriptione
886 1009 1098 1063 vetusti
1125 1008 1504 1076 descriptoris
1545 1003 2061 1078 errorisoriginem

420 1073 690 1143 traxisse,
716 1081 816 1147 qui
865 1093 1161 1134 numerum
1189 1073 1448 1148 quinarii
1492 1091 1524 1128 v
1555 1076 1811 1148 diductis
1844 1073 2065 1148 inferne

427 1150 717 1206 hastarum
735 1144 1009 1205 ductibus
1034 1151 1089 1203 in
1115 1144 1404 1203 bin’arium
1434 1161 1470 1201 ll
1493 1146 1849 1202 deformavit.
1879 1144 2065 1212 Quare

423 1221 480 1275 in
504 1221 891 1291 Chronologia
943 1220 1235 1289 pontiﬁcia
1285 1226 1339 1273 et
1369 1218 1660 1291 consulari
1696 1218 1752 1271 in
1779 1216 1892 1291 fine
1921 1217 2067 1268 Pro-

416 1291 748 1361 legomenon
769 1286 1046 1361 impressa
1060 1291 1331 1358 epocham
1350 1289 1636 1343 Liberiani
1652 1286 1895 1356 catalogi
1909 1298 2065 1361 secu-

417 1354 514 1416 tus
542 1363 610 1417 ad
646 1354 897 1418 eamdem
930 1354 1129 1417 censui
1160 1360 1551 1416 reformandos
1580 1366 1811 1413 caeteros
1843 1354 2064 1410 catalo-

417 1445 537 1503 gos,
570 1439 626 1488 et
654 1434 901 1502 codices,
926 1441 989 1487 ut
1026 1432 1329 1488 consulum
1375 1431 1624 1485 rationes
1648 1430 2059 1485 demonstrant.

993 1552 1144 1593 NOTAE
1183 1550 1502 1594 liISTORlCiE.

490 1648 661 1703 Linea
707 1643 760 1702 4.
787 1677 860 1686 -
889 1648 1184 1701 Constituit
1240 1660 1404 1713 super
1464 1642 1713 1711 sepulcra
1760 1644 2064 1713 martyrum

414 1720 612 1773 missas
632 1718 913 1773 celebrari.
949 1716 1065 1772 Hoc
1098 1709 1450 1780 institutum,
1483 1709 1723 1782 ejusque
1752 1723 1955 1765 causas
2000 1709 2065 1763 il-

417 1789 622 1844 lustrat
656 1788 922 1858 pluribus
974 1789 1327 1842 testimoniis
1370 1793 1697 1839 sanctorum
1754 1784 1986 1858 Patr_um_
2008 1786 2062 1834 et

415 1851 763 1929 scriptorum
795 1859 916 1915 illis
943 1858 1274 1929 aaqualium,
1322 1869 1537 1929 necnon
1559 1854 1849 1929 exemplis_
1864 1851 2061 1929 Eccle-

415 1932 515 1986 sia:
540 1924 830 1991 Romanae.
852 1924 1214 1998 aliarumque
1229 1928 1402 1998 (card.
1432 1928 1578 1981 Bona
1594 1929 1798 1998 Rerum
1818 1924 2056 1998 Liturg..

416 2002 523 2057 lib.
558 2017 595 2067 ι,
628 2016 752 2071 cap.
786 2001 870 2064 46,
898 2014 1052 2056 ιιιιιη.
1075 1994 1147 2067 5)“.
1175 1994 1257 2054 Ad
1282 1995 1800 2071 institutumquod
1830 1994 2060 2071 attinet,

415 2087 483 2128 ex
510 2064 820 2129 Prudentio
862 2064 1135 2126 memorat
1165 2072 1218 2124 id
1248 2069 1607 2124 observatum
1634 2064 1693 2120 in
1723 2065 1985 2133 sepulcro
2001 2064 2060 2116 S.

416 2145 709 2213 Hippolyti
744 2143 1031 2211 martyris,
1078 2141 1471 2213 ejusrscilicet
1510 2140 1609 2208 qui
1646 2150 1849 2207 passus
1877 2134 2064 2190 fuerat

416 2212 545 2273 cum
568 2212 637 2269 B.’
664 2216 972 2269 Laurentio
1003 2212 1110 2269 sub
1143 2212 1464 2267 Valeriano.

481 2301 575 2351 Illa
607 2302 912 2349 sacramenti
941 2301 1170 2348 donatrix
1194 2313 1391 2358 mensa,
1426 2298 1710 2360 eademque

541 2363 747 2433 Custos
768 2363 867 2433 fida
900 2364 979 2433 sui
1006 2363 1249 2433 martyris.
1264 2361 1511 2433 apposita,

479 2426 659 2475 Servat
688 2426 751 2473 ad
770 2425 944 2473 aeterni
971 2438 1116 2485 spem
1138 2422 1332 2483 judicis
1353 2436 1471 2470 ossa
1490 2422 1749 2481 sepulcro,

552 2489 727 2537 Pascit
764 2487 888 2535 item
919 2484 1109 2534 sanctis
1143 2486 1430 2533 Tibricolas
1459 2484 1674 2546 dapibus
1708 2499 1719 2531 :

425 2576 482 2624 et
513 2583 581 2624 ex
608 2570 668 2622 Β.
700 2568 944 2623 Paulino
995 2567 1052 2620 in
1081 2566 1256 2621 natali
1288 2564 1323 2620 9
1350 2566 1403 2621 S.
1448 2566 1656 2620 Felicis
1687 2566 1834 2620 idem
1866 2577 2065 2619 serva-

428 2645 551 2695 tum
579 2640 746 2693 docet
777 2640 836 2693 in
863 2636 1221 2692 confessione
1250 2639 1341 2691 SS.
1367 2636 1784 2705 apostolorum.

482 2728 727 2789 Spectant
760 2727 829 2789 de
865 2725 1067 2789 superis
1105 2723 1278 2771 altaria
1305 2726 1411 2771 tota
1440 2724 1691 2783 fenestris,

482 2786 592 2837 Siib
615 2788 801 2850 quibus
819 2787 957 2833 intus
974 2786 1163 2850 habent
1185 2790 1477 2850 sanctorum
1504 2799 1721 2850 corpora
1745 2786 1936 2833 sedem.

481 2847 715 2911 Namque
740 2852 790 2896 et
818 2848 1086 2911 apostolici
1119 2848 1318 2911 cineres
1341 2847 1438 2911 sub
1473 2847 1650 2911 caelite
1672 2860 1845 2894 menss

477 2908 711 2972 Depositi
738 2908 994 2972 placidum
1030 2908 1234 2957 Christo
1270 2909 1516 2972 spirantis
1543 2910 1755 2957 odorem

482 2971 718 3023 Pulveris
742 2971 879 3020 inter
903 2974 1079 3019 sancta
1105 2972 1235 3018 sacri
1266 2971 1510 3019 libamina
1537 2972 1772 3019 reddunt.

488 3055 674 3124 Quare
714 3060 771 3108 et
820 3066 887 3107 ex
917 3051 1563 3124 Ambrosiohbasilicam
1616 3053 2061 3124 Romanonmore

2175 498 2357 572 supra
2372 518 2566 571 corpus
2598 502 2835 570 episcopi
2854 499 3108 572 catholici
3123 499 3499 566 presbyterum
3516 498 3817 572 ordinavit,

2175 579 2225 627 et
2252 568 2385 628 _Deo
2431 568 2639 627 volente
2694 571 3047 625 ordinabitur
3093 572 3206 622 illic
3261 573 3560 638 episc0pus.
3593 588 3618 616 υ
3674 568 3819 637 Hart,

2179 644 2258 699 ibi
2282 643 2494 713 profert
2510 643 2885 699 doctissimus
2906 640 3263 713 cardinalis:
3296 641 3512 710 quibus
3528 639 3667 713 addi
3696 652 3823 707 pos-

2176 711 2432 770 setvetus
2450 711 3447 779 ijlaconsuetudoAlexandrinorum
3465 712 3821 764 antistitum.

2175 799 2341 854 quam
2373 800 2441 840 ex
2476 786 2736 840 Liberato
2771 786 2827 838 in
2860 782 3159 838 Breviculo
3190 798 3314 851 cap.
3346 781 3416 837 20
3451 783 3657 854 recitat
3682 781 3823 839 Tho-

2177 853 2465 912 massinus
2490 857 2702 910 veteris
2728 856 3146 921 etnovaaDiscij
3176 854 3373 922 I,part.
3402 868 3440 918 ι,
3461 853 3563 908 lib.
3596 866 3659 920 ii,
3693 866 3819 920 cap.

2172 925 2263 994 Eii,
2289 942 2445 982 num.
2477 925 2532 982 2.
2568 946 2594 976 (ι
2629 929 2837 994 Nempe
2865 932 2927 980 ut
2954 925 3068 993 his,
3092 928 3191 995 qui
3222 926 3489 995 episcopo
3518 925 3821 977 demortuo

2175 1013 2554 1054 successurus
2581 1004 2724 1061 erat,
2748 1010 2921 1065 super
2939 998 3073 1064 ejus-
3090 994 3301 1064 corpus
3325 994 3601 1050 excubias
3635 996 3820 1048 noctis

2174 1078 2385 1139 ageret,
2437 1071 2723 1125 dexteram
2756 1068 3045 1123 demortui
3095 1080 3199 1122 suo
3254 1066 3583 1139 imponeret
3615 1065 3817 1139 capiti.

2172 1136 2636 1208 eoque'demuin
2690 1146 2855 1194 terra:
2903 1140 3165 1193 mandato
3219 1138 3400 1193 Pallio
3440 1137 3591 1191 beati
3645 1136 3816 1188 Marci

2178 1212 2505 1279 induretur,
2560 1218 2734 1279 atque
2792 1211 2871 1265 ita
2938 1210 3346 1264 conscenderet
3408 1209 3466 1262 in
3546 1209 3814 1261 thronum

2175 1284 2373 1337 Marci.
2410 1282 2749 1337 Consuetudo
2771 1287 2848 1335 est
2877 1281 3259 1339 Alexandriae,
3282 1281 3457 1344 illum,
3485 1282 3585 1347 qui
3609 1279 3820 1343 defun—

2174 1360 2255 1405 cto
2280 1355 2534 1418 succedit,
2584 1354 2841 1407 emcubias
2888 1368 3051 1420 super
3098 1352 3347 1417 defuncti
3391 1365 3611 1419 corpore
3639 1364 3814 1414 agere,

2173 1440 2500 1493 manumque
2552 1425 2831 1477 dexteram
2876 1424 2993 1491 ejus
3058 1438 3155 1475 suo
3210 1424 3383 1489 capiti
3424 1424 3720 1493 imponere,
3772 1426 3819 1471 et

2174 1492 2423 1562 sepulto;
2452 1496 2707 1548 manibus
2750 1497 2866 1547 suis
2898 1496 3139 1562 accipere
3164 1494 3296 1547 collo
3335 1508 3432 1546 suo
3473 1493 3615 1545 beati
3649 1492 3821 1542 Mai-ci

2166 1567 2421 1634 pallium,
2456 1571 2507 1619 et
2557 1571 2685 1618 tunc
2731 1566 2965 1632 legitime
3021 1565 3221 1618 sedere.
3260 1582 3285 1613 υ
3314 1564 3474 1618 Licet
3517 1569 3707 1617 autem
3761 1562 3815 1634 in

2175 1632 2427 1691 Romana
2458 1636 2712 1691 Ecclesia
2745 1650 2855 1691 non
2885 1635 3137 1705 viguerit
3188 1649 3310 1689 mos
3342 1635 3451 1689 iste
3482 1632 3813 1705 imponendi

2175 1708 2348 1776 capiti
2400 1707 2690 1776 pontificis
2721 1704 3071 1762 successoris
3106 1720 3332 1761 manum
3363 1704 3690 1776 decessoris
3716 1704 3817 1756 de-

2174 1772 2450 1845 mortui‘;
2500 1783 2748 1832 attamen
2793 1778 3190 1832 ordinationes
3245 1777 3584 1845 plerumque
3640 1772 3816 1827 factas

2172 1847 2353 1903 fuisse
2379 1856 2605 1903 constat
2630 1862 2802 1918 prope
2823 1863 3031 1916 corpus
3058 1847 3208 1904 beati
3234 1848 3406 1911 Petri,
3436 1854 3503 1901 ut
3521 1860 3592 1900 ex
3616 1846 3814 1918 Leonis

2172 1920 2358 1989 Magni
2381 1915 2749 1975 sermonibus
2767 1915 3086 1989 colligitur,
3120 1918 3493 1974 convocantis
3514 1918 3630 1989 die
3655 1915 3814 1989 ordi-

2175 1986 2430 2045 nationis
2462 1990 2736 2059 populum
2762 1998 2818 2045 et
2841 1986 3057 2045 cle'rum
3087 1994 3156 2045 ad
3180 1989 3414 2060 vigilias
3444 1986 3814 2060 celebrandas

2170 2061 2237 2114 ad
2270 2058 2494 2116 beatum
2541 2058 2797 2116 Petrum.
2830 2060 2987 2116 Unde
3029 2068 3210 2117 ortam
3239 2058 3492 2115 dicimus
3520 2058 3813 2125 suspicio-

2173 2145 2296 2185 nem
2322 2133 2588 2187 translati
2613 2133 2872 2201 corporis
2900 2133 3153 2200 ejusdem
3177 2131 3422 2200 apostoli
3445 2144 3515 2185 ex
3548 2131 3814 2201 vaticano

2172 2204 2240 2257 ad
2274 2203 2663 2269 Catacumbas,
2689 2204 2918 2272 quando
2940 2203 3100 2258 locus
3126 2203 3405 2267 Vaticani,
3427 2203 3497 2256 ad
3520 2200 3810 2255 collectam

2173 2275 2500 2329 destinatus
2516 2276 2665 2342 apud
2691 2275 2913 2328 cineres
2927 2273 3075 2329 beati
3108 2273 3278 2340 Petri,
3307 2274 3363 2327 in
3390 2272 3812 2342 persecutione.

2172 2345 2328 2398 Decii
2351 2353 2408 2399 et
2438 2340 2724 2400 Valeriani
2748 2344 2965 2399 clerum
2994 2345 3291 2414 potissime
3314 2340 3671 2412 impetentis,
3701 2340 3816 2395 red-

2173 2416 2335 2470 diluS
2354 2417 2468 2485 jam
2505 2416 2682 2470 nimis
2706 2415 2955 2471 celebris
2985 2415 3298 2486 exponebat
3327 2414 3590 2483 periculo
3618 2425 3810 2486 perse—_

2173 2482 2434 2541 culorum
2464 2486 2707 2545 clericos
2733 2496 2788 2542 et
2817 2482 3179 2542 Christianos
3224 2482 3365 2541 illuc
3388 2498 3725 2540 accessuros
3746 2482 3807 2535 ad

2173 2558 2614 2612 ordinationem.
2672 2558 2968 2613 Remissus
2994 2558 3201 2612 deinde
3230 2563 3429 2626 agente
3480 2561 3687 2610 contra
3718 2567 3810 2606 nos

2172 2627 2454 2697 Gallieno,
2503 2630 2781 2697 reportari
2824 2642 2931 2684 non
2963 2628 3269 2683 difﬁculter
3319 2627 3507 2696 potuit
3534 2629 3597 2680 in
3632 2627 3808 2680 locum

2176 2700 2485 2767 pristinum
2517 2714 2728 2769 corpus
2753 2701 3022 2767 apostoli.
3066 2700 3261 2769 ibique
3291 2699 3571 2754 celebrari
3608 2704 3811 2769 potue-

2175 2779 2309 2824 runt
2328 2771 2397 2825 de
2422 2784 2575 2826 more
2593 2768 3005 2828 ordinationes.
3025 2768 3188 2839 juxta
3208 2772 3425 2825 rituum
3445 2768 3807 2837 superiorum

2171 2843 2556 2895 constantiam
2612 2842 2882 2897 habendm
2933 2848 2994 2895 ut
3049 2842 3361 2910 plurimum
3417 2840 3573 2908 apud
3602 2853 3809 2906 corpus

2175 2913 2459 2981 principis
2503 2912 2913 2981 apostolorum,
2943 2926 3011 2966 ex
3046 2927 3160 2981 quo
3213 2910 3717 2967 transmittebatur
3743 2910 3805 2961 ad

2172 2997 2530 3038 successores
2563 2984 2923 3051 potestasilli
2956 2983 3476 3038 unitatisEcclesia:
3505 2982 3811 3035 continen-

2168 3054 2276 3119 dze,
2305 3062 2359 3108 et
2379 3054 2880 3123 conciliandamuti
2901 3055 3014 3123 jam
3029 3054 3418 3122 eXplicuimus
3441 3055 3501 3106 in
3520 3052 3806 3123 Dionysio.

416 3122 676 3182 dedicari
710 3138 805 3193 per
828 3129 1139 3194 martyrum
1163 3122 1443 3191 reliquias
1462 3123 1626 3177 docet
1644 3122 1812 3177 altari
1848 3122 2055 3177 illatas.
2087 3133 2134 3194 ο
2241 3125 2413 3179 Linea
2439 3124 2492 3190 6,
2523 3122 2577 3179 7.
2600 3154 2674 3164 ——
2693 3128 2790 3179 Hic
2812 3122 2944 3191 fecit
2970 3126 3250 3179 basilicam
3277 3127 3369 3178 via
3390 3125 3624 3194 Aurelia
3648 3122 3743 3194 ubi
3765 3127 3809 3173 et

487 3197 645 3266 Quod
693 3191 825 3250 vero
847 3191 1098 3266 refertur
1122 3194 1191 3249 ad
1224 3207 1447 3258 causas,
1507 3194 1651 3248 hanc
1704 3209 1816 3262 prae
1838 3194 2060 3248 caeteris

422 3265 694 3337 producit
716 3280 781 3321 ex
802 3336 807 3337 ί
828 3265 959 3337 fidei
987 3265 1250 3337 dogmate
1282 3278 1396 3334 quo
1436 3272 1764 3337 sanctorum
1795 3278 2053 3319 commu-

420 3334 646 3393 nionem
683 3338 739 3391 in
788 3335 1053 3406 Symbolo
1084 3334 1432 3403 profitemur.
1462 3355 1488 3386 α
1517 3336 1940 3406 Antiquissima
1966 3342 2061 3389 ta-

419 3423 543 3463 men
566 3407 707 3477 (ait),
737 3415 789 3462 et
811 3405 1025 3476 ubique
1046 3413 1269 3473 recepta
1294 3408 1647 3461 consuetudo
1674 3405 1801 3475 fert,
1833 3414 1896 3461 ut
1920 3420 2061 3460 mar-

418 3476 603 3550 tyrum
625 3478 959 3550 reliquimin
983 3476 1254 3550 altarium
1289 3477 1717 3550 consecratione
1732 3480 1803 3550 ad
1818 3478 2061 3550 hibean-

418 3546 534 3618 tur,
550 3546 792 3620 quorum
816 3549 1040 3620 animas
1053 3546 1159 3601 sub
1172 3547 1341 3620 altari
1360 3548 1457 3601 Dei
1472 3548 1714 3602 Joannes
1730 3548 1786 3602 in
1806 3548 1968 3602 ccelis
1984 3550 2063 3601 vi-

416 3623 505 3677 dit
534 3618 657 3690 cap.
689 3633 745 3673 v1
777 3618 1313 3690 Apocalypsisqﬂtec
1331 3627 1519 3673 autem
1554 3626 1861 3688 martyrum
1890 3632 2061 3673 vene—

419 3694 568 3748 ratio
609 3689 682 3747 ex
735 3704 800 3745 eo
847 3691 1112 3760 dogmate
1167 3689 1296 3743 fidei
1361 3700 1484 3744 orta
1542 3696 1648 3753 est,
1688 3704 1802 3759 quo
1829 3695 2064 3744 sancto-

420 3776 545 3819 rum
588 3762 1047 3818 communionem
1102 3761 1392 3814 credimus
1440 3766 1497 3815 et
1538 3760 1799 3815 fatemur.
1843 3762 2064 3815 Fideles

417 3835 628 3890 etenim
668 3839 728 3889 ut
765 3834 869 3886 hoc
906 3830 1054 3885 facto
1108 3830 1528 3897 profiterentur,
1588 3833 1642 3885 in
1686 3832 1761 3885 iis
1808 3832 1950 3887 locis
1992 3831 2061 3885 ad

418 3907 757 3964 orationem,
789 3909 846 3955 et
868 3902 936 3955 ad
965 3901 1163 3954 divina
1195 3905 1460 3970 mysteria
1496 3903 1888 3971 participanda
1921 3917 2066 3957 con-

416 3974 738 4035 veniebant,
768 3974 825 4026 in
844 3971 1057 4041 quibus
1072 3978 1398 4028 sanctorum
1420 3973 1639 4041 lipsana
1670 3978 1851 4042 posita
1881 3981 2062 4041 erant,

425 4053 486 4100 ut
509 4058 572 4099 ea
618 4044 858 4105 ratione,
903 4056 1071 4111 quam
1114 4048 1299 4097 status
1335 4044 1735 4099 defunctorum
1763 4047 2062 4113 permittit,

419 4129 547 4169 cum
579 4114 702 4168 illis
728 4113 1235 4184 communicarent.
1270 4116 1370 4167 Per
1402 4114 1502 4168 illa
1533 4116 1819 4183 siquidem
1850 4130 2064 4184 reprae-

420 4192 677 4239 sentatur
702 4184 951 4237 Ecclesia
983 4183 1342 4251 triumphans
1375 4204 1391 4238 :
1422 4199 1547 4253 quae
1564 4186 1650 4240 sic
1676 4187 1871 4254 aliquo
1903 4183 2064 4242 modo

421 4268 550 4309 cum
568 4254 1267 4321 militantecommunicat,
1288 4256 1642 4311 etsacrilicio
1658 4264 1851 4311 nostro
1876 4258 2061 4311 inter-

421 4332 526 4382 est.
584 4326 722 4379 Nam
785 4325 921 4379 licet
980 4325 1102 4392 ipsa
1153 4324 1396 4393 lipsana,
1447 4333 1503 4380 et
1556 4340 1683 4382 ossa
1732 4334 2059 4383 sanctorum

420 4397 653 4452 absente
697 4395 888 4450 anima
924 4408 1095 4449 sensu
1123 4402 1372 4461 careant,
1414 4404 1727 4466 respectum
1758 4398 2061 4453 nihilomi—

423 4482 535 4524 nus
575 4469 780 4523 dicunt
826 4467 893 4521 ad
938 4466 1212 4532 animam,
1265 4480 1390 4535 qua)
1424 4468 1479 4520 in
1513 4467 1675 4523 caelis
1701 4477 1805 4537 est,
1833 4475 1889 4522 et
1916 4474 2060 4537 ipsis

2169 3197 2411 3263 sepultus
2425 3201 2504 3249 est
2520 3197 2784 3249 milliaria
2800 3196 3031 3250 secundo
3052 3197 3121 3248 ab
3134 3196 3262 3249 urbe
3283 3200 3469 3251 Ruina.
3502 3193 3805 3248 Ecclesiam

2169 3272 2226 3320 et
2249 3267 2635 3321 cmmeterium
2666 3269 2720 3320 S.
2758 3267 2964 3321 Felicis
2995 3266 3237 3322 solerter
3261 3280 3322 3320 se
3354 3263 3803 3334 indagasseased

2172 3338 2348 3391 nimis
2381 3338 2638 3405 proximo
2668 3338 2737 3393 ad
2772 3337 2972 3392 Urbem
3016 3338 3160 3407 loco,
3204 3350 3400 3406 nempe
3442 3338 3513 3389 ad
3560 3333 3802 3407 titulum

2169 3408 2224 3461 S.
2272 3404 2555 3463 Paneratii
2614 3409 2862 3464 dimidio
2912 3404 3157 3464 tantum
3189 3404 3465 3462 milliario
3518 3405 3592 3459 ab
3643 3404 3801 3458 Urbis

2173 3484 2333 3547 porta
2362 3479 2635 3534 dissitum
2690 3479 2905 3534 frustra
2934 3480 3229 3550 quaesisse,
3260 3493 3327 3533 ex
3361 3479 3436 3532 iis
3480 3490 3629 3545 quos
3654 3489 3808 3550 com-7

2175 3544 2446 3605 memorat
2469 3550 2914 3605 Schelestratius
2937 3544 3016 3620 (in
3053 3550 3203 3605 notis
3220 3544 3289 3603 ad
3317 3550 3469 3602 hunc
3494 3544 3805 3609 numerum}

2172 3627 2532 3688 scripserunt
2598 3621 2806 3675 Bosius
2846 3635 2911 3675 ac
2959 3623 3290 3676 Severanus.
3366 3619 3532 3673 modo
3594 3630 3804 3688 cogno—

2175 3686 2361 3761 scitur
2388 3705 2454 3746 ex
2482 3692 2760 3761 opusculo
2789 3691 2904 3745 XVI
2931 3691 3106 3746 dictis
3135 3692 3191 3745 in
3228 3689 3673 3761 Prolegomenis,
3703 3686 3801 3761 col.

2175 3759 2282 3817 375
2345 3772 2400 3816 et
2451 3759 2632 3832 seqq.,
2693 3762 2922 3817 collatis
2981 3776 3111 3817 cum
3169 3764 3287 3816 situ
3346 3760 3664 3832 cuameterii

2182 3833 2433 3887 Processi
2465 3830 2911 3898 et'Mai-tiniani,
2956 3847 3138 3902 nuper
3181 3832 3388 3887 detecti
3416 3845 3449 3884 a
3483 3830 3648 3902 ρων.
3680 3832 3802 3882 Can.

2178 3903 2430 3959 Boldetto
2461 3905 2553 3958 via
2593 3904 2844 3968 Aurelia,
2876 3901 3056 3959 altero
3079 3903 3150 3957 ab
3172 3903 3315 3958 Urbe
3340 3902 3531 3970 lapide
3563 3901 3624 3955 in
3656 3903 3805 3954 vinea

2182 3975 2291 4027 itit.
2339 3977 2436 4029 PP.
2496 3975 2778 4030 Doctrina:
2825 3975 3184 4034 Christianae,
3233 3987 3343 4028 non
3397 3973 3805 4039 longeavinea

2180 4045 2479 4100 illustriss.
2516 4046 3013 4115 praesulislllaphei
3043 4046 3306 4109 Farsetti,
3326 4043 3557 4113 patricii
3588 4043 3804 4115 Veneti:

2175 4118 2342 4185 cujus
2358 4112 2742 4172 coemeterium
2763 4112 2959 4172 aditus
2983 4118 3127 4171 alter
3143 4112 3403 4184 aperitur
3427 4116 3495 4168 ad
3521 4112 3806 4168 suburba-

2178 4184 2310 4242 num
2339 4190 2389 4241 S.
2453 4189 2536 4242 Pii
2568 4189 2787 4257 quinti,
2821 4190 2992 4259 vulgo
3018 4189 3237 4243 dictum
3272 4185 3615 4259 IlCasaletto
3644 4184 3806 4259 dific

2174 4262 2383 4326 quinto.
2416 4260 2560 4313 Huic
2585 4252 2738 4313 enim
2765 4252 3056 4313 distantias
3099 4258 3400 4325 respondet
3428 4257 3691 4324 proxima
3717 4252 3805 4307 illa

2172 4329 2433 4395 ecclesia,
2469 4332 2947 4395 ett-mmeterium,
2966 4329 3310 4399 insignitum
3330 4328 3563 4399 nomine
3590 4326 3806 4399 utrius-

2172 4415 2282 4469 que
2328 4394 2550 4465 Felicis,
2607 4410 2660 4454 et
2690 4401 3003 4455 indicatum
3052 4394 3150 4469 pér
3198 4399 3299 4453 illa
3330 4398 3496 4451 verba
3537 4415 3605 4469 :a
3635 4398 3694 4450 lu
3723 4394 3806 4469 al—

2173 4467 2290 4527 tera
2320 4471 2580 4526 ecclesia.
2610 4472 2913 4526 Processus
2939 4479 2995 4526 et
3036 4467 3439 4538 Martinianus,
3472 4476 3530 4522 et
3560 4468 3616 4521 in
3651 4467 3804 4521 tertia

422 4540 573 4594 inest
591 4551 780 4594 semen
803 4538 1084 4608 quoddam
1116 4540 1559 4593 resurrectionis
1578 4547 1633 4593 et
1652 4542 2055 4595 aeternitatis.»
2089 4537 2145 4598 D
2170 4543 2385 4597 Felices
2413 4543 2545 4597 duo.
2585 4560 2610 4590 ι)
2660 4544 2738 4596 De
2768 4544 2994 4597 invento
3033 4555 3217 4609 nuper
3265 4537 3434 4602 loco,
3460 4547 3514 4592 et
3549 4544 3808 4592 cosmeta-

418 4611 605 4679 Quare
632 4616 689 4681 et
708 4610 1088 4679 Hieronymus
1117 4608 1197 4663 ibi
1230 4610 1502 4681 adversus
1534 4611 1931 4680 Vigilantium,
1957 4614 2057 4681 qui

419 4695 598 4737 ausus
628 4680 817 4735 fuerat
859 4688 1165 4749 martyrum
1196 4680 1414 4735 cultum
1456 4682 1791 4740 convellere.
1825 4680 2057 4750 impiam

419 4753 546 4821 ejus
566 4752 884 4805 illationem
912 4753 990 4806 ita
1018 4750 1257 4821 sugillat
1289 4770 1301 4805 :
1329 4772 1355 4801 α
1380 4753 1522 4806 Male
1536 4765 1669 4823 ergo
1693 4751 1828 4807 facit
1852 4754 2062 4808 Roma-

422 4837 531 4878 nus
548 4823 874 4890 episcopus.
893 4825 992 4889 qui
1018 4836 1189 4891 super
1211 4829 1562 4878 mortuorum
1587 4825 1881 4879 hominum
1912 4825 2059 4880 Petri

418 4902 477 4949 et
504 4893 664 4948 Pauli
693 4893 1005 4948 secundum
1038 4907 1141 4948 nos
1171 4895 1508 4948 veneranda.
1544 4896 1857 4949 secundum
1888 4904 1940 4951 te
1970 4898 2065 4951 vi—

420 4965 527 5020 lem
557 4964 939 5033 pulvisculum
963 4963 1128 5020 offert
1145 4965 1387 5019 Domino
1408 4965 1712 5030 sacrificia,
1735 4975 1789 5020 et
1811 4968 2066 5022 tumulos

416 5048 450 5091 e
466 5048 615 5091 irum
634 5034 1179 5107 Christiarbitratu‘r
1199 5036 1426 5090 altaria.
1448 5054 1484 5107 ί»
1506 5038 1614 5089 Nec
1643 5039 1836 5093 minus
1854 5051 2066 5107 oppor-

423 5121 560 5162 tune
581 5106 782 5160 subdit
808 5107 878 5161 ad
904 5105 1381 5175 comprobandum
1408 5106 1637 5161 allatam
1666 5105 2066 5173 causam—alias

420 5178 866 5241 observationes,
917 5178 994 5231 ita
1022 5176 1280 5231 scribens
1323 5177 1379 5230 in
1410 5177 1522 5232 fine
1549 5179 1803 5247 ejusdem
1832 5182 2058 5246 capitis.

494 5269 520 5299 «
568 5249 680 5303 Hac
722 5248 894 5303 etiam
944 5248 1014 5301 de
1065 5261 1237 5301 causa
1295 5249 1505 5301 veteris
1554 5250 1821 5304 Ecclesia:
1875 5252 2064 5306 Patres

419 5320 722 5388 episcopos
746 5319 1097 5375 orthodoxos
1143 5318 1251 5372 sub
1275 5318 1442 5372 altari
1474 5320 1718 5388 sepelire
1746 5334 2064 5376 consueve-

423 5396 576 5453 runt,
603 5395 665 5443 ut
685 5404 814 5445 cum
844 5391 991 5457 ipsis
1010 5388 1291 5444 sacrificia
1317 5396 1375 5444 et
1399 5391 1796 5445 ordinationes
1826 5392 2057 5447 tierent:

422 5462 523 5529 qui
554 5460 621 5513 ad
651 5462 999 5533 servandam
1035 5459 1164 5533 ﬁdei
1209 5460 1506 5528 unitatem,
1554 5468 1607 5515 et
1637 5462 1705 5515 ad
1752 5463 2060 5533 legitimam

422 5532 840 5585 successionem
886 5532 1272 5597 indicandam,
1318 5533 1774 5593 communionem
1816 5532 2064 5588 Viventis

421 5601 709 5680 episcopi_
751 5616 878 5680 cum
915 5611 1296 5680 .antecessore
1351 5601 1623 5680 defuncto
1688 5606 2058 5680 necessariam

420 5670 868 5749 existiinabant._
898 5674 1146 5749 Apparet
1200 5673 1381 5749 hujus
1428 5674 1954 5749 morisvestigium
2001 5676 2059 5729 in

420 5742 730 5798 collatione
761 5742 1177 5798 catholicorum
1205 5757 1333 5798 cum
1351 5744 1668 5799 Donatistis
1693 5742 1883 5801 habita
1919 5749 2063 5800 Car—

424 5812 659 5884 thagine
729 5817 981 5881 tempore
1026 5814 1345 5870 Innocentii
1404 5816 1449 5883 Ι,
1505 5816 1805 5882 cognitione
1851 5833 2053 5885 prima,

2173 4614 2259 4668 rio
2279 4616 2370 4667 SS.
2399 4614 2651 4668 Processi
2679 4620 2733 4667 et
2759 4613 3114 4679 Martiniani,
3138 4614 3316 4666 altero
3336 4610 3407 4663 ab
3432 4609 3581 4664 Urbe
3606 4609 3806 4678 lapide,

2172 4686 2301 4739 vide
2331 4685 2620 4739 laudatum
2669 4684 2985 4739 Boldettum
3016 4685 3086 4738 de
3127 4685 3250 4736 Sac.
3304 4681 3559 4745 Ctemet.,
3618 4681 3725 4736 lib.
3754 4692 3804 4740 ιι,

2171 4770 2293 4824 cap.
2332 4755 2415 4821 48,
2446 4768 2570 4826 pag.
2601 4752 2726 4810 539.

2834 4824 3152 4880 CIACONII.

2246 4898 2417 4952 Linea
2459 4893 2512 4950 4.
2536 4898 2732 4949 -Ηίο
2770 4899 3051 4951 constituit
3103 4912 3275 4965 supra
3309 4894 3565 4962 sepulcra
3602 4897 3811 4959 marty—

2172 4985 2297 5022 rum
2323 4972 2520 5021 missus
2544 4969 2825 5020 celebrari.
2851 4967 3143 5035 Ejusmodi
3180 4966 3630 5027 institutionem,
3654 4966 3813 5034 longe

2174 5047 2304 5094 ante
2330 5039 2538 5093 Felicis
2582 5052 2735 5107 papas
2778 5045 3031 5100 tempora
3062 5037 3313 5093 Ecclesia
3361 5035 3477 5090 sibi
3513 5037 3811 5100 vindicat;

2174 5112 2349 5180 idque
2395 5108 2722 5164 testimonio
2774 5110 2944 5163 etiam
2997 5108 3211 5163 divinte
3272 5109 3608 5180 Scriptura}.
3682 5109 3807 5180 Nam

2176 5178 2344 5235 habet
2395 5180 2540 5234 liber
2567 5179 2940 5249 Apocalypsis
2969 5192 3089 5248 cap.
3123 5192 3173 5233 vr
3207 5199 3222 5233 :
3250 5179 3382 5233 Vidi
3424 5179 3618 5231 subtus
3642 5178 3812 5230 altare

2179 5255 2271 5306 Dei
2316 5254 2530 5304 animas
2572 5254 2979 5317 interfectomm
3040 5258 3264 5318 prapter
3318 5250 3558 5302 Verbum
3607 5253 3722 5307 Dei,
3767 5252 3809 5300 et

2170 5329 2393 5391 propter
2448 5324 2814 5375 testimonium
2884 5322 3032 5389 quod
3104 5321 3393 5383 habebant,
3455 5329 3591 5383 etc.,
3669 5322 3812 5391 clare

2171 5389 2523 5467 demonstrat
2551 5392 2759 5467 altaria
2796 5391 2976 5467 fuisse
3019 5392 3281 5460 sepulcra
3331 5399 3675 5467 martyrum.
3708 5389 3808 5467 Qui

2173 5465 2404 5534 quidem
2452 5478 2591 5534 mos;
2634 5462 3010 5530 perseveravit
3063 5476 3285 5531 semper
3339 5463 3397 5515 in
3429 5462 3725 5525 Ecclesia;
3758 5462 3807 5513 in

2172 5532 2351 5604 eoque
2394 5541 2506 5589 tam
2564 5532 2769 5599 Graeci,
2829 5535 3235 5604 quaquatini
3265 5535 3629 5601 interpretes,
3660 5543 3810 5601 seque

2172 5606 2543 5660 consentiunt
2567 5624 2582 5658 :
2614 5605 2944 5673 pariterque
2962 5603 3274 5670 afﬁrmant,
3295 5604 3623 5673 sepulcrum
3660 5616 3809 5656 mar-

2173 5682 2359 5745 tyrum
2395 5676 2575 5730 fuisse
2598 5671 2800 5738 altare,
2837 5671 2902 5728 ac
2944 5688 3116 5743 super
3152 5675 3296 5729 illud
3344 5671 3537 5728 offerri
3568 5686 3815 5729 consue-

2169 5751 2320 5801 visse
2358 5745 2665 5801 sacrificia.
2713 5746 2868 5800 Felix
2912 5758 3046 5814 ergo
3091 5747 3197 5801 hoc
3225 5747 3515 5799 decretum
3562 5757 3676 5798 non
3707 5752 3810 5798 tam

2168 5818 2446 5873 statuisse
2473 5817 2714 5887 primus,
2758 5829 2929 5886 quam
2978 5816 3304 5887 antiquum,
3336 5827 3639 5870 renovasse
3663 5817 3816 5870 visus
