  <div class='ocr_page' id='page_1' title='image "/cluster/home/n/w/nwhite01/storage/ocr_20150623/127/hvd.32044054759881/726.png"; bbox 0 0 4040 6184; ppageno 0'>
   <div class='ocr_carea' id='block_1_1' title="bbox 292 306 418 367">
    <p class='ocr_par' dir='ltr' id='par_1_1' title="bbox 292 306 418 367">
     <span class='ocr_line' id='line_1_1' title="bbox 292 306 418 367; baseline -0.04 0"><span class='ocrx_word' id='word_1_1' title='bbox 292 306 418 367; x_wconf 79' lang='grc'><strong>4444</strong></span> 
     </span>
    </p>
   </div>
   <div class='ocr_carea' id='block_1_2' title="bbox 1028 292 2939 360">
    <p class='ocr_par' dir='ltr' id='par_1_2' title="bbox 1028 292 2939 360">
     <span class='ocr_line' id='line_1_2' title="bbox 1028 292 2939 360; baseline 0 -2"><span class='ocrx_word' id='word_1_2' title='bbox 1028 304 1344 359; x_wconf 74' lang='lat' dir='ltr'><strong>HISTORIA</strong></span> <span class='ocrx_word' id='word_1_3' title='bbox 1394 292 1485 359; x_wconf 80' lang='lat' dir='ltr'><strong>DE’</strong></span> <span class='ocrx_word' id='word_1_4' title='bbox 1534 304 1706 358; x_wconf 85' lang='lat' dir='ltr'><strong>vms</strong></span> <span class='ocrx_word' id='word_1_5' title='bbox 1743 301 1909 357; x_wconf 88' lang='lat' dir='ltr'><strong>ROM.</strong></span> <span class='ocrx_word' id='word_1_6' title='bbox 1972 300 2166 357; x_wconf 84' lang='lat' dir='ltr'><strong>PONT.</strong></span> <span class='ocrx_word' id='word_1_7' title='bbox 2218 331 2291 343; x_wconf 93' lang='grc'><strong>-</strong></span> <span class='ocrx_word' id='word_1_8' title='bbox 2328 303 2384 356; x_wconf 90' lang='lat' dir='ltr'><strong>s.</strong></span> <span class='ocrx_word' id='word_1_9' title='bbox 2440 303 2939 360; x_wconf 81' lang='lat' dir='ltr'><strong>EUTYCHIANUS.</strong></span> 
     </span>
    </p>
   </div>
   <div class='ocr_carea' id='block_1_3' title="bbox 3551 301 3690 360">
    <p class='ocr_par' dir='ltr' id='par_1_3' title="bbox 3551 301 3690 360">
     <span class='ocr_line' id='line_1_3' title="bbox 3551 301 3690 360; baseline 0.014 -2"><span class='ocrx_word' id='word_1_10' title='bbox 3551 301 3574 358; x_wconf 92' lang='grc'><strong>4</strong></span> <span class='ocrx_word' id='word_1_11' title='bbox 3586 301 3690 360; x_wconf 87' lang='grc'><strong>442</strong></span> 
     </span>
    </p>
   </div>
   <div class='ocr_carea' id='block_1_4' title="bbox 292 425 3678 498">
    <p class='ocr_par' dir='ltr' id='par_1_4' title="bbox 292 425 3678 498">
     <span class='ocr_line' id='line_1_4' title="bbox 292 425 3678 498; baseline -0.001 -13"><span class='ocrx_word' id='word_1_12' title='bbox 292 437 393 485; x_wconf 88' lang='lat' dir='ltr'><strong>est.</strong></span> <span class='ocrx_word' id='word_1_13' title='bbox 431 430 573 483; x_wconf 84' lang='lat' dir='ltr'><strong>Hinc</strong></span> <span class='ocrx_word' id='word_1_14' title='bbox 601 427 834 491; x_wconf 87' lang='lat' dir='ltr'><strong>altaria,</strong></span> <span class='ocrx_word' id='word_1_15' title='bbox 864 430 918 481; x_wconf 95' lang='lat' dir='ltr'><strong>et</strong></span> <span class='ocrx_word' id='word_1_16' title='bbox 942 440 1055 482; x_wconf 68' lang='lat' dir='ltr'><strong>arae</strong></span> <span class='ocrx_word' id='word_1_17' title='bbox 1076 427 1293 498; x_wconf 81' lang='lat' dir='ltr'><strong>absque</strong></span> <span class='ocrx_word' id='word_1_18' title='bbox 1321 426 1592 497; x_wconf 89' lang='lat' dir='ltr'><strong>reliquiis</strong></span> <span class='ocrx_word' id='word_1_19' title='bbox 1613 430 1927 495; x_wconf 79' lang='lat' dir='ltr'><strong>martyrum</strong></span> <span class='ocrx_word' id='word_1_20' title='bbox 1956 425 2011 484; x_wconf 89' lang='lat' dir='ltr'><strong>A</strong></span> <span class='ocrx_word' id='word_1_21' title='bbox 2040 438 2154 480; x_wconf 91' lang='lat' dir='ltr'><strong>una</strong></span> <span class='ocrx_word' id='word_1_22' title='bbox 2174 438 2333 498; x_wconf 91' lang='lat' dir='ltr'><strong>_cum_</strong></span> <span class='ocrx_word' id='word_1_23' title='bbox 2366 425 2542 498; x_wconf 82' lang='lat' dir='ltr'><strong>titulo</strong></span> <span class='ocrx_word' id='word_1_24' title='bbox 2598 427 2771 481; x_wconf 87' lang='lat' dir='ltr'><strong>etiam</strong></span> <span class='ocrx_word' id='word_1_25' title='bbox 2810 425 3189 498; x_wconf 79' lang='lat' dir='ltr'><strong>fragmentum</strong></span> <span class='ocrx_word' id='word_1_26' title='bbox 3230 427 3359 495; x_wconf 84' lang='lat' dir='ltr'><strong>ejus</strong></span> <span class='ocrx_word' id='word_1_27' title='bbox 3401 426 3678 495; x_wconf 66' lang='lat' dir='ltr'><strong>epistolas,</strong></span> 
     </span>
    </p>
   </div>
   <div class='ocr_carea' id='block_1_5' title="bbox 293 500 912 556">
    <p class='ocr_par' dir='ltr' id='par_1_5' title="bbox 293 500 912 556">
     <span class='ocr_line' id='line_1_5' title="bbox 293 500 912 556; baseline -0.01 0"><span class='ocrx_word' id='word_1_28' title='bbox 293 500 440 556; x_wconf 89' lang='lat' dir='ltr'><strong>haud</strong></span> <span class='ocrx_word' id='word_1_29' title='bbox 482 505 912 555; x_wconf 90' lang='lat' dir='ltr'><strong>consecrantur.</strong></span> 
     </span>
    </p>
   </div>
   <div class='ocr_carea' id='block_1_6' title="bbox 1007 604 1215 660">
    <p class='ocr_par' dir='ltr' id='par_1_6' title="bbox 1007 604 1215 660">
     <span class='ocr_line' id='line_1_6' title="bbox 1007 604 1215 660; baseline 0 -2"><span class='ocrx_word' id='word_1_30' title='bbox 1007 604 1141 659; x_wconf 85' lang='lat' dir='ltr'><strong>PAG</strong></span> <span class='ocrx_word' id='word_1_31' title='bbox 1149 607 1193 660; x_wconf 87' lang='lat' dir='ltr'><strong>II</strong></span> <span class='ocrx_word' id='word_1_32' title='bbox 1203 645 1215 658; x_wconf 93' lang='lat'><strong>.</strong></span> 
     </span>
    </p>
   </div>
   <div class='ocr_carea' id='block_1_7' title="bbox 713 711 1507 780">
    <p class='ocr_par' dir='ltr' id='par_1_7' title="bbox 713 711 1507 780">
     <span class='ocr_line' id='line_1_7' title="bbox 713 711 1507 780; baseline -0.003 -14"><span class='ocrx_word' id='word_1_33' title='bbox 713 712 872 766; x_wconf 82' lang='lat' dir='ltr'><strong>Nona</strong></span> <span class='ocrx_word' id='word_1_34' title='bbox 901 711 1151 765; x_wconf 67' lang='lat' dir='ltr'><strong>Ecclesiae</strong></span> <span class='ocrx_word' id='word_1_35' title='bbox 1182 712 1507 780; x_wconf 82' lang='lat' dir='ltr'><strong>persecutio.</strong></span> 
     </span>
    </p>
   </div>
   <div class='ocr_carea' id='block_1_8' title="bbox 356 815 1936 887">
    <p class='ocr_par' dir='ltr' id='par_1_8' title="bbox 356 815 1936 887">
     <span class='ocr_line' id='line_1_8' title="bbox 356 815 1936 887; baseline -0.003 -14"><span class='ocrx_word' id='word_1_36' title='bbox 356 816 708 873; x_wconf 82' lang='lat' dir='ltr'><strong>Aurelianus</strong></span> <span class='ocrx_word' id='word_1_37' title='bbox 728 829 878 871; x_wconf 90' lang='lat' dir='ltr'><strong>anno</strong></span> <span class='ocrx_word' id='word_1_38' title='bbox 900 816 1296 887; x_wconf 89' lang='lat' dir='ltr'><strong>ducentesimo</strong></span> <span class='ocrx_word' id='word_1_39' title='bbox 1316 816 1736 887; x_wconf 78' lang='lat' dir='ltr'><strong>septuagesimo</strong></span> <span class='ocrx_word' id='word_1_40' title='bbox 1766 815 1936 885; x_wconf 89' lang='lat' dir='ltr'><strong>impe-</strong></span> 
     </span>
    </p>
   </div>
   <div class='ocr_carea' id='block_1_9' title="bbox 292 885 1937 950">
    <p class='ocr_par' dir='ltr' id='par_1_9' title="bbox 292 885 1937 950">
     <span class='ocr_line' id='line_1_9' title="bbox 292 885 1937 950; baseline -0.002 -6"><span class='ocrx_word' id='word_1_41' title='bbox 292 896 446 944; x_wconf 86' lang='lat' dir='ltr'><strong>rator</strong></span> <span class='ocrx_word' id='word_1_42' title='bbox 476 894 721 950; x_wconf 84' lang='lat' dir='ltr'><strong>creatus,</strong></span> <span class='ocrx_word' id='word_1_43' title='bbox 781 888 840 941; x_wconf 90' lang='lat' dir='ltr'><strong>in</strong></span> <span class='ocrx_word' id='word_1_44' title='bbox 882 887 1245 941; x_wconf 88' lang='lat' dir='ltr'><strong>Christianos</strong></span> <span class='ocrx_word' id='word_1_45' title='bbox 1275 885 1417 942; x_wconf 85' lang='lat' dir='ltr'><strong>bene</strong></span> <span class='ocrx_word' id='word_1_46' title='bbox 1444 885 1679 942; x_wconf 76' lang='lat' dir='ltr'><strong>aﬂ’ectus</strong></span> <span class='ocrx_word' id='word_1_47' title='bbox 1702 885 1836 946; x_wconf 83' lang='lat' dir='ltr'><strong>fuit.</strong></span> <span class='ocrx_word' id='word_1_48' title='bbox 1879 894 1937 941; x_wconf 88' lang='lat' dir='ltr'><strong>et</strong></span> 
     </span>
    </p>
   </div>
   <div class='ocr_carea' id='block_1_10' title="bbox 287 957 1935 1026">
    <p class='ocr_par' dir='ltr' id='par_1_10' title="bbox 287 957 1935 1026">
     <span class='ocr_line' id='line_1_10' title="bbox 287 957 1935 1026; baseline -0.002 -12"><span class='ocrx_word' id='word_1_49' title='bbox 287 961 567 1015; x_wconf 91' lang='lat' dir='ltr'><strong>adversus</strong></span> <span class='ocrx_word' id='word_1_50' title='bbox 596 958 830 1012; x_wconf 89' lang='lat' dir='ltr'><strong>Paulum</strong></span> <span class='ocrx_word' id='word_1_51' title='bbox 855 958 1307 1019; x_wconf 88' lang='lat' dir='ltr'><strong>Samosatenum,</strong></span> <span class='ocrx_word' id='word_1_52' title='bbox 1336 971 1367 1011; x_wconf 87' lang='lat' dir='ltr'><strong>a</strong></span> <span class='ocrx_word' id='word_1_53' title='bbox 1398 957 1699 1026; x_wconf 78' lang='lat' dir='ltr'><strong>posteriori</strong></span> <span class='ocrx_word' id='word_1_54' title='bbox 1718 957 1935 1026; x_wconf 85' lang='lat' dir='ltr'><strong>synodo</strong></span> 
     </span>
    </p>
   </div>
   <div class='ocr_carea' id='block_1_11' title="bbox 287 1028 1934 1098">
    <p class='ocr_par' dir='ltr' id='par_1_11' title="bbox 287 1028 1934 1098">
     <span class='ocr_line' id='line_1_11' title="bbox 287 1028 1934 1098; baseline -0.002 -13"><span class='ocrx_word' id='word_1_55' title='bbox 287 1030 665 1096; x_wconf 84' lang='lat' dir='ltr'><strong>Antiochena,</strong></span> <span class='ocrx_word' id='word_1_56' title='bbox 718 1036 991 1098; x_wconf 77' lang='lat' dir='ltr'><strong>tanquam</strong></span> <span class='ocrx_word' id='word_1_57' title='bbox 1062 1041 1218 1082; x_wconf 69' lang='lat' dir='ltr'><strong>novae</strong></span> <span class='ocrx_word' id='word_1_58' title='bbox 1292 1028 1570 1098; x_wconf 66' lang='lat' dir='ltr'><strong>haereseos</strong></span> <span class='ocrx_word' id='word_1_59' title='bbox 1642 1034 1934 1083; x_wconf 82' lang='lat' dir='ltr'><strong>auctorem</strong></span> 
     </span>
    </p>
   </div>
   <div class='ocr_carea' id='block_1_12' title="bbox 284 1095 1937 1159">
    <p class='ocr_par' dir='ltr' id='par_1_12' title="bbox 284 1095 1937 1159">
     <span class='ocr_line' id='line_1_12' title="bbox 284 1095 1937 1159; baseline -0.002 -4"><span class='ocrx_word' id='word_1_60' title='bbox 284 1102 642 1159; x_wconf 83' lang='lat' dir='ltr'><strong>damnatum.</strong></span> <span class='ocrx_word' id='word_1_61' title='bbox 674 1095 925 1153; x_wconf 83' lang='lat' dir='ltr'><strong>edictum</strong></span> <span class='ocrx_word' id='word_1_62' title='bbox 953 1098 1153 1153; x_wconf 87' lang='lat' dir='ltr'><strong>emisit</strong></span> <span class='ocrx_word' id='word_1_63' title='bbox 1183 1116 1194 1152; x_wconf 90' lang='lat'>:</span> <span class='ocrx_word' id='word_1_64' title='bbox 1233 1118 1259 1150; x_wconf 78' lang='grc' dir='ltr'><strong>α</strong></span> <span class='ocrx_word' id='word_1_65' title='bbox 1317 1095 1588 1153; x_wconf 87' lang='lat' dir='ltr'><strong>Processu</strong></span> <span class='ocrx_word' id='word_1_66' title='bbox 1620 1112 1751 1153; x_wconf 91' lang='lat' dir='ltr'><strong>vero</strong></span> <span class='ocrx_word' id='word_1_67' title='bbox 1784 1104 1937 1152; x_wconf 89' lang='lat' dir='ltr'><strong>tem—</strong></span> 
     </span>
    </p>
   </div>
   <div class='ocr_carea' id='block_1_13' title="bbox 286 1167 1936 1241">
    <p class='ocr_par' dir='ltr' id='par_1_13' title="bbox 286 1167 1936 1241">
     <span class='ocr_line' id='line_1_13' title="bbox 286 1167 1936 1241; baseline -0.002 -15"><span class='ocrx_word' id='word_1_68' title='bbox 286 1173 463 1241; x_wconf 80' lang='lat' dir='ltr'><strong>poris,</strong></span> <span class='ocrx_word' id='word_1_69' title='bbox 526 1171 716 1239; x_wconf 82' lang='lat' dir='ltr'><strong>inquit</strong></span> <span class='ocrx_word' id='word_1_70' title='bbox 760 1169 1041 1241; x_wconf 82' lang='lat' dir='ltr'><strong>Eusebius</strong></span> <span class='ocrx_word' id='word_1_71' title='bbox 1097 1170 1199 1224; x_wconf 89' lang='lat' dir='ltr'><strong>lib.</strong></span> <span class='ocrx_word' id='word_1_72' title='bbox 1233 1182 1334 1241; x_wconf 80' lang='lat' dir='ltr'><strong>VII,</strong></span> <span class='ocrx_word' id='word_1_73' title='bbox 1368 1184 1491 1237; x_wconf 88' lang='lat' dir='ltr'><strong>cap.</strong></span> <span class='ocrx_word' id='word_1_74' title='bbox 1521 1167 1612 1241; x_wconf 75' lang='lat'><strong>30,</strong></span> <span class='ocrx_word' id='word_1_75' title='bbox 1650 1169 1821 1241; x_wconf 82' lang='lat' dir='ltr'><strong>aliter</strong></span> <span class='ocrx_word' id='word_1_76' title='bbox 1865 1168 1936 1223; x_wconf 91' lang='lat' dir='ltr'><strong>de</strong></span> 
     </span>
    </p>
   </div>
   <div class='ocr_carea' id='block_1_14' title="bbox 284 1239 1936 1309">
    <p class='ocr_par' dir='ltr' id='par_1_14' title="bbox 284 1239 1936 1309">
     <span class='ocr_line' id='line_1_14' title="bbox 284 1239 1936 1309; baseline -0.002 -12"><span class='ocrx_word' id='word_1_77' title='bbox 284 1239 722 1297; x_wconf 85' lang='lat' dir='ltr'><strong>nobissentiens</strong></span> <span class='ocrx_word' id='word_1_78' title='bbox 736 1240 1112 1309; x_wconf 91' lang='lat' dir='ltr'><strong>quorumdam</strong></span> <span class='ocrx_word' id='word_1_79' title='bbox 1126 1240 1581 1308; x_wconf 71' lang='lat' dir='ltr'><strong>consiliiscuepit</strong></span> <span class='ocrx_word' id='word_1_80' title='bbox 1600 1239 1841 1307; x_wconf 86' lang='lat' dir='ltr'><strong>impelli,</strong></span> <span class='ocrx_word' id='word_1_81' title='bbox 1871 1245 1936 1293; x_wconf 95' lang='lat' dir='ltr'><strong>ut</strong></span> 
     </span>
    </p>
   </div>
   <div class='ocr_carea' id='block_1_15' title="bbox 285 1310 1930 1382">
    <p class='ocr_par' dir='ltr' id='par_1_15' title="bbox 285 1310 1930 1382">
     <span class='ocr_line' id='line_1_15' title="bbox 285 1310 1930 1382; baseline -0.005 -14"><span class='ocrx_word' id='word_1_82' title='bbox 285 1313 737 1382; x_wconf 87' lang='lat' dir='ltr'><strong>persecutionem</strong></span> <span class='ocrx_word' id='word_1_83' title='bbox 784 1310 1067 1382; x_wconf 81' lang='lat' dir='ltr'><strong>adversus</strong></span> <span class='ocrx_word' id='word_1_84' title='bbox 1144 1319 1371 1366; x_wconf 86' lang='lat' dir='ltr'><strong>nostros</strong></span> <span class='ocrx_word' id='word_1_85' title='bbox 1436 1317 1853 1382; x_wconf 51' lang='lat' dir='ltr'><strong>commoveret.</strong></span> <span class='ocrx_word' id='word_1_86' title='bbox 1903 1327 1930 1358; x_wconf 76' lang='grc' dir='ltr'><strong>ι)</strong></span> 
     </span>
    </p>
   </div>
   <div class='ocr_carea' id='block_1_16' title="bbox 285 1380 1934 1450">
    <p class='ocr_par' dir='ltr' id='par_1_16' title="bbox 285 1380 1934 1450">
     <span class='ocr_line' id='line_1_16' title="bbox 285 1380 1934 1450; baseline -0.002 -11"><span class='ocrx_word' id='word_1_87' title='bbox 285 1380 443 1439; x_wconf 82' lang='lat' dir='ltr'><strong>Licet</strong></span> <span class='ocrx_word' id='word_1_88' title='bbox 470 1390 657 1438; x_wconf 90' lang='lat' dir='ltr'><strong>autem</strong></span> <span class='ocrx_word' id='word_1_89' title='bbox 687 1395 750 1436; x_wconf 90' lang='lat' dir='ltr'><strong>ea</strong></span> <span class='ocrx_word' id='word_1_90' title='bbox 783 1381 973 1435; x_wconf 85' lang='lat' dir='ltr'><strong>brevis</strong></span> <span class='ocrx_word' id='word_1_91' title='bbox 1000 1380 1196 1448; x_wconf 83' lang='lat' dir='ltr'><strong>fuerit,</strong></span> <span class='ocrx_word' id='word_1_92' title='bbox 1233 1388 1429 1450; x_wconf 80' lang='lat' dir='ltr'><strong>utpote</strong></span> <span class='ocrx_word' id='word_1_93' title='bbox 1455 1381 1564 1435; x_wconf 89' lang='lat' dir='ltr'><strong>sub</strong></span> <span class='ocrx_word' id='word_1_94' title='bbox 1588 1381 1752 1434; x_wconf 84' lang='lat' dir='ltr'><strong>linem</strong></span> <span class='ocrx_word' id='word_1_95' title='bbox 1794 1380 1934 1435; x_wconf 71' lang='lat' dir='ltr'><strong>Vita:</strong></span> 
     </span>
    </p>
   </div>
   <div class='ocr_carea' id='block_1_17' title="bbox 230 1452 1931 1523">
    <p class='ocr_par' dir='ltr' id='par_1_17' title="bbox 230 1452 1931 1523">
     <span class='ocr_line' id='line_1_17' title="bbox 230 1452 1931 1523; baseline -0.002 -14"><span class='ocrx_word' id='word_1_96' title='bbox 230 1520 233 1523; x_wconf 25' lang='grc' dir='ltr'>η</span> <span class='ocrx_word' id='word_1_97' title='bbox 281 1455 355 1509; x_wconf 85' lang='lat' dir='ltr'><strong>ab</strong></span> <span class='ocrx_word' id='word_1_98' title='bbox 385 1453 700 1523; x_wconf 83' lang='lat' dir='ltr'><strong>Aureliano</strong></span> <span class='ocrx_word' id='word_1_99' title='bbox 734 1452 1358 1523; x_wconf 77' lang='lat' dir='ltr'><strong>intentata,ingentem</strong></span> <span class='ocrx_word' id='word_1_100' title='bbox 1388 1460 1573 1505; x_wconf 83' lang='lat' dir='ltr'><strong>tamen</strong></span> <span class='ocrx_word' id='word_1_101' title='bbox 1617 1458 1931 1523; x_wconf 81' lang='lat' dir='ltr'><strong>martyrum</strong></span> 
     </span>
    </p>
   </div>
   <div class='ocr_carea' id='block_1_18' title="bbox 281 1521 1929 1648">
    <p class='ocr_par' dir='ltr' id='par_1_18' title="bbox 281 1521 1929 1648">
     <span class='ocr_line' id='line_1_18' title="bbox 281 1521 1929 1593; baseline -0.002 -14"><span class='ocrx_word' id='word_1_102' title='bbox 281 1538 583 1579; x_wconf 87' lang='lat' dir='ltr'><strong>numerum</strong></span> <span class='ocrx_word' id='word_1_103' title='bbox 620 1522 775 1577; x_wconf 85' lang='lat' dir='ltr'><strong>fecit.</strong></span> <span class='ocrx_word' id='word_1_104' title='bbox 822 1524 899 1578; x_wconf 94' lang='lat' dir='ltr'><strong>De</strong></span> <span class='ocrx_word' id='word_1_105' title='bbox 927 1535 992 1577; x_wconf 89' lang='lat' dir='ltr'><strong>ea</strong></span> <span class='ocrx_word' id='word_1_106' title='bbox 1039 1522 1313 1593; x_wconf 79' lang='lat' dir='ltr'><strong>legendus</strong></span> <span class='ocrx_word' id='word_1_107' title='bbox 1358 1524 1676 1577; x_wconf 82' lang='lat' dir='ltr'><strong>Annotator</strong></span> <span class='ocrx_word' id='word_1_108' title='bbox 1704 1521 1929 1576; x_wconf 88' lang='lat' dir='ltr'><strong>Baronii</strong></span> 
     </span>
     <span class='ocr_line' id='line_1_19' title="bbox 281 1591 758 1648; baseline -0.002 0"><span class='ocrx_word' id='word_1_109' title='bbox 281 1596 349 1648; x_wconf 85' lang='lat' dir='ltr'><strong>ad</strong></span> <span class='ocrx_word' id='word_1_110' title='bbox 389 1608 605 1648; x_wconf 88' lang='lat' dir='ltr'><strong>annum</strong></span> <span class='ocrx_word' id='word_1_111' title='bbox 631 1591 758 1648; x_wconf 81' lang='lat'><strong>272.</strong></span> 
     </span>
    </p>
   </div>
   <div class='ocr_carea' id='block_1_19' title="bbox 275 1596 758 1650">
    <p class='ocr_par' dir='ltr' id='par_1_19' title="bbox 275 1596 758 1650">
     <span class='ocr_line' id='line_1_20' title="bbox 275 1596 758 1650; baseline -0.006 0"><span class='ocrx_word' id='word_1_112' title='bbox 275 1596 349 1650; x_wconf 87' lang='lat' dir='ltr'><strong>ad</strong></span> <span class='ocrx_word' id='word_1_113' title='bbox 389 1608 605 1649; x_wconf 88' lang='lat' dir='ltr'><strong>annum</strong></span> 
     </span>
    </p>
   </div>
   <div class='ocr_carea' id='block_1_20' title="bbox 952 1680 1263 1737">
    <p class='ocr_par' dir='ltr' id='par_1_20' title="bbox 952 1680 1263 1737">
     <span class='ocr_line' id='line_1_21' title="bbox 952 1680 1263 1737; baseline 0.003 -1"><span class='ocrx_word' id='word_1_114' title='bbox 952 1680 1263 1737; x_wconf 83' lang='lat' dir='ltr'><strong>SOMMIER</strong></span> 
     </span>
    </p>
   </div>
   <div class='ocr_carea' id='block_1_21' title="bbox 1968 495 3678 565">
    <p class='ocr_par' dir='ltr' id='par_1_21' title="bbox 1968 495 3678 565">
     <span class='ocr_line' id='line_1_22' title="bbox 1968 495 3678 565; baseline 0.001 -15"><span class='ocrx_word' id='word_1_115' title='bbox 1968 550 1975 557; x_wconf 78' lang='grc'><strong>,</strong></span> <span class='ocrx_word' id='word_1_116' title='bbox 2040 496 2188 565; x_wconf 90' lang='lat' dir='ltr'><strong>quod</strong></span> <span class='ocrx_word' id='word_1_117' title='bbox 2243 495 2520 551; x_wconf 88' lang='lat' dir='ltr'><strong>adhibent</strong></span> <span class='ocrx_word' id='word_1_118' title='bbox 2575 499 2641 551; x_wconf 87' lang='lat' dir='ltr'><strong>ad</strong></span> <span class='ocrx_word' id='word_1_119' title='bbox 2703 495 3150 552; x_wconf 78' lang='lat' dir='ltr'><strong>conﬁrmandam</strong></span> <span class='ocrx_word' id='word_1_120' title='bbox 3203 498 3469 553; x_wconf 62' lang='lat' dir='ltr'><strong>Ecclesiae</strong></span> <span class='ocrx_word' id='word_1_121' title='bbox 3513 498 3678 553; x_wconf 80' lang='lat' dir='ltr'><strong>iidem</strong></span> 
     </span>
    </p>
   </div>
   <div class='ocr_carea' id='block_1_22' title="bbox 2039 566 3678 649">
    <p class='ocr_par' dir='ltr' id='par_1_22' title="bbox 2039 566 3678 649">
     <span class='ocr_line' id='line_1_23' title="bbox 2039 566 3678 649; baseline 0.001 -29"><span class='ocrx_word' id='word_1_122' title='bbox 2039 573 2237 649; x_wconf 75' lang='lat' dir='ltr'><strong>contra</strong></span> <span class='ocrx_word' id='word_1_123' title='bbox 2268 566 2521 649; x_wconf 70' lang='lat' dir='ltr'><strong>haereses</strong></span> <span class='ocrx_word' id='word_1_124' title='bbox 2565 567 2637 649; x_wconf 76' lang='lat' dir='ltr'><strong>ab</strong></span> <span class='ocrx_word' id='word_1_125' title='bbox 2662 581 2728 649; x_wconf 86' lang='lat' dir='ltr'><strong>e_o</strong></span> <span class='ocrx_word' id='word_1_126' title='bbox 2762 568 3135 649; x_wconf 54' lang='lat' dir='ltr'><strong>proscriptas.</strong></span> <span class='ocrx_word' id='word_1_127' title='bbox 3166 568 3299 649; x_wconf 85' lang='lat' dir='ltr'><strong>Tale</strong></span> <span class='ocrx_word' id='word_1_128' title='bbox 3341 577 3529 624; x_wconf 90' lang='lat' dir='ltr'><strong>autem</strong></span> <span class='ocrx_word' id='word_1_129' title='bbox 3547 573 3678 649; x_wconf 69' lang='lat' dir='ltr'><strong>_estt</strong></span> 
     </span>
    </p>
   </div>
   <div class='ocr_carea' id='block_1_23' title="bbox 1972 637 3684 707">
    <p class='ocr_par' dir='ltr' id='par_1_23' title="bbox 1972 637 3684 707">
     <span class='ocr_line' id='line_1_24' title="bbox 1972 637 3684 707; baseline 0.004 -20"><span class='ocrx_word' id='word_1_130' title='bbox 1972 651 1986 661; x_wconf 84' lang='grc'><strong>·</strong></span> <span class='ocrx_word' id='word_1_131' title='bbox 2043 657 2069 687; x_wconf 83' lang='grc' dir='ltr'><strong>α</strong></span> <span class='ocrx_word' id='word_1_132' title='bbox 2110 637 2315 692; x_wconf 81' lang='lat' dir='ltr'><strong>Felicis</strong></span> <span class='ocrx_word' id='word_1_133' title='bbox 2342 638 2696 693; x_wconf 84' lang='lat' dir='ltr'><strong>sanctissimi</strong></span> <span class='ocrx_word' id='word_1_134' title='bbox 2729 638 2984 707; x_wconf 89' lang='lat' dir='ltr'><strong>episcopi</strong></span> <span class='ocrx_word' id='word_1_135' title='bbox 3018 639 3223 705; x_wconf 66' lang='lat' dir='ltr'><strong>Romae,</strong></span> <span class='ocrx_word' id='word_1_136' title='bbox 3244 644 3301 691; x_wconf 92' lang='lat' dir='ltr'><strong>et</strong></span> <span class='ocrx_word' id='word_1_137' title='bbox 3325 639 3595 707; x_wconf 86' lang='lat' dir='ltr'><strong>martyris</strong></span> <span class='ocrx_word' id='word_1_138' title='bbox 3618 651 3684 693; x_wconf 80' lang='lat' dir='ltr'><strong>ex</strong></span> 
     </span>
    </p>
   </div>
   <div class='ocr_carea' id='block_1_24' title="bbox 2041 708 3686 778">
    <p class='ocr_par' dir='ltr' id='par_1_24' title="bbox 2041 708 3686 778">
     <span class='ocr_line' id='line_1_25' title="bbox 2041 708 3686 778; baseline 0.002 -18"><span class='ocrx_word' id='word_1_139' title='bbox 2041 709 2285 777; x_wconf 81' lang='lat' dir='ltr'><strong>epistola</strong></span> <span class='ocrx_word' id='word_1_140' title='bbox 2315 710 2382 763; x_wconf 92' lang='lat' dir='ltr'><strong>ad</strong></span> <span class='ocrx_word' id='word_1_141' title='bbox 2418 710 2727 763; x_wconf 83' lang='lat' dir='ltr'><strong>Maximum</strong></span> <span class='ocrx_word' id='word_1_142' title='bbox 2751 710 3084 778; x_wconf 87' lang='lat' dir='ltr'><strong>episcopum</strong></span> <span class='ocrx_word' id='word_1_143' title='bbox 3118 715 3175 763; x_wconf 92' lang='lat' dir='ltr'><strong>et</strong></span> <span class='ocrx_word' id='word_1_144' title='bbox 3196 708 3410 762; x_wconf 88' lang='lat' dir='ltr'><strong>clerum</strong></span> <span class='ocrx_word' id='word_1_145' title='bbox 3442 708 3686 763; x_wconf 81' lang='lat' dir='ltr'><strong>Alexan-</strong></span> 
     </span>
    </p>
   </div>
   <div class='ocr_carea' id='block_1_25' title="bbox 2042 778 3689 844">
    <p class='ocr_par' dir='ltr' id='par_1_25' title="bbox 2042 778 3689 844">
     <span class='ocr_line' id='line_1_26' title="bbox 2042 778 3689 844; baseline 0.001 -12"><span class='ocrx_word' id='word_1_146' title='bbox 2042 779 2305 834; x_wconf 91' lang='lat' dir='ltr'><strong>drinum.</strong></span> <span class='ocrx_word' id='word_1_147' title='bbox 2347 780 2422 833; x_wconf 92' lang='lat' dir='ltr'><strong>De</strong></span> <span class='ocrx_word' id='word_1_148' title='bbox 2456 778 2617 833; x_wconf 88' lang='lat' dir='ltr'><strong>Verbi</strong></span> <span class='ocrx_word' id='word_1_149' title='bbox 2648 785 2837 833; x_wconf 86' lang='lat' dir='ltr'><strong>autem</strong></span> <span class='ocrx_word' id='word_1_150' title='bbox 2871 779 3293 844; x_wconf 89' lang='lat' dir='ltr'><strong>Incarnatione,</strong></span> <span class='ocrx_word' id='word_1_151' title='bbox 3324 785 3379 832; x_wconf 91' lang='lat' dir='ltr'><strong>et</strong></span> <span class='ocrx_word' id='word_1_152' title='bbox 3406 778 3515 833; x_wconf 81' lang='lat' dir='ltr'><strong>ﬁde</strong></span> <span class='ocrx_word' id='word_1_153' title='bbox 3559 792 3689 833; x_wconf 89' lang='lat' dir='ltr'><strong>cre-</strong></span> 
     </span>
    </p>
   </div>
   <div class='ocr_carea' id='block_1_26' title="bbox 2042 848 3689 905">
    <p class='ocr_par' dir='ltr' id='par_1_26' title="bbox 2042 848 3689 905">
     <span class='ocr_line' id='line_1_27' title="bbox 2042 848 3689 905; baseline 0 -2"><span class='ocrx_word' id='word_1_154' title='bbox 2042 850 2238 904; x_wconf 91' lang='lat' dir='ltr'><strong>dimus</strong></span> <span class='ocrx_word' id='word_1_155' title='bbox 2289 849 2347 903; x_wconf 93' lang='lat' dir='ltr'><strong>in</strong></span> <span class='ocrx_word' id='word_1_156' title='bbox 2396 850 2700 903; x_wconf 92' lang='lat' dir='ltr'><strong>Dominum</strong></span> <span class='ocrx_word' id='word_1_157' title='bbox 2762 857 3022 904; x_wconf 91' lang='lat' dir='ltr'><strong>nostrum</strong></span> <span class='ocrx_word' id='word_1_158' title='bbox 3051 852 3241 905; x_wconf 86' lang='lat' dir='ltr'><strong>Jesum</strong></span> <span class='ocrx_word' id='word_1_159' title='bbox 3294 848 3585 903; x_wconf 88' lang='lat' dir='ltr'><strong>Christum</strong></span> <span class='ocrx_word' id='word_1_160' title='bbox 3620 862 3689 903; x_wconf 82' lang='lat' dir='ltr'><strong>ex</strong></span> 
     </span>
    </p>
   </div>
   <div class='ocr_carea' id='block_1_27' title="bbox 2043 918 3686 989">
    <p class='ocr_par' dir='ltr' id='par_1_27' title="bbox 2043 918 3686 989">
     <span class='ocr_line' id='line_1_28' title="bbox 2043 918 3686 989; baseline -0.001 -16"><span class='ocrx_word' id='word_1_161' title='bbox 2043 921 2217 989; x_wconf 86' lang='lat' dir='ltr'><strong>Maria</strong></span> <span class='ocrx_word' id='word_1_162' title='bbox 2242 918 2479 989; x_wconf 86' lang='lat' dir='ltr'><strong>Virgine</strong></span> <span class='ocrx_word' id='word_1_163' title='bbox 2498 927 2712 977; x_wconf 87' lang='lat' dir='ltr'><strong>natum.</strong></span> <span class='ocrx_word' id='word_1_164' title='bbox 2738 921 2887 989; x_wconf 90' lang='lat' dir='ltr'><strong>quod</strong></span> <span class='ocrx_word' id='word_1_165' title='bbox 2912 920 3034 987; x_wconf 90' lang='lat' dir='ltr'><strong>ipse</strong></span> <span class='ocrx_word' id='word_1_166' title='bbox 3059 926 3143 975; x_wconf 90' lang='lat' dir='ltr'><strong>est</strong></span> <span class='ocrx_word' id='word_1_167' title='bbox 3175 921 3561 986; x_wconf 83' lang='lat' dir='ltr'><strong>simpiternus</strong></span> <span class='ocrx_word' id='word_1_168' title='bbox 3586 919 3686 973; x_wconf 92' lang='lat' dir='ltr'><strong>Dei</strong></span> 
     </span>
    </p>
   </div>
   <div class='ocr_carea' id='block_1_28' title="bbox 2042 988 3692 1057">
    <p class='ocr_par' dir='ltr' id='par_1_28' title="bbox 2042 988 3692 1057">
     <span class='ocr_line' id='line_1_29' title="bbox 2042 988 3692 1057; baseline -0.001 -13"><span class='ocrx_word' id='word_1_169' title='bbox 2042 988 2228 1045; x_wconf 88' lang='lat' dir='ltr'><strong>Filius</strong></span> <span class='ocrx_word' id='word_1_170' title='bbox 2254 996 2311 1044; x_wconf 85' lang='lat' dir='ltr'><strong>et</strong></span> <span class='ocrx_word' id='word_1_171' title='bbox 2352 988 2613 1057; x_wconf 84' lang='lat' dir='ltr'><strong>Verbum,</strong></span> <span class='ocrx_word' id='word_1_172' title='bbox 2665 988 2771 1044; x_wconf 83' lang='lat' dir='ltr'><strong>non</strong></span> <span class='ocrx_word' id='word_1_173' title='bbox 2813 996 2999 1046; x_wconf 88' lang='lat' dir='ltr'><strong>autem</strong></span> <span class='ocrx_word' id='word_1_174' title='bbox 3054 990 3221 1045; x_wconf 91' lang='lat' dir='ltr'><strong>homo</strong></span> <span class='ocrx_word' id='word_1_175' title='bbox 3253 1004 3285 1049; x_wconf 85' lang='lat' dir='ltr'><strong>a</strong></span> <span class='ocrx_word' id='word_1_176' title='bbox 3316 992 3428 1045; x_wconf 91' lang='lat' dir='ltr'><strong>Deo</strong></span> <span class='ocrx_word' id='word_1_177' title='bbox 3457 1003 3692 1045; x_wconf 88' lang='lat' dir='ltr'><strong>assum-</strong></span> 
     </span>
    </p>
   </div>
   <div class='ocr_carea' id='block_1_29' title="bbox 2048 1060 3686 1130">
    <p class='ocr_par' dir='ltr' id='par_1_29' title="bbox 2048 1060 3686 1130">
     <span class='ocr_line' id='line_1_30' title="bbox 2048 1060 3686 1130; baseline -0.001 -16"><span class='ocrx_word' id='word_1_178' title='bbox 2048 1067 2199 1130; x_wconf 90' lang='lat' dir='ltr'><strong>ptus.</strong></span> <span class='ocrx_word' id='word_1_179' title='bbox 2254 1066 2318 1115; x_wconf 89' lang='lat' dir='ltr'><strong>ut</strong></span> <span class='ocrx_word' id='word_1_180' title='bbox 2364 1060 2520 1115; x_wconf 87' lang='lat' dir='ltr'><strong>alius</strong></span> <span class='ocrx_word' id='word_1_181' title='bbox 2550 1061 2624 1115; x_wconf 89' lang='lat' dir='ltr'><strong>sit</strong></span> <span class='ocrx_word' id='word_1_182' title='bbox 2675 1060 2747 1115; x_wconf 89' lang='lat' dir='ltr'><strong>ab</strong></span> <span class='ocrx_word' id='word_1_183' title='bbox 2797 1061 2918 1114; x_wconf 86' lang='lat' dir='ltr'><strong>illo.</strong></span> <span class='ocrx_word' id='word_1_184' title='bbox 2970 1061 3164 1130; x_wconf 87' lang='lat' dir='ltr'><strong>Neque</strong></span> <span class='ocrx_word' id='word_1_185' title='bbox 3208 1061 3361 1115; x_wconf 92' lang='lat' dir='ltr'><strong>enim</strong></span> <span class='ocrx_word' id='word_1_186' title='bbox 3397 1061 3686 1130; x_wconf 78' lang='lat' dir='ltr'><strong>hominem</strong></span> 
     </span>
    </p>
   </div>
   <div class='ocr_carea' id='block_1_30' title="bbox 2044 1129 3682 1199">
    <p class='ocr_par' dir='ltr' id='par_1_30' title="bbox 2044 1129 3682 1199">
     <span class='ocr_line' id='line_1_31' title="bbox 2044 1129 3682 1199; baseline -0.002 -13"><span class='ocrx_word' id='word_1_187' title='bbox 2044 1129 2361 1198; x_wconf 86' lang='lat' dir='ltr'><strong>assumpsit</strong></span> <span class='ocrx_word' id='word_1_188' title='bbox 2398 1132 2497 1185; x_wconf 90' lang='lat' dir='ltr'><strong>Dei</strong></span> <span class='ocrx_word' id='word_1_189' title='bbox 2548 1131 2755 1196; x_wconf 90' lang='lat' dir='ltr'><strong>Filius,</strong></span> <span class='ocrx_word' id='word_1_190' title='bbox 2810 1139 2876 1185; x_wconf 87' lang='lat' dir='ltr'><strong>ut</strong></span> <span class='ocrx_word' id='word_1_191' title='bbox 2927 1129 3084 1186; x_wconf 82' lang='lat' dir='ltr'><strong>alius</strong></span> <span class='ocrx_word' id='word_1_192' title='bbox 3126 1130 3196 1184; x_wconf 89' lang='lat' dir='ltr'><strong>ab</strong></span> <span class='ocrx_word' id='word_1_193' title='bbox 3263 1131 3387 1199; x_wconf 91' lang='lat' dir='ltr'><strong>ipso</strong></span> <span class='ocrx_word' id='word_1_194' title='bbox 3434 1129 3682 1185; x_wconf 80' lang='lat' dir='ltr'><strong>existat:</strong></span> 
     </span>
    </p>
   </div>
   <div class='ocr_carea' id='block_1_31' title="bbox 2045 1199 3688 1269">
    <p class='ocr_par' dir='ltr' id='par_1_31' title="bbox 2045 1199 3688 1269">
     <span class='ocr_line' id='line_1_32' title="bbox 2045 1199 3688 1269; baseline -0.001 -12"><span class='ocrx_word' id='word_1_195' title='bbox 2045 1203 2140 1257; x_wconf 91' lang='lat' dir='ltr'><strong>sed</strong></span> <span class='ocrx_word' id='word_1_196' title='bbox 2202 1215 2329 1256; x_wconf 91' lang='lat' dir='ltr'><strong>cum</strong></span> <span class='ocrx_word' id='word_1_197' title='bbox 2391 1199 2674 1269; x_wconf 85' lang='lat' dir='ltr'><strong>perfectus</strong></span> <span class='ocrx_word' id='word_1_198' title='bbox 2720 1204 2867 1256; x_wconf 89' lang='lat' dir='ltr'><strong>Deus</strong></span> <span class='ocrx_word' id='word_1_199' title='bbox 2912 1208 3082 1266; x_wconf 86' lang='lat' dir='ltr'><strong>esset,</strong></span> <span class='ocrx_word' id='word_1_200' title='bbox 3135 1199 3320 1255; x_wconf 84' lang='lat' dir='ltr'><strong>factus</strong></span> <span class='ocrx_word' id='word_1_201' title='bbox 3368 1207 3455 1256; x_wconf 89' lang='lat' dir='ltr'><strong>est</strong></span> <span class='ocrx_word' id='word_1_202' title='bbox 3512 1200 3688 1255; x_wconf 90' lang='lat' dir='ltr'><strong>simul</strong></span> 
     </span>
    </p>
   </div>
   <div class='ocr_carea' id='block_1_32' title="bbox 2047 1270 3684 1342">
    <p class='ocr_par' dir='ltr' id='par_1_32' title="bbox 2047 1270 3684 1342">
     <span class='ocr_line' id='line_1_33' title="bbox 2047 1270 3684 1342; baseline -0.002 -15"><span class='ocrx_word' id='word_1_203' title='bbox 2047 1274 2214 1327; x_wconf 92' lang='lat' dir='ltr'><strong>homo</strong></span> <span class='ocrx_word' id='word_1_204' title='bbox 2260 1270 2566 1342; x_wconf 82' lang='lat' dir='ltr'><strong>perfectus,</strong></span> <span class='ocrx_word' id='word_1_205' title='bbox 2608 1285 2676 1326; x_wconf 83' lang='lat' dir='ltr'><strong>ex</strong></span> <span class='ocrx_word' id='word_1_206' title='bbox 2710 1272 2943 1342; x_wconf 77' lang='lat' dir='ltr'><strong>Virgine</strong></span> <span class='ocrx_word' id='word_1_207' title='bbox 2988 1272 3343 1327; x_wconf 84' lang='lat' dir='ltr'><strong>incarnatus.</strong></span> <span class='ocrx_word' id='word_1_208' title='bbox 3404 1289 3429 1319; x_wconf 75' lang='grc' dir='ltr'><strong>ιο</strong></span> <span class='ocrx_word' id='word_1_209' title='bbox 3462 1271 3684 1342; x_wconf 83' lang='lat' dir='ltr'><strong>(Concit.</strong></span> 
     </span>
    </p>
   </div>
   <div class='ocr_carea' id='block_1_33' title="bbox 2042 1340 3682 1411">
    <p class='ocr_par' dir='ltr' id='par_1_33' title="bbox 2042 1340 3682 1411">
     <span class='ocr_line' id='line_1_34' title="bbox 2042 1340 3682 1411; baseline -0.001 -15"><span class='ocrx_word' id='word_1_210' title='bbox 2042 1343 2239 1411; x_wconf 82' lang='lat' dir='ltr'><strong>Ephes.</strong></span> <span class='ocrx_word' id='word_1_211' title='bbox 2275 1350 2417 1411; x_wconf 87' lang='lat' dir='ltr'><strong>part.</strong></span> <span class='ocrx_word' id='word_1_212' title='bbox 2461 1356 2524 1403; x_wconf 82' lang='lat' dir='ltr'><strong>II,</strong></span> <span class='ocrx_word' id='word_1_213' title='bbox 2551 1340 2659 1397; x_wconf 82' lang='lat' dir='ltr'><strong>act.</strong></span> <span class='ocrx_word' id='word_1_214' title='bbox 2698 1340 2747 1396; x_wconf 91' lang='grc'><strong>4.</strong></span> <span class='ocrx_word' id='word_1_215' title='bbox 2780 1340 2911 1397; x_wconf 77' lang='lat' dir='ltr'><strong>Item</strong></span> <span class='ocrx_word' id='word_1_216' title='bbox 2942 1343 3092 1411; x_wconf 83' lang='lat' dir='ltr'><strong>apud</strong></span> <span class='ocrx_word' id='word_1_217' title='bbox 3133 1343 3323 1396; x_wconf 88' lang='lat' dir='ltr'><strong>concil.</strong></span> <span class='ocrx_word' id='word_1_218' title='bbox 3351 1341 3682 1395; x_wconf 76' lang='lat' dir='ltr'><strong>Chalcedon.</strong></span> 
     </span>
    </p>
   </div>
   <div class='ocr_carea' id='block_1_34' title="bbox 2043 1411 3683 1538">
    <p class='ocr_par' dir='ltr' id='par_1_34' title="bbox 2043 1411 3683 1538">
     <span class='ocr_line' id='line_1_35' title="bbox 2043 1411 3683 1538; baseline -0.002 -69"><span class='ocrx_word' id='word_1_219' title='bbox 2043 1420 2151 1495; x_wconf 76' lang='lat' dir='ltr'><strong>act.</strong></span> <span class='ocrx_word' id='word_1_220' title='bbox 2192 1412 2266 1538; x_wconf 53' lang='lat'><strong>4.2</strong></span> <span class='ocrx_word' id='word_1_221' title='bbox 2306 1413 2444 1495; x_wconf 77' lang='lat' dir='ltr'><strong>Vide</strong></span> <span class='ocrx_word' id='word_1_222' title='bbox 2486 1415 2723 1495; x_wconf 77' lang='lat' dir='ltr'><strong>insuper</strong></span> <span class='ocrx_word' id='word_1_223' title='bbox 2749 1415 2803 1468; x_wconf 89' lang='lat' dir='ltr'><strong>S.</strong></span> <span class='ocrx_word' id='word_1_224' title='bbox 2859 1413 3138 1495; x_wconf 74' lang='lat' dir='ltr'><strong>Cyrillum</strong></span> <span class='ocrx_word' id='word_1_225' title='bbox 3192 1413 3260 1467; x_wconf 91' lang='lat' dir='ltr'><strong>ad</strong></span> <span class='ocrx_word' id='word_1_226' title='bbox 3313 1411 3683 1468; x_wconf 79' lang='lat' dir='ltr'><strong>Alexandria.</strong></span> 
     </span>
     <span class='ocr_line' id='line_1_36' title="bbox 2045 1480 3575 1538; baseline -0.001 0"><span class='ocrx_word' id='word_1_227' title='bbox 2045 1499 2103 1538; x_wconf 82' lang='lat' dir='ltr'><strong>In</strong></span> <span class='ocrx_word' id='word_1_228' title='bbox 2125 1485 2242 1538; x_wconf 80' lang='lat' dir='ltr'><strong>Ano</strong></span> <span class='ocrx_word' id='word_1_229' title='bbox 2269 1497 2441 1538; x_wconf 67' lang='lat' dir='ltr'><strong>ocra:</strong></span> <span class='ocrx_word' id='word_1_230' title='bbox 2472 1492 2528 1538; x_wconf 91' lang='lat' dir='ltr'><strong>et</strong></span> <span class='ocrx_word' id='word_1_231' title='bbox 2568 1485 2826 1538; x_wconf 81' lang='lat' dir='ltr'><strong>Vincent.</strong></span> <span class='ocrx_word' id='word_1_232' title='bbox 2861 1484 3046 1538; x_wconf 69' lang='grc' dir='ltr'><strong>ιιι-ιη.</strong></span> <span class='ocrx_word' id='word_1_233' title='bbox 3078 1484 3204 1538; x_wconf 87' lang='lat' dir='ltr'><strong>adv.</strong></span> <span class='ocrx_word' id='word_1_234' title='bbox 3231 1484 3375 1537; x_wconf 65' lang='lat' dir='ltr'><strong>Hier.</strong></span> <span class='ocrx_word' id='word_1_235' title='bbox 3408 1498 3459 1537; x_wconf 91' lang='lat' dir='ltr'><strong>c.</strong></span> <span class='ocrx_word' id='word_1_236' title='bbox 3487 1480 3575 1537; x_wconf 92' lang='grc'><strong>42.</strong></span> 
     </span>
    </p>
   </div>
   <div class='ocr_carea' id='block_1_35' title="bbox 2045 1480 3575 1553">
    <p class='ocr_par' dir='ltr' id='par_1_35' title="bbox 2045 1480 3575 1553">
     <span class='ocr_line' id='line_1_37' title="bbox 2045 1480 3575 1553; baseline -0.001 -14"><span class='ocrx_word' id='word_1_237' title='bbox 2045 1486 2103 1539; x_wconf 92' lang='lat' dir='ltr'><strong>in</strong></span> <span class='ocrx_word' id='word_1_238' title='bbox 2125 1480 2441 1553; x_wconf 77' lang='lat' dir='ltr'><strong>Apologia;</strong></span> <span class='ocrx_word' id='word_1_239' title='bbox 2472 1492 2528 1539; x_wconf 93' lang='lat' dir='ltr'><strong>et</strong></span> <span class='ocrx_word' id='word_1_240' title='bbox 2568 1480 2826 1539; x_wconf 89' lang='lat' dir='ltr'><strong>Vincent.</strong></span> <span class='ocrx_word' id='word_1_241' title='bbox 2861 1480 3046 1538; x_wconf 82' lang='lat' dir='ltr'><strong>Lirin.</strong></span> <span class='ocrx_word' id='word_1_242' title='bbox 3078 1484 3204 1539; x_wconf 87' lang='lat' dir='ltr'><strong>adv.</strong></span> <span class='ocrx_word' id='word_1_243' title='bbox 3231 1484 3375 1537; x_wconf 65' lang='lat' dir='ltr'><strong>Hier.</strong></span> <span class='ocrx_word' id='word_1_244' title='bbox 3408 1498 3459 1537; x_wconf 91' lang='lat' dir='ltr'><strong>c.</strong></span> <span class='ocrx_word' id='word_1_245' title='bbox 3487 1480 3575 1537; x_wconf 92' lang='grc'><strong>42.</strong></span> 
     </span>
    </p>
   </div>
   <div class='ocr_carea' id='block_1_36' title="bbox 2116 1556 3690 1622">
    <p class='ocr_par' dir='ltr' id='par_1_36' title="bbox 2116 1556 3690 1622">
     <span class='ocr_line' id='line_1_38' title="bbox 2116 1556 3690 1622; baseline -0.002 -14"><span class='ocrx_word' id='word_1_246' title='bbox 2116 1557 2284 1609; x_wconf 84' lang='lat' dir='ltr'><strong>Linea</strong></span> <span class='ocrx_word' id='word_1_247' title='bbox 2318 1556 2370 1608; x_wconf 87' lang='grc'><strong>4.</strong></span> <span class='ocrx_word' id='word_1_248' title='bbox 2418 1584 2490 1594; x_wconf 94' lang='lat'><strong><em>—</em></strong></span> <span class='ocrx_word' id='word_1_249' title='bbox 2526 1556 2629 1608; x_wconf 78' lang='lat' dir='ltr'><strong>Hic</strong></span> <span class='ocrx_word' id='word_1_250' title='bbox 2674 1557 2955 1609; x_wconf 79' lang='lat' dir='ltr'><strong>constituit</strong></span> <span class='ocrx_word' id='word_1_251' title='bbox 3020 1570 3184 1622; x_wconf 83' lang='lat' dir='ltr'><strong>super</strong></span> <span class='ocrx_word' id='word_1_252' title='bbox 3229 1556 3480 1622; x_wconf 61' lang='lat' dir='ltr'><strong>sepulcra</strong></span> <span class='ocrx_word' id='word_1_253' title='bbox 3530 1568 3690 1607; x_wconf 82' lang='lat' dir='ltr'><strong>mar—</strong></span> 
     </span>
    </p>
   </div>
   <div class='ocr_carea' id='block_1_37' title="bbox 2042 1571 3688 1693">
    <p class='ocr_par' dir='ltr' id='par_1_37' title="bbox 2042 1571 3688 1693">
     <span class='ocr_line' id='line_1_39' title="bbox 2116 1571 3688 1622; baseline -0.002 -14"><span class='ocrx_word' id='word_1_254' title='bbox 2116 1571 2284 1609; x_wconf 76' lang='lat' dir='ltr'><strong>Ltnea</strong></span> <span class='ocrx_word' id='word_1_255' title='bbox 2318 1571 2370 1608; x_wconf 74' lang='grc'><strong>4.</strong></span> <span class='ocrx_word' id='word_1_256' title='bbox 2418 1584 2490 1594; x_wconf 94' lang='lat'><strong><em>—</em></strong></span> <span class='ocrx_word' id='word_1_257' title='bbox 2526 1571 2629 1608; x_wconf 85' lang='lat' dir='ltr'><strong>mc</strong></span> <span class='ocrx_word' id='word_1_258' title='bbox 2674 1571 2955 1609; x_wconf 79' lang='lat' dir='ltr'><strong>consmuzt</strong></span> <span class='ocrx_word' id='word_1_259' title='bbox 3020 1571 3084 1608; x_wconf 91' lang='lat' dir='ltr'><strong>su</strong></span> <span class='ocrx_word' id='word_1_260' title='bbox 3125 1571 3184 1608; x_wconf 85' lang='lat' dir='ltr'><strong>er</strong></span> <span class='ocrx_word' id='word_1_261' title='bbox 3229 1571 3480 1622; x_wconf 66' lang='lat' dir='ltr'><strong>sepulcra</strong></span> <span class='ocrx_word' id='word_1_262' title='bbox 3530 1571 3688 1607; x_wconf 83' lang='lat' dir='ltr'><strong>mar-</strong></span> 
     </span>
     <span class='ocr_line' id='line_1_40' title="bbox 2042 1571 3688 1693; baseline -0.002 -15"><span class='ocrx_word' id='word_1_263' title='bbox 2042 1630 2222 1693; x_wconf 83' lang='lat' dir='ltr'><strong>tyrum</strong></span> <span class='ocrx_word' id='word_1_264' title='bbox 2274 1628 2468 1678; x_wconf 82' lang='lat' dir='ltr'><strong>missas</strong></span> <span class='ocrx_word' id='word_1_265' title='bbox 2535 1626 2814 1679; x_wconf 84' lang='lat' dir='ltr'><strong>celebrari.</strong></span> <span class='ocrx_word' id='word_1_266' title='bbox 2884 1624 3032 1680; x_wconf 88' lang='lat' dir='ltr'><strong>Usus</strong></span> <span class='ocrx_word' id='word_1_267' title='bbox 3086 1571 3178 1679; x_wconf 59' lang='lat' dir='ltr'><strong>Eic</strong></span> <span class='ocrx_word' id='word_1_268' title='bbox 3228 1638 3300 1679; x_wconf 81' lang='lat' dir='ltr'><strong>ex</strong></span> <span class='ocrx_word' id='word_1_269' title='bbox 3374 1623 3688 1679; x_wconf 69' lang='lat' dir='ltr'><strong>traditione.</strong></span> 
     </span>
    </p>
   </div>
   <div class='ocr_carea' id='block_1_38' title="bbox 2038 1696 3690 1766">
    <p class='ocr_par' dir='ltr' id='par_1_38' title="bbox 2038 1696 3690 1766">
     <span class='ocr_line' id='line_1_41' title="bbox 2038 1696 3690 1766; baseline -0.001 -16"><span class='ocrx_word' id='word_1_270' title='bbox 2038 1696 2354 1766; x_wconf 87' lang='lat' dir='ltr'><strong>apostolica</strong></span> <span class='ocrx_word' id='word_1_271' title='bbox 2409 1696 2723 1763; x_wconf 82' lang='lat' dir='ltr'><strong>descendit,</strong></span> <span class='ocrx_word' id='word_1_272' title='bbox 2764 1696 3243 1766; x_wconf 85' lang='lat' dir='ltr'><strong>quemadmodum</strong></span> <span class='ocrx_word' id='word_1_273' title='bbox 3283 1696 3690 1766; x_wconf 83' lang='lat' dir='ltr'><strong>cognoscimus</strong></span> 
     </span>
    </p>
   </div>
   <div class='ocr_carea' id='block_1_39' title="bbox 351 1765 3679 1857">
    <p class='ocr_par' dir='ltr' id='par_1_39' title="bbox 351 1765 3679 1857">
     <span class='ocr_line' id='line_1_42' title="bbox 351 1765 3679 1857; baseline -0.003 -30"><span class='ocrx_word' id='word_1_274' title='bbox 351 1772 527 1857; x_wconf 43' lang='lat' dir='ltr'><strong>Felix‘</strong></span> <span class='ocrx_word' id='word_1_275' title='bbox 563 1783 706 1857; x_wconf 69' lang='lat' dir='ltr'><strong>papa</strong></span> <span class='ocrx_word' id='word_1_276' title='bbox 764 1769 1021 1857; x_wconf 41' lang='lat' dir='ltr'><strong>scripsit.</strong></span> <span class='ocrx_word' id='word_1_277' title='bbox 1061 1770 1363 1857; x_wconf 79' lang='lat' dir='ltr'><strong>epistolam</strong></span> <span class='ocrx_word' id='word_1_278' title='bbox 1410 1769 1689 1857; x_wconf 57' lang='lat' dir='ltr'><strong>adversus</strong></span> <span class='ocrx_word' id='word_1_279' title='bbox 1744 1769 1929 1852; x_wconf 69' lang='lat' dir='ltr'><strong>haere-</strong></span> <span class='ocrx_word' id='word_1_280' title='bbox 1962 1798 2010 1857; x_wconf 80' lang='grc' dir='ltr'>Β</span> <span class='ocrx_word' id='word_1_281' title='bbox 2038 1767 2221 1857; x_wconf 37' lang='grc' dir='ltr'><strong>εξ.</strong></span> <span class='ocrx_word' id='word_1_282' title='bbox 2243 1780 2368 1857; x_wconf 52' lang='grc' dir='ltr'><strong>ᾳξιξε</strong></span> <span class='ocrx_word' id='word_1_283' title='bbox 2393 1767 2637 1857; x_wconf 68' lang='lat' dir='ltr'><strong>Joannes</strong></span> <span class='ocrx_word' id='word_1_284' title='bbox 2668 1766 2727 1857; x_wconf 75' lang='lat' dir='ltr'><strong>in</strong></span> <span class='ocrx_word' id='word_1_285' title='bbox 2748 1765 3428 1857; x_wconf 40' lang='lat' dir='ltr'><strong>Apocalypsipers‘cri‘bit</strong></span> <span class='ocrx_word' id='word_1_286' title='bbox 3448 1779 3572 1834; x_wconf 88' lang='lat' dir='ltr'><strong>cap.</strong></span> <span class='ocrx_word' id='word_1_287' title='bbox 3594 1778 3679 1818; x_wconf 79' lang='lat' dir='ltr'><strong>v1:</strong></span> 
     </span>
    </p>
   </div>
   <div class='ocr_carea' id='block_1_40' title="bbox 277 1840 1926 1903">
    <p class='ocr_par' dir='ltr' id='par_1_40' title="bbox 277 1840 1926 1903">
     <span class='ocr_line' id='line_1_43' title="bbox 277 1840 1926 1903; baseline -0.003 -3"><span class='ocrx_word' id='word_1_288' title='bbox 277 1858 372 1900; x_wconf 89' lang='lat' dir='ltr'><strong>ses</strong></span> <span class='ocrx_word' id='word_1_289' title='bbox 436 1841 695 1903; x_wconf 87' lang='lat' dir='ltr'><strong>Sabellii,</strong></span> <span class='ocrx_word' id='word_1_290' title='bbox 750 1846 805 1895; x_wconf 91' lang='lat' dir='ltr'><strong>et</strong></span> <span class='ocrx_word' id='word_1_291' title='bbox 862 1840 1025 1895; x_wconf 88' lang='lat' dir='ltr'><strong>Pauli</strong></span> <span class='ocrx_word' id='word_1_292' title='bbox 1082 1842 1433 1894; x_wconf 82' lang='lat' dir='ltr'><strong>Samosateni</strong></span> <span class='ocrx_word' id='word_1_293' title='bbox 1486 1840 1555 1894; x_wconf 89' lang='lat' dir='ltr'><strong>ad</strong></span> <span class='ocrx_word' id='word_1_294' title='bbox 1617 1841 1926 1895; x_wconf 85' lang='lat' dir='ltr'><strong>Maximum</strong></span> 
     </span>
    </p>
   </div>
   <div class='ocr_carea' id='block_1_41' title="bbox 275 1910 1926 1983">
    <p class='ocr_par' dir='ltr' id='par_1_41' title="bbox 275 1910 1926 1983">
     <span class='ocr_line' id='line_1_44' title="bbox 275 1910 1926 1983; baseline -0.003 -13"><span class='ocrx_word' id='word_1_295' title='bbox 275 1915 610 1983; x_wconf 88' lang='lat' dir='ltr'><strong>episcopum</strong></span> <span class='ocrx_word' id='word_1_296' title='bbox 661 1919 718 1967; x_wconf 90' lang='lat' dir='ltr'><strong>et</strong></span> <span class='ocrx_word' id='word_1_297' title='bbox 777 1911 1019 1983; x_wconf 15' lang='lat' dir='ltr'><strong>clerum,</strong></span> <span class='ocrx_word' id='word_1_298' title='bbox 1066 1911 1544 1983; x_wconf 85' lang='lat' dir='ltr'><strong>Alexandrinum.</strong></span> <span class='ocrx_word' id='word_1_299' title='bbox 1603 1910 1926 1966; x_wconf 89' lang='lat' dir='ltr'><strong>Concilium</strong></span> 
     </span>
    </p>
   </div>
   <div class='ocr_carea' id='block_1_42' title="bbox 273 1981 1929 2055">
    <p class='ocr_par' dir='ltr' id='par_1_42' title="bbox 273 1981 1929 2055">
     <span class='ocr_line' id='line_1_45' title="bbox 273 1981 1929 2055; baseline -0.002 -14"><span class='ocrx_word' id='word_1_300' title='bbox 273 1981 628 2055; x_wconf 35' lang='lat' dir='ltr'><strong>E‘phesinum</strong></span> <span class='ocrx_word' id='word_1_301' title='bbox 677 1990 733 2037; x_wconf 93' lang='lat' dir='ltr'><strong>et</strong></span> <span class='ocrx_word' id='word_1_302' title='bbox 782 1981 1240 2037; x_wconf 83' lang='lat' dir='ltr'><strong>Chalcedonense</strong></span> <span class='ocrx_word' id='word_1_303' title='bbox 1289 1982 1456 2037; x_wconf 91' lang='lat' dir='ltr'><strong>nobis</strong></span> <span class='ocrx_word' id='word_1_304' title='bbox 1507 1989 1929 2051; x_wconf 63' lang='lat' dir='ltr'><strong>praservarunt</strong></span> 
     </span>
    </p>
   </div>
   <div class='ocr_carea' id='block_1_43' title="bbox 1234 2323 1558 2397">
    <p class='ocr_par' dir='ltr' id='par_1_43' title="bbox 1234 2323 1558 2397">
     <span class='ocr_line' id='line_1_46' title="bbox 1234 2323 1558 2397; baseline 0 -4"><span class='ocrx_word' id='word_1_305' title='bbox 1234 2323 1558 2397; x_wconf 84' lang='lat' dir='ltr'><strong>XXVIII.</strong></span> 
     </span>
    </p>
   </div>
   <div class='ocr_carea' id='block_1_44' title="bbox 2045 1838 3686 1905">
    <p class='ocr_par' dir='ltr' id='par_1_44' title="bbox 2045 1838 3686 1905">
     <span class='ocr_line' id='line_1_47' title="bbox 2045 1838 3686 1905; baseline -0.002 -14"><span class='ocrx_word' id='word_1_306' title='bbox 2045 1838 2177 1892; x_wconf 81' lang='lat' dir='ltr'><strong>Vidi</strong></span> <span class='ocrx_word' id='word_1_307' title='bbox 2213 1838 2403 1890; x_wconf 84' lang='lat' dir='ltr'><strong>subtus</strong></span> <span class='ocrx_word' id='word_1_308' title='bbox 2455 1838 2630 1890; x_wconf 85' lang='lat' dir='ltr'><strong>altare</strong></span> <span class='ocrx_word' id='word_1_309' title='bbox 2686 1839 2781 1891; x_wconf 88' lang='lat' dir='ltr'><strong>Dei</strong></span> <span class='ocrx_word' id='word_1_310' title='bbox 2826 1839 3041 1889; x_wconf 88' lang='lat' dir='ltr'><strong>animas</strong></span> <span class='ocrx_word' id='word_1_311' title='bbox 3080 1838 3493 1901; x_wconf 77' lang='lat' dir='ltr'><strong>interfectorum</strong></span> <span class='ocrx_word' id='word_1_312' title='bbox 3541 1850 3686 1905; x_wconf 85' lang='lat' dir='ltr'><strong>pro-</strong></span> 
     </span>
    </p>
   </div>
   <div class='ocr_carea' id='block_1_45' title="bbox 2030 1906 3689 2033">
    <p class='ocr_par' dir='ltr' id='par_1_45' title="bbox 2030 1906 3689 2033">
     <span class='ocr_line' id='line_1_48' title="bbox 2030 1906 3689 2033; baseline -0.002 -71"><span class='ocrx_word' id='word_1_313' title='bbox 2030 1914 2156 2033; x_wconf 56' lang='grc' dir='ltr'><strong>Ῑὲιῗτ</strong></span> <span class='ocrx_word' id='word_1_314' title='bbox 2190 1908 2423 2032; x_wconf 50' lang='grc' dir='ltr'><strong>ἷζενὺιιηι</strong></span> <span class='ocrx_word' id='word_1_315' title='bbox 2463 1909 2579 1973; x_wconf 86' lang='lat' dir='ltr'><strong>Dei,</strong></span> <span class='ocrx_word' id='word_1_316' title='bbox 2610 1912 2661 1961; x_wconf 88' lang='lat' dir='ltr'><strong>et</strong></span> <span class='ocrx_word' id='word_1_317' title='bbox 2688 1913 2912 1977; x_wconf 79' lang='lat' dir='ltr'><strong>propter</strong></span> <span class='ocrx_word' id='word_1_318' title='bbox 2950 1909 3337 1968; x_wconf 84' lang='lat' dir='ltr'><strong>testimonium,</strong></span> <span class='ocrx_word' id='word_1_319' title='bbox 3388 1907 3536 1976; x_wconf 86' lang='lat' dir='ltr'><strong>quod</strong></span> <span class='ocrx_word' id='word_1_320' title='bbox 3578 1906 3689 1959; x_wconf 81' lang='lat' dir='ltr'><strong>ha—</strong></span> 
     </span>
     <span class='ocr_line' id='line_1_49' title="bbox 2076 1995 2258 2033; baseline -0.005 0"><span class='ocrx_word' id='word_1_321' title='bbox 2076 1996 2100 2033; x_wconf 85' lang='lat' dir='ltr'><strong>e</strong></span> <span class='ocrx_word' id='word_1_322' title='bbox 2144 1995 2215 2032; x_wconf 87' lang='lat' dir='ltr'><strong>au</strong></span> <span class='ocrx_word' id='word_1_323' title='bbox 2245 2018 2258 2032; x_wconf 94' lang='lat'><strong>.</strong></span> 
     </span>
    </p>
   </div>
   <div class='ocr_carea' id='block_1_46' title="bbox 1652 2321 2723 2394">
    <p class='ocr_par' dir='ltr' id='par_1_46' title="bbox 1652 2321 2723 2394">
     <span class='ocr_line' id='line_1_50' title="bbox 1652 2321 2723 2394; baseline -0.007 -2"><span class='ocrx_word' id='word_1_324' title='bbox 1652 2323 2028 2394; x_wconf 86' lang='lat' dir='ltr'><strong>SANCTUS</strong></span> <span class='ocrx_word' id='word_1_325' title='bbox 2103 2321 2693 2393; x_wconf 80' lang='lat' dir='ltr'><strong>EUTYCHIANUS</strong></span> <span class='ocrx_word' id='word_1_326' title='bbox 2716 2376 2723 2383; x_wconf 95' lang='lat'><strong>.</strong></span> 
     </span>
    </p>
   </div>
   <div class='ocr_carea' id='block_1_47' title="bbox 1317 2495 2640 2576">
    <p class='ocr_par' dir='ltr' id='par_1_47' title="bbox 1317 2495 2640 2576">
     <span class='ocr_line' id='line_1_51' title="bbox 1317 2495 2640 2576; baseline -0.003 -16"><span class='ocrx_word' id='word_1_327' title='bbox 1317 2518 1493 2563; x_wconf 82' lang='lat' dir='ltr'><strong>ANNO</strong></span> <span class='ocrx_word' id='word_1_328' title='bbox 1538 2516 1798 2561; x_wconf 79' lang='lat' dir='ltr'><strong>CHRISTI</strong></span> <span class='ocrx_word' id='word_1_329' title='bbox 1835 2502 1976 2576; x_wconf 71' lang='lat' dir='ltr'><strong>2T5,</strong></span> <span class='ocrx_word' id='word_1_330' title='bbox 2018 2495 2373 2563; x_wconf 68' lang='lat' dir='ltr'><strong>AuhELIANI</strong></span> <span class='ocrx_word' id='word_1_331' title='bbox 2407 2516 2545 2558; x_wconf 85' lang='lat' dir='ltr'><strong>IMP.</strong></span> <span class='ocrx_word' id='word_1_332' title='bbox 2583 2500 2640 2557; x_wconf 94' lang='lat'><strong>5.</strong></span> 
     </span>
    </p>
   </div>
   <div class='ocr_carea' id='block_1_48' title="bbox 558 2785 3693 2867">
    <p class='ocr_par' dir='ltr' id='par_1_48' title="bbox 558 2785 3693 2867">
     <span class='ocr_line' id='line_1_52' title="bbox 558 2785 3693 2867; baseline 0 -21"><span class='ocrx_word' id='word_1_333' title='bbox 558 2786 691 2848; x_wconf 86' lang='lat'><strong>28.</strong></span> <span class='ocrx_word' id='word_1_334' title='bbox 776 2785 1288 2865; x_wconf 70' lang='lat' dir='ltr'><strong>Eutyckianus,</strong></span> <span class='ocrx_word' id='word_1_335' title='bbox 1343 2788 1622 2850; x_wconf 87' lang='lat' dir='ltr'><strong>natione</strong></span> <span class='ocrx_word' id='word_1_336' title='bbox 1688 2789 1972 2864; x_wconf 82' lang='lat' dir='ltr'><strong>Tuscus,</strong></span> <span class='ocrx_word' id='word_1_337' title='bbox 2046 2804 2127 2848; x_wconf 73' lang='lat' dir='ltr'><strong>ea:</strong></span> <span class='ocrx_word' id='word_1_338' title='bbox 2192 2788 2399 2867; x_wconf 74' lang='lat' dir='ltr'><strong>patre</strong></span> <span class='ocrx_word' id='word_1_339' title='bbox 2458 2786 2758 2865; x_wconf 81' lang='lat' dir='ltr'><strong>Marino,</strong></span> <span class='ocrx_word' id='word_1_340' title='bbox 2807 2786 2889 2848; x_wconf 92' lang='lat' dir='ltr'><strong>de</strong></span> <span class='ocrx_word' id='word_1_341' title='bbox 2954 2785 3227 2849; x_wconf 82' lang='lat' dir='ltr'><strong>civitate</strong></span> <span class='ocrx_word' id='word_1_342' title='bbox 3298 2787 3529 2864; x_wconf 65' lang='lat' dir='ltr'><strong>Lunae,</strong></span> <span class='ocrx_word' id='word_1_343' title='bbox 3594 2803 3693 2847; x_wconf 88' lang='lat' dir='ltr'><strong>se-</strong></span> 
     </span>
    </p>
   </div>
   <div class='ocr_carea' id='block_1_49' title="bbox 482 2880 2418 2963">
    <p class='ocr_par' dir='ltr' id='par_1_49' title="bbox 482 2880 2418 2963">
     <span class='ocr_line' id='line_1_53' title="bbox 482 2880 2418 2963; baseline 0.002 -21"><span class='ocrx_word' id='word_1_344' title='bbox 482 2880 579 2942; x_wconf 86' lang='lat' dir='ltr'><strong>dit</strong></span> <span class='ocrx_word' id='word_1_345' title='bbox 649 2901 860 2945; x_wconf 88' lang='lat' dir='ltr'><strong>anuos</strong></span> <span class='ocrx_word' id='word_1_346' title='bbox 937 2887 1101 2962; x_wconf 90' lang='lat' dir='ltr'><strong>octo,</strong></span> <span class='ocrx_word' id='word_1_347' title='bbox 1183 2898 1444 2945; x_wconf 86' lang='lat' dir='ltr'><strong>menses</strong></span> <span class='ocrx_word' id='word_1_348' title='bbox 1517 2884 1764 2963; x_wconf 87' lang='lat' dir='ltr'><strong>decem,</strong></span> <span class='ocrx_word' id='word_1_349' title='bbox 1829 2883 1970 2946; x_wconf 90' lang='lat' dir='ltr'><strong>dies</strong></span> <span class='ocrx_word' id='word_1_350' title='bbox 2031 2886 2418 2963; x_wconf 67' lang='lat' dir='ltr'><strong>quatuora.</strong></span> 
     </span>
    </p>
   </div>
   <div class='ocr_carea' id='block_1_50' title="bbox 2500 2882 3690 2966">
    <p class='ocr_par' dir='ltr' id='par_1_50' title="bbox 2500 2882 3690 2966">
     <span class='ocr_line' id='line_1_54' title="bbox 2500 2882 3690 2966; baseline -0.001 -18"><span class='ocrx_word' id='word_1_351' title='bbox 2500 2887 2671 2948; x_wconf 82' lang='lat' dir='ltr'><strong>Fuit</strong></span> <span class='ocrx_word' id='word_1_352' title='bbox 2751 2890 2978 2948; x_wconf 87' lang='lat' dir='ltr'><strong>autem</strong></span> <span class='ocrx_word' id='word_1_353' title='bbox 3051 2886 3462 2966; x_wconf 73' lang='lat' dir='ltr'><strong>temporibus</strong></span> <span class='ocrx_word' id='word_1_354' title='bbox 3546 2882 3690 2948; x_wconf 73' lang='lat' dir='ltr'><strong>Au-</strong></span> 
     </span>
    </p>
   </div>
   <div class='ocr_carea' id='block_1_51' title="bbox 477 2978 3689 3063">
    <p class='ocr_par' dir='ltr' id='par_1_51' title="bbox 477 2978 3689 3063">
     <span class='ocr_line' id='line_1_55' title="bbox 477 2978 3689 3063; baseline 0 -24"><span class='ocrx_word' id='word_1_355' title='bbox 477 2978 761 3058; x_wconf 89' lang='lat' dir='ltr'><strong>reliani,</strong></span> <span class='ocrx_word' id='word_1_356' title='bbox 818 2998 860 3044; x_wconf 93' lang='lat' dir='ltr'><strong>a</strong></span> <span class='ocrx_word' id='word_1_357' title='bbox 906 2982 1269 3045; x_wconf 89' lang='lat' dir='ltr'><strong>consulatu</strong></span> <span class='ocrx_word' id='word_1_358' title='bbox 1332 2981 1659 3044; x_wconf 85' lang='lat' dir='ltr'><strong>Aurelini</strong></span> <span class='ocrx_word' id='word_1_359' title='bbox 1697 2983 1892 3044; x_wconf 84' lang='lat' dir='ltr'><strong>tertio</strong></span> <span class='ocrx_word' id='word_1_360' title='bbox 1957 2985 2023 3043; x_wconf 89' lang='lat' dir='ltr'><strong>et</strong></span> <span class='ocrx_word' id='word_1_361' title='bbox 2082 2980 2487 3044; x_wconf 71' lang='lat' dir='ltr'><strong>Marcellini</strong></span> <span class='ocrx_word' id='word_1_362' title='bbox 2542 3000 2752 3063; x_wconf 75' lang='lat' dir='ltr'><strong>usque</strong></span> <span class='ocrx_word' id='word_1_363' title='bbox 2797 2984 2877 3045; x_wconf 90' lang='lat' dir='ltr'><strong>in</strong></span> <span class='ocrx_word' id='word_1_364' title='bbox 2922 2983 3096 3045; x_wconf 85' lang='lat' dir='ltr'><strong>diem</strong></span> <span class='ocrx_word' id='word_1_365' title='bbox 3142 2984 3316 3045; x_wconf 86' lang='lat' dir='ltr'><strong>Idus</strong></span> <span class='ocrx_word' id='word_1_366' title='bbox 3367 2979 3689 3058; x_wconf 74' lang='lat' dir='ltr'><strong>Decemb.,</strong></span> 
     </span>
    </p>
   </div>
   <div class='ocr_carea' id='block_1_52' title="bbox 484 3076 2049 3143">
    <p class='ocr_par' dir='ltr' id='par_1_52' title="bbox 484 3076 2049 3143">
     <span class='ocr_line' id='line_1_56' title="bbox 484 3076 2049 3143; baseline -0.001 -4"><span class='ocrx_word' id='word_1_367' title='bbox 484 3077 658 3140; x_wconf 81' lang='lat' dir='ltr'><strong>Caro</strong></span> <span class='ocrx_word' id='word_1_368' title='bbox 729 3080 1023 3142; x_wconf 87' lang='lat' dir='ltr'><strong>secundo</strong></span> <span class='ocrx_word' id='word_1_369' title='bbox 1084 3084 1150 3143; x_wconf 89' lang='lat' dir='ltr'><strong>et</strong></span> <span class='ocrx_word' id='word_1_370' title='bbox 1221 3080 1477 3143; x_wconf 83' lang='lat' dir='ltr'><strong>Carino</strong></span> <span class='ocrx_word' id='word_1_371' title='bbox 1561 3076 2049 3143; x_wconf 76' lang='lat' dir='ltr'><strong>consulibusb.</strong></span> 
     </span>
    </p>
   </div>
   <div class='ocr_carea' id='block_1_53' title="bbox 2145 3077 3693 3156">
    <p class='ocr_par' dir='ltr' id='par_1_53' title="bbox 2145 3077 3693 3156">
     <span class='ocr_line' id='line_1_57' title="bbox 2145 3077 3693 3156; baseline -0.002 -16"><span class='ocrx_word' id='word_1_372' title='bbox 2145 3080 2284 3140; x_wconf 82' lang='lat' dir='ltr'><strong>Hic</strong></span> <span class='ocrx_word' id='word_1_373' title='bbox 2348 3079 2710 3140; x_wconf 76' lang='lat' dir='ltr'><strong>constituit</strong></span> <span class='ocrx_word' id='word_1_374' title='bbox 2784 3082 2861 3139; x_wconf 89' lang='lat' dir='ltr'><strong>ut</strong></span> <span class='ocrx_word' id='word_1_375' title='bbox 2923 3078 3155 3155; x_wconf 83' lang='lat' dir='ltr'><strong>fruges</strong></span> <span class='ocrx_word' id='word_1_376' title='bbox 3219 3092 3418 3156; x_wconf 87' lang='lat' dir='ltr'><strong>super</strong></span> <span class='ocrx_word' id='word_1_377' title='bbox 3479 3077 3693 3137; x_wconf 87' lang='lat' dir='ltr'><strong>altare</strong></span> 
     </span>
    </p>
   </div>
   <div class='ocr_carea' id='block_1_54' title="bbox 398 3179 3688 3264">
    <p class='ocr_par' dir='ltr' id='par_1_54' title="bbox 398 3179 3688 3264">
     <span class='ocr_line' id='line_1_58' title="bbox 398 3179 3688 3264; baseline 0 -21"><span class='ocrx_word' id='word_1_378' title='bbox 398 3184 436 3243; x_wconf 84' lang='lat'><strong>5</strong></span> <span class='ocrx_word' id='word_1_379' title='bbox 472 3186 763 3263; x_wconf 90' lang='lat' dir='ltr'><strong>tantum,</strong></span> <span class='ocrx_word' id='word_1_380' title='bbox 823 3185 996 3248; x_wconf 74' lang='lat' dir='ltr'><strong>fabae</strong></span> <span class='ocrx_word' id='word_1_381' title='bbox 1073 3189 1138 3250; x_wconf 90' lang='lat' dir='ltr'><strong>et</strong></span> <span class='ocrx_word' id='word_1_382' title='bbox 1202 3205 1351 3249; x_wconf 64' lang='lat' dir='ltr'><strong>uvm</strong></span> <span class='ocrx_word' id='word_1_383' title='bbox 1416 3184 1985 3247; x_wconf 90' lang='lat' dir='ltr'><strong>benedicerentur.</strong></span> <span class='ocrx_word' id='word_1_384' title='bbox 2020 3194 2046 3223; x_wconf 78' lang='grc' dir='ltr'><strong>ο</strong></span> <span class='ocrx_word' id='word_1_385' title='bbox 2107 3184 2248 3245; x_wconf 83' lang='lat' dir='ltr'><strong>Hic</strong></span> <span class='ocrx_word' id='word_1_386' title='bbox 2320 3182 2733 3261; x_wconf 88' lang='lat' dir='ltr'><strong>temporibus</strong></span> <span class='ocrx_word' id='word_1_387' title='bbox 2811 3183 2954 3244; x_wconf 87' lang='lat' dir='ltr'><strong>suis</strong></span> <span class='ocrx_word' id='word_1_388' title='bbox 3012 3200 3146 3264; x_wconf 76' lang='lat' dir='ltr'><strong>per</strong></span> <span class='ocrx_word' id='word_1_389' title='bbox 3207 3182 3474 3244; x_wconf 87' lang='lat' dir='ltr'><strong>diversa</strong></span> <span class='ocrx_word' id='word_1_390' title='bbox 3541 3179 3688 3243; x_wconf 87' lang='lat' dir='ltr'><strong>loca</strong></span> 
     </span>
    </p>
   </div>
   <div class='ocr_carea' id='block_1_55' title="bbox 479 3276 3684 3364">
    <p class='ocr_par' dir='ltr' id='par_1_55' title="bbox 479 3276 3684 3364">
     <span class='ocr_line' id='line_1_59' title="bbox 479 3276 3684 3364; baseline -0.002 -21"><span class='ocrx_word' id='word_1_391' title='bbox 479 3285 808 3346; x_wconf 87' lang='lat' dir='ltr'><strong>trecentos</strong></span> <span class='ocrx_word' id='word_1_392' title='bbox 856 3284 1329 3364; x_wconf 67' lang='lat' dir='ltr'><strong>quadraginta</strong></span> <span class='ocrx_word' id='word_1_393' title='bbox 1384 3283 1551 3344; x_wconf 90' lang='lat' dir='ltr'><strong>duos</strong></span> <span class='ocrx_word' id='word_1_394' title='bbox 1578 3284 1921 3357; x_wconf 68' lang='lat' dir='ltr'><strong>martyres</strong></span> <span class='ocrx_word' id='word_1_395' title='bbox 1949 3296 2158 3339; x_wconf 87' lang='lat' dir='ltr'><strong>manu</strong></span> <span class='ocrx_word' id='word_1_396' title='bbox 2180 3295 2306 3339; x_wconf 90' lang='lat' dir='ltr'><strong>sua</strong></span> <span class='ocrx_word' id='word_1_397' title='bbox 2322 3278 2576 3359; x_wconf 77' lang='lat' dir='ltr'><strong>sepelio</strong></span> <span class='ocrx_word' id='word_1_398' title='bbox 2588 3280 2667 3342; x_wconf 90' lang='lat' dir='ltr'><strong>it.</strong></span> <span class='ocrx_word' id='word_1_399' title='bbox 2694 3279 2722 3320; x_wconf 74' lang='grc' dir='ltr'>ἀ</span> <span class='ocrx_word' id='word_1_400' title='bbox 2747 3279 2870 3353; x_wconf 85' lang='lat' dir='ltr'><strong>Qui</strong></span> <span class='ocrx_word' id='word_1_401' title='bbox 2909 3278 3033 3341; x_wconf 93' lang='lat' dir='ltr'><strong>hoc</strong></span> <span class='ocrx_word' id='word_1_402' title='bbox 3053 3276 3399 3340; x_wconf 88' lang='lat' dir='ltr'><strong>constituit</strong></span> <span class='ocrx_word' id='word_1_403' title='bbox 3434 3280 3512 3339; x_wconf 90' lang='lat' dir='ltr'><strong>ut</strong></span> <span class='ocrx_word' id='word_1_404' title='bbox 3532 3276 3684 3357; x_wconf 89' lang='lat' dir='ltr'><strong>qui-</strong></span> 
     </span>
    </p>
   </div>
   <div class='ocr_carea' id='block_1_56' title="bbox 478 3374 3687 3458">
    <p class='ocr_par' dir='ltr' id='par_1_56' title="bbox 478 3374 3687 3458">
     <span class='ocr_line' id='line_1_60' title="bbox 478 3374 3687 3458; baseline -0.001 -19"><span class='ocrx_word' id='word_1_405' title='bbox 478 3396 742 3457; x_wconf 92' lang='lat' dir='ltr'><strong>cunque</strong></span> <span class='ocrx_word' id='word_1_406' title='bbox 762 3380 1064 3442; x_wconf 87' lang='lat' dir='ltr'><strong>ﬁdelium</strong></span> <span class='ocrx_word' id='word_1_407' title='bbox 1082 3384 1447 3458; x_wconf 85' lang='lat' dir='ltr'><strong>martyrem</strong></span> <span class='ocrx_word' id='word_1_408' title='bbox 1477 3377 1805 3457; x_wconf 87' lang='lat' dir='ltr'><strong>sepeliret,</strong></span> <span class='ocrx_word' id='word_1_409' title='bbox 1834 3376 1981 3437; x_wconf 88' lang='lat' dir='ltr'><strong>sine</strong></span> <span class='ocrx_word' id='word_1_410' title='bbox 2006 3374 2370 3437; x_wconf 87' lang='lat' dir='ltr'><strong>dalmatica</strong></span> <span class='ocrx_word' id='word_1_411' title='bbox 2399 3378 2517 3436; x_wconf 88' lang='lat' dir='ltr'><strong>aut</strong></span> <span class='ocrx_word' id='word_1_412' title='bbox 2544 3375 2797 3438; x_wconf 86' lang='lat' dir='ltr'><strong>colobio</strong></span> <span class='ocrx_word' id='word_1_413' title='bbox 2821 3380 3187 3455; x_wconf 89' lang='lat' dir='ltr'><strong>purpurato</strong></span> <span class='ocrx_word' id='word_1_414' title='bbox 3208 3375 3401 3436; x_wconf 89' lang='lat' dir='ltr'><strong>nulla</strong></span> <span class='ocrx_word' id='word_1_415' title='bbox 3430 3374 3687 3436; x_wconf 86' lang='lat' dir='ltr'><strong>ratione</strong></span> 
     </span>
    </p>
   </div>
   <div class='ocr_carea' id='block_1_57' title="bbox 486 3471 2133 3554">
    <p class='ocr_par' dir='ltr' id='par_1_57' title="bbox 486 3471 2133 3554">
     <span class='ocr_line' id='line_1_61' title="bbox 486 3471 2133 3554; baseline 0 -22"><span class='ocrx_word' id='word_1_416' title='bbox 486 3475 830 3552; x_wconf 89' lang='lat' dir='ltr'><strong>sepeliret;</strong></span> <span class='ocrx_word' id='word_1_417' title='bbox 904 3476 1079 3554; x_wconf 91' lang='lat' dir='ltr'><strong>quod</strong></span> <span class='ocrx_word' id='word_1_418' title='bbox 1141 3479 1367 3537; x_wconf 88' lang='lat' dir='ltr'><strong>tamen</strong></span> <span class='ocrx_word' id='word_1_419' title='bbox 1441 3475 1526 3537; x_wconf 90' lang='lat' dir='ltr'><strong>ad</strong></span> <span class='ocrx_word' id='word_1_420' title='bbox 1611 3473 1923 3537; x_wconf 89' lang='lat' dir='ltr'><strong>notitiam</strong></span> <span class='ocrx_word' id='word_1_421' title='bbox 2004 3471 2133 3534; x_wconf 88' lang='lat' dir='ltr'><strong>sibi</strong></span> 
     </span>
    </p>
   </div>
   <div class='ocr_carea' id='block_1_58' title="bbox 2219 3471 3690 3554">
    <p class='ocr_par' dir='ltr' id='par_1_58' title="bbox 2219 3471 3690 3554">
     <span class='ocr_line' id='line_1_62' title="bbox 2219 3471 3690 3554; baseline -0.001 -21"><span class='ocrx_word' id='word_1_422' title='bbox 2219 3472 2708 3551; x_wconf 85' lang='lat' dir='ltr'><strong>divulgaretur.</strong></span> <span class='ocrx_word' id='word_1_423' title='bbox 2781 3474 2919 3536; x_wconf 79' lang='lat' dir='ltr'><strong>Hic</strong></span> <span class='ocrx_word' id='word_1_424' title='bbox 2990 3471 3158 3554; x_wconf 85' lang='lat' dir='ltr'><strong>fecit</strong></span> <span class='ocrx_word' id='word_1_425' title='bbox 3219 3472 3690 3535; x_wconf 82' lang='lat' dir='ltr'><strong>ordinationes</strong></span> 
     </span>
    </p>
   </div>
   <div class='ocr_carea' id='block_1_59' title="bbox 479 3568 3694 3651">
    <p class='ocr_par' dir='ltr' id='par_1_59' title="bbox 479 3568 3694 3651">
     <span class='ocr_line' id='line_1_63' title="bbox 479 3568 3694 3651; baseline -0 -21"><span class='ocrx_word' id='word_1_426' title='bbox 479 3570 778 3649; x_wconf 73' lang='lat' dir='ltr'><strong>quinque</strong></span> <span class='ocrx_word' id='word_1_427' title='bbox 795 3587 926 3651; x_wconf 75' lang='lat' dir='ltr'><strong>per</strong></span> <span class='ocrx_word' id='word_1_428' title='bbox 953 3589 1239 3634; x_wconf 83' lang='lat' dir='ltr'><strong>mensem</strong></span> <span class='ocrx_word' id='word_1_429' title='bbox 1252 3571 1667 3633; x_wconf 81' lang='lat' dir='ltr'><strong>Decembris:</strong></span> <span class='ocrx_word' id='word_1_430' title='bbox 1696 3570 2124 3651; x_wconf 72' lang='lat' dir='ltr'><strong>presbyteros</strong></span> <span class='ocrx_word' id='word_1_431' title='bbox 2150 3571 2678 3651; x_wconf 72' lang='lat' dir='ltr'><strong>quatuordecim,</strong></span> <span class='ocrx_word' id='word_1_432' title='bbox 2709 3570 3024 3633; x_wconf 82' lang='lat' dir='ltr'><strong>diaconos</strong></span> <span class='ocrx_word' id='word_1_433' title='bbox 3062 3570 3386 3651; x_wconf 78' lang='lat' dir='ltr'><strong>quinque,</strong></span> <span class='ocrx_word' id='word_1_434' title='bbox 3438 3568 3694 3649; x_wconf 77' lang='lat' dir='ltr'><strong>episco-</strong></span> 
     </span>
    </p>
   </div>
   <div class='ocr_carea' id='block_1_60' title="bbox 361 3674 2448 3756">
    <p class='ocr_par' dir='ltr' id='par_1_60' title="bbox 361 3674 2448 3756">
     <span class='ocr_line' id='line_1_64' title="bbox 361 3674 2448 3756; baseline 0.001 -23"><span class='ocrx_word' id='word_1_435' title='bbox 361 3674 433 3733; x_wconf 92' lang='lat'><strong>10</strong></span> <span class='ocrx_word' id='word_1_436' title='bbox 463 3691 592 3755; x_wconf 76' lang='lat' dir='ltr'><strong>pos</strong></span> <span class='ocrx_word' id='word_1_437' title='bbox 656 3694 781 3755; x_wconf 82' lang='lat' dir='ltr'><strong>per</strong></span> <span class='ocrx_word' id='word_1_438' title='bbox 833 3675 1097 3739; x_wconf 85' lang='lat' dir='ltr'><strong>diversa</strong></span> <span class='ocrx_word' id='word_1_439' title='bbox 1165 3677 1310 3741; x_wconf 90' lang='lat' dir='ltr'><strong>loca</strong></span> <span class='ocrx_word' id='word_1_440' title='bbox 1358 3694 1609 3739; x_wconf 71' lang='lat' dir='ltr'><strong>novem.</strong></span> <span class='ocrx_word' id='word_1_441' title='bbox 1680 3676 1994 3756; x_wconf 87' lang='lat' dir='ltr'><strong>Martyrio</strong></span> <span class='ocrx_word' id='word_1_442' title='bbox 2077 3678 2448 3739; x_wconf 88' lang='lat' dir='ltr'><strong>coronatur.</strong></span> 
     </span>
    </p>
   </div>
   <div class='ocr_carea' id='block_1_61' title="bbox 2542 3674 3691 3756">
    <p class='ocr_par' dir='ltr' id='par_1_61' title="bbox 2542 3674 3691 3756">
     <span class='ocr_line' id='line_1_65' title="bbox 2542 3674 3691 3756; baseline -0.001 -20"><span class='ocrx_word' id='word_1_443' title='bbox 2542 3676 2675 3750; x_wconf 80' lang='lat' dir='ltr'><strong>Qui</strong></span> <span class='ocrx_word' id='word_1_444' title='bbox 2762 3675 2971 3738; x_wconf 91' lang='lat' dir='ltr'><strong>etiam</strong></span> <span class='ocrx_word' id='word_1_445' title='bbox 3039 3675 3356 3756; x_wconf 81' lang='lat' dir='ltr'><strong>sepultus</strong></span> <span class='ocrx_word' id='word_1_446' title='bbox 3434 3678 3535 3737; x_wconf 90' lang='lat' dir='ltr'><strong>est</strong></span> <span class='ocrx_word' id='word_1_447' title='bbox 3610 3674 3691 3736; x_wconf 88' lang='lat' dir='ltr'><strong>in</strong></span> 
     </span>
    </p>
   </div>
   <div class='ocr_carea' id='block_1_62' title="bbox 477 3770 3694 3855">
    <p class='ocr_par' dir='ltr' id='par_1_62' title="bbox 477 3770 3694 3855">
     <span class='ocr_line' id='line_1_66' title="bbox 477 3770 3694 3855; baseline 0.001 -22"><span class='ocrx_word' id='word_1_448' title='bbox 477 3775 836 3836; x_wconf 77' lang='lat' dir='ltr'><strong>cameterio</strong></span> <span class='ocrx_word' id='word_1_449' title='bbox 890 3770 1199 3853; x_wconf 76' lang='lat' dir='ltr'><strong>Caliati,</strong></span> <span class='ocrx_word' id='word_1_450' title='bbox 1259 3776 1378 3838; x_wconf 72' lang='lat' dir='ltr'><strong>eia</strong></span> <span class='ocrx_word' id='word_1_451' title='bbox 1452 3774 1706 3855; x_wconf 72' lang='lat' dir='ltr'><strong>Appia,</strong></span> <span class='ocrx_word' id='word_1_452' title='bbox 1780 3778 2006 3838; x_wconf 71' lang='lat' dir='ltr'><strong>octavo</strong></span> <span class='ocrx_word' id='word_1_453' title='bbox 2056 3774 2412 3838; x_wconf 82' lang='lat' dir='ltr'><strong>Kalendas</strong></span> <span class='ocrx_word' id='word_1_454' title='bbox 2470 3774 2793 3854; x_wconf 66' lang='lat' dir='ltr'><strong>Augusti.</strong></span> <span class='ocrx_word' id='word_1_455' title='bbox 2839 3776 2940 3837; x_wconf 79' lang='lat' dir='ltr'><strong>Et</strong></span> <span class='ocrx_word' id='word_1_456' title='bbox 2986 3774 3278 3837; x_wconf 81' lang='lat' dir='ltr'><strong>cessavit</strong></span> <span class='ocrx_word' id='word_1_457' title='bbox 3340 3773 3694 3855; x_wconf 78' lang='lat' dir='ltr'><strong>episcopa-</strong></span> 
     </span>
    </p>
   </div>
   <div class='ocr_carea' id='block_1_63' title="bbox 477 3870 1406 3952">
    <p class='ocr_par' dir='ltr' id='par_1_63' title="bbox 477 3870 1406 3952">
     <span class='ocr_line' id='line_1_67' title="bbox 477 3870 1406 3952; baseline 0.002 -22"><span class='ocrx_word' id='word_1_458' title='bbox 477 3872 592 3931; x_wconf 90' lang='lat' dir='ltr'><strong>tus</strong></span> <span class='ocrx_word' id='word_1_459' title='bbox 620 3872 765 3933; x_wconf 88' lang='lat' dir='ltr'><strong>dies</strong></span> <span class='ocrx_word' id='word_1_460' title='bbox 790 3870 971 3952; x_wconf 83' lang='lat' dir='ltr'><strong>forte</strong></span> <span class='ocrx_word' id='word_1_461' title='bbox 999 3872 1163 3935; x_wconf 83' lang='lat' dir='ltr'><strong>Kal.</strong></span> <span class='ocrx_word' id='word_1_462' title='bbox 1195 3876 1332 3935; x_wconf 89' lang='lat' dir='ltr'><strong>octo</strong></span> <span class='ocrx_word' id='word_1_463' title='bbox 1363 3881 1406 3932; x_wconf 87' lang='lat'><strong>°.</strong></span> 
     </span>
    </p>
   </div>
   <div class='ocr_carea' id='block_1_64' title="bbox 1435 3998 2535 4062">
    <p class='ocr_par' dir='ltr' id='par_1_64' title="bbox 1435 3998 2535 4062">
     <span class='ocr_line' id='line_1_68' title="bbox 1435 3998 2535 4062; baseline -0.003 -3"><span class='ocrx_word' id='word_1_464' title='bbox 1435 3998 1930 4062; x_wconf 83' lang='lat' dir='ltr'><strong>CATALOGUS</strong></span> <span class='ocrx_word' id='word_1_465' title='bbox 1974 3998 2132 4062; x_wconf 88' lang='lat' dir='ltr'><strong>SUB</strong></span> <span class='ocrx_word' id='word_1_466' title='bbox 2176 3998 2535 4060; x_wconf 85' lang='lat' dir='ltr'><strong>LIBERIO.</strong></span> 
     </span>
    </p>
   </div>
   <div class='ocr_carea' id='block_1_65' title="bbox 357 4108 3685 4192">
    <p class='ocr_par' dir='ltr' id='par_1_65' title="bbox 357 4108 3685 4192">
     <span class='ocr_line' id='line_1_69' title="bbox 357 4108 3685 4192; baseline 0 -21"><span class='ocrx_word' id='word_1_467' title='bbox 357 4111 817 4190; x_wconf 84' lang='lat' dir='ltr'><strong>Eutychianus</strong></span> <span class='ocrx_word' id='word_1_468' title='bbox 865 4113 1064 4174; x_wconf 90' lang='lat' dir='ltr'><strong>annis</strong></span> <span class='ocrx_word' id='word_1_469' title='bbox 1112 4116 1278 4192; x_wconf 89' lang='lat' dir='ltr'><strong>octo,</strong></span> <span class='ocrx_word' id='word_1_470' title='bbox 1326 4112 1672 4175; x_wconf 89' lang='lat' dir='ltr'><strong>mensibus</strong></span> <span class='ocrx_word' id='word_1_471' title='bbox 1710 4113 2045 4190; x_wconf 82' lang='lat' dir='ltr'><strong>undecim,</strong></span> <span class='ocrx_word' id='word_1_472' title='bbox 2102 4111 2338 4175; x_wconf 88' lang='lat' dir='ltr'><strong>diebus</strong></span> <span class='ocrx_word' id='word_1_473' title='bbox 2392 4109 2630 4172; x_wconf 90' lang='lat' dir='ltr'><strong>tribus.</strong></span> <span class='ocrx_word' id='word_1_474' title='bbox 2668 4110 2825 4173; x_wconf 88' lang='lat' dir='ltr'><strong>Fuit</strong></span> <span class='ocrx_word' id='word_1_475' title='bbox 2875 4108 3288 4189; x_wconf 86' lang='lat' dir='ltr'><strong>temporibus</strong></span> <span class='ocrx_word' id='word_1_476' title='bbox 3330 4108 3685 4173; x_wconf 84' lang='lat' dir='ltr'><strong>Aureliani</strong></span> 
     </span>
    </p>
   </div>
   <div class='ocr_carea' id='block_1_66' title="bbox 284 4206 3264 4291">
    <p class='ocr_par' dir='ltr' id='par_1_66' title="bbox 284 4206 3264 4291">
     <span class='ocr_line' id='line_1_70' title="bbox 284 4206 3264 4291; baseline 0.001 -26"><span class='ocrx_word' id='word_1_477' title='bbox 284 4222 380 4283; x_wconf 81' lang='lat' dir='ltr'><strong>In,</strong></span> <span class='ocrx_word' id='word_1_478' title='bbox 413 4210 479 4269; x_wconf 89' lang='lat' dir='ltr'><strong>et</strong></span> <span class='ocrx_word' id='word_1_479' title='bbox 500 4210 899 4290; x_wconf 88' lang='lat' dir='ltr'><strong>Marcellini,</strong></span> <span class='ocrx_word' id='word_1_480' title='bbox 930 4227 1144 4291; x_wconf 92' lang='lat' dir='ltr'><strong>usque</strong></span> <span class='ocrx_word' id='word_1_481' title='bbox 1187 4212 1259 4273; x_wconf 89' lang='lat' dir='ltr'><strong>in</strong></span> <span class='ocrx_word' id='word_1_482' title='bbox 1290 4210 1469 4274; x_wconf 89' lang='lat' dir='ltr'><strong>diem</strong></span> <span class='ocrx_word' id='word_1_483' title='bbox 1495 4229 1564 4272; x_wconf 85' lang='lat' dir='ltr'><strong>1v</strong></span> <span class='ocrx_word' id='word_1_484' title='bbox 1591 4211 1748 4273; x_wconf 89' lang='lat' dir='ltr'><strong>Idus</strong></span> <span class='ocrx_word' id='word_1_485' title='bbox 1778 4209 2182 4288; x_wconf 89' lang='lat' dir='ltr'><strong>Decembris,</strong></span> <span class='ocrx_word' id='word_1_486' title='bbox 2208 4211 2373 4271; x_wconf 92' lang='lat' dir='ltr'><strong>Caro</strong></span> <span class='ocrx_word' id='word_1_487' title='bbox 2401 4225 2448 4270; x_wconf 87' lang='lat' dir='ltr'><strong>II</strong></span> <span class='ocrx_word' id='word_1_488' title='bbox 2481 4211 2547 4271; x_wconf 92' lang='lat' dir='ltr'><strong>et</strong></span> <span class='ocrx_word' id='word_1_489' title='bbox 2578 4207 2818 4271; x_wconf 89' lang='lat' dir='ltr'><strong>Carino</strong></span> <span class='ocrx_word' id='word_1_490' title='bbox 2852 4206 3264 4270; x_wconf 88' lang='lat' dir='ltr'><strong>consulibus.</strong></span> 
     </span>
    </p>
   </div>
   <div class='ocr_carea' id='block_1_67' title="bbox 1450 4352 2525 4400">
    <p class='ocr_par' dir='ltr' id='par_1_67' title="bbox 1450 4352 2525 4400">
     <span class='ocr_line' id='line_1_71' title="bbox 1450 4352 2525 4400; baseline -0.002 -3"><span class='ocrx_word' id='word_1_491' title='bbox 1450 4356 1731 4400; x_wconf 66' lang='lat' dir='ltr'><strong>NOTULE</strong></span> <span class='ocrx_word' id='word_1_492' title='bbox 1756 4353 2174 4397; x_wconf 76' lang='lat' dir='ltr'><strong>MARGINALES</strong></span> <span class='ocrx_word' id='word_1_493' title='bbox 2203 4352 2525 4396; x_wconf 69' lang='lat' dir='ltr'><strong>FABROT’I‘I</strong></span> 
     </span>
    </p>
   </div>
   <div class='ocr_carea' id='block_1_68' title="bbox 348 4456 3694 4535">
    <p class='ocr_par' dir='ltr' id='par_1_68' title="bbox 348 4456 3694 4535">
     <span class='ocr_line' id='line_1_72' title="bbox 348 4456 3694 4535; baseline -0.001 -21"><span class='ocrx_word' id='word_1_494' title='bbox 348 4469 371 4495; x_wconf 77' lang='grc' dir='ltr'>ι</span> <span class='ocrx_word' id='word_1_495' title='bbox 397 4460 458 4526; x_wconf 89' lang='lat' dir='ltr'><strong>B,</strong></span> <span class='ocrx_word' id='word_1_496' title='bbox 492 4473 626 4516; x_wconf 89' lang='lat' dir='ltr'><strong>ann.</strong></span> <span class='ocrx_word' id='word_1_497' title='bbox 663 4459 699 4517; x_wconf 95' lang='lat'><strong>8</strong></span> <span class='ocrx_word' id='word_1_498' title='bbox 728 4467 784 4518; x_wconf 91' lang='lat' dir='ltr'><strong>et</strong></span> <span class='ocrx_word' id='word_1_499' title='bbox 812 4475 987 4518; x_wconf 82' lang='lat' dir='ltr'><strong>mens.</strong></span> <span class='ocrx_word' id='word_1_500' title='bbox 1042 4462 1289 4535; x_wconf 87' lang='lat' dir='ltr'><strong>aliquot.</strong></span> <span class='ocrx_word' id='word_1_501' title='bbox 1312 4460 1348 4514; x_wconf 81' lang='lat' dir='ltr'><strong>.b</strong></span> <span class='ocrx_word' id='word_1_502' title='bbox 1403 4464 1464 4529; x_wconf 93' lang='lat' dir='ltr'><strong>B,</strong></span> <span class='ocrx_word' id='word_1_503' title='bbox 1513 4461 1720 4528; x_wconf 90' lang='lat' dir='ltr'><strong>Taciti,</strong></span> <span class='ocrx_word' id='word_1_504' title='bbox 1754 4460 1946 4529; x_wconf 87' lang='lat' dir='ltr'><strong>Probi,</strong></span> <span class='ocrx_word' id='word_1_505' title='bbox 1974 4466 2031 4516; x_wconf 87' lang='lat' dir='ltr'><strong>et</strong></span> <span class='ocrx_word' id='word_1_506' title='bbox 2061 4461 2212 4526; x_wconf 89' lang='lat' dir='ltr'><strong>Cari,</strong></span> <span class='ocrx_word' id='word_1_507' title='bbox 2241 4474 2273 4516; x_wconf 89' lang='lat' dir='ltr'><strong>a</strong></span> <span class='ocrx_word' id='word_1_508' title='bbox 2303 4460 2459 4516; x_wconf 88' lang='lat' dir='ltr'><strong>Coss.</strong></span> <span class='ocrx_word' id='word_1_509' title='bbox 2493 4459 2685 4515; x_wconf 84' lang='lat' dir='ltr'><strong>Aurel.</strong></span> <span class='ocrx_word' id='word_1_510' title='bbox 2717 4465 2773 4516; x_wconf 85' lang='lat' dir='ltr'><strong>et</strong></span> <span class='ocrx_word' id='word_1_511' title='bbox 2799 4458 3134 4530; x_wconf 90' lang='lat' dir='ltr'><strong>Capitolini,</strong></span> <span class='ocrx_word' id='word_1_512' title='bbox 3171 4458 3239 4514; x_wconf 89' lang='lat' dir='ltr'><strong>ad</strong></span> <span class='ocrx_word' id='word_1_513' title='bbox 3262 4457 3466 4513; x_wconf 88' lang='lat' dir='ltr'><strong>Carum</strong></span> <span class='ocrx_word' id='word_1_514' title='bbox 3497 4460 3554 4512; x_wconf 94' lang='lat' dir='ltr'><strong>et</strong></span> <span class='ocrx_word' id='word_1_515' title='bbox 3580 4456 3694 4511; x_wconf 89' lang='lat' dir='ltr'><strong>Ca-</strong></span> 
     </span>
    </p>
   </div>
   <div class='ocr_carea' id='block_1_69' title="bbox 282 4546 2959 4614">
    <p class='ocr_par' dir='ltr' id='par_1_69' title="bbox 282 4546 2959 4614">
     <span class='ocr_line' id='line_1_73' title="bbox 282 4546 2959 4614; baseline 0.001 -16"><span class='ocrx_word' id='word_1_516' title='bbox 282 4546 535 4603; x_wconf 88' lang='lat' dir='ltr'><strong>rianum.</strong></span> <span class='ocrx_word' id='word_1_517' title='bbox 566 4561 591 4590; x_wconf 76' lang='grc' dir='ltr'><em>ε</em></span> <span class='ocrx_word' id='word_1_518' title='bbox 617 4552 820 4607; x_wconf 86' lang='lat' dir='ltr'><strong>Baron.</strong></span> <span class='ocrx_word' id='word_1_519' title='bbox 854 4553 931 4607; x_wconf 89' lang='lat' dir='ltr'><strong>ad</strong></span> <span class='ocrx_word' id='word_1_520' title='bbox 958 4569 1090 4607; x_wconf 90' lang='lat' dir='ltr'><strong>ann.</strong></span> <span class='ocrx_word' id='word_1_521' title='bbox 1111 4556 1265 4608; x_wconf 89' lang='lat' dir='ltr'><strong>Dom.</strong></span> <span class='ocrx_word' id='word_1_522' title='bbox 1298 4549 1419 4608; x_wconf 79' lang='grc'><strong>404.</strong></span> <span class='ocrx_word' id='word_1_523' title='bbox 1453 4554 1477 4593; x_wconf 81' lang='lat' dir='ltr'><strong>d</strong></span> <span class='ocrx_word' id='word_1_524' title='bbox 1507 4552 1711 4605; x_wconf 89' lang='lat' dir='ltr'><strong>Baron.</strong></span> <span class='ocrx_word' id='word_1_525' title='bbox 1738 4550 1875 4604; x_wconf 82' lang='lat' dir='ltr'><strong>ibid.</strong></span> <span class='ocrx_word' id='word_1_526' title='bbox 1903 4557 1926 4585; x_wconf 82' lang='grc' dir='ltr'><strong>ο</strong></span> <span class='ocrx_word' id='word_1_527' title='bbox 1957 4549 2074 4614; x_wconf 70' lang='lat' dir='ltr'><strong>LIB,</strong></span> <span class='ocrx_word' id='word_1_528' title='bbox 2109 4561 2329 4604; x_wconf 90' lang='lat' dir='ltr'><strong>novem.</strong></span> <span class='ocrx_word' id='word_1_529' title='bbox 2938 4548 2959 4566; x_wconf 76' lang='grc'><strong><em>⁸</em></strong></span> 
     </span>
    </p>
   </div>
   <div class='ocr_carea' id='block_1_70' title="bbox 1583 4664 2381 4727">
    <p class='ocr_par' dir='ltr' id='par_1_70' title="bbox 1583 4664 2381 4727">
     <span class='ocr_line' id='line_1_74' title="bbox 1583 4664 2381 4727; baseline -0.008 0"><span class='ocrx_word' id='word_1_530' title='bbox 1583 4666 1867 4727; x_wconf 75' lang='lat' dir='ltr'><strong>VARIE</strong></span> <span class='ocrx_word' id='word_1_531' title='bbox 1896 4664 2381 4726; x_wconf 89' lang='lat' dir='ltr'><strong>LECTIONES.</strong></span> 
     </span>
    </p>
   </div>
   <div class='ocr_carea' id='block_1_71' title="bbox 563 4772 1658 4842">
    <p class='ocr_par' dir='ltr' id='par_1_71' title="bbox 563 4772 1658 4842">
     <span class='ocr_line' id='line_1_75' title="bbox 563 4772 1658 4842; baseline 0 -16"><span class='ocrx_word' id='word_1_532' title='bbox 563 4772 735 4842; x_wconf 87' lang='lat' dir='ltr'><strong>Apud</strong></span> <span class='ocrx_word' id='word_1_533' title='bbox 760 4775 1075 4829; x_wconf 84' lang='lat' dir='ltr'><strong>Fabrottum</strong></span> <span class='ocrx_word' id='word_1_534' title='bbox 1106 4791 1174 4829; x_wconf 73' lang='lat' dir='ltr'><strong>ea:</strong></span> <span class='ocrx_word' id='word_1_535' title='bbox 1202 4775 1379 4829; x_wconf 86' lang='lat' dir='ltr'><strong>codice</strong></span> <span class='ocrx_word' id='word_1_536' title='bbox 1416 4774 1658 4830; x_wconf 83' lang='lat' dir='ltr'><strong>Freheri.</strong></span> 
     </span>
    </p>
   </div>
   <div class='ocr_carea' id='block_1_72' title="bbox 350 4857 1461 4931">
    <p class='ocr_par' dir='ltr' id='par_1_72' title="bbox 350 4857 1461 4931">
     <span class='ocr_line' id='line_1_76' title="bbox 350 4857 1461 4931; baseline 0.002 -18"><span class='ocrx_word' id='word_1_537' title='bbox 350 4858 511 4913; x_wconf 88' lang='lat' dir='ltr'><strong>Num.</strong></span> <span class='ocrx_word' id='word_1_538' title='bbox 540 4857 629 4927; x_wconf 90' lang='lat'><strong>28,</strong></span> <span class='ocrx_word' id='word_1_539' title='bbox 659 4863 758 4916; x_wconf 81' lang='lat' dir='ltr'><strong>lin.</strong></span> <span class='ocrx_word' id='word_1_540' title='bbox 780 4861 834 4930; x_wconf 87' lang='lat'><strong>5,</strong></span> <span class='ocrx_word' id='word_1_541' title='bbox 866 4864 987 4919; x_wconf 90' lang='lat' dir='ltr'><strong>loca</strong></span> <span class='ocrx_word' id='word_1_542' title='bbox 1024 4860 1129 4917; x_wconf 82' lang='grc'><strong>442</strong></span> <span class='ocrx_word' id='word_1_543' title='bbox 1161 4868 1461 4931; x_wconf 89' lang='lat' dir='ltr'><strong>martyres.</strong></span> 
     </span>
    </p>
   </div>
   <div class='ocr_carea' id='block_1_73' title="bbox 528 4952 1741 5019">
    <p class='ocr_par' dir='ltr' id='par_1_73' title="bbox 528 4952 1741 5019">
     <span class='ocr_line' id='line_1_77' title="bbox 528 4952 1741 5019; baseline -0.001 -14"><span class='ocrx_word' id='word_1_544' title='bbox 528 4952 614 5004; x_wconf 67' lang='lat' dir='ltr'><strong>Em</strong></span> <span class='ocrx_word' id='word_1_545' title='bbox 650 4953 830 5006; x_wconf 87' lang='lat' dir='ltr'><strong>codice</strong></span> <span class='ocrx_word' id='word_1_546' title='bbox 857 4955 1040 5019; x_wconf 84' lang='lat' dir='ltr'><strong>Regio,</strong></span> <span class='ocrx_word' id='word_1_547' title='bbox 1084 4953 1369 5006; x_wconf 77' lang='lat' dir='ltr'><strong>Mazarino</strong></span> <span class='ocrx_word' id='word_1_548' title='bbox 1408 4956 1457 5005; x_wconf 87' lang='lat' dir='ltr'><strong>et</strong></span> <span class='ocrx_word' id='word_1_549' title='bbox 1499 4952 1741 5006; x_wconf 84' lang='lat' dir='ltr'><strong>Thuano.</strong></span> 
     </span>
    </p>
   </div>
   <div class='ocr_carea' id='block_1_74' title="bbox 349 5036 1925 5110">
    <p class='ocr_par' dir='ltr' id='par_1_74' title="bbox 349 5036 1925 5110">
     <span class='ocr_line' id='line_1_78' title="bbox 349 5036 1925 5110; baseline 0.002 -20"><span class='ocrx_word' id='word_1_550' title='bbox 349 5038 480 5092; x_wconf 86' lang='lat' dir='ltr'><strong>Lin.</strong></span> <span class='ocrx_word' id='word_1_551' title='bbox 522 5036 666 5108; x_wconf 62' lang='lat' dir='ltr'><strong>Lex</strong></span> <span class='ocrx_word' id='word_1_552' title='bbox 700 5057 751 5110; x_wconf 92' lang='lat' dir='ltr'><strong>p.</strong></span> <span class='ocrx_word' id='word_1_553' title='bbox 801 5043 1051 5097; x_wconf 83' lang='lat' dir='ltr'><strong>Maximo</strong></span> <span class='ocrx_word' id='word_1_554' title='bbox 1089 5042 1159 5097; x_wconf 93' lang='lat' dir='ltr'><strong>de</strong></span> <span class='ocrx_word' id='word_1_555' title='bbox 1214 5041 1324 5095; x_wconf 91' lang='lat' dir='ltr'><strong>civ.</strong></span> <span class='ocrx_word' id='word_1_556' title='bbox 1380 5042 1569 5109; x_wconf 73' lang='lat' dir='ltr'><strong>Lunae,</strong></span> <span class='ocrx_word' id='word_1_557' title='bbox 1626 5041 1777 5096; x_wconf 90' lang='lat' dir='ltr'><strong>sedit</strong></span> <span class='ocrx_word' id='word_1_558' title='bbox 1832 5054 1925 5094; x_wconf 84' lang='lat' dir='ltr'><strong>an.</strong></span> 
     </span>
    </p>
   </div>
   <div class='ocr_carea' id='block_1_75' title="bbox 281 5110 1929 5181">
    <p class='ocr_par' dir='ltr' id='par_1_75' title="bbox 281 5110 1929 5181">
     <span class='ocr_line' id='line_1_79' title="bbox 281 5110 1929 5181; baseline 0.004 -20"><span class='ocrx_word' id='word_1_559' title='bbox 281 5121 482 5176; x_wconf 91' lang='lat' dir='ltr'><strong>unum,</strong></span> <span class='ocrx_word' id='word_1_560' title='bbox 514 5111 570 5165; x_wconf 88' lang='lat' dir='ltr'><strong>d.</strong></span> <span class='ocrx_word' id='word_1_561' title='bbox 623 5126 820 5167; x_wconf 91' lang='lat' dir='ltr'><strong>unum.</strong></span> <span class='ocrx_word' id='word_1_562' title='bbox 856 5114 953 5166; x_wconf 79' lang='lat' dir='ltr'><strong>lin.</strong></span> <span class='ocrx_word' id='word_1_563' title='bbox 1006 5110 1060 5180; x_wconf 89' lang='lat'><strong>3,</strong></span> <span class='ocrx_word' id='word_1_564' title='bbox 1108 5113 1239 5167; x_wconf 93' lang='lat' dir='ltr'><strong>Dec.</strong></span> <span class='ocrx_word' id='word_1_565' title='bbox 1296 5112 1568 5181; x_wconf 90' lang='lat' dir='ltr'><strong>secundo,</strong></span> <span class='ocrx_word' id='word_1_566' title='bbox 1624 5118 1683 5166; x_wconf 93' lang='lat' dir='ltr'><strong>et</strong></span> <span class='ocrx_word' id='word_1_567' title='bbox 1719 5112 1929 5167; x_wconf 89' lang='lat' dir='ltr'><strong>Carino</strong></span> 
     </span>
    </p>
   </div>
   <div class='ocr_carea' id='block_1_76' title="bbox 275 5183 1927 5248">
    <p class='ocr_par' dir='ltr' id='par_1_76' title="bbox 275 5183 1927 5248">
     <span class='ocr_line' id='line_1_80' title="bbox 275 5183 1927 5248; baseline 0.004 -16"><span class='ocrx_word' id='word_1_568' title='bbox 275 5192 434 5234; x_wconf 84' lang='lat' dir='ltr'><strong>cons.</strong></span> <span class='ocrx_word' id='word_1_569' title='bbox 465 5183 629 5248; x_wconf 78' lang='lat' dir='ltr'><strong>Maz.,</strong></span> <span class='ocrx_word' id='word_1_570' title='bbox 663 5183 808 5238; x_wconf 81' lang='lat' dir='ltr'><strong>Caro</strong></span> <span class='ocrx_word' id='word_1_571' title='bbox 830 5184 1122 5239; x_wconf 92' lang='lat' dir='ltr'><strong>secundus</strong></span> <span class='ocrx_word' id='word_1_572' title='bbox 1158 5184 1361 5238; x_wconf 89' lang='lat' dir='ltr'><strong>etCar.</strong></span> <span class='ocrx_word' id='word_1_573' title='bbox 1395 5196 1550 5238; x_wconf 92' lang='lat' dir='ltr'><strong>cons.</strong></span> <span class='ocrx_word' id='word_1_574' title='bbox 1582 5183 1683 5238; x_wconf 86' lang='lat' dir='ltr'><strong>Hic</strong></span> <span class='ocrx_word' id='word_1_575' title='bbox 1701 5183 1927 5238; x_wconf 85' lang='lat' dir='ltr'><strong>consti-</strong></span> 
     </span>
    </p>
   </div>
   <div class='ocr_carea' id='block_1_77' title="bbox 278 5250 1928 5324">
    <p class='ocr_par' dir='ltr' id='par_1_77' title="bbox 278 5250 1928 5324">
     <span class='ocr_line' id='line_1_81' title="bbox 278 5250 1928 5324; baseline 0.003 -21"><span class='ocrx_word' id='word_1_576' title='bbox 278 5250 412 5304; x_wconf 91' lang='lat' dir='ltr'><strong>tuit.</strong></span> <span class='ocrx_word' id='word_1_577' title='bbox 445 5252 542 5305; x_wconf 88' lang='lat' dir='ltr'><strong>lin.</strong></span> <span class='ocrx_word' id='word_1_578' title='bbox 560 5252 613 5315; x_wconf 83' lang='lat'><strong>8,</strong></span> <span class='ocrx_word' id='word_1_579' title='bbox 632 5254 698 5308; x_wconf 90' lang='lat' dir='ltr'><strong>ad</strong></span> <span class='ocrx_word' id='word_1_580' title='bbox 718 5260 834 5308; x_wconf 87' lang='lat' dir='ltr'><strong>not.</strong></span> <span class='ocrx_word' id='word_1_581' title='bbox 865 5252 1928 5324; x_wconf 72' lang='lat' dir='ltr'><strong>suamdiv.lin.40.novem.quietiam</strong></span> 
     </span>
    </p>
   </div>
   <div class='ocr_carea' id='block_1_78' title="bbox 278 5323 1923 5396">
    <p class='ocr_par' dir='ltr' id='par_1_78' title="bbox 278 5323 1923 5396">
     <span class='ocr_line' id='line_1_82' title="bbox 278 5323 1923 5396; baseline 0.002 -22"><span class='ocrx_word' id='word_1_582' title='bbox 278 5325 554 5392; x_wconf 88' lang='lat' dir='ltr'><strong>martyrio</strong></span> <span class='ocrx_word' id='word_1_583' title='bbox 580 5332 892 5381; x_wconf 88' lang='lat' dir='ltr'><strong>coronatus</strong></span> <span class='ocrx_word' id='word_1_584' title='bbox 912 5332 1020 5395; x_wconf 91' lang='lat' dir='ltr'><strong>est,</strong></span> <span class='ocrx_word' id='word_1_585' title='bbox 1052 5332 1109 5381; x_wconf 91' lang='lat' dir='ltr'><strong>et</strong></span> <span class='ocrx_word' id='word_1_586' title='bbox 1138 5326 1419 5396; x_wconf 89' lang='lat' dir='ltr'><strong>sepultus.</strong></span> <span class='ocrx_word' id='word_1_587' title='bbox 1454 5326 1553 5379; x_wconf 87' lang='lat' dir='ltr'><strong>lin.</strong></span> <span class='ocrx_word' id='word_1_588' title='bbox 1590 5323 1677 5394; x_wconf 74' lang='lat'><strong>42,</strong></span> <span class='ocrx_word' id='word_1_589' title='bbox 1722 5325 1847 5380; x_wconf 89' lang='lat' dir='ltr'><strong>dies</strong></span> <span class='ocrx_word' id='word_1_590' title='bbox 1871 5326 1923 5379; x_wconf 83' lang='lat'><strong>8.</strong></span> 
     </span>
    </p>
   </div>
   <div class='ocr_carea' id='block_1_79' title="bbox 711 5415 1491 5470">
    <p class='ocr_par' dir='ltr' id='par_1_79' title="bbox 711 5415 1491 5470">
     <span class='ocr_line' id='line_1_83' title="bbox 711 5415 1491 5470; baseline 0 -2"><span class='ocrx_word' id='word_1_591' title='bbox 711 5415 799 5467; x_wconf 75' lang='lat' dir='ltr'><strong>Ea:</strong></span> <span class='ocrx_word' id='word_1_592' title='bbox 835 5416 1016 5469; x_wconf 85' lang='lat' dir='ltr'><strong>codice</strong></span> <span class='ocrx_word' id='word_1_593' title='bbox 1050 5417 1272 5470; x_wconf 82' lang='lat' dir='ltr'><strong>Thuano</strong></span> <span class='ocrx_word' id='word_1_594' title='bbox 1298 5416 1491 5469; x_wconf 80' lang='lat' dir='ltr'><strong>altero.</strong></span> 
     </span>
    </p>
   </div>
   <div class='ocr_carea' id='block_1_80' title="bbox 354 5498 1927 5573">
    <p class='ocr_par' dir='ltr' id='par_1_80' title="bbox 354 5498 1927 5573">
     <span class='ocr_line' id='line_1_84' title="bbox 354 5498 1927 5573; baseline 0.002 -18"><span class='ocrx_word' id='word_1_595' title='bbox 354 5500 459 5555; x_wconf 87' lang='lat' dir='ltr'><strong>Lin</strong></span> <span class='ocrx_word' id='word_1_596' title='bbox 505 5498 556 5565; x_wconf 86' lang='grc'>4,</span> <span class='ocrx_word' id='word_1_597' title='bbox 585 5516 695 5556; x_wconf 87' lang='lat' dir='ltr'><strong>scr.</strong></span> <span class='ocrx_word' id='word_1_598' title='bbox 729 5503 921 5567; x_wconf 69' lang='lat' dir='ltr'><strong>Lunae,</strong></span> <span class='ocrx_word' id='word_1_599' title='bbox 956 5505 1107 5558; x_wconf 89' lang='lat' dir='ltr'><strong>sedit</strong></span> <span class='ocrx_word' id='word_1_600' title='bbox 1130 5517 1262 5557; x_wconf 85' lang='lat' dir='ltr'><strong>ann.</strong></span> <span class='ocrx_word' id='word_1_601' title='bbox 1307 5501 1356 5568; x_wconf 93' lang='grc'>4,</span> <span class='ocrx_word' id='word_1_602' title='bbox 1392 5517 1464 5556; x_wconf 93' lang='lat' dir='ltr'><strong>m.</strong></span> <span class='ocrx_word' id='word_1_603' title='bbox 1496 5501 1549 5573; x_wconf 86' lang='grc'>4,</span> <span class='ocrx_word' id='word_1_604' title='bbox 1574 5502 1631 5556; x_wconf 92' lang='lat' dir='ltr'><strong>d.</strong></span> <span class='ocrx_word' id='word_1_605' title='bbox 1663 5500 1718 5556; x_wconf 88' lang='lat'><strong>2.</strong></span> <span class='ocrx_word' id='word_1_606' title='bbox 1744 5503 1840 5555; x_wconf 86' lang='lat' dir='ltr'><strong>lin.</strong></span> <span class='ocrx_word' id='word_1_607' title='bbox 1871 5501 1927 5567; x_wconf 90' lang='lat'><strong>3,</strong></span> 
     </span>
    </p>
   </div>
   <div class='ocr_carea' id='block_1_81' title="bbox 276 5572 1928 5643">
    <p class='ocr_par' dir='ltr' id='par_1_81' title="bbox 276 5572 1928 5643">
     <span class='ocr_line' id='line_1_85' title="bbox 276 5572 1928 5643; baseline -0.003 -11"><span class='ocrx_word' id='word_1_608' title='bbox 276 5573 496 5632; x_wconf 88' lang='lat' dir='ltr'><strong>consul.</strong></span> <span class='ocrx_word' id='word_1_609' title='bbox 531 5573 849 5628; x_wconf 83' lang='lat' dir='ltr'><strong>Aureliani.</strong></span> <span class='ocrx_word' id='word_1_610' title='bbox 886 5576 983 5628; x_wconf 78' lang='lat' dir='ltr'><strong>lin.</strong></span> <span class='ocrx_word' id='word_1_611' title='bbox 1016 5573 1071 5643; x_wconf 84' lang='grc'>5,</span> <span class='ocrx_word' id='word_1_612' title='bbox 1114 5587 1234 5629; x_wconf 70' lang='lat' dir='ltr'><strong>uvae</strong></span> <span class='ocrx_word' id='word_1_613' title='bbox 1260 5573 1543 5628; x_wconf 89' lang='lat' dir='ltr'><strong>benedici.</strong></span> <span class='ocrx_word' id='word_1_614' title='bbox 1578 5574 1679 5626; x_wconf 84' lang='lat' dir='ltr'><strong>lin.</strong></span> <span class='ocrx_word' id='word_1_615' title='bbox 1711 5572 1768 5635; x_wconf 90' lang='lat'><strong>6,</strong></span> <span class='ocrx_word' id='word_1_616' title='bbox 1803 5587 1928 5627; x_wconf 90' lang='lat' dir='ltr'><strong>ma—</strong></span> 
     </span>
    </p>
   </div>
   <div class='ocr_carea' id='block_1_82' title="bbox 280 5643 1925 5715">
    <p class='ocr_par' dir='ltr' id='par_1_82' title="bbox 280 5643 1925 5715">
     <span class='ocr_line' id='line_1_86' title="bbox 280 5643 1925 5715; baseline -0.002 -13"><span class='ocrx_word' id='word_1_617' title='bbox 280 5648 454 5702; x_wconf 91' lang='lat' dir='ltr'><strong>nibus</strong></span> <span class='ocrx_word' id='word_1_618' title='bbox 485 5646 611 5700; x_wconf 90' lang='lat' dir='ltr'><strong>suis</strong></span> <span class='ocrx_word' id='word_1_619' title='bbox 636 5657 752 5713; x_wconf 79' lang='lat' dir='ltr'><strong>sep.</strong></span> <span class='ocrx_word' id='word_1_620' title='bbox 792 5646 869 5697; x_wconf 82' lang='lat' dir='ltr'><strong>lin</strong></span> <span class='ocrx_word' id='word_1_621' title='bbox 904 5646 960 5711; x_wconf 77' lang='grc' dir='ltr'>ὅ,</span> <span class='ocrx_word' id='word_1_622' title='bbox 990 5646 1139 5715; x_wconf 91' lang='lat' dir='ltr'><strong>quod</strong></span> <span class='ocrx_word' id='word_1_623' title='bbox 1166 5650 1204 5699; x_wconf 91' lang='lat' dir='ltr'><strong>t.</strong></span> <span class='ocrx_word' id='word_1_624' title='bbox 1236 5657 1418 5713; x_wconf 92' lang='lat' dir='ltr'><strong>usque</strong></span> <span class='ocrx_word' id='word_1_625' title='bbox 1446 5645 1515 5699; x_wconf 91' lang='lat' dir='ltr'><strong>ad</strong></span> <span class='ocrx_word' id='word_1_626' title='bbox 1541 5651 1660 5715; x_wconf 82' lang='lat' dir='ltr'><strong>not.</strong></span> <span class='ocrx_word' id='word_1_627' title='bbox 1691 5643 1802 5715; x_wconf 93' lang='lat' dir='ltr'><strong>sibi</strong></span> <span class='ocrx_word' id='word_1_628' title='bbox 1828 5644 1925 5699; x_wconf 86' lang='lat' dir='ltr'><strong>de-</strong></span> 
     </span>
    </p>
   </div>
   <div class='ocr_carea' id='block_1_83' title="bbox 276 5713 1929 5789">
    <p class='ocr_par' dir='ltr' id='par_1_83' title="bbox 276 5713 1929 5789">
     <span class='ocr_line' id='line_1_87' title="bbox 276 5713 1929 5789; baseline -0.001 -18"><span class='ocrx_word' id='word_1_629' title='bbox 276 5720 630 5789; x_wconf 75' lang='lat' dir='ltr'><strong>vulgaretur.</strong></span> <span class='ocrx_word' id='word_1_630' title='bbox 665 5716 771 5769; x_wconf 85' lang='lat' dir='ltr'><strong>lin.</strong></span> <span class='ocrx_word' id='word_1_631' title='bbox 810 5715 898 5787; x_wconf 92' lang='grc'>40,</span> <span class='ocrx_word' id='word_1_632' title='bbox 926 5722 984 5772; x_wconf 92' lang='lat' dir='ltr'><strong>et</strong></span> <span class='ocrx_word' id='word_1_633' title='bbox 1001 5713 1276 5786; x_wconf 83' lang='lat' dir='ltr'><strong>martyrio</strong></span> <span class='ocrx_word' id='word_1_634' title='bbox 1298 5729 1415 5771; x_wconf 82' lang='lat' dir='ltr'><strong>cor.</strong></span> <span class='ocrx_word' id='word_1_635' title='bbox 1449 5716 1547 5769; x_wconf 84' lang='lat' dir='ltr'><strong>lin.</strong></span> <span class='ocrx_word' id='word_1_636' title='bbox 1579 5713 1638 5769; x_wconf 89' lang='grc'><strong>44</strong></span> <span class='ocrx_word' id='word_1_637' title='bbox 1677 5722 1729 5770; x_wconf 90' lang='lat' dir='ltr'><strong>et</strong></span> <span class='ocrx_word' id='word_1_638' title='bbox 1753 5714 1838 5785; x_wconf 84' lang='grc'><strong>42,</strong></span> <span class='ocrx_word' id='word_1_639' title='bbox 1871 5721 1929 5770; x_wconf 92' lang='lat' dir='ltr'><strong>et</strong></span> 
     </span>
    </p>
   </div>
   <div class='ocr_carea' id='block_1_84' title="bbox 279 5788 868 5859">
    <p class='ocr_par' dir='ltr' id='par_1_84' title="bbox 279 5788 868 5859">
     <span class='ocr_line' id='line_1_88' title="bbox 279 5788 868 5859; baseline -0.005 -16"><span class='ocrx_word' id='word_1_640' title='bbox 279 5788 422 5846; x_wconf 89' lang='lat' dir='ltr'><strong>cess.</strong></span> <span class='ocrx_word' id='word_1_641' title='bbox 453 5802 544 5859; x_wconf 92' lang='lat' dir='ltr'><strong>ep.</strong></span> <span class='ocrx_word' id='word_1_642' title='bbox 572 5788 698 5843; x_wconf 87' lang='lat' dir='ltr'><strong>dies</strong></span> <span class='ocrx_word' id='word_1_643' title='bbox 723 5794 868 5844; x_wconf 92' lang='lat' dir='ltr'><strong>octo.</strong></span> 
     </span>
    </p>
   </div>
   <div class='ocr_carea' id='block_1_85' title="bbox 1959 4769 2008 4830">
    <p class='ocr_par' dir='ltr' id='par_1_85' title="bbox 1959 4769 2008 4830">
     <span class='ocr_line' id='line_1_89' title="bbox 1959 4769 2008 4830; baseline 0 0"><span class='ocrx_word' id='word_1_644' title='bbox 1959 4769 2008 4830; x_wconf 86' lang='lat' dir='ltr'><strong>C</strong></span> 
     </span>
    </p>
   </div>
   <div class='ocr_carea' id='block_1_86' title="bbox 2304 4764 3412 4839">
    <p class='ocr_par' dir='ltr' id='par_1_86' title="bbox 2304 4764 3412 4839">
     <span class='ocr_line' id='line_1_90' title="bbox 2304 4764 3412 4839; baseline -0.005 -14"><span class='ocrx_word' id='word_1_645' title='bbox 2304 4768 2473 4839; x_wconf 87' lang='lat' dir='ltr'><strong>Apud</strong></span> <span class='ocrx_word' id='word_1_646' title='bbox 2502 4767 2840 4821; x_wconf 82' lang='lat' dir='ltr'><strong>Holsteuium</strong></span> <span class='ocrx_word' id='word_1_647' title='bbox 2868 4770 2920 4819; x_wconf 90' lang='lat' dir='ltr'><strong>et</strong></span> <span class='ocrx_word' id='word_1_648' title='bbox 2946 4764 3412 4820; x_wconf 85' lang='lat' dir='ltr'><strong>Schelestratium.</strong></span> 
     </span>
    </p>
   </div>
   <div class='ocr_carea' id='block_1_87' title="bbox 2109 4853 3688 4921">
    <p class='ocr_par' dir='ltr' id='par_1_87' title="bbox 2109 4853 3688 4921">
     <span class='ocr_line' id='line_1_91' title="bbox 2109 4853 3688 4921; baseline -0.005 -9"><span class='ocrx_word' id='word_1_649' title='bbox 2109 4860 2234 4912; x_wconf 83' lang='lat' dir='ltr'><strong>Lin.</strong></span> <span class='ocrx_word' id='word_1_650' title='bbox 2263 4855 2319 4921; x_wconf 89' lang='lat'><strong>2,</strong></span> <span class='ocrx_word' id='word_1_651' title='bbox 2371 4858 2519 4911; x_wconf 84' lang='lat' dir='ltr'><strong>Flor.</strong></span> <span class='ocrx_word' id='word_1_652' title='bbox 2557 4857 2664 4909; x_wconf 88' lang='lat' dir='ltr'><strong>duo</strong></span> <span class='ocrx_word' id='word_1_653' title='bbox 2695 4859 2745 4908; x_wconf 88' lang='lat' dir='ltr'><strong>et</strong></span> <span class='ocrx_word' id='word_1_654' title='bbox 2796 4853 3033 4919; x_wconf 86' lang='lat' dir='ltr'><strong>Cassin.,</strong></span> <span class='ocrx_word' id='word_1_655' title='bbox 3084 4866 3296 4909; x_wconf 88' lang='lat' dir='ltr'><strong>annum</strong></span> <span class='ocrx_word' id='word_1_656' title='bbox 3341 4867 3378 4920; x_wconf 84' lang='grc' dir='ltr'>ι,</span> <span class='ocrx_word' id='word_1_657' title='bbox 3414 4864 3591 4906; x_wconf 92' lang='lat' dir='ltr'><strong>mens.</strong></span> <span class='ocrx_word' id='word_1_658' title='bbox 3649 4864 3688 4915; x_wconf 92' lang='lat' dir='ltr'><strong>I,</strong></span> 
     </span>
    </p>
   </div>
   <div class='ocr_carea' id='block_1_88' title="bbox 2036 4922 3691 4995">
    <p class='ocr_par' dir='ltr' id='par_1_88' title="bbox 2036 4922 3691 4995">
     <span class='ocr_line' id='line_1_92' title="bbox 2036 4922 3691 4995; baseline -0.005 -12"><span class='ocrx_word' id='word_1_659' title='bbox 2036 4928 2188 4983; x_wconf 89' lang='lat' dir='ltr'><strong>diem</strong></span> <span class='ocrx_word' id='word_1_660' title='bbox 2214 4943 2251 4983; x_wconf 83' lang='grc' dir='ltr'><strong>ι.</strong></span> <span class='ocrx_word' id='word_1_661' title='bbox 2280 4930 2378 4982; x_wconf 81' lang='lat' dir='ltr'><strong>lin.</strong></span> <span class='ocrx_word' id='word_1_662' title='bbox 2401 4925 2452 4991; x_wconf 86' lang='grc'>4,</span> <span class='ocrx_word' id='word_1_663' title='bbox 2482 4930 2607 4982; x_wconf 85' lang='lat' dir='ltr'><strong>Vat.</strong></span> <span class='ocrx_word' id='word_1_664' title='bbox 2623 4968 2637 4995; x_wconf 93' lang='lat'><strong>,</strong></span> <span class='ocrx_word' id='word_1_665' title='bbox 2661 4925 2927 4995; x_wconf 59' lang='lat' dir='ltr'><strong>praecepit</strong></span> <span class='ocrx_word' id='word_1_666' title='bbox 2944 4923 3202 4979; x_wconf 86' lang='lat' dir='ltr'><strong>benedici</strong></span> <span class='ocrx_word' id='word_1_667' title='bbox 3216 4925 3387 4978; x_wconf 85' lang='lat' dir='ltr'><strong>deleto</strong></span> <span class='ocrx_word' id='word_1_668' title='bbox 3405 4929 3468 4978; x_wconf 94' lang='lat' dir='ltr'><strong>ut</strong></span> <span class='ocrx_word' id='word_1_669' title='bbox 3489 4940 3504 4990; x_wconf 87' lang='lat'><strong>;</strong></span> <span class='ocrx_word' id='word_1_670' title='bbox 3518 4922 3691 4995; x_wconf 66' lang='lat' dir='ltr'><strong>juxta</strong></span> 
     </span>
    </p>
   </div>
   <div class='ocr_carea' id='block_1_89' title="bbox 2037 4993 3685 5068">
    <p class='ocr_par' dir='ltr' id='par_1_89' title="bbox 2037 4993 3685 5068">
     <span class='ocr_line' id='line_1_93' title="bbox 2037 4993 3685 5068; baseline -0.004 -15"><span class='ocrx_word' id='word_1_671' title='bbox 2037 5002 2179 5053; x_wconf 81' lang='lat' dir='ltr'><strong>Flor.</strong></span> <span class='ocrx_word' id='word_1_672' title='bbox 2207 5015 2368 5068; x_wconf 85' lang='lat' dir='ltr'><strong>quoq.</strong></span> <span class='ocrx_word' id='word_1_673' title='bbox 2399 5003 2449 5052; x_wconf 83' lang='lat' dir='ltr'><strong>et</strong></span> <span class='ocrx_word' id='word_1_674' title='bbox 2477 4993 2633 5053; x_wconf 83' lang='lat' dir='ltr'><strong>Cass.</strong></span> <span class='ocrx_word' id='word_1_675' title='bbox 2648 4993 2855 5068; x_wconf 25' lang='lat' dir='ltr'><strong>A‘uerba’</strong></span> <span class='ocrx_word' id='word_1_676' title='bbox 2872 4996 2998 5050; x_wconf 86' lang='lat' dir='ltr'><strong>sine</strong></span> <span class='ocrx_word' id='word_1_677' title='bbox 3035 4996 3357 5068; x_wconf 80' lang='lat' dir='ltr'><strong>dalmatica</strong></span> <span class='ocrx_word' id='word_1_678' title='bbox 3397 4993 3685 5068; x_wconf 66' lang='lat' dir='ltr'><strong>sepeliret,</strong></span> 
     </span>
    </p>
   </div>
   <div class='ocr_carea' id='block_1_90' title="bbox 2038 5064 3683 5135">
    <p class='ocr_par' dir='ltr' id='par_1_90' title="bbox 2038 5064 3683 5135">
     <span class='ocr_line' id='line_1_94' title="bbox 2038 5064 3683 5135; baseline -0.005 -10"><span class='ocrx_word' id='word_1_679' title='bbox 2038 5064 2236 5125; x_wconf 71' lang='lat' dir='ltr'><strong>desunt</strong></span> <span class='ocrx_word' id='word_1_680' title='bbox 2256 5064 2483 5125; x_wconf 55' lang='lat' dir='ltr'><strong>in&#39;Vat.</strong></span> <span class='ocrx_word' id='word_1_681' title='bbox 2511 5069 2614 5122; x_wconf 85' lang='lat' dir='ltr'><strong>lin.</strong></span> <span class='ocrx_word' id='word_1_682' title='bbox 2645 5064 2700 5135; x_wconf 88' lang='lat'><strong>7,</strong></span> <span class='ocrx_word' id='word_1_683' title='bbox 2732 5068 2876 5121; x_wconf 88' lang='lat' dir='ltr'><strong>Flor.</strong></span> <span class='ocrx_word' id='word_1_684' title='bbox 2908 5076 2960 5120; x_wconf 86' lang='lat' dir='ltr'><strong>et</strong></span> <span class='ocrx_word' id='word_1_685' title='bbox 2982 5069 3131 5122; x_wconf 85' lang='lat' dir='ltr'><strong>Cass.</strong></span> <span class='ocrx_word' id='word_1_686' title='bbox 3172 5069 3282 5120; x_wconf 87' lang='lat' dir='ltr'><strong>sui.</strong></span> <span class='ocrx_word' id='word_1_687' title='bbox 3318 5067 3420 5119; x_wconf 86' lang='lat' dir='ltr'><strong>lin.</strong></span> <span class='ocrx_word' id='word_1_688' title='bbox 3447 5065 3503 5135; x_wconf 83' lang='lat'><strong>8,</strong></span> <span class='ocrx_word' id='word_1_689' title='bbox 3538 5064 3683 5120; x_wconf 86' lang='lat' dir='ltr'><strong>Flor.</strong></span> 
     </span>
    </p>
   </div>
   <div class='ocr_carea' id='block_1_91' title="bbox 2036 5141 2600 5198">
    <p class='ocr_par' dir='ltr' id='par_1_91' title="bbox 2036 5141 2600 5198">
     <span class='ocr_line' id='line_1_95' title="bbox 2036 5141 2600 5198; baseline -0.005 -3"><span class='ocrx_word' id='word_1_690' title='bbox 2036 5157 2141 5196; x_wconf 90' lang='lat' dir='ltr'><strong>sec.</strong></span> <span class='ocrx_word' id='word_1_691' title='bbox 2172 5141 2425 5198; x_wconf 89' lang='lat' dir='ltr'><strong>ordinat.</strong></span> <span class='ocrx_word' id='word_1_692' title='bbox 2466 5146 2600 5195; x_wconf 89' lang='lat' dir='ltr'><strong>tres.</strong></span> 
     </span>
    </p>
   </div>
   <div class='ocr_carea' id='block_1_92' title="bbox 2381 5242 3369 5317">
    <p class='ocr_par' dir='ltr' id='par_1_92' title="bbox 2381 5242 3369 5317">
     <span class='ocr_line' id='line_1_96' title="bbox 2381 5242 3369 5317; baseline -0.005 -17"><span class='ocrx_word' id='word_1_693' title='bbox 2381 5245 2552 5317; x_wconf 85' lang='lat' dir='ltr'><strong>Apud</strong></span> <span class='ocrx_word' id='word_1_694' title='bbox 2580 5246 2803 5299; x_wconf 87' lang='lat' dir='ltr'><strong>Peniam</strong></span> <span class='ocrx_word' id='word_1_695' title='bbox 2831 5259 2900 5297; x_wconf 74' lang='lat' dir='ltr'><strong>em</strong></span> <span class='ocrx_word' id='word_1_696' title='bbox 2923 5243 3103 5297; x_wconf 87' lang='lat' dir='ltr'><strong>codice</strong></span> <span class='ocrx_word' id='word_1_697' title='bbox 3123 5242 3369 5297; x_wconf 77' lang='lat' dir='ltr'><strong>Caucasi.</strong></span> 
     </span>
    </p>
   </div>
   <div class='ocr_carea' id='block_1_93' title="bbox 2099 5345 3683 5421">
    <p class='ocr_par' dir='ltr' id='par_1_93' title="bbox 2099 5345 3683 5421">
     <span class='ocr_line' id='line_1_97' title="bbox 2099 5345 3683 5421; baseline -0.004 -11"><span class='ocrx_word' id='word_1_698' title='bbox 2099 5358 2224 5410; x_wconf 86' lang='lat' dir='ltr'><strong>Lin.</strong></span> <span class='ocrx_word' id='word_1_699' title='bbox 2252 5354 2307 5421; x_wconf 83' lang='lat'><strong>2,</strong></span> <span class='ocrx_word' id='word_1_700' title='bbox 2358 5354 2511 5409; x_wconf 88' lang='lat' dir='ltr'><strong>sedit</strong></span> <span class='ocrx_word' id='word_1_701' title='bbox 2547 5364 2677 5406; x_wconf 90' lang='lat' dir='ltr'><strong>ann.</strong></span> <span class='ocrx_word' id='word_1_702' title='bbox 2712 5364 2835 5413; x_wconf 84' lang='lat' dir='ltr'><strong>vuI,</strong></span> <span class='ocrx_word' id='word_1_703' title='bbox 2878 5364 2952 5405; x_wconf 94' lang='lat' dir='ltr'><strong>m.</strong></span> <span class='ocrx_word' id='word_1_704' title='bbox 3008 5364 3043 5404; x_wconf 77' lang='grc' dir='ltr'>χ</span> <span class='ocrx_word' id='word_1_705' title='bbox 3072 5348 3278 5421; x_wconf 81' lang='lat' dir='ltr'><strong>diebus</strong></span> <span class='ocrx_word' id='word_1_706' title='bbox 3313 5363 3406 5421; x_wconf 72' lang='lat' dir='ltr'><strong>1v._</strong></span> <span class='ocrx_word' id='word_1_707' title='bbox 3434 5348 3537 5421; x_wconf 62' lang='lat' dir='ltr'><strong>(in.</strong></span> <span class='ocrx_word' id='word_1_708' title='bbox 3567 5345 3622 5414; x_wconf 91' lang='lat'><strong>3,</strong></span> <span class='ocrx_word' id='word_1_709' title='bbox 3649 5361 3683 5403; x_wconf 87' lang='lat' dir='ltr'><strong>a</strong></span> 
     </span>
    </p>
   </div>
   <div class='ocr_carea' id='block_1_94' title="bbox 2039 5416 3690 5488">
    <p class='ocr_par' dir='ltr' id='par_1_94' title="bbox 2039 5416 3690 5488">
     <span class='ocr_line' id='line_1_98' title="bbox 2039 5416 3690 5488; baseline -0.005 -6"><span class='ocrx_word' id='word_1_710' title='bbox 2039 5416 2348 5482; x_wconf 84' lang='lat' dir='ltr'><strong>consulatu</strong></span> <span class='ocrx_word' id='word_1_711' title='bbox 2379 5422 2675 5478; x_wconf 86' lang='lat' dir='ltr'><strong>Aureliani</strong></span> <span class='ocrx_word' id='word_1_712' title='bbox 2712 5436 2773 5476; x_wconf 89' lang='lat' dir='ltr'><strong>III</strong></span> <span class='ocrx_word' id='word_1_713' title='bbox 2796 5428 2852 5476; x_wconf 93' lang='lat' dir='ltr'><strong>et</strong></span> <span class='ocrx_word' id='word_1_714' title='bbox 2882 5420 3224 5476; x_wconf 83' lang='lat' dir='ltr'><strong>Marcellini.</strong></span> <span class='ocrx_word' id='word_1_715' title='bbox 3249 5418 3349 5472; x_wconf 84' lang='lat' dir='ltr'><strong>lin.</strong></span> <span class='ocrx_word' id='word_1_716' title='bbox 3375 5416 3430 5488; x_wconf 87' lang='grc'>5,</span> <span class='ocrx_word' id='word_1_717' title='bbox 3466 5417 3609 5473; x_wconf 68' lang='lat' dir='ltr'><strong>fabae</strong></span> <span class='ocrx_word' id='word_1_718' title='bbox 3632 5425 3690 5473; x_wconf 92' lang='lat' dir='ltr'><strong>et</strong></span> 
     </span>
    </p>
   </div>
   <div class='ocr_carea' id='block_1_95' title="bbox 2040 5490 3689 5562">
    <p class='ocr_par' dir='ltr' id='par_1_95' title="bbox 2040 5490 3689 5562">
     <span class='ocr_line' id='line_1_99' title="bbox 2040 5490 3689 5562; baseline -0.005 -10"><span class='ocrx_word' id='word_1_719' title='bbox 2040 5512 2162 5553; x_wconf 68' lang='lat' dir='ltr'><strong>uva:</strong></span> <span class='ocrx_word' id='word_1_720' title='bbox 2202 5495 2487 5551; x_wconf 89' lang='lat' dir='ltr'><strong>benedici.</strong></span> <span class='ocrx_word' id='word_1_721' title='bbox 2509 5494 2609 5548; x_wconf 88' lang='lat' dir='ltr'><strong>Hic</strong></span> <span class='ocrx_word' id='word_1_722' title='bbox 2636 5492 2993 5562; x_wconf 89' lang='lat' dir='ltr'><strong>temporibus</strong></span> <span class='ocrx_word' id='word_1_723' title='bbox 3015 5490 3429 5562; x_wconf 1' lang='lat' dir='ltr'><strong>suprascriptiys</strong></span> <span class='ocrx_word' id='word_1_724' title='bbox 3457 5502 3556 5558; x_wconf 87' lang='lat' dir='ltr'><strong>per</strong></span> <span class='ocrx_word' id='word_1_725' title='bbox 3587 5490 3689 5545; x_wconf 91' lang='lat' dir='ltr'><strong>di—</strong></span> 
     </span>
    </p>
   </div>
   <div class='ocr_carea' id='block_1_96' title="bbox 2039 5561 3684 5634">
    <p class='ocr_par' dir='ltr' id='par_1_96' title="bbox 2039 5561 3684 5634">
     <span class='ocr_line' id='line_1_100' title="bbox 2039 5561 3684 5634; baseline -0.006 -11"><span class='ocrx_word' id='word_1_726' title='bbox 2039 5581 2199 5623; x_wconf 81' lang='lat' dir='ltr'><strong>versa</strong></span> <span class='ocrx_word' id='word_1_727' title='bbox 2232 5568 2354 5623; x_wconf 93' lang='lat' dir='ltr'><strong>loca</strong></span> <span class='ocrx_word' id='word_1_728' title='bbox 2376 5578 2552 5619; x_wconf 73' lang='lat' dir='ltr'><strong>CCXLI!</strong></span> <span class='ocrx_word' id='word_1_729' title='bbox 2586 5561 2863 5634; x_wconf 88' lang='lat' dir='ltr'><strong>martyres</strong></span> <span class='ocrx_word' id='word_1_730' title='bbox 2897 5576 3066 5617; x_wconf 90' lang='lat' dir='ltr'><strong>manu</strong></span> <span class='ocrx_word' id='word_1_731' title='bbox 3105 5574 3209 5616; x_wconf 92' lang='lat' dir='ltr'><strong>sua</strong></span> <span class='ocrx_word' id='word_1_732' title='bbox 3254 5561 3538 5634; x_wconf 86' lang='lat' dir='ltr'><strong>sepelivit.</strong></span> <span class='ocrx_word' id='word_1_733' title='bbox 3583 5562 3684 5614; x_wconf 83' lang='lat' dir='ltr'><strong>lin.</strong></span> 
     </span>
    </p>
   </div>
   <div class='ocr_carea' id='block_1_97' title="bbox 2035 5632 3686 5708">
    <p class='ocr_par' dir='ltr' id='par_1_97' title="bbox 2035 5632 3686 5708">
     <span class='ocr_line' id='line_1_101' title="bbox 2035 5632 3686 5708; baseline -0.005 -14"><span class='ocrx_word' id='word_1_734' title='bbox 2035 5642 2090 5705; x_wconf 88' lang='lat'><strong>6,</strong></span> <span class='ocrx_word' id='word_1_735' title='bbox 2126 5646 2189 5694; x_wconf 90' lang='lat' dir='ltr'><strong>ut</strong></span> <span class='ocrx_word' id='word_1_736' title='bbox 2219 5639 2552 5708; x_wconf 88' lang='lat' dir='ltr'><strong>quicunque</strong></span> <span class='ocrx_word' id='word_1_737' title='bbox 2576 5636 2645 5691; x_wconf 91' lang='lat' dir='ltr'><strong>de</strong></span> <span class='ocrx_word' id='word_1_738' title='bbox 2669 5632 2922 5690; x_wconf 81' lang='lat' dir='ltr'><strong>ﬁdelium</strong></span> <span class='ocrx_word' id='word_1_739' title='bbox 2949 5634 3318 5708; x_wconf 73' lang='lat' dir='ltr'><strong>(amanuensis</strong></span> <span class='ocrx_word' id='word_1_740' title='bbox 3339 5632 3561 5708; x_wconf 71' lang='lat' dir='ltr'><strong>addidit</strong></span> <span class='ocrx_word' id='word_1_741' title='bbox 3581 5634 3686 5708; x_wconf 82' lang='lat' dir='ltr'><strong>de,</strong></span> 
     </span>
    </p>
   </div>
   <div class='ocr_carea' id='block_1_98' title="bbox 2035 5702 3688 5778">
    <p class='ocr_par' dir='ltr' id='par_1_98' title="bbox 2035 5702 3688 5778">
     <span class='ocr_line' id='line_1_102' title="bbox 2035 5702 3688 5778; baseline -0.004 -13"><span class='ocrx_word' id='word_1_742' title='bbox 2035 5702 2120 5765; x_wconf 73' lang='lat' dir='ltr'><strong>vel</strong></span> <span class='ocrx_word' id='word_1_743' title='bbox 2144 5702 2325 5765; x_wconf 80' lang='lat' dir='ltr'><strong>omisit</strong></span> <span class='ocrx_word' id='word_1_744' title='bbox 2350 5702 2607 5778; x_wconf 82' lang='lat' dir='ltr'><strong>numero)</strong></span> <span class='ocrx_word' id='word_1_745' title='bbox 2630 5714 2801 5778; x_wconf 75' lang='lat' dir='ltr'><strong>ctetu,</strong></span> <span class='ocrx_word' id='word_1_746' title='bbox 2829 5702 3074 5761; x_wconf 87' lang='lat' dir='ltr'><strong>cessavit</strong></span> <span class='ocrx_word' id='word_1_747' title='bbox 3095 5704 3462 5774; x_wconf 87' lang='lat' dir='ltr'><strong>episcopatus</strong></span> <span class='ocrx_word' id='word_1_748' title='bbox 3479 5702 3688 5759; x_wconf 86' lang='lat' dir='ltr'><strong>diebus</strong></span> 
     </span>
    </p>
   </div>
   <div class='ocr_carea' id='block_1_99' title="bbox 2035 5797 2159 5839">
    <p class='ocr_par' dir='ltr' id='par_1_99' title="bbox 2035 5797 2159 5839">
     <span class='ocr_line' id='line_1_103' title="bbox 2035 5797 2159 5839; baseline -0.024 0"><span class='ocrx_word' id='word_1_749' title='bbox 2035 5797 2159 5839; x_wconf 83' lang='lat' dir='ltr'><strong>VIII.</strong></span> 
     </span>
    </p>
   </div>
  </div>
