4072 6176
371 292 508 350 4443

1589 301 1945 358 ANASTASII
2000 305 2539 363 BIBLIOTHECARII

3629 308 3768 366 4444

1679 451 1924 514 NOTE
1954 451 2418 518 VARIORUM.

962 575 1411 632 ALTASERRIE.

443 679 611 752 Linea
634 677 665 734 4
679 718 692 732 .
725 682 850 733 -Η
870 681 918 734 ic
937 683 1219 735 constituit
1239 687 1299 735 ut
1318 685 1510 749 fruges
1530 697 1693 752 super
1710 684 2014 736 oltarctan-

366 753 482 822 tum
509 751 652 816 fabae
693 756 744 803 et
770 767 889 822 una
931 752 1384 806 benedicerentur.
1410 751 1667 808 Instituti
1706 753 2010 822 apostolici

369 818 504 893 fu_it,
542 827 608 875 ut
636 820 1032 893 novaeifruges,
1056 832 1111 877 et
1159 837 1278 878 uvae
1328 831 1580 878 recentes
1625 818 1796 893 super
1833 825 2013 880 altare

367 889 716 964 oﬂ’errentur
732 892 886 948 velut
909 889 1181 962 primitiae
1207 893 1462 964 frugum,
1483 901 1540 950 et
1563 909 1593 949 a
1617 889 2012 951 sacerdotibus

367 960 862 1036 benedicerentur,
910 960 1046 1020 neve
1079 965 1208 1033 mel,
1237 960 1339 1021 aut
1392 966 1498 1030 lac,
1531 967 1615 1020 vel
1642 967 1802 1022 aliud
1831 967 2012 1036 quid-

367 1045 538 1101 quam
595 1032 884 1106 otferatur,
934 1043 1139 1104 praeter
1174 1032 1334 1099 uvas,
1393 1043 1445 1091 et
1489 1036 1683 1106 fruges
1734 1032 2007 1098 recentes.

365 1115 433 1176 ex
455 1116 586 1176 can.
619 1102 656 1158 3
702 1102 1068 1176 Apostgsyn.
1118 1108 1335 1176 Carth.,
1365 1121 1487 1162 can.
1533 1102 1637 1162 46:
1691 1109 1802 1162 sin.
1863 1123 1917 1162 vt
1952 1109 2010 1162 in

363 1173 568 1243 ΤιίιΙΙ..
601 1188 724 1230 can.
754 1172 844 1240 98,
875 1172 1114 1243 57,'can.
1141 1172 1462 1242 Didicimus,
1487 1179 1553 1231 de
1578 1179 1843 1243 Conseer.,
1869 1181 2008 1236 dist.

375 1241 427 1311 4,
461 1250 518 1318 et
543 1247 783 1318 Constit.
817 1241 1086 1318 apos'tol.,
1121 1249 1222 1303 lib.
1275 1263 1404 1311 vm,
1433 1241 1555 1318 cap.
1590 1245 1676 1303 46.
1720 1241 1854 1304 Inde
1886 1263 2012 1304 ma—

365 1315 702 1388 navitritus
721 1315 870 1386 apud
922 1315 1168 1385 Graecos,
1205 1325 1268 1374 ut
1310 1315 1585 1388 fruges—et
1611 1335 1730 1374 uvae
1761 1329 2012 1375 recentes

363 1383 782 1460 benedicentur
809 1402 841 1444 a
875 1383 1201 1457 patriarcha
1221 1391 1329 1443 ΟΡ.
1373 1383 1436 1444 in
1467 1391 1609 1446 festo
1640 1393 2010 1460 Assumptio—

363 1457 458 1528 nis
488 1457 548 1512 B.
611 1461 826 1522 Mariae,
877 1462 938 1514 in
973 1475 1133 1515 sacra
1175 1461 1293 1515 aede
1344 1461 1806 1528 Blachernarum,
1853 1457 2010 1517 teste

364 1527 682 1601 Balsamon.
713 1532 780 1586 ad
813 1531 868 1584 (Ι.
915 1544 1038 1584 can.
1070 1531 1104 1586 3
1143 1532 1364 1599 Apost.,
1397 1539 1452 1586 et
1481 1532 1630 1601 apud
1661 1534 1910 1595 Latinos,
1946 1541 2010 1588 ut

365 1611 488 1653 uvze
541 1599 958 1656 benedicantur
1003 1603 1061 1656 in
1104 1601 1246 1656 festo
1304 1605 1364 1656 ι).
1399 1599 1572 1660 Sixti:
1603 1603 1794 1658 Gloss.
1855 1605 1912 1658 in
1947 1606 2003 1659 d.

363 1681 491 1742 can.
520 1670 842 1726 Didicimus.
872 1675 1068 1742 Itaque
1097 1673 1490 1742 Eutychianus
1533 1688 1643 1728 non
1688 1682 1775 1729 est
1801 1676 2006 1730 dicen-

362 1738 483 1812 dus,
501 1749 705 1797 auctor
735 1745 861 1809 ejus
893 1738 1170 1811 instituti,
1198 1738 1292 1799 sed
1319 1745 1509 1812 potius
1531 1745 1905 1800 instaurator.
1927 1747 2007 1801 Ac

361 1811 525 1866 valde
566 1813 883 1878 probabilis
901 1821 986 1869 est
1015 1811 1342 1883 conjectura
1368 1816 1620 1883 Baronii,
1644 1816 1748 1871 hoc
1777 1818 2010 1872 institu-

362 1885 484 1956 tum
518 1886 819 1952 repetitum
854 1885 924 1939 ab
968 1886 1343 1956 Eutychiano,
1398 1891 1460 1941 ut
1503 1896 1888 1954 apponeretur
1907 1902 2006 1942 er-
2040 1894 2089 1953 Β

363 1953 480 2026 rori
530 1956 994 2026 Manichteorum,
1056 1953 1157 2025 qui
1212 1956 1488 2026 putabant
1529 1953 1725 2012 vinum
1758 1972 1881 2012 esse
1930 1959 2004 2013 fel

362 2023 691 2100 principum
747 2023 1132 2092 tenebrarum,
1185 2023 1241 2082 et
1285 2027 1502 2097 quibus
1549 2029 1745 2100 vinum
1775 2037 2005 2100 gustare

364 2095 732 2168 sacrilegium
760 2103 900 2165 erat,
935 2104 1002 2168 ut
1045 2095 1648 2168 testatur—Augustin.
1701 2095 2001 2155 de'Morib.

363 2165 752 2291 ἒίᾶἷηίίίιέεεοιεη
779 2183 902 2238 cap.
940 2167 1030 2225 26.
1063 2169 1214 2224 Idem
1267 2165 1464 2224 contra
1502 2169 1717 2238 Faust.,
1770 2171 1872 2225 lib.
1907 2185 2001 2240 xx,

362 2249 468 2306 cap
533 2249 620 2291 12.
1819 2289 1824 2294 .

433 2307 606 2363 Linea
634 2307 688 2364 6.
713 2339 786 2350 —-
813 2311 1103 2364 Constituit
1134 2316 1193 2364 ut
1219 2313 1528 2380 quicunque
1573 2311 1818 2378 ﬁdelium
1849 2328 2004 2366 mar-

362 2381 534 2451 tyrem
550 2381 816 2449 sepeliret,
843 2384 958 2435 sine
987 2383 1302 2446 dalmatica,
1331 2390 1430 2435 aut
1452 2382 1650 2435 colobia
1671 2390 2001 2451 purpurato,

359 2449 526 2522 nulla
544 2453 755 2505 ratione
783 2454 1048 2521 sepeliret.
1095 2453 1485 2522 Eutychianus
1513 2449 1718 2508 statuit
1749 2449 1817 2508 ne
1849 2469 2006 2508 mar-

361 2524 453 2588 tyr
482 2520 607 2576 sine
653 2520 961 2578 dalma’tica
1009 2523 1093 2578 vel
1133 2520 1358 2578 colobio
1410 2535 1723 2592 purpurato
1789 2525 2005 2592 sel-neli—

363 2593 688 2665 ret_ur._H_oc
735 2595 1114 2650 constitutum
1155 2603 1241 2649 est
1276 2595 1345 2648 ad
1403 2595 1624 2648 cultum
1668 2601 2000 2665 martyrum,

363 2661 502 2734 quia
525 2662 836 2718 dalmatica
867 2671 986 2718 erat
1031 2665 1208 2718 vestis
1237 2665 1562 2718 communis
1600 2661 2001 2734 episcoporum

361 2731 843 2805 etndiaconorum.
895 2736 1206 2804 Augustin.
1237 2734 1436 2797 Quaest.
1475 2731 1650 2788 Veteri
1689 2731 1851 2804 Test.,
1876 2750 2000 2805 cap.

364 2797 435 2854 46
476 2819 489 2855 :
549 2821 576 2852 α
625 2802 799 2870 Quasi
848 2817 958 2858 non
991 2797 1183 2858 'hodie
1238 2805 1468 2858 diaconi
1523 2797 1848 2861 dalmaticis
1905 2797 2006 2861 iii-

362 2871 648 2944 duantur,
674 2874 830 2928 sicut
857 2875 1134 2944 episcOpi.
1167 2892 1192 2924 ι)
1233 2875 1300 2928 Et
1343 2874 1602 2944 Pontius,
1627 2877 1916 2932 Diaconus
1945 2881 2004 2932 in

369 2943 484 3014 Vit.
521 2943 577 3014 S.
621 2942 906 3013 Cypriani,
937 2942 1086 3006 apud
1115 2945 1351 3000 Surium
1375 2945 1527 3014 Sept.
1583 2942 1684 3000 ii:
1723 2967 1748 2998 α
1779 2950 2000 3004 Etcum

363 3026 424 3090 se
452 3013 767 3090 dalmatica
789 3013 1612 3090 expoliasset.etdiaconibus
1643 3019 1998 3090 tradidisset,

365 3083 424 3138 in
456 3083 607 3158 linea
639 3087 822 3142 stetit.
857 3083 882 3137 i3
929 3087 1172 3143 Pascasii
1209 3088 1440 3142 diaconi
1471 3086 1678 3142 feretro
1720 3091 1847 3158 ejus
1870 3083 2002 3145 dal-l

364 3155 572 3232 matica
612 3158 881 3232 imposita
920 3165 1114 3232 statim
1145 3159 1359 3232 claruit
1393 3158 1719 3232 miraculis.
1750 3155 2000 3232 'Gregor.

359 3226 587 3302 Dialog:
620 3226 722 3283 lib.
758 3244 830 3302 iv,
863 3243 985 3299 cap.
1031 3227 1141 3302 407:7
1197 3249 1223 3280 «
1259 3230 1366 3302 Hic
1391 3231 1584 3300 itaque
1612 3245 1740 3302 cum
1779 3226 2006 3302 tempo-

364 3296 876 3370 ribus’Symmachi
903 3296 1231 3370 apostolicae
1253 3301 1406 3355 sedis
1437 3296 1700 3368 praesulis
1722 3310 1870 3358 esset
1898 3296 2006 3358 de—

362 3365 618 3442 functus,
675 3371 800 3440 ejus
847 3365 1212 3426 dal'maticam
1280 3365 1486 3426 feretro
1560 3375 2003 3442 superpositam,

365 3438 755 3514 daemoniacus
782 3443 994 3514 tetigit,
1025 3443 1339 3514 statimque
1378 3449 1620 3514 sanatus
1638 3438 1754 3499 est}
1791 3465 1815 3492 υ
1851 3438 2008 3500 Mar-'-

361 3513 520 3584 tyr_es_
547 3512 760 3584 sepulti
787 3512 916 3568 cum
947 3513 1253 3568 dalmatica
1303 3513 1387 3567 vel
1434 3515 1659 3569 colobio
1697 3530 2004 3584 purpureo.

363 3580 664 3637 tzolobium
697 3590 820 3639 erat
847 3588 1044 3638 tunica
1093 3585 1220 3638 sine
1250 3585 1516 3651 manicis,
1563 3580 1746 3641 instar
1777 3580 1998 3642 d'alma-

367 3651 518 3726 ticae,
555 3653 769 3710 habens
802 3655 1087 3725 plagulam
1118 3669 1386 3724 purpurae
1429 3663 1706 3722 assutam,
1739 3658 1890 3726 quod
1922 3666 2008 3712 est

363 3723 604 3799 signum
627 3723 851 3781 militiae
880 3723 1128 3794 Christi,
1153 3723 1385 3799 Do’roth.
1417 3728 1670 3782 Doctrin.
1694 3723 1932 3799 4ε³¹1ὒχει
1954 3730 2009 3780 δέ

359 3791 681 3868 ’ςᾲκολόβιον
737 3799 879 3867 ἡμῶν
934 3799 1016 3868 ita!
1063 3791 1264 3866 σήμεῖον
1320 3797 1392 3868 τὶή
1424 3799 1543 3849 ποτέ
1597 3791 1900 3868 πορςίυροῦφζ
1960 3801 2006 3851 τὶ

361 3864 513 3939 θέλει-
537 3865 617 3939 τόΔ
649 3864 850 3937 σημεῖον
880 3865 964 3939 .τό
1006 3864 1312 3939 πορνρυροῦκ
1369 3866 1568 3939 Exacto;
1625 3864 2007 3939 σέράἑευόμενος

361 3940 434 4009 τεῷ
460 3936 684 4009 ’βασιλεῖ
717 3935 995 4006 ⁷πορφὺραν
1071 3935 1176 4008 ἔχεί
1236 3938 1300 3998 εἷς
1360 3935 1417 3990 τὸ
1478 3935 1745 4009 χλαμίδιόν
1814 3935 2001 3992 enimid:

358 4005 536 4059 Habet
566 4012 618 4060 et
657 4005 858 4060 tunicu’
899 4005 1528 4076 Signum'purpureum":
1585 4005 1721 4078 quid
1755 4013 1873 4064 vult
1923 4014 2009 4065 si—

359 4088 528 4140 gnum
577 4083 956 4147 purpureum?
997 4083 1373 4148 unusquisque
1416 4083 1534 4146 regi
1561 4083 1803 4135 militans
1848 4083 2009 4136 habet

355 4159 670 4216 purpuram
716 4151 775 4200 in
804 4150 1086 4216 chlamyde
1129 4166 1252 4203 sua.
1295 4151 1564 4206 Cucullas
1611 4153 2006 4208 Tabennensi-

361 4213 482 4295 bus
503 4214 784 4295 fratribus
819 4213 1096 4288 imposuit
1128 4221 1480 4295 Pachomius
1513 4221 1710 4277 abbas.
1747 4224 2004 4294 insignes

365 4289 564 4364 signa
585 4289 780 4364 crucis
829 4304 1116 4364 purpurae.
1153 4291 1396 4364 Pallad._
1420 4292 1563 4364 Hist.
1598 4295 1838 4349 Lausiac
1872 4289 2004 4364 'cap.

359 4352 432 4431 38
463 4373 475 4408 :
518 4357 671 4420 Τινὰς
709 4352 1320 4431 παυροὗᾟιαπορςρυρίου
1378 4358 1595 4414 ἐκέλευσε
1651 4366 1841 4425 τούτοις
1881 4352 2009 4417 evit-

358 4429 537 4480 τεθαιε
585 4429 841 4486 Cucullas
865 4433 1041 4500 jussit
1093 4429 1169 4486 eis
1223 4435 1448 4502 imponi,
1500 4434 1753 4489 habentes
1801 4451 2008 4490 crucem

355 4514 716 4569 purpuream.

1033 4627 1326 4684 BENCINI.

435 4753 606 4807 Linea
649 4749 704 4808 5.
736 4782 806 4790 —
837 4753 940 4806 Hic
996 4752 1326 4820 temporibus
1349 4755 1465 4806 suis
1486 4769 1588 4822 per
1634 4755 1852 4809 diversa
1891 4758 2006 4811 loca

357 4831 818 4897 martyresmanu
833 4825 1226 4897 suusepeliuit.
1250 4824 1490 4897 Deciana
1510 4828 1854 4897 persecutio,
1879 4844 2006 4897 qua:

359 4895 684 4951 cmmeteria
740 4894 1044 4949 interdixit
1096 4894 1467 4961 Christianis,
1501 4894 1744 4951 forsitan
1776 4894 2003 4955 Occasio

359 4965 568 5034 fuerat,
606 4974 666 5022 ut
695 4973 1009 5035 martyrum
1036 4979 1274 5034 corpora
1306 4966 1522 5035 absque
1555 4967 1751 5022 debito
1793 4971 2005 5025 honore

354 5037 632 5107 jacerent.
663 5037 808 5110 Hinc
841 5043 1031 5110 postea
1057 5037 1112 5092 in
1161 5035 1427 5092 basilicis
1446 5037 1562 5110 jam
1609 5039 1917 5110 restitutis,
1951 5049 2009 5098 et

362 5110 656 5177 parochiis
701 5108 1052 5164 distributas
1079 5115 1390 5178 martyrum
1447 5108 1728 5178 reliquias
1758 5108 2004 5169 solemni

357 5180 738 5236 translatione
767 5180 1026 5248 reposuit
1058 5179 1338 5248 pontifex.
1384 5180 1588 5234 Verum
1631 5182 1680 5235 si
1708 5182 1890 5238 altius
1917 5200 2007 5240 res

359 5259 669 5323 repetatur,
691 5265 821 5306 cum
841 5249 1007 5305 Liber
1032 5249 1385 5323 Pontiﬁcalis
1403 5252 1606 5323 nedum
1632 5259 1785 5321 gesta
1811 5257 2006 5323 ponti-

357 5321 583 5389 ﬁcatus,
609 5323 705 5378 sed
735 5337 860 5393 qua:
891 5327 1304 5392 prmcesserunt
1327 5320 1646 5388 describat,
1666 5320 1856 5379 verbis
1890 5326 2008 5382 illis

355 5393 628 5466 denotare
652 5394 896 5462 videtur,
919 5395 976 5448 in
1002 5393 1246 5466 Deciana
1265 5393 1666 5466 persecutione
1690 5397 2009 5466 Eutychia-

358 5476 490 5517 num
517 5465 575 5518 in
599 5478 830 5537 munere
848 5473 949 5520 aut
969 5463 1300 5534 presbyteri,
1321 5463 1666 5537 autdiaconi
1697 5463 2003 5537 martyrum

356 5542 673 5606 versantem
703 5535 965 5592 laudatos
990 5543 1267 5605 martyres
1297 5535 1573 5604 sepelisse
1603 5554 1615 5588 :
1641 5539 1790 5606 quod
1819 5535 2006 5595 deno-

356 5610 476 5680 tare
503 5605 773 5659 videntur
805 5607 904 5680 illa
948 5609 1136 5674 verba,
1161 5607 1376 5676 quibus
1399 5606 1452 5660 id
1479 5605 1747 5680 explicat,
1779 5611 2000 5680 Euthy-

354 5676 627 5747 chianum
651 5679 975 5742 temporibus
991 5682 1124 5744 suis,
1152 5693 1251 5733 seu
1282 5691 1377 5746 per
1401 5678 1556 5732 varia
1587 5686 1836 5747 tempora
1864 5676 1990 5739 suo-

356 5760 484 5801 rum
525 5743 840 5801 ofﬁciorum
877 5749 992 5804 haec
1027 5743 1386 5818 praestitisse,
1415 5743 1742 5817 sepeliendo
1767 5753 1996 5811 scilicet

356 5818 591 5876 laudata
621 5823 932 5886 martyrum
959 5834 1218 5889 corpora.
1259 5818 1522 5875 Ofﬁcium
1553 5821 2014 5889 ecclesiasticum

2033 3232 2080 3292 Ο
2113 3203 2468 3292 ᾱθξειζίῠεῖηε,
2523 3203 2734 3292 asserit
2791 3216 2896 3292 .eos‘

2034 577 2091 636 A
2123 578 2249 635 illic
2299 582 2637 652 designasse
2659 581 2892 637 Librum
2923 581 3306 638 Pontiﬁcalem
3333 583 3568 638 eruitur
3592 583 3770 638 etiam

2121 665 2189 722 ex
2241 666 2306 707 eo
2346 655 2494 722 quod
2549 654 2826 719 advertat,
2878 669 3046 706 manu
3109 668 3210 706 sua
3267 667 3480 708 munus
3531 655 3773 722 pietatis

2121 721 2338 778 obiisse
2363 721 2378 777 Ξ
2407 723 2655 779 ofﬁcium
2685 737 2820 778 vero
2845 724 3181 794 sepeliendi.
3203 725 3443 778 curandi
3466 721 3772 794 demarty-

2123 807 2247 848 rum
2279 797 2593 859 memoriis,
2629 794 2918 862 reliquiis,
2947 801 3049 850 aut
3099 794 3271 850 rebus
3295 794 3597 850 similibus
3629 810 3769 864 pro-

2125 865 2314 936 prium
2346 873 2469 920 erat
2501 866 2816 936 presbyteri
2847 873 3179 935 martyrum,
3207 866 3290 920 uti
3319 865 3579 933 exemplo
3610 869 3772 920 Ana-

2120 934 2253 989 cleti
2276 937 2556 1006 erigentis
2585 934 2975 1004 apestolorum
3001 934 3335 991 memoriam
3381 951 3559 1004 supra
3591 943 3766 992 nota-

2121 1011 2240 1060 tum
2271 1013 2376 1062 est.
2404 1007 2715 1073 institutio,
2743 1013 2800 1063 et
2819 1021 3030 1062 munus
3053 1007 3156 1062 hoc
3181 1014 3488 1076 martyrum
3526 1007 3767 1077 presby-

2121 1077 2265 1132 teris
2305 1078 2706 1133 demandatum
2773 1084 2895 1133 erat
2959 1077 3121 1138 utile,
3173 1078 3286 1132 imo
3349 1079 3764 1141 necessarium.

2119 1161 2249 1202 cum
2279 1148 2321 1201 ii
2353 1149 2622 1204 intimare
2651 1149 2922 1204 deberent
2949 1149 3239 1218 episcOpis
3262 1157 3426 1203 actus
3451 1150 3760 1206 virtutum.

2124 1231 2250 1290 vera
2283 1220 2546 1289 martyrii
2578 1221 2744 1289 signa
2797 1233 2922 1290 quae
2965 1220 3184 1274 obitum
3239 1226 3667 1287 praecesserant.
3702 1228 3767 1273 ut

2119 1289 2326 1344 deinde
2351 1291 2662 1354 antistites,
2691 1291 2775 1345 vel
2803 1289 3171 1358 promeritum
3193 1290 3762 1346 tribuerenttitulum

2120 1359 2568 1422 cont‘essoribus,
2596 1361 2684 1416 vel
2725 1368 3120 1416 consummato
3153 1363 3426 1430 martyrio
3473 1361 3766 1416 coronatis

2119 1433 2540 1487 venerationem
2567 1433 2954 1496 decernerent,
2979 1438 3031 1486 et
3084 1433 3302 1487 certius
3334 1433 3764 1487 innotescerent

2122 1503 2383 1570 martyrii
2413 1516 2605 1570 causa,
2630 1509 2938 1572 martyrum
2961 1515 3255 1569 numerus,
3277 1509 3334 1557 et
3359 1501 3621 1557 illustres
3637 1516 3767 1572 ago-

2120 1585 2238 1627 nes.
2276 1575 2352 1626 Eo
2375 1574 2460 1628 vel
2497 1574 2759 1635 maxime,
2802 1574 2939 1643 quia
2997 1580 3310 1643 martyrum
3344 1581 3632 1628 certorum
3659 1587 3764 1626 co-

2121 1644 2213 1712 pia
2232 1657 2374 1698 verte
2400 1645 2666 1699 Ecclesia:
2687 1645 2916 1715 signum
2939 1643 3043 1698 hoc
3072 1651 3324 1713 tempore
3345 1644 3757 1712 reputabatur:

2116 1715 2276 1770 Unde
2301 1717 2606 1770 Montanus
2635 1715 2820 1769 sancti
2850 1715 3121 1784 Cypriani
3143 1715 3475 1784 discipulus
3525 1715 3759 1769 haereti-

2117 1799 2239 1840 cam
2274 1788 2606 1852 pravitatem
2635 1785 2939 1855 sugillans,
2967 1795 3364 1855 argumentum
3393 1787 3496 1840 hoc
3526 1785 3763 1840 adhibet

2119 1857 2418 1911 haereticos
2449 1865 2796 1924 contestans,
2827 1863 2890 1910 ut
2926 1857 3010 1909 vel
3033 1857 3100 1909 de
3137 1859 3288 1925 copia
3313 1863 3622 1924 martyrum
3653 1857 3760 1909 Ec—

2116 1929 2292 1982 clesiae
2337 1930 2619 1980 veritatem
2664 1928 3050 1993 intelligerent.
3098 1929 3162 1982 Et
3200 1929 3480 1996 antiquus
3511 1927 3760 1991 scriptor

2115 1999 2264 2068 apud
2294 1998 2604 2053 Eusebium
2631 2011 2968 2068 anonymus,
2994 1997 3100 2052 lib.
3127 2013 3182 2062 v,
3205 2013 3256 2052 c.
3291 1995 3358 2052 46
3379 1999 3436 2052 in
3468 1998 3602 2064 fine,
3624 1999 3758 2053 dum

2119 2070 2417 2124 haereticos
2433 2083 2595 2138 aaquo
2613 2069 2732 2123 zelo
2753 2069 3090 2138 proscindit,
3123 2069 3238 2123 haec
3263 2069 3332 2124 de
3357 2069 3758 2124 haereticorum

2117 2141 2208 2194 sui
2231 2141 2504 2208 temporis
2527 2139 2816 2194 moribus:
2851 2160 2876 2190 (ι
2902 2141 3203 2208 Postquam
3228 2141 3434 2195 veroiu
3463 2139 3756 2204 omnibus,

2117 2225 2242 2280 quae
2263 2225 2440 2279 supra
2457 2211 2906 2280 posuiconvicti,
2925 2211 3075 2264 nihil
3094 2210 3320 2267 habent.
3347 2212 3495 2280 quod
3516 2224 3762 2280 reSpon—

2113 2279 2306 2341 deant,
2339 2281 2406 2336 ad
2451 2279 2725 2351 martyres
2765 2279 3071 2352 confugere
3101 2279 3383 2336 conantur
3411 2300 3423 2335 :
3457 2282 3758 2336 atterentes

2116 2354 2330 2407 multos
2363 2365 2423 2406 se
2477 2361 2751 2422 martyres
2797 2352 3157 2406 habere.....
3220 2354 3356 2406 Nam
3405 2360 3463 2406 et
3509 2352 3756 2406 aliarum

2115 2424 2393 2478 haeresum
2439 2429 2746 2478 sectatores
2786 2423 3068 2491 plurimos
3116 2436 3174 2477 se
3235 2423 3440 2477 habere
3483 2430 3758 2492 martyres

2116 2495 2652 2564 prtedicant.......
2691 2493 2867 2548 Primi
2915 2501 3086 2560 certe,
3132 2494 3230 2562 qui
3278 2495 3591 2548 Marcionis
3643 2495 3759 2548 bae-

2114 2567 2285 2620 resim
2330 2571 2768 2634 sequuntur....
2950 2564 3407 2633 quamplurimas
3454 2565 3663 2620 habere
3703 2577 3758 2618 se

2111 2638 2317 2692 dicunt
2336 2643 2608 2706 martyres
2627 2635 2861 2690 Christi.
2893 2654 2918 2684 »
2937 2635 3290 2704 Quapropter
3309 2642 3371 2690 ut
3386 2636 3507 2690 veri
3527 2634 3760 2690 confes-

2112 2721 2291 2770 sores,
2306 2713 2362 2761 et
2382 2707 2636 2760 coronati
2655 2707 3442 2776 martyresdignoscerentur,
3463 2720 3760 2762 necessum

2113 2785 2254 2842 erat,
2279 2785 2335 2832 et
2363 2778 2430 2831 ad
2465 2777 2758 2845 providam
2782 2778 3182 2846 episcOporum
3213 2790 3409 2832 curam
3441 2778 3759 2844 Spectabat,

2113 2857 2381 2904 strenuos
2410 2849 2560 2902 inter
2588 2847 2946 2916 presbyteros
2963 2847 3216 2918 deligere
3250 2849 3631 2916 inspectores,
3654 2849 3752 2917 qui

2112 2934 2177 2975 ex
2211 2919 2437 2974 actibus
2466 2926 2522 2973 et
2544 2928 2852 2988 martyrum
2882 2919 3060 2987 gestis
3100 2918 3424 2986 probarent,
3459 2932 3532 2972 an
3562 2933 3630 2973 eo
3653 2920 3762 2973 ho—

2114 3004 2250 3046 nore
2279 2994 2468 3044 essent
2521 2990 2956 3044 cohonestandi.
2992 2989 3386 3043 Probationem
3421 2990 3757 3045 istiusmodi

2114 3061 2386 3130 supponit
2409 3059 2753 3127 Apollonius
2783 3074 2957 3128 supra
2999 3059 3268 3116 laudatus
3297 3061 3354 3114 in
3395 3061 3760 3130 Cathaphry-

2114 3147 2312 3203 garum
2347 3131 2580 3186 haeresis
2607 3132 3058 3202 impugnatione.
3096 3131 3192 3186 ubi
3225 3145 3409 3186 mores
3428 3132 3760 3186 eorumdem

2959 3203 3198 3272 gloriari
3260 3203 3330 3256 de
3387 3203 3757 3272 martyribus,

2115 3274 2324 3330 exinde
2351 3274 2423 3328 de
2442 3286 2575 3327 vera
2595 3273 2861 3328 Ecclesia.
2887 3273 3042 3342 Quos
3061 3273 3483 3341 reprehendens
3508 3273 3716 3328 scribit
3741 3291 3755 3326 :

2120 3367 2145 3396 α
2174 3346 2284 3414 Qui
2313 3345 2466 3400 enim
2489 3344 2560 3398 ab
2583 3345 2730 3413 ipsis
2753 3346 3062 3413 prophetaa,
3081 3351 3136 3398 et
3160 3351 3434 3414 martyres
3454 3345 3754 3409 dicuntur,

2116 3431 2182 3472 eo
2216 3429 2326 3470 non
2348 3415 2530 3470 solum
2554 3430 2580 3464 τι
2611 3415 2914 3484 divitibus,
2941 3417 3036 3470 sed
3064 3417 3237 3470 etiam
3265 3429 3297 3469 a
3321 3415 3624 3485 mendicis,
3661 3431 3760 3484 pu-

2119 3487 2300 3557 pillis,
2347 3493 2400 3540 et
2427 3486 2622 3540 viduis
2654 3486 2926 3555 pecunias
2979 3500 3281 3556 corrogare
3330 3486 3763 3557 demonstrabi—

2119 3556 2402 3614 mus...”
2455 3557 2632 3611 Actus
2661 3558 2813 3611 enim
2859 3558 3170 3626 prophetae,
3213 3565 3484 3626 tanquam
3537 3556 3761 3612 fructus

2115 3627 2484 3684 examinandi
2517 3632 2672 3682 sunt.
2698 3646 2724 3677 »
2754 3629 2830 3682 De
2851 3625 2997 3682 facta
3013 3625 3437 3682 examinatione
3460 3629 3760 3696 cujusdam

2119 3700 2441 3767 iuteripsos
2468 3699 2696 3752 nomine
2721 3699 3050 3766 Alexandri,
3075 3698 3351 3766 jactantis
3377 3711 3436 3753 se
3461 3707 3760 3768 martyrem

2117 3769 2696 3837 subditApollonius:
2718 3789 2742 3820 α
2767 3769 2925 3837 Quod
2943 3783 3074 3824 vero
3087 3771 3154 3824 ad
3174 3769 3561 3824 Alexandrum
3579 3771 3761 3838 perti-

2118 3849 2232 3904 net,
2252 3847 2312 3895 ut
2329 3839 2539 3894 veritas
2552 3840 2822 3894 omnibus
2838 3853 3002 3894 nosse
3021 3839 3394 3910 cupientibus
3417 3842 3756 3900 innotescat.

2114 3912 2411 3982 judicatus
2434 3916 2520 3964 est
2555 3911 2758 3982 Ephesi
2789 3911 2860 3964 ab
2881 3911 3114 3966 .Emilio
3140 3911 3413 3982 Frontino
3441 3911 3593 3964 Asiae
3627 3925 3761 3980 pro—

2119 3981 2374 4042 COnsule,
2406 3994 2518 4036 non
2550 3981 2621 4035 ob
2651 3995 2851 4036 nomen
2885 3983 3124 4042 Christi.
3159 3982 3252 4036 sed
3285 3981 3357 4035 ob
3380 3994 3442 4036 ea
3472 3996 3602 4050 quae
3633 3996 3760 4051 per-

2122 4057 2436 4122 petraverat
2468 4051 2793 4110 latrocinia.
2827 4067 2955 4108 cum
2979 4054 3094 4120 jam
3121 4054 3377 4107 desertor
3425 4051 3560 4106 ﬁdei
3588 4060 3756 4107 esset.

2121 4124 2334 4179 Deinde
2363 4136 2494 4178 vero
2532 4123 2844 4178 ementitus
2873 4137 3074 4178 nomen
3101 4123 3314 4178 Christi
3341 4123 3628 4178 dimissus
3653 4131 3762 4180 est.

2117 4209 2245 4250 cum
2279 4193 2469 4248 verbis
2497 4193 2662 4249 illius
2683 4193 2877 4249 fideles
2894 4193 3210 4249 fefellisset.
3231 4193 3478 4248 Ecclesia
3493 4207 3626 4248 vero
3654 4195 3757 4248 loci

2120 4267 2272 4321 unde
2302 4271 2421 4320 erat
2467 4265 2754 4320 oriundus
2781 4265 2954 4319 etiam
2989 4278 3099 4319 non
3151 4265 3383 4333 recepit.
3414 4283 3439 4314 ι)
3466 4264 3758 4332 Quomodo

2117 4337 2271 4392 enim
2299 4335 2566 4390 Ecclesiae
2587 4343 2643 4390 et
2672 4335 2867 4390 fideles
2911 4342 3170 4403 poterant
3219 4337 3627 4398 determinare,
3659 4337 3755 4405 qui

2117 4406 2413 4464 consuetis
2435 4405 2628 4461 titulis
2647 4406 3044 4476 dignarentur,
3072 4406 3183 4460 nisi
3202 4413 3392 4461 essent
3421 4406 3758 4476 presbyteri,

2119 4479 2216 4548 qui
2259 4483 2441 4532 actus.
2468 4477 2770 4548 probarent
2793 4478 3234 4548 ‘IConcreditum
3265 4477 3462 4547 itaque
3491 4485 3614 4548 erat
3649 4493 3760 4532 mu-

2120 4547 2229 4604 nus
2251 4548 2570 4619 designatis
2616 4547 2780 4614 viris,
2806 4548 2906 4617 qui
2928 4547 3330 4603 examinabaut
3367 4547 3759 4604 confessorum

2039 4601 2093 4662 D
2117 4601 2512 4688 armarium
2531 4601 2780 4688 gesa.”ei
2805 4601 3368 4687 snsi-.opisaereréba
3379 4601 3761 4686 suassuas

2121 4690 2566 4760 publicabantur
2611 4689 2854 4744 honores
2899 4688 3216 4744 deferendi.
3250 4691 3316 4744 Hi
3354 4691 3609 4745 aliiesse
3649 4705 3758 4746 non

2120 4768 2398 4830 poterant,
2436 4761 2551 4815 nisi
2574 4761 2954 4828 proximiores
2973 4761 3040 4815 ad
3066 4762 3390 4816 ministeria
3415 4769 3753 4831 martyrum.

2117 4833 2218 4902 qui
2251 4837 2406 4887 certo
2459 4833 2620 4886 erant
2672 4832 2986 4901 presbyteri
3041 4839 3094 4887 et
3133 4833 3364 4888 diaconi
3421 4841 3756 4902 martyrum.

2116 4903 2195 4958 Ad
2235 4902 2336 4957 hos
2386 4917 2452 4958 ex
2517 4903 2774 4957 numeris
2833 4904 3158 4959 demandati
3211 4917 3381 4959 onere
3449 4911 3757 4972 spectasse.

2121 4983 2429 5043 martyrum
2452 4973 2722 5028 cadavera
2746 4975 3055 5042 sepultura:
3075 4975 3433 5045 consignare,
3459 4976 3763 5045 signisque

2116 5047 2388 5101 denotare
2438 5057 2538 5112 pro
2577 5045 2958 5114 veneratione,
3025 5044 3262 5100 omnino
3306 5044 3600 5101 fatendum
3656 5044 3759 5115 est,

2117 5131 2246 5172 cum
2281 5116 2554 5171 identitas
2573 5119 2839 5187 martyris
2868 5130 3134 5186 expressa
3162 5131 3263 5187 pro
3289 5116 3447 5172 cultu
3478 5118 3764 5186 reliquia—

2119 5202 2243 5243 rum
2284 5188 2626 5258 exigeretur.
2655 5186 2789 5254 Quae
2832 5189 2995 5258 signa
3025 5186 3176 5244 cum’
3208 5202 3315 5244 non
3365 5189 3765 5258 deprehende—

2119 5266 2204 5314 ret
2229 5259 2574 5313 Caacilianus
2598 5258 3062 5328 archidiaconus,
3093 5275 3222 5315 cum
3247 5260 3466 5316 Lucilla
3497 5275 3631 5316 ossa
3654 5277 3766 5317 cu—

2113 5330 2344 5398 jusdam
2398 5328 2778 5388 oscularetur.
2825 5332 3282 5386 communionem
3340 5332 3648 5386 interdixit
3697 5347 3762 5388 ex

2117 5401 2345 5470 Optato.
2377 5401 2618 5454 Nomina
2665 5401 2838 5454 etiam
2887 5402 3168 5470 apposita.
3197 5409 3254 5456 et
3303 5409 3557 5466 tempora
3607 5417 3764 5457 mar-

2121 5473 2256 5542 tyrii
2276 5471 2577 5542 sepulcris,
2599 5471 2777 5526 veluti
2793 5472 3010 5528 indicia
3028 5474 3527 5528 ostenditMartini
3549 5472 3760 5530 factum

2121 5541 2157 5598 a
2199 5544 2399 5599 Severo
2453 5541 2768 5614 laudatum.
2811 5557 2940 5598 cum
2993 5545 3440 5613 deprehenderet
3487 5545 3762 5614 populum

2123 5614 2484 5683 frequentare
2527 5613 2874 5684 sepulcrum,
2915 5614 2987 5669 de
3025 5630 3139 5684 quo
3183 5623 3339 5671 certo
3370 5613 3498 5670 non
3523 5625 3766 5671 consta-

2125 5685 2219 5740 bat
2258 5699 2326 5739 an
2373 5694 2520 5739 esset
2573 5688 2858 5754 martyris.
2890 5686 2986 5741 Sic
3021 5688 3176 5742 enim
3213 5687 3504 5756 Sulpitius
3541 5688 3600 5742 in
3635 5689 3764 5744 Viia

2125 5757 2175 5810 S.
2213 5756 2466 5810 Martini.
2514 5777 2538 5806 (ι
2587 5758 2870 5810 Martinus
2901 5771 3012 5814 non
3063 5767 3273 5813 temere
3323 5759 3564 5812 incertis
3593 5760 3762 5814 adhi-

2128 5827 2266 5883 bens
2294 5827 2483 5896 iidem,
2514 5826 2584 5881 ab
2607 5827 2700 5881 his
2725 5827 2824 5896 qui
2854 5829 3094 5897 majores
3119 5837 3254 5884 natu
3288 5829 3637 5898 presbyteris
3675 5831 3758 5886 vel
