4072 6176
286 254 429 313 4445

1033 254 1353 311 HISTORIA
1403 257 1494 311 DE
1545 256 1722 311 VITIS
1774 256 1971 312 PONT.
2027 257 2191 314 ROM.
2234 288 2307 300 -
2358 262 2415 315 S.
2476 260 2964 317 EUTYCHIANUS.

3566 263 3705 322 4446

280 377 520 433 clericis
572 374 846 447 agitabat,
900 374 1029 448 sibi
1070 387 1272 448 nomen
1323 374 1610 448 martyris,
1660 375 1747 448 vel
1791 375 2021 435 tem—A
2047 376 2344 448 colluvies,
2386 379 2487 447 qui
2534 392 2661 433 cum
2709 380 2966 436 viderent
3003 382 3318 439 catholicos
3350 384 3527 441 veluti
3558 399 3704 441 vera

281 462 422 518 pora
475 444 764 516 passionis
811 445 1056 518 ostendi.
1101 463 1135 518 »ν
1174 446 1222 499 Α
1259 444 1643 518 presbyteris,
1677 446 1935 516 inquam,

282 516 535 589 quorum
562 524 684 573 erat
709 518 825 571 hac
846 517 1202 589 sollicitudo,
1220 530 1294 589 ex
1319 517 1520 589 horum
1540 516 1846 589 diligentia
1865 519 1936 574 ad

280 587 389 645 tios
405 591 756 644 devenerunt
773 588 1019 643 indiculi
1036 587 1439 656 depositionis,
1455 588 1787 656 sepultura,
1803 588 1935 643 festi

279 667 623 730 martyrum,
660 666 715 713 et
758 659 894 723 alia,
944 658 1095 713 unde
1132 658 1551 730 confiatasunt
1591 659 1937 729 Martyrolo—

280 733 397 802 gia.
438 727 669 787 'Exstat.
722 738 785 785 ut
835 743 926 784 res
973 728 1328 802 testimoniis
1379 727 1936 798 illustretur,'vetus

278 802 571 857 Indiculus
616 803 677 853 in
724 815 829 869 quo
879 801 988 853 loco
1028 801 1410 868 unusquisque
1456 802 1746 868 requiescit
1788 817 1935 869 pon—

281 877 490 942 tiﬁcum
542 874 906 927 Romanorum
952 871 1127 995 Shunc
1175 870 1442 925 dedimus
1496 872 1707 941 supra).
1763 873 1833 927 Et
1874 872 1933 926 in

281 944 458 995 veteri
482 942 825 995 Kalendario
846 943 953 995 Ecc
980 942 1115 995 esia
1137 941 1604 995 Carthaeinensis
1626 955 1657 995 a
1680 942 1933 995 Mabillo—

280 941 458 1000 veteri
482 942 825 997 Kalendario
846 941 1115 996 Ecclesia
1137 941 1604 1007 Carthaginensis
1626 955 1657 997 a
1680 942 1935 998 Mabillo—

283 1017 383 1071 nio
407 1015 563 1070 edito
590 1012 764 1068 initio
784 1012 1096 1081 exponitur
1115 1024 1184 1066 ex
1206 1025 1321 1080 quo
1345 1012 1651 1067 conflatum
1676 1014 1753 1067 sit
1777 1017 1937 1068 Ana-

283 1086 436 1151 lect.,
473 1092 609 1139 tom.
642 1086 711 1138 IlI
744 1102 755 1137 :
794 1103 819 1134 «
856 1084 957 1137 Hic
982 1082 1352 1137 continentur
1378 1082 1505 1138 dies
1534 1084 1933 1139 natalitiorum

284 1162 620 1226 martyrum,
643 1162 698 1210 et
713 1154 1101 1227 depositiones
1119 1153 1540 1227 episcoporum,
1562 1169 1806 1227 quorum
1823 1157 1936 1227 Ec—

280 1223 458 1282 clesia
478 1226 846 1296 Carthaginis
865 1224 1259 1296 anniversaria
1275 1223 1541 1296 celebrat.
1564 1243 1589 1296 )3
1612 1223 1937 1291 Quamlibet

280 1311 416 1353 vero
428 1294 733 1352 Ecclesium
756 1296 859 1350 hos
873 1295 1481 1350 indiculosdistinctos
1495 1294 1763 1350 habuisse
1769 1298 1789 1363 j
1803 1308 1935 1351 uxta

278 1368 670 1423 vetustissima
700 1367 969 1421 instituta
989 1365 1186 1421 laudat
1205 1366 1570 1430 Sozomenus,
1595 1380 1722 1420 cum
1747 1368 1817 1421 de
1841 1369 1936 1421 Pa-

280 1440 523 1495 lastina
535 1437 1242 1496 civitatibusConstantia,
1257 1434 1795 1506 etGazaloquiturl.
1817 1451 1931 1505 v,c.

277 1508 355 1566 3:
392 1530 418 1562 α
451 1511 701 1579 Utraque
729 1510 881 1564 enim
915 1522 1085 1563 suum
1110 1508 1353 1579 seorsim
1388 1505 1555 1560 habet
1570 1505 1931 1577 episcopum,

276 1595 452 1636 suum
483 1577 722 1644 clerum,
764 1580 889 1635 dies
931 1580 1064 1634 item
1099 1577 1274 1633 festos
1318 1583 1630 1646 martyrum
1670 1593 1929 1648 suorum,

276 1659 340 1707 et
362 1651 928 1707 commemorationes
948 1652 1368 1718 episcoporum,
1393 1648 1491 1716 qui
1516 1648 1661 1717 ipsis
1686 1650 1934 1719 prafue-

2046 447 2310 527 Ecclesia
2366 455 2635 527 tesseram
2699 463 3010 519 proponere
3068 453 3326 527 gloriosa
3386 462 3699 527 martyrum

2045 520 2379 589 certamina,
2400 526 2454 574 et
2477 521 2588 597 ipsi
2615 527 2887 597 martyres
2907 536 3042 597 suos
3057 524 3417 597 jac_titabant,
3444 534 3506 581 ut
3526 520 3700 597 supra

2045 602 2113 643 ex
2141 602 2423 661 anonymo
2453 598 2509 667 ei
2538 591 2843 660 Apollonio
2888 592 2960 647 ab
2999 593 3242 650 Eusebio
3288 591 3557 667 laudatis,
3591 591 3701 653 ex—

2047 672 2282 737 pensum
2330 666 2434 716 est.
2485 663 2725 730 Insuper
2774 676 3190 737 cumucorpora
3236 663 3551 737 martyrum
3597 682 3700 737 pe—

2045 732 2215 808 cunia
2246 744 2275 785 a
2311 739 2735 808 persecutorum
2779 734 3135 808 sateliitibus
3172 732 3613 808 redimerentur,
3642 746 3700 794 et

2044 800 2807 875 conﬁngerentimpostorcs
2856 804 3153 875 reliquias,
3207 807 3274 861 ad
3325 806 3427 861 has
3468 800 3698 864 fraudes

2045 873 2381 946 evertendas
2416 874 2811 946 Eutychianus
2842 873 3116 933 decernit.
3144 873 3505 946 'sepultorum
3542 892 3701 934 mar-

2044 947 2234 1020 tyrum
2268 944 2531 1020 notitiam
2561 945 2631 1020 ad
2665 947 2972 1020 episcopos
3000 944 3382 1015 deferendam,
3418 954 3482 1003 ut
3511 949 3701 1020 signis

2044 1014 2330 1089 discussis
2356 1016 2838 1089 determinaretur
2877 1017 2973 1086 qui
3018 1026 3209 1072 essent
3237 1020 3356 1073 veri
3391 1014 3691 1089 martyres,

2043 1084 2242 1159 eisque
2276 1085 2455 1159 honor
2475 1092 2605 1159 tuto
2628 1086 2756 1141 dari
2774 1084 2994 1159 "posset.
3025 1089 3499 1159 Diligentissima,
3528 1084 3584 1146 et
3608 1084 3701 1147 si-l

2045 1155 2163 1230 mul
2195 1156 2603 1230 vetustissima
2623 1163 2746 1230 erat
2773 1155 3178 1230 Ecclesiarum',
3211 1166 3268 1214 et
3295 1155 3698 1230 episcoporum

2042 1224 2369 1295 diligentia,
2418 1232 2474 1280 et
2511 1227 2709 1281 sedula
2757 1224 3177 1285 animadversio
3224 1231 3282 1284 in
3332 1224 3698 1288 'trutinandis

2047 1302 2355 1371 martyrum
2386 1297 2566 1365 priori
2598 1298 2725 1352 vita
2759 1297 3127 1371 professione,
3154 1302 3411 1371 martyrii
3439 1303 3699 1358 circum-

2042 1367 2297 1441 stantiis,
2325 1373 2382 1422 et
2402 1370 2789 1441 consummati
2820 1371 3080 1440 martyrii
3107 1367 3319 1438 causis,
3354 1386 3479 1441 qua
3505 1374 3699 1429 omnia

2044 1436 2252 1492 librata
2304 1439 2527 1512 ratione
2569 1452 2827 1512 expensa
2855 1436 3140 1512 leguntur.
3186 1443 3266 1497 Ad
3308 1436 3697 1512 apostolicum

2042 1520 2220 1562 avum
2252 1510 2599 1577 proximiore
2624 1516 2788 1565 atate
2807 1510 3075 1567 Ecclesia
3101 1510 3388 1567 strenuam
3419 1521 3699 1570 navarunt

2042 1591 2406 1654 operam_pro
2436 1594 2499 1635 ea
2525 1580 2852 1651 diligentia.
2883 1582 3224 1638 Trutinabat
3252 1583 3311 1637 in
3346 1584 3697 1654 martyribus

2042 1650 2355 1719 coronatis,
2396 1664 2486 1723 ian
2529 1650 2720 1706 essent
2768 1656 3069 1719 exercitati,
3124 1660 3174 1707 et
3214 1657 3426 1723 parati,
3479 1650 3553 1709 ἁη
3596 1659 3697 1710 in-

280 1731 441 1796 runt.
477 1742 513 1796 »ξ
538 1722 883 1791 Eutychiani
925 1722 1118 1796 itaque
1145 1719 1474 1796 diligentia,
1507 1734 1675 1772 manu
1704 1737 1806 1796 sua
1837 1735 1934 1796 se-
1965 1734 2016 1795 Β
2041 1723 2346 1796 emei‘ciiati.
2390 1722 2467 1796 De
2515 1736 2630 1792 quo
2661 1730 2862 1796 exstat
2907 1723 3134 1796 insigne
3175 1719 3581 1781 documentum
3636 1727 3695 1783 in

280 1794 551 1862 pelientis
588 1790 881 1862 martyres,
918 1790 1151 1847 denatat
1188 1792 1242 1846 id
1279 1790 1465 1860 egisse
1512 1793 1931 1858 persecutionis

276 1861 540 1920 Deciana
556 1870 664 1918 tem
675 1861 908 1933 poribus
921 1864 1045 1918 suis
1062 1861 1685 1933 savientisoccasione,
1702 1865 1931 1932 quando

280 1936 612 1991 interdictis
640 1932 981 1990 cameleriis
1009 1940 1065 1988 et
1092 1932 1466 2000 catacumbis,
1499 1933 1798 2001 diaconus,
1832 1943 1934 1990 aut

280 2015 597 2075 martyrum
644 2005 935 2075 presbyter
974 2004 1161 2059 voluit
1189 2016 1303 2073 quo
1339 2009 1579 2072 poterat,
1619 2014 1930 2075 martyrum

277 2092 523 2148 corpora
554 2078 861 2139 tumulare,
892 2089 960 2148 ne
987 2089 1052 2130 eo
1085 2077 1299 2130 honore
1329 2076 1714 2148 privarentur.

357 2151 525 2204 Linea
564 2148 615 2203 6.
644 2179 717 2189 ——
754 2148 860 2212 Qui
896 2147 992 2199 hoc
1039 2148 1299 2211 instituit,
1351 2151 1413 2199 ut
1455 2147 1764 2215 quicunque
1798 2148 1934 2215 ﬁde-

277 2221 420 2274 lium
460 2225 757 2287 martyrem
802 2219 1073 2286 sepeliret.
1098 2256 1141 2269 ..
1169 2255 1182 2270 .
1205 2258 1218 2269 .
1264 2217 1411 2285 quod
1448 2224 1628 2270 tamen
1664 2220 1739 2271 ad
1780 2221 1932 2272 noti-

276 2294 417 2345 tiam
438 2292 543 2344 sibi
564 2291 891 2357 diuulgaret.
916 2287 1302 2343 Constitutum
1326 2289 1557 2343 roborat
1576 2290 1931 2357 superiorem

277 2362 763 2425 observationem,
794 2360 1117 2430 pontiﬁcem
1149 2372 1347 2427 nempe
1378 2372 1590 2413 munus
1620 2360 1933 2429 presbyteri

279 2439 587 2502 martyrem
621 2432 1044 2502 defungentem,
1076 2446 1244 2482 manu
1272 2445 1375 2483 sua
1410 2437 1724 2499 martyrum
1756 2433 1934 2487 cada-

274 2517 412 2559 vera
441 2500 695 2571 curasse,
718 2500 863 2557 etne
897 2500 1065 2574 fraus
1083 2501 1452 2574 interveniret
1475 2502 1934 2574 consuetasigna

276 2575 656 2644 apposuisse;
691 2575 743 2628 id
774 2573 925 2628 enim
955 2571 1121 2627 verba
1152 2571 1252 2626 illa
1280 2572 1551 2626 denotare
1574 2571 1928 2644 signiﬁcant,

280 2653 349 2701 ut
366 2643 473 2714 per
493 2659 614 2701 eam
636 2644 1087 2699 sollicitudinem
1119 2650 1450 2714 martyrum,
1472 2650 1527 2697 et
1551 2643 1927 2713 reliquiarum

280 2712 562 2772 ide‘ntitas
595 2716 932 2784 probaretur
962 2732 974 2768 :
1009 2714 1202 2768 eadem
1232 2712 1529 2769 occasione
1552 2712 1832 2784 decernit,
1868 2723 1934 2770 ut

278 2789 566 2857 cujusque
591 2788 839 2847 ordinis,
872 2786 1344 2855 conditionisque
1360 2792 1551 2857 essent
1579 2784 1792 2849 ﬁdeles,
1827 2787 1928 2855 qui

278 2865 423 2914 tunc
460 2856 695 2927 speciali
728 2857 890 2912 cultu
935 2862 1248 2927 martyrum
1293 2856 1573 2927 reliquias
1613 2858 1932 2926 conquire-

279 2930 440 2993 bant,
475 2926 685 3000 easque
713 2928 869 2983 domi
903 2926 1324 3000 cust0diebant,
1354 2929 1424 2980 de
1452 2926 1579 3000 illis
1616 2939 1681 2981 eo
1714 2928 1930 2983 honore

276 2996 687 3065 cohonestatis,
707 3000 1005 3054 certiorem
1028 2996 1351 3066 pontiﬁcem
1374 2997 1703 3060 redderent;
1732 3012 1931 3067 nempe

282 3078 353 3153 ut
383 3072 618 3160 scirent,
652 3085 722 3152 an
754 3070 873 3125 veri
906 3070 1826 3160 essentninartlyresuagnosceiidi
1859 3084 1926 3125 ex
1960 3097 2009 3160 ρ

280 3142 492 3212 signis,
524 3144 870 3210 tesserisque
910 3140 1207 3212 usurpatis
1272 3142 1491 3194 Poterat
1537 3140 1929 3209 Eutychianus

277 3211 562 3268 cautelam
597 3212 740 3267 hanc
764 3211 1147 3267 adhibendam
1173 3224 1298 3265 esse
1327 3216 1596 3277 statuere,
1626 3224 1755 3265 cum
1786 3211 1931 3266 Gal-

284 3284 429 3338 lieni
476 3284 835 3354 indulgentia
865 3282 1129 3337 ecclesiis
1159 3281 1451 3336 restitutis
1474 3288 1530 3334 et
1552 3282 1924 3354 ‘cmmeteriis,

277 3354 492 3410 subtus
515 3350 717 3409 altaria
751 3359 1061 3423 martyrum
1088 3364 1327 3421 corpora
1362 3350 1824 3423 reconderentur,
1857 3354 1926 3408 ad

280 3426 592 3479 missarum
619 3422 1163 3493 solemniaagenda,
1196 3423 1346 3494 quod
1381 3435 1487 3477 suo
1514 3422 1741 3494 decreto
1772 3424 1931 3479 Felix

279 3498 548 3551 decessor
589 3497 987 3551 constituerat.
1031 3493 1229 3548 Altera
1262 3500 1398 3548 tunc
1434 3493 1757 3548 invaluerat
1784 3508 1931 3549 con-

278 3566 552 3635 suetudo,
573 3574 633 3622 ut
649 3568 705 3622 in
728 3565 1246 3636 privatisdomibus
1264 3564 1458 3636 ﬁdeles
1475 3570 1782 3634 martyrum
1802 3565 1929 3620 reli-

281 3639 458 3707 quias
497 3633 825 3703 retinerent,
867 3644 924 3691 et
969 3643 1100 3691 ante
1136 3636 1359 3691 easdem
1392 3633 1698 3707 funderent
1738 3650 1930 3705 preces

280 3705 416 3771 Deo,
452 3714 726 3777 martyres
750 3711 831 3763 uti
866 3708 1206 3761 mediatores
1235 3705 1685 3777 interpellantes.
1712 3707 1793 3761 Ab
1824 3708 1933 3762 ini-

280 3780 371 3833 tio
401 3782 550 3833 enim
583 3774 756 3847 hujus
782 3778 999 3845 saculi,
1027 3778 1095 3832 ad
1130 3777 1372 3847 gloriam
1400 3774 1791 3832 confessorum
1818 3791 1931 3833 au-

280 3851 524 3920 gendam
556 3850 806 3920 episcopi
834 3849 905 3920 ad
940 3858 1249 3920 martyrum
1286 3849 1930 3920 precespmnitentibus

277 3916 677 3975 deferentibus
709 3916 955 3989 libellos,
986 3916 1334 3987 per'eosdem
1361 3916 1752 3973 confessorum
1784 3919 1929 3974 sub—

277 3991 552 4060 scriptos,
596 3990 923 4045 relaxabaat
955 4003 1146 4058 poenas
1176 4003 1278 4059 pro
1313 3989 1557 4057 peccatis
1585 3990 1925 4045 solvendas:

282 4063 405 4116 imo
449 4076 574 4117 cuni
621 4068 811 4117 essent
856 4062 1140 4128 designati
1194 4066 1486 4129 martyres,
1533 4061 1930 4129 accurrebant,

280 4140 352 4188 ut
378 4139 503 4201 post
521 4146 785 4187 coronam
806 4134 955 4200 apud
984 4134 1156 4187 Deum
1182 4138 1398 4186 stantes
1418 4131 1800 4186 admissorum
1824 4133 1935 4186 cri-

281 4204 508 4258 minum
555 4204 801 4271 veniam,
852 4216 1157 4273 veramque
1204 4203 1599 4272 paenitentiam
1646 4205 1934 4273 impetra—

281 4281 436 4330 rent.
465 4276 539 4328 De
564 4288 677 4345 quo
706 4281 932 4329 exstant
959 4274 1217 4343 exempla
1250 4274 1310 4345 in_
1336 4272 1604 4345 epistolis
1631 4272 1932 4345 Cypriani-

278 4347 415 4414 cis;
450 4342 734 4414 praeipue
776 4345 1023 4415 legenda
1067 4346 1231 4414 epist.
1283 4342 1346 4399 24
1392 4351 1447 4399 et
1478 4342 1568 4401 26.
1619 4345 1677 4398 in
1719 4344 1935 4414 quibus

276 4416 605 4487 Cyprianus
633 4418 754 4486 ipse
774 4424 830 4471 et
858 4430 958 4484 pro
982 4430 1062 4485 se,
1091 4423 1146 4471 et
1179 4429 1280 4485 pro
1299 4415 1438 4471 aliis
1464 4416 1684 4484 expetit
1703 4429 1936 4471 corona-

2040 1791 2283 1865 epistoia
2308 1792 2708 1865 Lugdunensis
2734 1791 3168 1865 Ecclesiafqua
3191 1796 3477 1851 universis
3497 1797 3700 1852 Eccle—

2040 1863 2149 1934 siis
2189 1862 2537 1934 Christianis
2579 1865 2801 1919 directa
2841 1871 2928 1920 est
2966 1862 3113 1934 apud
3161 1867 3359 1921 Euseb.
3398 1867 3436 1922 l.
3470 1882 3521 1932 v,
3556 1882 3606 1922 c.
3647 1867 3691 1923 l.

2038 1932 2247 2006 Aliqua
2272 1932 2578 2006 delibanda
2602 1935 2674 2006 ad
2698 1932 3097 2006 argumentum
3123 1936 3552 1993 illustrandum.
3582 1940 3697 1994 De—

2041 2003 2300 2059 scribens
2341 2004 2536 2074 itaque
2568 2003 2792 2061 turbani
2836 2006 3226 2062 confessorum
3275 2009 3332 2062 in
3365 2009 3697 2065 carceribus

2040 2075 2421 2151 detentorum,
2454 2083 2509 2129 et
2539 2077 2825 2151 quomodo
2852 2080 3113 2151 imparati
3135 2079 3440 2151 deﬁcerent
3467 2080 3526 2135 in
3553 2093 3697 2151 ago—

2043 2158 2130 2208 ne,
2149 2158 2225 2220 _ac
2256 2146 2627 2214 persisterent
2651 2150 2935 2220 exercitati
2959 2150 3014 2203 in
3044 2149 3174 2204 ﬁdei
3204 2146 3696 2220 confessionefita

2042 2216 2333 2291 notionem
2362 2231 2558 2291 vocum
2586 2218 2769 2291 aperit
2796 2236 2807 2271 :
2847 2239 2873 2270 ς(
2905 2221 3120 2275 Exinde
3148 2221 3320 2275 etiam
3349 2216 3697 2291 reliqui'di-

2042 2288 2263 2362 gnosci,
2292 2300 2357 2342 ac
2381 2288 2670 2359 distingui
2697 2303 2936 2358 capere.
2966 2292 3031 2346 Et
3064 2292 3311 2361 prompti
3344 2288 3599 2362 quidem,
3631 2306 3698 2347 ac

2046 2359 2227 2431 parati
2261 2366 2425 2413 erant
2459 2367 2922 2429 protomartyres,
2971 2359 3077 2431 qui
3105 2359 3329 2417 summa
3362 2359 3693 2419 animorum

2043 2428 2361 2501 alacritate,
2395 2433 2701 2501 solemnem
2737 2428 2895 2485 illam
2930 2428 3241 2501 martyrum
3275 2432 3695 2490 confessionem

2040 2499 2364 2573 ediderunt.
2409 2499 2516 2567 Qui
2563 2514 2705 2573 vero
2739 2502 3026 2573 imparati,
3068 2499 3124 2558 et
3168 2504 3550 2573 inexercitati,
3598 2518 3699 2560 nec

2042 2569 2227 2625 ﬁrmis
2254 2571 2441 2626 adhuc
2471 2577 2635 2625 erant
2661 2569 2901 2637 viribus,
2929 2575 2998 2628 ad
3030 2575 3302 2642 impetum
3332 2577 3475 2630 tanti
3506 2569 3698 2630 certa-

2044 2642 2220 2714 miuis
2245 2642 2646 2696 sustinendum
2678 2648 2817 2698 tunc
2850 2642 3147 2700 manifeste
3180 2652 3504 2714 patuerunt.
3538 2665 3563 2695 »
3593 2647 3698 2700 Ιη-

2038 2711 2197 2784 dicia
2227 2713 2498 2782 martyris
2534 2714 2833 2769 exercitati
2866 2721 2920 2768 et
2950 2717 3134 2784 parati
3169 2711 3225 2770 in
3258 2716 3447 2772 Attalo
3477 2717 3561 2771 sic
3590 2716 3698 2771 de-

2039 2782 2398 2856 scribuntur.
2444 2804 2473 2856 ξ(
2520 2782 2966 2856 Attalus......‘
3006 2786 3364 2841 vehementer
3404 2799 3437 2841 a
3488 2786 3698 2856 populo

2042 2852 2365 2921 postulatus
2390 2854 2456 2908 ad
2488 2855 2864 2924 supplicium,
2893 2862 2956 2911 ut
2983 2864 3110 2925 pote
3135 2858 3223 2911 vir
3249 2858 3411 2912 valde
3432 2852 3695 2919 celebris.

2042 2931 2274 2993 paratus
2331 2924 2398 2978 ad
2459 2933 2743 2979 certamen
2794 2924 3052 2993 accessit,
3107 2927 3290 2982 fretus
3340 2928 3697 2983 conscientia

2041 3003 2190 3066 recte
2214 2993 2495 3049 factorum
2520 3011 2533 3048 :
2563 2996 2784 3065 Quippe
2812 2996 2869 3050 in
2891 2997 3352 3052 Christianorum
3379 2998 3698 3066 disciplina

2038 3065 2223 3120 solide
2246 3071 2616 3132 exercitatus,
2642 3067 2921 3135 testisque
2945 3067 3095 3135 apud
3128 3081 3229 3123 nos
3255 3070 3516 3124 veritatis
3540 3065 3697 3123 Sem-

2041 3148 2140 3205 per
2181 3136 2496 3190 exstiterat.
2551 3154 2576 3185 ››
2622 3138 2756 3191 Erat
2800 3138 3122 3192 necessaria
3166 3140 3360 3193 cautio
3404 3139 3692 3206 adhibita,

2040 3220 2150 3278 qua
2181 3206 2605 3274 expendebatur
2649 3205 2920 3275 supplicii
2955 3221 3150 3278 causa.
3195 3210 3332 3263 dum
3383 3210 3555 3265 etiam
3592 3205 3693 3278 qui

2036 3277 2329 3331 Christum
2355 3283 2713 3347 negaverant,
2744 3278 2909 3332 morti
2937 3277 3370 3345 addicebantur,
3400 3282 3550 3335 unde
3574 3277 3698 3335 erat

2038 3350 2361 3402 necessaria
2386 3348 2783 3416 episcoporum
2809 3348 3247 3417 circumspectio
3275 3351 3333 3404 in
3359 3350 3698 3407 discernen—

2038 3420 2132 3491 dis
2164 3419 2315 3473 inter
2359 3417 2689 3491 interfectos
2719 3419 3015 3491 quierant
3056 3418 3432 3490 confessores,
3480 3422 3699 3491 quique

2040 3489 2171 3562 ﬁdei
2202 3495 2477 3562 extorres.
2509 3489 2668 3562 Quod
2702 3493 2788 3562 sic
2818 3490 3126 3545 denuntiat
3156 3489 3557 3562 Lugdunensis
3589 3489 3699 3547 Ec—

2038 3561 2214 3615 clesia
2240 3578 2252 3613 :
2281 3580 2307 3612 α
2338 3559 2546 3615 Omnes
2572 3561 2861 3630 siquidem
2893 3562 2997 3630 qui
3028 3575 3059 3615 a
3089 3559 3273 3630 prima
3303 3564 3497 3617 statim
3533 3577 3697 3618 com—

2037 3632 2416 3703 prehensione
2438 3632 2603 3703 lidem
2633 3641 2993 3702 negeverunt,
3020 3633 3131 3701 ipsi
3157 3646 3384 3703 quoque
3409 3635 3467 3688 in
3493 3648 3695 3688 carce-

2041 3716 2157 3757 rem
2186 3702 2452 3771 conjecti,
2498 3702 2693 3773 eadem
2738 3716 2865 3772 qua
2893 3703 3084 3757 cateri
3119 3702 3396 3773 martyres
3438 3704 3698 3772 perfere-

2040 3773 2205 3827 bant.
2236 3775 2430 3842 Neque
2459 3776 2610 3828 enim
2646 3772 2771 3844 illis
2799 3773 3119 3844 quidquam
3145 3782 3282 3829 tunc
3316 3774 3533 3843 profuit
3564 3774 3695 3830 ﬁdei

2039 3858 2159 3899 sua
2205 3844 2434 3911 negatio
2459 3863 2473 3911 ς
2497 3858 2690 3899 verum
2720 3843 2826 3915 illi
2864 3843 3117 3914 quidem,
3153 3845 3253 3914 qui
3285 3859 3408 3901 sese
3454 3847 3509 3902 id
3543 3845 3694 3915 quod

2041 3927 2230 3970 revera
2259 3921 2422 3985 erant
2449 3928 2571 3969 esse
2598 3914 3029 3985 proﬁtebantur,
3064 3924 3334 3985 tanquam
3379 3914 3696 3972 Christiani

2038 3984 2496 4056 conjiciehantur
2527 3986 2587 4040 in
2630 3984 2882 4055 vincula,
2915 3986 3077 4041 nullo
3119 3984 3237 4042 alio
3276 3987 3522 4042 crimine
3555 3987 3699 4056 ipsis

2038 4055 2278 4125 objecto.
2330 4055 2394 4127 Hi
2433 4069 2563 4111 vero
2607 4056 2841 4125 perinde
2880 4071 2946 4111 ac
2984 4058 3304 4127 homicida,
3353 4066 3408 4113 et
3437 4055 3697 4115 scelerati
3758 4059 3770 4070 ‘

2043 4127 2305 4200 homines
2323 4127 2593 4200 deinceps
2617 4127 3044 4200 detinebantur,
3070 4129 3247 4200 duplo
3273 4130 3507 4199 gravius
3528 4143 3699 4200 quam

2044 4197 2627 4271 reliquisupplicium
2655 4196 3017 4271 perferentes.
3038 4196 3174 4271 Illos
3190 4196 3399 4255 eteuim
3422 4196 3699 4271 gaudium

2044 4268 2329 4338 martyrii,
2363 4282 2607 4338 spesque
2647 4270 2942 4337 promissa
2977 4269 3380 4339 beatitudinis,
3413 4268 3700 4339 etrchari-

2046 4347 2133 4394 tas
2158 4353 2290 4410 erga
2319 4339 2634 4407 Christum,
2666 4347 2723 4395 et
2752 4340 2849 4394 Dei
2883 4342 3069 4395 Patris
3098 4340 3352 4409 Spiritus
3372 4338 3694 4409 recreabat,

2046 4411 2159 4465 Hos
2188 4424 2319 4465 vero
2351 4411 2602 4482 graviter
2650 4411 2908 4482 torpebat
2949 4413 3324 4478 conscientia,
3359 4413 3438 4482 ita
3469 4419 3533 4467 ut
3560 4414 3698 4467 dum

279 4481 475 4543 terum
508 4481 817 4552 martyrum
844 4481 1303 4542 intercessiones.
1332 4481 1596 4542 Oratoria
1620 4487 1934 4542 domestica
1968 4487 2022 4548 D
2047 4481 2499 4545 trucidarentur,
2545 4482 2670 4550 ipso
2710 4481 2894 4550 vultu,
2927 4489 3101 4552 atque
3128 4488 3362 4550 aspectu
3393 4481 3562 4536 facile
3591 4483 3693 4537 di-

278 4569 548 4614 extruere
587 4558 788 4613 solitos
828 4558 1021 4613 ﬁdeles
1062 4559 1119 4612 in
1161 4558 1377 4628 quibus
1428 4564 1738 4627 martyrum
1792 4572 1937 4614 con-

279 4630 506 4701 quisita
536 4642 775 4698 corpora
807 4629 1195 4701 reconderem,
1232 4630 1471 4701 utapud
1497 4631 1678 4701 Deum
1709 4643 1805 4684 eos
1838 4632 1961 4684 in—‘

281 4700 627 4755 tercessores
646 4714 747 4769 pro
763 4700 1035 4755 admissis
1051 4700 1399 4755 criminibus
1418 4700 1708 4764 haberent,
1731 4701 1936 4756 docent

276 4774 423 4826 Acta
456 4773 510 4825 S.
554 4770 832 4825 Bonifacii
882 4772 1169 4841 martyris,
1204 4772 1306 4841 qui
1352 4772 1553 4839 paucis
1588 4777 1712 4839 post
1750 4771 1936 4826 inter—

271 4843 452 4912 jectis
480 4843 650 4896 annis
682 4848 896 4911 martyr
935 4842 1227 4909 occubuit,
1270 4844 1407 4897 dum
1436 4842 1642 4913 Aglaes
1674 4847 1730 4895 et
1756 4842 1935 4897 Boni-

278 4914 516 4969 faciusa
537 4914 721 4982 priori
744 4914 1079 4981 impuritate
1099 4914 1354 4968 recedere
1372 4916 1770 4982 prOponentes,
1795 4927 1935 4967 mar-

277 4992 471 5055 tyrum
491 4986 763 5039 cadavera
791 4986 1133 5054 requirenda
1155 4990 1436 5051 statuunt,
1460 4989 1516 5039 et
1534 4985 1761 5055 inventa
1782 4984 1932 5039 intra

274 5054 629 5111 domesticos
679 5055 845 5122 lares,
900 5062 1192 5111 exstructo
1243 5055 1518 5122 oratorio,
1572 5054 1820 5110 retinere
1866 5069 1931 5110 eo

279 5141 477 5195 SCOpO.
495 5128 588 5181 Sic
606 5128 757 5182 enim
774 5126 978 5198 Aglaes
994 5126 1289 5182 Bonifacio
1308 5128 1418 5181 iter
1433 5127 1635 5183 suadet
1649 5126 1718 5180 ad
1737 5125 1936 5180 Orien-

279 5201 362 5254 tis
395 5205 597 5265 partes,
632 5198 729 5253 ubi
758 5206 894 5252 tunc
912 5205 1075 5252 erant
1097 5198 1494 5253 Diocletianea
1514 5197 1934 5268 persecutionis

281 5269 450 5325 initia
481 5283 546 5323 ex
585 5270 829 5325 edition.
872 5269 1075 5327 Holst.,
1114 5283 1235 5340 pag.
1269 5268 1342 5324 8:
1380 5290 1406 5321 α
1442 5271 1611 5340 Perge
1651 5269 1834 5339 igitur
1860 5270 1929 5323 ad

282 5341 420 5395 illas
452 5349 658 5409 partes,
689 5346 746 5395 et
774 5340 912 5395 affer
951 5340 1113 5395 nobis
1155 5341 1455 5410 reliquias,
1492 5342 1547 5396 id
1578 5347 1663 5395 est
1692 5353 1933 5409 corpora

276 5420 613 5468 sanctorum
640 5418 951 5481 martyrum
977 5430 988 5465 :
1015 5413 1066 5467 si
1090 5413 1374 5481 quomodo
1405 5412 1738 5479 servientes,
1761 5420 1934 5480 atque

279 5482 682 5538 ministrantes
711 5484 817 5550 eis,
852 5496 955 5538 nec
985 5496 1095 5538 non
1127 5491 1183 5537 et
1211 5483 1495 5537 oratorias
1523 5484 1723 5537 domos
1749 5482 1931 5537 adiﬁ-

277 5563 479 5609 canles
506 5555 591 5608 eis
619 5554 846 5624 dignas,
881 5568 980 5624 per
1003 5562 1230 5609 sanctas
1264 5554 1559 5622 passiones
1587 5566 1782 5607 eorum
1816 5552 1931 5607 sal-

277 5638 499 5690 vemus,
524 5631 641 5679 tum
668 5639 789 5687 nos.
815 5640 986 5695 quam
1010 5626 1176 5680 multi
1205 5625 1329 5679 alii.
1361 5642 1385 5673 υ
1411 5626 1737 5678 Permovere
1758 5624 1930 5678 etiam

280 5701 504 5769 poterat
552 5694 973 5765 Eutychiauum
1031 5696 1445 5769 hareticorum
1485 5700 1621 5769 tunc
1678 5694 1934 5749 insolens

280 5765 460 5823 factio
494 5769 964 5831 Novatianorum,
999 5769 1175 5823 sicuti
1211 5768 1381 5823 etiam
1422 5765 1929 5835 Cataphrygarum,

279 5838 779 5909 Marcionitarum,
807 5847 866 5896 et
893 5839 1177 5894 similium
1210 5837 1599 5909 improborum
1634 5836 1928 5893 hominum

2045 4558 2450 4609 scernerentur
2488 4565 2519 4606 a
2564 4552 2803 4606 caeteris.
2839 4569 2865 4600 »
2909 4553 3152 4622 Reliqua
3195 4553 3361 4622 signa
3408 4554 3698 4622 exercita-

2046 4631 2231 4680 torum
2278 4629 2335 4678 et
2380 4623 2884 4693 inexercitatorum
2910 4622 3014 4693 ibi
3056 4620 3289 4693 legenda
3332 4637 3363 4676 a
3397 4636 3518 4693 pag.
3572 4620 3692 4679 466.

2043 4697 2113 4751 Et
2141 4700 2273 4749 ante
2301 4692 2702 4763 Lugdunensis
2731 4692 3074 4762 encyclicam
3105 4692 3359 4749 Ecclesia
3386 4692 3698 4763 Sm’yrnen—

2044 4768 2128 4821 sis
2178 4766 2237 4818 in
2280 4764 2458 4817 altera
2507 4763 2718 4832 pariter
2768 4763 3056 4833 encyclica
3101 4764 3365 4834 ostendit
3402 4766 3695 4834 Polycarpi

2045 4835 2313 4904 martyris
2336 4834 2609 4906 exemplo,
2634 4835 2783 4902 apud
2818 4834 3043 4900 Euseb.,
3073 4834 3112 4889 l.
3143 4847 3221 4901 iv,
3244 4849 3289 4889 c.
3322 4833 3408 4905 45,
3435 4833 3533 4906 qui
3556 4833 3699 4890 mar-

2043 4916 2187 4977 tyres
2228 4906 2524 4977 secundum
2566 4905 2921 4971 Evangelium
2965 4906 3235 4969 censendi,
3284 4905 3697 4962 discriminans

2041 4994 2139 5035 eos
2172 4978 2271 5046 qui
2313 4976 2466 5032 ultro
2497 4990 2556 5031 se
2585 4989 2645 5030 se
2677 4977 2867 5041 morti,
2916 4983 2972 5031 et
3017 4977 3513 5045 persecutionibus
3552 4978 3698 5033 olfe-

2043 5050 2260 5113 rebant,
2288 5047 2359 5103 ab
2388 5047 2462 5103 iis
2486 5047 2588 5118 qui
2621 5047 2678 5101 in
2703 5048 2983 5104 exercitio
3011 5048 3287 5104 virtutum
3321 5062 3698 5116 perseveran—

2041 5128 2145 5180 tes.
2173 5120 2738 5188 comprehensionem
2768 5118 3259 5187 prastolabantur.
3290 5121 3621 5176 Necessaria
3642 5128 3696 5177 et

2047 5193 2161 5247 hac
2190 5191 2498 5261 putabatur
2522 5189 2733 5257 cautio,
2762 5205 2890 5245 cum
2921 5191 3178 5246 ulti-once
3203 5205 3263 5246 se
3288 5204 3347 5246 se
3373 5190 3692 5260 offerentes,

2046 5263 2305 5334 plerique
2348 5262 2512 5334 ﬁdem
2545 5261 2916 5334 denegabant,
2965 5262 3113 5331 quod
3150 5262 3231 5334 ibi
3262 5262 3516 5319 Ecclesia
3547 5262 3695 5320 facto

2043 5332 2314 5391 ostendit.
2346 5333 2480 5388 lnde
2513 5332 2883 5402 Polycarpum
2930 5333 3218 5401 proponit,
3262 5340 3563 5403 martyrem
3596 5349 3693 5391 ve-

2044 5419 2169 5461 rum
2199 5405 2396 5460 laudat
2418 5410 2475 5458 et
2501 5404 2862 5461 imitandum.
2894 5404 2991 5473 qui
3020 5404 3170 5459 ultro
3197 5417 3307 5459 non
3339 5419 3399 5460 se
3429 5420 3488 5461 se
3517 5406 3693 5462 obtu-

2045 5478 2133 5545 lit,
2160 5476 2256 5531 sed
2287 5476 2733 5542 comprehensus
2762 5475 2927 5545 signa
2960 5474 3330 5545 fortitudinis
3354 5476 3695 5534 Christiana

2045 5550 2104 5603 in
2134 5560 2315 5618 agone
2354 5545 2640 5620 exhibuit.
2681 5544 2837 5600 Unde
2862 5546 2960 5620 ita
3005 5544 3270 5620 ﬁdelibus
3314 5552 3695 5620 utexemplar

2046 5615 2490 5692 proponuntLex
2518 5615 2833 5692 fragmento
2861 5617 3163 5692 Valesiano
3194 5618 3249 5672 in
3279 5619 3432 5692 notis
3463 5615 3693 5692 Euseb.,

2047 5685 2170 5760 pag.
2198 5688 2268 5744 69
2297 5695 2352 5743 et
2379 5685 2480 5743 73:
2518 5708 2544 5739 «
2571 5685 2681 5756 Qui
2716 5701 2825 5761 non
2855 5688 3038 5743 solum
3068 5688 3267 5761 docior
3297 5690 3566 5761 insignis,
3599 5685 3693 5748 ve-'

2046 5759 2170 5816 rum
2192 5761 2365 5833 etiam
2386 5773 2647 5833 summus
2662 5760 2894 5833 exstitit
2911 5765 3142 5830 martyr.
3160 5759 3339 5833 Cujus
3357 5759 3692 5833 martyrium

2041 5844 2238 5888 omnes
2271 5831 2487 5887 imitari
2518 5831 2769 5899 student,
2799 5830 3012 5901 quippe
3043 5832 3194 5903 quod
3225 5847 3356 5888 cum
3384 5830 3693 5904 Evaugelio
