4072 6176
408 263 431 317 4
442 261 545 318 447

1641 271 1998 327 ANASTASII
2059 273 2601 331 BIBLIOTHEtIARII

3680 270 3819 331 4448

401 387 617 468 Christi
648 393 1083 468 consenserit}
1118 393 1292 468 Porro
1321 393 1392 450 ab
1412 394 1700 468 episcOpis
1729 396 1899 453 hocce
1932 411 2059 452 mo—
2083 398 2144 458 A
2171 398 2490 465 Aureliani,
2547 413 2740 456 verum
2795 399 2967 455 etiam
3024 400 3228 463 Taciti,
3290 399 3569 468 Floriani,
3628 397 3816 463 Probi,

405 467 658 535 mentum
692 462 751 516 in
782 463 1133 535 martyribus
1179 462 1528 520 honorandis
1556 462 1865 535 expensum
1895 469 2061 524 docet

402 530 740 587 Mansurius
779 530 1113 604 Carthagin.
1161 535 1385 607 Primas
1425 530 1717 592 Caeciliani
1771 541 2056 607 decessor,

401 608 727 678 vetans._ne
758 610 1128 678 ut_ma_rtyres
1160 606 1598 670 honorarentur,
1630 609 1731 678 qui
1765 623 1826 663 se
1853 623 1913 665 se
1942 606 2062 678 per-

404 673 1167 758 secutoribusobtulissen‘t:
1193 678 1340 758 quod
1368 673 1664 758 legitur-in"
1684 673 2054 758 Brevic.,_e9l.

403 740 461 820 3ἶ
491 757 613 820 _ca_p.
650 741 736 820 44,
773 745 1006 820 inlnova
1040 740 1253 820 Beluzii
1285 740 1452 820 conc:
1476 749 1731 817 Collect.,
1767 740 2053 820 pagf327,

406 813 506 869 ubi
541 814 811 871 laudatur
839 817 1121 872 Mansurii
1156 818 1398 885 epistola
1428 837 1439 871 :
1479 840 1505 871 α
1543 822 1599 875 ln
1631 813 2054 876 eisdemvetiam

406 885 622 959 litteris
649 887 851 942 lectum
880 894 985 959 est,
1014 901 1110 943 eos
1136 890 1235 958 qui
1264 903 1322 944 se
1348 888 1616 946 offerrent
1644 893 2057 959 persecutioni-

406 956 516 1011 bus
546 970 657 1011 non
702 957 1117 1025 comprehensi,
1154 956 1224 1013 'et
1256 960 1409 1015 ultro
1451 956 1711 1016 dicerent
1750 977 1811 1016 se
1854 963 2060 1017 habere

403 1028 731 1101 Scripturas
760 1041 1047 1101 quasnon
1088 1031 1395 1095 traderent,
1428 1046 1459 1085 a
1500 1032 1715 1101 quibus
1754 1033 1861 1089 hoc
1894 1046 2058 1089 nemo

405 1100 724 1168 quaesierat.
772 1098 1150 1167 displicuisse
1188 1098 1600 1168 Mansuriofet
1640 1102 1711 1157 ab
1742 1105 1827 1158 eis
1874 1105 2059 1159 hono—

405 1169 604 1224 randis
645 1183 774 1224 eum
823 1170 1188 1236 prohibuisse
1230 1172 1614 1228 Christianos.
1651 1192 1676 1222 ι)
1711 1176 1778 1228 Ει
1806 1182 1969 1230 antea
1998 1176 2051 1229 S.

403 1239 740 1315 Qyprianus,
766 1253 895 1315 eum
931 1241 1233 1315 proconsul
1268 1242 1585 1315 inquireret
1610 1244 1681 1299 de
1713 1245 2058 1315 presbyteris

402 1310 737 1391 Qarthagin.
767 1310 1053 1391 Ecclesiae,
1082 1310 1386 1391 respondet
1417 1315 1491 1391 in_
1507 1315 1632 1381 ejus
1656 1310 1792 1391 Yila
1817 1334 1829 1369 :
1863 1310 2057 1371 «'Cum

402 1380 712 1449 disciplina
743 1381 1060 1453 prohibeat.
1096 1396 1164 1437 ne
1190 1384 1323 1451 quis
1349 1397 1409 1438 se
1437 1380 1587 1440 ultro
1614 1384 1831 1453 offerat,
1864 1394 1921 1441 et
1946 1393 2058 1442 tuae

405 1465 635 1521 quoque
664 1465 920 1526 censurae
970 1452 1074 1507 hoc
1116 1454 1443 1526 displiceat,
1469 1468 1562 1526 ne
1604 1456 1806 1512 otierre
1848 1471 1908 1512 se
1941 1457 2055 1526 ipsi

405 1528 665 1596 possunt,
698 1524 793 1577 sed
820 1528 932 1596 a_te
956 1525 1256 1596 exquisiti,
1291 1525 1681 1581 inveniantur.
1712 1545 1738 1577 υ
1770 1527 1948 1596 Quam
1969 1524 2060 1583 di-

403 1592 707 1661 sciplinam
756 1606 788 1647 a
834 1594 1138 1663 Cypriano,
1196 1609 1301 1649 suo
1354 1599 1685 1652 testimonio
1736 1592 2057 1654 roboratam

403 1664 764 1735 commendat
790 1665 846 1719 S.
887 1665 1250 1735 Augustinus
1280 1672 1477 1721 contra
1524 1668 1694 1735 epist.
1729 1669 2054 1725 Gaudentii

404 1734 818 1819 eumscribit:
853 1755 878 1786 α
912 1734 1012 1819 His
1053 1738 1235 1817 sacris
1267 1737 1495 1819 litteris
1542 1734 1809 1819 eruditus
1857 1741 2058 1819 beatus
2096 1759 2146 1819 Β

403 1804 723 1879 ςγριὶιιιιιιε
760 1806 818 1879 in
852 1804 1213 1879 confessione
1245 1808 1398 1862 dixit
1430 1809 1805 1878 disciplinam
1854 1812 2059 1879 prohi-

326 1886 333 1892 ‘
404 1874 555 1949 bere,
591 1889 661 1949 rte
690 1877 823 1949 quis
853 1890 914 1932 se
943 1876 1159 1932 offerat.
1193 1896 1218 1927 »
1250 1880 1453 1933 Eadem
1484 1874 1798 1949 disciplina
1835 1874 2059 1937 vetusta

405 1946 615 2001 imbuti
642 1946 981 2020 subdiaconi
1005 1949 1270 2003 Ecclesiae
1295 1946 1787 2020 Carthaginensis,
1811 1952 1946 2007 dum
1978 1954 2062 2006 in-

409 2018 776 2089 terrogatiin
804 2018 1191 2074 Diocletianea
1224 2018 1620 2089 persecutione
1652 2028 1712 2077 ut
1740 2018 1932 2077 sacros
1956 2037 2061 2078 co-

403 2088 563 2143 dices
592 2088 895 2154 traderent,
932 2088 1370 2158 responderunt,
1403 2105 1597 2146 curam
1630 2093 1957 2149 earumdem
1988 2094 2057 2149 ad

405 2159 647 2217 lectores
675 2160 995 2231 pertinere:
1029 2168 1085 2215 et
1112 2162 1391 2217 instantes
1410 2162 1656 2231 judices,
1689 2170 1752 2218 ut
1781 2163 2059 2219 lectorum

405 2231 642 2305 nomina
666 2230 1052 2305 enuntiarent.
1088 2246 1411 2305 reposuere.
1443 2235 1501 2287 In
1528 2234 1683 2288 Actis
1706 2235 1937 2305 Turgat.
1967 2236 2061 2290 Fe-

406 2300 504 2356 lic.
540 2306 667 2373 post
694 2300 963 2373 Optatum
998 2315 1122 2372 pag.
1156 2300 1225 2357 94
1259 2321 1270 2356 :
1301 2304 1411 2359 Nos
1439 2318 1550 2357 non
1589 2319 1776 2358 sumus
1804 2300 2061 2373 prodito—

405 2387 513 2443 res.
546 2372 669 2440 Qua
697 2372 1015 2441 disciplina
1061 2375 1383 2443 L‘yprianus
1421 2374 1683 2429 ultimam
1714 2372 1867 2431 clero
1896 2377 2059 2432 dedit

406 2441 784 2515 hortatoriam
803 2441 1216 2511 epistolamiet
1235 2446 1385 2499 inter
1403 2445 1625 2515 reliqua
1646 2447 1881 2514 monita,
1901 2454 2051 2502 erat:

409 2532 436 2587 gr
478 2516 557 2569 Ne
582 2514 891 2587 quisquam
925 2515 1089 2587 ultro
1109 2528 1168 2568 se
1200 2515 1518 2587 gentilibus
1542 2514 1808 2572 'oﬂ‘erret:
1844 2531 2056 2587 appre-

410 2584 629 2657 hensus
655 2585 826 2657 etiam
858 2592 915 2638 et
946 2584 1395 2657 traditusloqui
1435 2586 1601 2641 debet
1629 2604 1641 2640 :
1672 2584 1960 2657 siquidem
1996 2590 2055 2643 in

413 2655 581 2727 nobis
612 2655 890 2727 Dominus
923 2656 1150 2727 positus
1180 2655 1281 2709 illa
1324 2655 1460 2710 hora
1500 2655 1783 2725 loquitur,
1816 2661 1915 2727 qui
1952 2673 2055 2714 nos

405 2724 667 2779 conﬁteri
704 2725 883 2794 magis
907 2725 1051 2794 vult,
1086 2738 1255 2794 quam
1287 2732 1494 2780 temere
1524 2724 1799 2794 profiteri.
1834 2724 1859 2777 ἱ›
1895 2729 2057 2784 Alte—

407 2808 535 2849 rum
584 2796 643 2849 in
684 2793 1035 2863 martyribus
1075 2793 1415 2849 venerandis
1455 2793 1936 2864 animadversum,
1984 2814 2054 2855 ne

408 2866 562 2920 ultro
582 2878 643 2920 se
671 2865 973 2933 injicerent
996 2866 1055 2933 in
1079 2873 1312 2920 mortem
1342 2871 1575 2920 certam.
1604 2868 1745 2922 Hinc
1767 2870 2050 2926 Eusebius

406 2949 648 2991 narrans
679 2932 864 3004 l.vm,
889 2950 938 2989 c.
975 2932 1059 3008 44,
1089 2943 1245 3008 gesta
1269 2937 1533 3008 mulieris
1556 2937 1921 3008 Christianae,
1954 2942 2048 2996 cui

404 3014 671 3077 stuprum
697 3008 1019 3061 Maxentius
1044 3005 1255 3061 inferre
1284 3006 1646 3077 moliebatur,
1679 3029 1706 3061 (ι
1734 3011 1791 3064 in
1816 3005 2050 3067 cubicu-

2168 483 2233 524 ac
2276 471 2503 526 demum
2552 472 2887 527 Numeriani
2942 471 3297 540 temporibus
3348 471 3536 526 sedem
3594 470 3822 540 pontifi-

2168 541 2316 595 ciam
2357 542 2714 612 gubernavit,
2750 549 2813 597 ut
2853 546 3010 611 patet
3037 539 3105 597 ex
3138 543 3308 597 initio
3335 549 3392 597 et
3430 543 3542 597 line
3576 539 3823 610 pontiﬁ-

2443 679 2497 737 4.
2530 714 2595 722 -
2626 686 2729 737 Hic
2771 685 3051 737 constituit
3089 685 3298 751 fruges,
3339 683 3521 750 fabas,
3564 686 3618 735 et
3664 696 3822 734 uuas.

2170 752 2316 807 Usus
2346 753 2718 809 benedicendi
2760 761 3055 810 creaturas
3087 755 3145 808 in
3175 754 3427 823 Ecclesia
3459 753 3827 823 antiquissi-

2172 835 2297 877 mus
2325 831 2432 891 est,
2465 830 2521 879 et
2561 825 2633 879 ab
2663 826 3053 893 apostolorum
3098 834 3349 894 tempore
3393 822 3822 893 frequentatus,

2144 899 2486 971 ‘ut_t:_onsta_t
2515 908 2583 950 ex
2617 909 2833 971 canone
2861 897 3257 971 apostolorum
3285 894 3342 959 2,
3370 894 3424 960 3,
3450 903 3559 949 etc.

2242 965 2412 1020 Linea
2440 963 2495 1021 7.
2525 995 2599 1005 -
2624 963 2955 1021 Dalmatica.
2988 968 3303 1023 Dalmatica
3332 973 3419 1022 est
3449 966 3655 1021 tunica
3688 965 3817 1019 sine

2173 1036 2438 1100 manicis,
2462 1051 2587 1106 quae
2614 1038 2751 1093 olim
2782 1039 2840 1091 in
2870 1052 2980 1093 usu
3004 1036 3135 1093 fuit.
3164 1038 3307 1093 Vide
3330 1044 3492 1092 notas
3516 1038 3725 1092 Baron.
3748 1036 3816 1089 ad

2170 1106 2535 1179 MartyroIOg.
2569 1109 2729 1164 Rom.
2762 1109 2857 1164 die
2881 1106 2945 1163 34
2984 1110 3142 1180 Maii,
3176 1108 3369 1164 littera
3398 1108 3453 1162 Β.

2802 1250 3171 1308 BLANCHINI

2687 1388 2839 1430 NOTAE
2869 1388 3285 1431 CHRONOLOGICE

2238 1498 2471 1570 Numeri
2515 1499 2837 1567 praeservati
2873 1500 2932 1555 in
2958 1500 3171 1570 epocha
3201 1501 3257 1555 S.
3299 1498 3651 1569 Eutycbiani
3696 1504 3815 1554 tum

2167 1570 2317 1641 apud
2366 1569 2663 1625 basilicam
2702 1571 2758 1625 S.
2804 1569 3149 1641 Pauli,’tum
3184 1571 3334 1640 apud
3377 1570 3823 1641 catalogoslta-

2170 1640 2283 1708 lite,
2319 1641 2453 1695 inde
2477 1642 2807 1711 antiquitus
2832 1642 3176 1709 descriptos,
3210 1654 3428 1697 necnon
3465 1642 3527 1695 in
3558 1640 3822 1710 catalogo

2172 1712 2495 1783 Liberiano,
2527 1718 2583 1767 et
2617 1713 2672 1767 in
2709 1713 2972 1783 pluribus
3001 1713 3371 1774 Colbertinis,
3406 1724 3586 1779 supra
3623 1712 3824 1783 relatis

2171 1783 2322 1838 inter
2358 1781 2777 1853 ,Prolegomena
2846 1783 3007 1841 plene
3074 1784 3421 1852 respondent
3478 1781 3823 1836 nominibus

2168 1852 2471 1908 consulum
2502 1852 2933 1910 enuntiatorum
2965 1861 3075 1911 tam
3112 1856 3172 1909 in
3202 1854 3479 1921 catalogis
3513 1853 3731 1907 Liberii
3760 1866 3823 1905 ac

2169 1923 2393 1989 Felicis,
2429 1937 2597 1992 quam
2638 1925 2807 1981 Libro
2850 1925 3193 1981 Pontificali.
3230 1927 3289 1980 In
3336 1923 3649 1979 Liberiano
3697 1936 3819 1978 cor-

2172 1995 2448 2066 rigendus
2489 1994 2867 2051 observantur
2908 1997 3117 2051 unicus
3155 2008 3316 2051 error
3352 1995 3819 2059 amanuensium,

2172 2066 2273 2137 qui
2318 2070 2553 2137 caateros
2595 2067 2652 2120 in
2702 2069 3013 2137 catalogos,
3063 2072 3119 2122 et
3164 2067 3223 2121 in
3277 2067 3540 2137 picturas
3589 2079 3821 2135 quoque

2174 2136 2428 2206 irrepsit,
2464 2135 2570 2191 hoc
2593 2146 2680 2192 est
2702 2135 3023 2208 disiunctio
3050 2135 3292 2193 unitatis
3312 2152 3380 2192 ex
3411 2150 3655 2208 numero
3679 2149 3822 2190 men-

2170 2208 2356 2331 illium,t
2377 2219 2443 2263 ac
2480 2206 2874 2265 translatio'in
2914 2208 3104 2265 sedem
3143 2210 3392 2265 dierum.
3439 2206 3821 2262 Scribendum

2199 2292 2329 2331 uera
2389 2297 2402 2331 :

2199 2284 2356 2334 uerat
2389 2297 2402 2333 :

2239 2368 2400 2424 Sedit
2790 2368 2939 2423 Ann.
3086 2368 3262 2423 Mens.
3292 2368 3419 2423 dies

2789 2440 2909 2494 Vlll
3116 2440 3195 2494 XI
3303 2441 3375 2493 [ll

2164 2508 2413 2577 Scripsit
2436 2511 2912 2568 amanuens.VIll
3126 2511 3182 2564 Χ
3290 2511 3405 2564 ΠΗ.
3453 2510 3814 2564 Demonstro.

2164 2582 2511 2650 Eutychiani
2544 2583 2834 2650 depositio
2863 2581 3051 2636 aetatis
3096 2581 3313 2635 Liberii
3344 2579 3543 2649 (supra
3578 2581 3642 2635 in
3681 2582 3815 2634 Pro-

2166 2650 2395 2725 legom.)
2444 2655 2821 2725 consignatur
2858 2658 3013 2725 sexto
3059 2652 3187 2707 ldus
3226 2652 3548 2725 Decembris.
3589 2652 3818 2725 Consu-

2166 2720 2248 2777 les
2282 2735 2314 2777 a
2349 2720 2639 2795 catalogis'
2669 2724 2980 2793 enuntiati,
3026 2736 3245 2795 necnon
3286 2736 3319 2777 a
3362 2721 3818 2795 Bibliothecario

2167 2795 2438 2865 postremi
2486 2793 2558 2849 in‘
2588 2795 2945 2865 Eutychjano
2987 2800 3135 2865 sunt
3164 2794 3346 2848 Carus
3390 2806 3429 2846 ιι
3461 2801 3518 2848 et
3547 2793 3820 2865 carinus,

2164 2863 2488 2919 indicantes
2535 2863 2748 2920 annum
2793 2863 2921 2921 283.
2965 2864 3144 2919 Primi
3185 2870 3373 2919 autem
3418 2864 3695 2919 consules
3734 2864 3823 2918 ei—

2160 2933 2287 2989 dem
2328 2935 2599 2992 attributi
2646 2944 2782 2992 sunt
2822 2934 3172 2990 Aurelianus
3212 2949 3267 2990 tv
3315 2941 3372 2989 et
3419 2934 3818 3001 Marcellinus,

2159 3005 2481 3073 aperientes
2524 3020 2735 3063 annum
2788 3003 2915 3071 275,
2969 3007 3139 3075 cujus
3187 3006 3325 3060 anni
3377 3005 3506 3060 dies
3553 3018 3620 3059 ιιι
3672 3005 3817 3075 (quae

404 3078 532 3159 lum
546 3079 830 3159 ingressa,
851 3077 1028 3159 solam
1050 3091 1110 3133 se
1129 3078 1383 3159 relictam
1404 3090 1527 3159 esse
1546 3080 2045 3159 circumspiciens,
2079 3087 2127 3150 ί]
2158 3083 2281 3159 erat
2321 3083 2479 3159 sexta
2512 3084 2638 3159 post
2685 3077 2907 3159 obitum
2940 3077 3189 3159 .Felicis,
3213 3089 3392 3159 aquo
3434 3089 3672 3131 vacasse
3717 3076 3819 3159 d‘i-

405 3149 661 3219 gladium
697 3149 910 3220 pectori
945 3148 1255 3220 immergit.
1291 3167 1318 3197 υ
1344 3149 1425 3204 Ad
1460 3164 1587 3219 qua!
1617 3150 1785 3206 verba
1808 3148 2049 3208 Graecus

403 3218 683 3290 antiquus
712 3218 1054 3290 Scholiastes
1094 3218 1390 3274 adnotavit
1418 3220 1500 3290 (In
1532 3222 1687 3277 notis
1716 3224 1851 3278 Eos.
1888 3224 2044 3279 Vale-

407 3286 567 3360 sius,‘
589 3303 711 3364 pag.
749 3286 870 3364 470)
899 3308 971 3364 ;Α‹‹
1003 3289 1301 3359 Quomodo
1333 3286 1720 3364 istemiratur
1750 3294 2044 3364 mulieres,

448 3375 531 3417 lliB
583 3360 968 3430 sibimetipsis
1020 3373 1222 3416 manus
1275 3362 1716 3417 consciverunt:
1759 3371 1815 3419 et
1857 3360 2045 3420 tamen

448 3376 531 3417 uae
583 3376 968 3430 smtmeupsns
1020 3376 1222 3416 manus
1275 3376 1716 3417 consciverunt:
1759 3376 1815 3419 et
1857 3376 2045 3420 tamen

404 3376 671 3487 gcclesiaa
688 3432 976 3504 judicium
1000 3431 1061 3486 in
1084 3437 1395 3504 martyrum
1421 3445 1656 3488 numero
1682 3447 1789 3489 non
1820 3436 2049 3504 reponit

403 3517 516 3577 cas.
543 3516 670 3572 quae
695 3503 788 3577 su’i
814 3502 1067 3577 ipsarum
1094 3501 1394 3577 carniﬁces
1414 3504 1779 3577 exstiterunt.
1805 3501 2050 3577 Ignavia:

385 3570 576 3628 enim‘
603 3573 796 3643 potius
826 3570 996 3643 quam
1028 3570 1395 3628 fortitudinis
1433 3570 1859 3643 suppliciorum
1895 3584 2049 3633 metu

407 3651 644 3717 mortem
677 3652 1030 3717 praevertere.
1056 3645 1262 3717 verum
1286 3657 1381 3717 eas
1417 3645 1473 3717 in
1504 3644 1699 3700 album
1734 3655 2046 3717 martyrum

406 3715 596 3781 refert,
632 3713 758 3786 qua:
782 3715 853 3771 ob
874 3713 1290 3771 confessionem
1318 3716 1534 3770 Christi
1568 3716 1716 3772 nihil
1740 3713 2051 3774 formidan-

402 3788 539 3842 dum
563 3800 686 3842 esse
705 3787 1133 3859 existimarunt,
1156 3786 1333 3841 alacri
1357 3790 1551 3843 animo
1575 3790 1792 3857 perpeti
1816 3796 2045 3859 paratae,

404 3871 762 3927 quaecunque
802 3858 949 3926 ipsis
980 3863 1258 3927 tormenta
1299 3863 1694 3926 tyrannorum,
1728 3873 1794 3914 ac
1831 3861 2050 3916 daemo—

404 3926 541 3982 num
577 3926 875 4002 ingeniosa
897 3926 1155 4002 solertia
1190 3929 1519 4002 irrogasset.
1558 3947 1584 3978 »
1618 3930 1694 3984 De
1727 3944 1840 4000 quo
1869 3944 2050 4002 argu—

404 4006 594 4069 mento
622 3998 860 4069 disserit
889 3996 1015 4052 fuse
1039 3998 1092 4051 S.
1122 3996 1511 4069 Augustinus.
1543 4002 1625 4055 Ita
1652 3996 1905 4069 synodus
1938 3996 2053 4057 illi-

403 4067 664 4142 beritana
710 4067 1500 4142 inhibetleoslhonorandos,
1552 4067 1699 4142 quos
1742 4072 2048 4142 gentilium

404 4137 566 4193 furor
593 4139 973 4194 internecioni
1007 4139 1167 4194 dedit
1195 4139 1266 4194 ob
1298 4137 1587 4209 publieani
1619 4137 1901 4197 idolorum
1944 4140 2054 4199 fra-

403 4209 771 4281 ctionem_.__Et
804 4210 1133 4281 Lactantius
1163 4210 1439 4281 suggillat
1462 4210 1550 4279 (de
1574 4213 1841 4265 Mortibus
1858 4229 2053 4281 perse-

402 4285 535 4345 cut.,
556 4294 605 4335 c.
629 4277 1143 4351 i3)Christianum,
1165 4277 1263 4349 qui
1279 4277 1514 4349 publiCe
1534 4284 1822 4338 conscidit
1839 4277 2053 4340 Diocle-

410 4351 556 4406 tiani
583 4353 641 4407 in
665 4352 1030 4407 Christianos
1048 4363 1294 4419 appensa
1319 4352 1543 4420 edicta;
1566 4354 1675 4407 etsi
1699 4353 1983 4411 Eusebius
2011 4356 2049 4411 l.

413 4435 534 4494 vim,
563 4437 613 4478 c.
640 4420 695 4492 5,
727 4423 903 4476 calore
922 4422 1089 4474 nimio
1114 4421 1242 4494 ﬁdei
1259 4423 1520 4494 ignitum,
1547 4422 1759 4478 factum
1790 4439 2053 4494 pronun-

409 4491 533 4567 tiet.
555 4491 798 4567 Optatus
827 4494 991 4563 plura
1011 4492 1217 4561 repetit
1239 4491 1311 4547 de
1331 4492 1424 4548 his
1447 4494 1633 4565 signis
1655 4495 1692 4549 l.
1714 4491 1804 4564 In,
1820 4509 1941 4567 pag.
1958 4494 2047 4552 77.

407 4565 535 4620 Haec
568 4566 762 4637 itaque
798 4575 961 4620 erant
991 4570 1295 4637 momenta,
1340 4572 1567 4637 propter
1596 4581 1721 4636 quae
1750 4565 2055 4637 Eutycbia-

408 4649 519 4691 nus
537 4634 813 4701 decernit,
840 4634 1148 4708 quemlibet
1173 4634 1390 4691 ﬁdelem
1416 4634 1695 4707 reliquias
1714 4634 2056 4708 conquiren-

408 4714 513 4762 tem
537 4714 593 4762 et
612 4708 991 4779 tumulantem
1008 4706 1212 4779 debere
1234 4708 1498 4762 notitiam
1519 4706 1788 4779 episcopo
1808 4706 2049 4775 deferre,

409 4785 473 4833 ut
504 4792 615 4833 non
644 4778 863 4848 absque
895 4780 1136 4849 trutina,
1184 4777 1365 4832 honor
1407 4781 1664 4849 martyrii
1709 4777 2052 4837 deferendus

406 4847 781 4920 statueretur,
808 4855 864 4903 et
894 4847 1272 4920 reliquiarum
1318 4847 1588 4904 identitas
1620 4851 1974 4920 probaretur.

478 4922 650 4976 Linea
700 4916 756 4975 7.
807 4950 875 4958 —
924 4916 1050 4973 Siue
1104 4919 1573 4974 dalmatica.....
1620 4916 1793 4975 'nulla
1843 4926 2052 4977 ratione

405 4993 671 5061 sepeliret.
720 4991 1351 5063 Certioremtesseram
1397 4991 1603 5047 addere
1648 4993 1906 5048 decernit
1952 5007 2052 5063 pro

409 5060 763 5136 honorandis
792 5060 1171 5136 martyribus,
1216 5062 1685 5136 ves'imentorum
1716 5060 2052 5136 certum—ge-

407 5148 538 5204 nus,
580 5135 730 5204 quod
782 5133 975 5188 ﬁdeles
1021 5140 1390 5202 apponerent,
1430 5134 1578 5204 dum,
1612 5147 1670 5188 in
1711 5133 2050 5191 domesticis

405 5203 680 5261 oratoriis
705 5218 865 5261 sacra
890 5205 1509 5275 pignorairepo‘nerent.
1538 5203 1694 5260 Unde
1718 5205 1922 5275 Aglaes
1949 5207 2051 5261 mi-

406 5277 598 5347 nistri,
644 5290 773 5332 cum
818 5272 1077 5347 viderent
1124 5272 1832 5347 Bonifacium‘martyre‘m
1876 5277 2045 5347 (apud

403 5343 595 5403 Holst.
630 5350 689 5401 in
740 5349 878 5401 actis
925 5346 983 5401 S.
1024 5346 1227 5412 Boni/2,
1281 5359 1405 5417 pag.
1454 5343 1588 5415 ‘22):
1628 5343 2050 5417 «Acceperunt

404 5432 613 5487 corpus
655 5420 838 5474 sancti
877 5418 1162 5486 martyris,
1195 5423 1251 5471 et
1283 5427 1556 5487 ungentes
1587 5418 1732 5474 illud
1765 5422 2048 5474 aromati-

653 5458 1478 5545 in;ol.ven.tiasiintbaminibus
1521 5490 1796 5559 pretiosis
1836 5504 2048 5559 posue-

406 5566 542 5612 runt
573 5560 636 5614 in
669 5574 779 5615 una
806 5561 877 5615 de
906 5560 1213 5615 basternis.
1250 5578 1277 5608 ››

971 5666 1084 5720 BIN
1093 5667 1135 5721 ll
1156 5680 1221 5721 ET
1243 5665 1485 5720 LABBEI

474 5773 649 5830 Linea
671 5768 728 5827 2.
746 5799 819 5810 -
837 5771 962 5825 Fuit
985 5772 1311 5841 temporibus
1330 5771 1643 5826 Aureliani.
1669 5773 1793 5830 Non
1820 5781 2044 5831 tantum

2158 3146 2316 3219 citur
2330 3148 2491 3219 sedes
2512 3145 2637 3204 dies
2655 3150 2914 3219 quinque
2931 3151 2988 3200 in
3005 3149 3274 3216 superiori
3288 3145 3532 3211 numero,
3558 3162 3725 3219 versu
3744 3145 3814 3213 8),

2158 3223 2214 3271 et
2247 3218 2537 3274 incidebat
2568 3220 2627 3274 in
2657 3220 3038 3287 Dominicam,
3068 3225 3199 3287 apte
3231 3218 3537 3287 respondet
3568 3218 3813 3273 ordina’

2159 3286 2305 3360 tioni
2332 3290 2706 3360 Eutychiani.
2752 3291 2888 3345 Inde
2920 3286 3049 3345 vero
3079 3286 3148 3344 ad
3178 3286 3339 3344 diem
3377 3301 3433 3342 vr
3479 3289 3811 3360 Decembris

2157 3359 2294 3413 anni
2323 3357 2613 3429 283,'Caro
2636 3375 2675 3416 ιι
2701 3366 2757 3417 et
2779 3361 2988 3416 Carino
3019 3374 3167 3415 coss.
3195 3360 3426 3430 quando
3451 3361 3644 3414 victor
3668 3358 3813 3413 abiit

2157 3441 2188 3483 e
2229 3430 2365 3498 vita,
2413 3439 2794 3488 numerantur
2829 3432 2966 3486 anni
3007 3444 3136 3493 vm,
3179 3444 3402 3485 menses
3447 3443 3529 3499 xi,
3563 3432 3697 3485 dies
3728 3443 3809 3484 ιιι.

2156 3499 2339 3572 Biduo
2382 3509 2528 3571 post,
2573 3516 2773 3572 nempe
2808 3499 2845 3557 8
2888 3501 3214 3557 Decembris
3249 3501 3587 3571 depositum
3634 3500 3814 3556 fuisse

2157 3568 2308 3642 beati
2342 3568 2633 3642 pentiﬂcis
2662 3568 2889 3629 sacrum
2912 3587 3122 3642 corpus
3145 3573 3203 3628 in
3230 3568 3560 3628 cmmeterio
3584 3572 3811 3628 Callisti

2159 3639 2417 3698 referunt
2445 3645 2787 3700 documenta
2816 3639 3091 3714 superius
3123 3645 3446 3699 enuntiata.

2696 3797 2847 3839 ΝΟΤᾹΞ
2896 3795 3276 3840 (ΣΚΟΝΟΕΟΩΙΕΕ

2239 3912 2406 3967 Linea
2431 3908 2486 3966 6.
2512 3940 2582 3948 —
2609 3910 2899 3965 Constituit
2933 3914 2996 3962 ut
3032 3912 3341 3978 quicunque
3371 3908 3627 3976 ﬁdelium
3669 3928 3815 3964 mar-

2161 3981 2333 4043 tyrem
2393 3981 2658 4051 sepeliret,
2715 3982 2833 4033 sine
2894 3980 3211 4039 daimatica.
3260 3984 3361 4033 aut
3413 3981 3624 4034 colobio
3676 3998 3816 4050 pur-

2155 4059 2361 4125 purato
2394 4053 2565 4125 nulla
2588 4053 2799 4125 ratione
2833 4052 3121 4118 sepeliret:
3152 4051 3299 4120 quod
3336 4056 3523 4105 tamen
3558 4054 3639 4106 ad
3669 4056 3811 4106 noti-

2162 4123 2341 4180 titiam
2371 4124 2479 4177 sibi
2506 4123 2909 4188 divulgaretur.

2233 4192 2726 4263 Vindicandorum
2806 4197 3120 4261 martyrum
3198 4207 3397 4250 curam
3472 4206 3808 4263 promovens

2162 4272 2368 4321 cautus
2391 4262 2647 4335 pontifex
2677 4263 3041 4335 providenter
3067 4266 3354 4333 praecepit,
3381 4271 3445 4321 ut
3467 4262 3537 4320 ad
3564 4272 3814 4320 terentur

2163 4334 2572 4393 indicia’certa
2599 4334 2860 4405 martyrii
2894 4334 2953 4389 in
2979 4347 3175 4390 eorum
3205 4336 3597 4405 depositione.
3630 4337 3811 4390 Adhi-

2163 4408 2285 4463 beri
2320 4406 2609 4462 mandavit
2635 4404 2947 4473 colobium,
2981 4412 3083 4460 aut
3110 4404 3477 4462 dalmaticam
3513 4420 3630 4462 non
3664 4421 3805 4477 qua-

2078 4483 2132 4544 D
2163 4484 2524 4548 lemcunque,
2575 4477 2670 4532 sed
2718 4482 3091 4545 purpuratam
3130 4479 3199 4534 ad
3247 4478 3621 4533 involvendos
3659 4492 3813 4532 mar-

2162 4558 2348 4620 tyres:
2386 4562 2531 4619 quos
2560 4548 2729 4602 etiam
2758 4553 3096 4620 purpuratos
3133 4562 3334 4603 vocare
3361 4549 3672 4604 consuevit
3703 4550 3809 4604 Ec-

2161 4618 2337 4677 clesia
2369 4618 2428 4675 in
2460 4620 2685 4689 hymmo
2720 4618 2975 4673 omnium
3009 4624 3361 4674 sanctorum.

2524 4725 2637 4773 Vos
2668 4723 2928 4786 purpurati
2965 4725 3234 4785 martyres.

2232 4826 2375 4880 Ante
2452 4824 2556 4879 hoc
2639 4823 2927 4877 decretum
3024 4821 3373 4891 Eutycbiani
3458 4831 3811 4880 consuerant

2160 4896 2476 4952 Christiani
2524 4906 2683 4949 sacra
2737 4898 3048 4960 martyrum
3096 4907 3335 4961 corpora
3384 4894 3638 4963 sepelire
3682 4910 3809 4951 cum

2161 4968 2362 5024 linteis
2402 4969 2656 5036 ipsorum
2701 4964 2984 5036 sanguine
3028 4966 3345 5031 respersis:
3385 4979 3487 5020 seu
3521 4980 3655 5035 qua:
3683 4968 3811 5021 data

2160 5053 2331 5107 opera
2373 5033 2806 5108 apponebantur
2856 5033 2995 5087 dum
3044 5041 3412 5108 torqueretur
3458 5033 3703 5108 martyr,
3754 5044 3813 5091 ut

2160 5104 2507 5181 sanguis—in
2552 5121 2616 5181 ea
2662 5104 2958 5181 deflueret,
3008 5104 3627 5181 quemadmodttmin'
3651 5104 3813 5163 Actis

2162 5174 2422 5250 martyrii
2464 5181 2521 5234 S.
2564 5175 2836 5250 Cypriani
2887 5174 3450 5250 Pontiusddiaconus
3488 5178 3809 5250 diligenter

2156 5239 2500 5321 descripsit;
2521 5239 2833 5321 siv'e'etiam
2858 5260 2984 5316 qua:
3002 5245 3425 5321 adhibebantur
3445 5250 3516 5304 ad
3543 5239 3804 5319 sparsum

2159 5318 2496 5395 sanguinem
2538 5334 2569 5376 e
2605 5320 2729 5395 solo
2767 5318 3179 5395 exsugendum.
3228 5326 3293 5395 ut
3331 5318 3807 5395 neta_l{rudentii

2159 5388 2431 5519 carr'nidnit4
2486 5391 2794 5449 ostendunt
2875 5388 2936 5442 in
3006 5394 3280 5459 martyrio
3350 5392 3407 5446 S.
3483 5392 3805 5462 Hippolyti,

2159 5479 2302 5519 vers.
2470 5484 2484 5519 ζ

2156 5479 2302 5522 vers.
2338 5463 2431 5520 444
2470 5484 2484 5520 :

2315 5590 2547 5640 Palliolis
2581 5589 2731 5637 etiam
2765 5583 2953 5633 bibulae
2989 5588 3246 5636 siccantur
3278 5600 3465 5645 arenae,

2376 5654 2453 5702 Nc
2488 5653 2601 5714 quis
2622 5652 2673 5698 in
2705 5651 2891 5699 infecto
2918 5650 3135 5714 pulvere
3160 5665 3245 5714 ros
3270 5652 3489 5714 maneat.

2317 5717 2385 5779 Si
2413 5711 2528 5779 quis
2567 5717 2635 5779 ct_
2658 5715 2710 5761 in
2748 5711 2964 5763 sudibus
3005 5713 3249 5779 recalenti
3284 5711 3559 5773 aspergine
3586 5713 3805 5779 _sanguis

2379 5774 2588 5836 Insidet,
2623 5775 2762 5823 hunc
2789 5788 2999 5827 omnem
3030 5776 3247 5837 spongia
3279 5787 3456 5835 pressa
3488 5774 3651 5837 rapit.
