4072 6176
227 334 369 392 4449

219 458 290 513 Et
330 460 386 514 in
413 460 621 530 hymno
658 462 712 516 S.
744 462 1030 517 Vincentii
1062 481 1075 517 :

475 567 717 629 Plerique
764 570 957 616 vestem
987 570 1197 619 linteam

472 630 706 677 Stillante
733 631 937 689 tingunt
968 634 1238 691 sanguine.

464 691 717 739 Tutamen
754 695 808 739 ut
832 706 1031 741 sacrum
1058 695 1165 742 suis

476 753 629 801 Domi
664 758 926 802 reservent
952 757 1187 818 posteris.

298 853 437 906 Pars
474 858 720 925 attamen
770 852 1074 909 linteorum
1118 854 1175 925 in
1222 855 1348 924 ipso
1380 855 1650 925 martyris
1674 855 1873 925 sepul—

223 936 325 978 cro
378 928 445 977 ut
499 923 812 991 plurimum
884 923 1361 992 recondebantur,
1423 932 1486 981 ut.
1530 923 1872 982 ostendunt

230 993 571 1066 quamplura
617 994 895 1066 exempla,
924 994 1157 1065 legenda
1214 997 1363 1066 apud
1392 1011 1538 1066 szepe
1580 997 1871 1053 laudatum

227 1064 365 1119 Can.
398 1065 718 1121 Boldettum
761 1066 819 1121 in
847 1064 1290 1122 observationib.
1333 1070 1402 1123 ad
1430 1064 1659 1124 Cinmet.
1694 1069 1794 1124 lib.
1831 1082 1867 1122 ι.

225 1132 466 1208 cap.
502 1137 817 1204 praesertim
849 1150 980 1191 vero
1008 1138 1062 1192 S.
1116 1138 1378 1208 Caeciliae,
1438 1147 1671 1208 repertas
1701 1154 1731 1194 a
1764 1141 1870 1193 Pa-

226 1206 412 1281 scnali
447 1209 631 1281 papaI
662 1208 1084 1281 cumvestibus
1135 1206 1418 1281 sanguine
1460 1206 1758 1280 respersis,
1804 1211 1875 1264 de

229 1276 451 1347 quibus
483 1278 630 1332 idem
667 1278 922 1346 pontifex
956 1279 1031 1333 ita
1067 1276 1325 1350 loquitur
1357 1300 1369 1335 :
1426 1282 1527 1335 Ubi
1559 1276 1734 1335 etiam
1758 1282 1875 1333 lin-

227 1351 465 1401 teamtna
504 1364 624 1402 cum
655 1351 856 1418 quibus
892 1353 1328 1405 sacratissimum
1371 1367 1567 1420 corpus
1605 1353 1723 1419 ejus
1767 1353 1876 1404 ab—

225 1424 458 1472 stersum
484 1425 563 1492 est
606 1420 670 1473 de
702 1421 906 1490 plagis,
959 1438 1096 1489 quas
1143 1424 1442 1492 spiculator
1469 1426 1618 1476 trina
1642 1438 1875 1492 percus-

223 1492 378 1543 sione
397 1491 689 1544 crudeliter
707 1495 1022 1559 ingesserut,
1043 1496 1097 1546 in
1126 1491 1293 1547 unum
1325 1494 1590 1560 revoluta,
1605 1491 1876 1562 plenaque

224 1575 415 1614 cruore
442 1562 765 1616 invenimus.
809 1564 1234 1618 Memorandum
1285 1570 1373 1619 est
1420 1565 1591 1619 etiam
1641 1565 1876 1619 involu-

224 1645 391 1685 crum
422 1631 736 1716 lin‘teornrn
762 1633 1443 1716 sanguinenimbutorum,
1474 1636 1623 1716 quod
1647 1649 1678 1690 a
1700 1648 1765 1716 se
1798 1648 1877 1716 re-

226 1709 450 1776 pertum
491 1702 770 1776 describit
798 1719 922 1774 pag.
968 1702 1069 1760 483
1094 1707 1245 1760 circa
1277 1714 1450 1776 caput
1482 1702 1768 1776 martyris,
1816 1708 1873 1760 in

224 1774 357 1847 eius
396 1773 777 1847 loculamento
812 1773 1133 1843 depositum
1167 1777 1266 1831 :in
1318 1773 1430 1846 quo
1467 1773 1643 1833 etiam
1682 1777 1873 1847 phiala

225 1845 411 1898 vitrea
438 1846 730 1918 grandior
786 1852 1007 1915 reperta
1036 1855 1164 1915 est;
1212 1845 1364 1903 unde
1412 1850 1651 1918 sanguis
1685 1845 1876 1905 "efflu-

225 1919 392 1969 xerat
436 1915 493 1969 in
545 1918 885 1983 reclusione,
936 1928 987 1971 et
1038 1918 1214 1974 loculi
1265 1933 1391 1974 cum
1433 1915 1743 1975 decidisset
1769 1934 1873 1973 su—

227 1998 330 2053 pra
386 1987 653 2055 martyris
702 1988 889 2057 pedes,
940 1989 1151 2044 ibidem
1200 1996 1567 2045 concreverat
1624 1992 1681 2045 in
1732 2005 1875 2045 cru-

225 2062 349 2131 stas
395 2058 687 2131 evidentes
732 2077 747 2118 :
791 2058 926 2113 licet
985 2060 1144 2131 aliud
1210 2061 1505 2116 vasculum
1572 2061 1876 2131 sanguinis

225 2124 437 2198 fuisset
482 2129 553 2182 de
600 2142 752 2184 more
798 2130 1125 2198 appositum
1179 2138 1409 2185 externa
1468 2133 1525 2186 in
1579 2124 1734 2198 parte
1782 2132 1876 2186 lo-

223 2197 559 2273 cnlamenti,
594 2200 661 2273 ad
697 2197 1107 2273 ostendendum
1138 2200 1221 2271 (ut
1250 2202 1524 2269 arbitror)
1571 2197 1872 2273 martyrem

224 2268 604 2324 vindicatum.
627 2271 831 2325 Subest
854 2272 1025 2326 etiam
1048 2268 1163 2327 alia
1189 2287 1380 2337 causa,
1414 2268 1518 2329 cur
1546 2268 1780 2328 externa
1813 2274 1874 2327 in

225 2346 390 2426 parte
437 2339 802 2426 loculamenti
836 2351 1096 2426 apertum
1136 2358 1239 2426 fas
1283 2345 1563 2426 sanguine
1606 2345 1873 2426 martyris

228 2409 461 2485 plenum
485 2409 889 2485 apponeretur,
932 2414 1105 2479 idque
1132 2409 1490 2485 frequentius
1520 2429 1689 2485 quam
1722 2409 1876 2469 inte—

228 2480 378 2534 riori
413 2482 470 2554 in
502 2484 927 2553 conceptaculo,
965 2486 1022 2538 in
1057 2480 1328 2554 topho‘ut
1359 2480 1668 2554 plurimum
1702 2498 1877 2540 exca-

224 2557 381 2617 vato,
413 2551 568 2607 hisce
612 2551 1050 2610 in‘cmmeteriis
1097 2551 1391 2611 Romanis.
1450 2559 1687 2612 Causam
1719 2557 1874 2611 illam

234 2622 386 2697 mihi
420 2631 734 2695 suggerunt
758 2626 1013 2682 carmina
1059 2627 1358 2682 Prudentii
1388 2628 1557 2697 paulo
1578 2635 1709 2683 ante
1740 2640 1880 2696 pro-

226 2691 347 2747 lata
377 2711 389 2747 :

473 2802 716 2864 Plerique
738 2806 933 2852 vestem
962 2804 1173 2853 linteam

483 2862 719 2927 Stillahte
747 2866 953 2925 tingunt
974 2868 1246 2927 sanguine,

480 2926 734 2975 Tutamen
762 2931 817 2975 ut
843 2942 1045 2976 sacrum
1084 2926 1207 2977 suis

480 2988 635 3036 Domi
663 2993 926 3039 reservent
958 2993 1193 3053 posteris.

301 3077 730 3148 Conquirebant
757 3078 873 3149 jam
898 3086 1016 3135 tum
1042 3080 1235 3137 ﬁdeles
1257 3081 1540 3153 reliquias
1563 3089 1874 3153 martyrum

225 3155 504 3223 tanquam
532 3155 783 3223 tutamen
816 3164 1062 3219 sacrum,
1090 3160 1145 3207 et
1173 3154 1382 3222 pignus
1407 3155 1733 3209 eorumdem
1777 3155 1876 3209 in-
1906 3162 1954 3223 ο

224 3221 694 3293 tercessionisad
728 3223 926 3289 Deum,
957 3224 1106 3292 apud
1154 3221 1320 3293 quem
1353 3231 1629 3279 noverant
1653 3225 1875 3279 releva-

226 3297 352 3363 tum
381 3292 585 3345 Joanni
613 3291 669 3345 in
688 3291 1027 3363 Apocalypsi
1049 3291 1302 3363 capivm
1324 3300 1379 3349 et
1402 3310 1456 3349 1x
1482 3301 1759 3363 quantum
1786 3309 1877 3350 va-

226 3361 414 3434 lerent
438 3375 616 3434 voces
649 3361 1078 3419 interfectorum
1113 3361 1342 3434 propter
1384 3361 1629 3421 Verbum
1655 3367 1777 3434 Dei,
1818 3374 1877 3421 et

227 3432 517 3505 vindicias
533 3434 837 3502 sanguinis
856 3448 955 3504 pro
972 3437 1085 3490 Deo
1107 3432 1687 3505 fusi‘exspectantium
1705 3432 1773 3491 ac
1785 3437 1876 3492 de-

227 3504 588 3578 poscentium
620 3510 737 3559 tum
766 3506 877 3560 sibi
894 3513 1020 3578 tum
1047 3505 1325 3578 fratribus
1343 3504 1549 3562 merito
1570 3508 1875 3578 sanguinis

220 3574 467 3659 Christi,
500 3588 598 3643 per
617 3576 1131 3659 quemnredemptos
1146 3591 1205 3632 se
1229 3577 1571 3659 fatebantur.
1592 3574 1874 3659 Norerant

226 3643 356 3698 illis
394 3643 725 3731 responsum
777 3647 976 3731 fuisse,
1009 3643 1077 3703 ut
1112 3649 1534 3731 requiescerent
1586 3649 1872 3731 modicum

220 3721 473 3789 tempus,
500 3716 681 3789 donec
712 3718 1046 3789 impleretur
1076 3716 1350 3774 numerus
1381 3718 1624 3775 fratrum
1657 3720 1759 3789 qui
1788 3720 1875 3774 in-

222 3785 549 3841 terﬁciendi
574 3794 736 3843 erant
766 3785 920 3844 sicut
943 3794 999 3844 et
1029 3790 1139 3845 illi.
1168 3791 1311 3845 Dum
1346 3804 1477 3845 vero
1496 3785 1874 3846 adnumeran-

217 3856 332 3911 dos
357 3862 412 3932 et
452 3857 554 3912 hos
601 3873 728 3932 cum
778 3860 1197 3929 superioribus,
1242 3862 1340 3932 qui
1382 3861 1645 3916 laverunt
1695 3861 1874 3917 stolas

218 3941 365 4003 suas
394 3929 449 3981 in
474 3930 755 4003 sanguine
780 3932 948 4003 Agni,
981 3936 1035 3987 et
1064 3932 1135 3986 ab
1155 3929 1348 3987 eodem
1382 3933 1540 4003 Agno
1572 3933 1869 4002 regendos,

216 4004 279 4052 et
314 4000 373 4071 in
403 4006 624 4053 aeterna:
644 4002 773 4071 vitae
804 4000 987 4071 gloria
1018 4003 1171 4058 circa
1201 4017 1367 4058 suum
1397 4000 1665 4059 thronum
1691 4003 1878 4059 collo—

215 4070 455 4144 candos.
487 4071 548 4123 In
578 4070 827 4141 reliquis
848 4080 1177 4144 martyrum
1225 4075 1303 4129 ita
1335 4075 1748 4144 conquirendis
1773 4088 1875 4129 ac-

215 4140 576 4214 cendebatur
605 4140 802 4214 eorum
831 4143 971 4199 ﬁdes
996 4140 1061 4199 ac
1086 4158 1215 4213 spes
1240 4145 1298 4200 in
1340 4140 1516 4201 Deum
1563 4154 1872 4214 conspectu

212 4211 495 4283 exempli,
526 4225 591 4267 ac
623 4212 857 4283 pignore
879 4211 1308 4271 intercessionis
1334 4215 1600 4283 fratrum,
1626 4211 1722 4283 qui
1749 4229 1873 4271 san-

196 4281 458 4349 ‘guinem
480 4296 579 4357 pro
594 4281 824 4357 Chiisto
849 4284 1130 4341 fuderant.
1162 4289 1299 4351 Spes
1329 4281 1872 4357 attamengloriosze

217 4354 671 4427 resurrectionis
694 4368 791 4424 per
806 4358 1145 4427 sanguinem
1163 4358 1375 4413 Christi
1399 4354 1721 4413 obtinenda:
1745 4364 1867 4413 tum

214 4423 529 4495 animabus
546 4432 663 4479 tum
687 4423 1027 4495 Corporibus
1042 4433 1247 4484 iterum
1266 4429 1559 4484 sociandis
1576 4427 1870 4484 fovebatur

212 4501 277 4568 et
301 4494 705 4568 declarabatur
741 4494 891 4566 apud
923 4500 1146 4555 eosdem
1182 4500 1376 4555 ﬁdeles
1413 4501 1681 4568 diligenti
1728 4514 1866 4555 cura

1012 338 1337 394 HISTORIA
1372 340 1461 394 DE
1504 338 1679 393 VITlS
1719 336 1889 393 ROM.
1932 337 2127 393 PONT.
2168 368 2239 378 -—-
2276 340 2331 393 S.
2374 339 2871 397 EUTYCIIIANUS.

1907 1831 1958 1890 B

3428 304 3437 305 ί
3489 346 3625 407 «tuo

1904 464 1964 523 A
1992 439 2142 519 mine
2167 463 2408 543 atiirmat
2447 467 2813 543 Prudentius.
2847 469 3097 525 Videnda
3137 475 3308 527 etiam
3338 475 3623 543 ejusmodi

1986 537 2340 616 consuetudo
2362 537 2422 616 in
2444 539 2599 592 Actis
2627 538 2721 616 SS.
2743 540 3015 616 Susanna:
3036 543 3179 612 virg.
3209 550 3264 598 et
3283 537 3510 616 martyr
3569 556 3626 603 et

1982 605 2105 680 Caii
2140 620 2294 680 papaa
2323 614 2377 662 et
2410 611 2696 678 martyris,
2739 624 2863 680 qua;
2890 605 3198 666 afferentur
3226 627 3295 669 ex
3327 616 3391 673 Β.
3427 605 3483 671 1⁵.
3515 619 3627 673 Be—

1984 676 2121 757 c_i_ll_o
2147 678 2213 757 ad
2240 691 2397 757 num.
2445 676 2772 757 proximum
2803 683 2860 757 in
2896 683 3152 757 notisrad
3184 684 3285 757 lin.
3319 684 3400 740 12.
3437 689 3627 757 Expe-

1983 746 2178 821 diebat
2203 762 2332 804 vero
2364 746 2769 807 ita‘consulere
2802 752 2999 821 pietati
3030 755 3207 810 simul
3232 768 3298 810 ac
3324 746 3625 816 securitati

1985 818 2263 898 fidelium,
2288 835 2432 890 quos
2456 835 2583 876 cum
2612 818 2871 898 viderent
2890 825 3144 898 episcopi
3175 827 3416 883 nimium
3437 843 3628 898 quan-

1982 890 2169 963 doque
2189 904 2249 963 se
2268 905 2546 960 exponere
2568 894 2826 963 periculo
2843 890 3176 952 certaminis
3198 910 3310 953 non
3329 890 3631 957 lacessitos

1984 961 2212 1028 quando
2235 962 2292 1016 in
2320 963 2443 1029 ipso
2458 961 2719 1040 cruciatu
2744 973 3052 1040 martyrum
3073 966 3249 1023 lintea
3270 972 3630 1040 apponebant

1986 1045 2111 1111 qua;
2155 1045 2409 1111 respersa
2449 1036 2730 1111 sanguine
2776 1037 3129 1111 retraherent
3156 1036 3632 1111 atque'asporta-

1987 1107 2154 1181 renti:
2204 1103 2308 1158 hoc
2356 1103 2579 1181 tutiori'
2599 1120 2802 1181 genere
2846 1108 3027 1181 studii
3059 1109 3127 1163 ad
3160 1103 3628 1181 consequendum

1986 1178 2240 1248 op_tatum
2287 1176 2625 1248 sanguinem
2664 1177 2949 1245 iuvandos
2978 1192 3102 1234 esse
3135 1176 3498 1248 judicarunt.
3546 1186 3629 1239 Ita

1985 1244 2136 1323 enim
2168 1252 2423 1323 poterant
2450 1246 2507 1323 in
2539 1244 2756 1323 cryptis
2784 1244 3492 1323 inobservati'sanguinein
3528 1268 3629 1323 pro

1983 1314 2213 1393 Christo
2244 1314 2431 1369 fusum
2461 1314 2659 1393 linteis
2686 1319 2918 1393 haurire
2945 1335 2978 1393 e_
2997 1322 3227 1377 vasculo
3250 1314 3507 1380 exterius
3529 1314 3630 1393 ap-

1988 1385 2174 1452 posito
2191 1398 2253 1439 ac
2282 1388 2493 1453 patenti
2528 1389 2819 1444 devotioni
2843 1390 3195 1447 confratrum
3232 1385 3631 1452 suorum.Col-

1988 1455 2195 1534 ligitnr
2221 1456 2337 1511 haee
2376 1472 2563 1512 rerum
2606 1461 2790 1534 series
2814 1475 2878 1515 ex
2910 1462 3046 1516 aliis
3078 1477 3308 1534 quoque
3330 1467 3627 1522 Prudentii

1986 1527 2514 1604 versibus_._necnon
2532 1544 2600 1584 ex
2623 1532 2796 1585 veteri
2824 1527 3243 1589 consuetu—dine
3274 1550 3372 1604 per
3399 1539 3455 1592 S.
3482 1537 3632 1594 Gre—

1987 1597 2211 1667 gorium
2246 1601 2507 1667 Magnum
2539 1608 2772 1665 asserta,
2814 1604 2951 1658 dum
2994 1597 3333 1662 rescriberet
3368 1609 3435 1663 ad
3477 1610 3634 1665 Con-

1987 1670 2298 1747 stantinam
2328 1675 2665 1747 Augustam,
2699 1674 2868 1747 eique
2892 1682 3139 1747 negaret
3168 1678 3449 1747 reliquias
3494 1694 3633 1736 cor—

1987 1753 2189 1863 gerum
2219 1740 2310 1794 SS.
2345 1740 2732 1810 apestolorum
2759 1740 2904 1799 Petri
2946 1740 3007 1800 et
3029 1748 3187 1802 Pauli
3218 1740 3626 1817 transmittere,

2027 1810 2230 1863 randea
2274 1825 2385 1863 non
2444 1821 2774 1863 negaturus.
2823 1816 3115 1863 Prndentii
3162 1819 3434 1863 carmina,
3503 1836 3626 1863 ηιιαι

2027 1810 2230 1891 randea
2274 1825 2385 1866 non
2444 1821 2774 1891 negaturus.
2813 1816 3117 1891 Prudentii
3162 1810 3438 1891 carmina,
3503 1810 3630 1891 quae

1986 1888 2271 1961 testantur
2307 1896 2565 1961 causas_a
2613 1885 2779 1961 nobis
2811 1887 3114 1956 iudicatas,
3159 1889 3323 1961 ﬁdem
3367 1885 3433 1946 ac
3470 1885 3628 1961 spem

1984 1951 2370 2029 Christianam
2410 1956 2702 2029 excitandi
2752 1971 3059 2026 conSpec'u
3105 1951 3625 2029 reliquiarum'SS.

1988 2031 2323 2099 martyrum,
2354 2024 2771 2096 indulgentiam
2796 2024 3156 2098 implorando
3176 2024 3519 2099 pe'rillorum
3548 2036 3625 2089 in-

1988 2096 2402 2175 tercessiorem,
2431 2096 2996 2175 questanquavaei
3038 2096 3313 2175 serrvosin
3359 2104 3629 2175 reliquiis

1985 2165 2403 2221 venerabantur
2445 2168 2598 2222 velut
2623 2165 3025 2226 instrumentis
3055 2172 3127 2226 ab
3169 2186 3365 2228 eorum
3397 2165 3630 2230 anima—

1988 2235 2092 2316 b_us
2117 2237 2401 2316 adhibitis
2429 2240 2498 2293 ad
2532 2237 2760 2316 fortiter
2776 2242 3103 2316 tolerandas
3122 2257 3223 2311 pro
3247 2244 3477 2316 Christo
3508 2260 3635 2316 pas-

1984 2306 2198 2388 siones,
2229 2314 2451 2389 s_unt_ea
2501 2313 3096 2389 praesertim,_quibus
3122 2306 3424 2389 concludit
3454 2306 3625 2389 bym-

1984 2389 2121 2431 num
2168 2378 2224 2432 in
2258 2378 2481 2434 laudem
2521 2382 2575 2435 S.
2609 2378 3213 2455 Vincentii'martyris.

2231 2466 2427 2534 Adesto
2463 2481 2617 2526 nunc,
2653 2473 2705 2517 et
2734 2472 2939 2534 percipe

2234 2527 2407 2596 yoces
2437 2527 2750 2596 precantum
2766 2527 3046 2596 supplices,

2234 2590 2410 2638 Nostri
2433 2597 2602 2640 reatus
2629 2594 2805 2643 efficax

2235 2650 2419 2699 Orator
2452 2655 2515 2701 ad
2548 2655 2792 2705 thronum
2823 2658 3007 2707 Patris.

2234 2712 2338 2777 Per
2366 2717 2430 2772 te,
2458 2730 2550 2777 per
2581 2717 2727 2766 illum
2759 2733 3017 2769 carcerem

2236 2774 2475 2841 l_ionoris_
2487 2784 2819 2839 augmentum
2849 2783 2940 2841 tui,

2236 2836 2339 2904 ξων
2368 2836 2833 2898 γὶηοὶειξῐιειιηωαδ,
2867 2836 3106 2904 ungulas,

2236 2899 2338 2966 ξαν
2365 2904 2674 2966 carceralem
2705 2899 2948 2966 stipitem,

2237 2961 2340 3027 Ijer
2362 2962 2595 3022 fragmen
2624 2966 2751 3013 illud
2772 2961 3018 3027 iesteum,

2237 3022 2350 3087 _Quo
2385 3028 2527 3085 parta
2556 3028 2713 3075 crevit
2734 3028 2917 3087 gloria,

2236 3084 2339 3150 ξρι-
2364 3084 2519 3150 quem
2544 3084 2820 3137 trementes
2849 3084 3042 3150 posteri

2240 3146 2612 3197 Deosculamur
2640 3146 2885 3198 lectulum
2914 3168 2925 3199 :

2236 3207 2485 3274 Miserere
2518 3215 2805 3274 nostrarum
2835 3227 3066 3274 precum,

2234 3269 2473 3318 Placatus
2506 3275 2559 3320 ut
2588 3269 2953 3322 Christus—suis

2234 3330 2451 3398 inclinet
2479 3348 2656 3383 aurern
2677 3350 2996 3398 prosperam,

2232 3394 2404 3461 lj‘oxas
2431 3408 2527 3461 nec
2556 3394 2736 3446 omnes
2755 3394 2973 3461 imputet

2235 3456 2292 3503 Si
2322 3456 2414 3504 rite
2438 3459 2720 3507 solemnem
2744 3456 2882 3509 diem

2233 3517 2555 3583 Yencramur
2586 3536 2675 3571 ore
2704 3527 2755 3570 et
2786 3526 3026 3583 pectore:

2235 3579 2291 3644 _S_i
2322 3581 2416 3644 sub
2442 3584 2649 3631 tuorum
2683 3579 2872 3644 gaudio

2231 3640 2586 3702 Vestigiorum
2619 3640 2896 3695 sternimur
2926 3662 2939 3695 :

2233 3703 2502 3778 Baulisper
2524 3707 2617 3754 huc
2647 3708 2857 3778 illabere

2233 3763 2428 3830 Christi
2456 3768 2679 3817 favorem
2709 3771 2961 3830 deferens,

2234 3827 2431 3875 Sensus
2457 3833 2648 3888 gravati
2678 3836 2732 3879 ut
2761 3827 2981 3884 sentiant

2236 3889 2491 3954 Laxainen
2522 3893 2871 3954 indulgentias.

2237 3951 2329 4023 Sic
2355 3953 2507 4023 nulla
2519 3953 2625 4023 jam
2657 3951 3010 4023 r—estatﬂmora,

2234 4013 2369 4069 Quin
2401 4013 2669 4066 excitatam
2695 4020 2885 4068 nobilis

2233 4075 2452 4144 Carnem
2482 4084 2711 4144 resumat
2738 4083 2947 4144 spiritus

2230 4137 2433 4207 yirtute
2464 4137 2783 4207 perfunctam
2815 4152 2942 4207 pari.

2229 4200 2300 4285 Et
2325 4214 2437 4262 qua),
2466 4202 2701 4285 laborum
2730 4200 2984 4285 particeps

2230 4262 2516 4312 Commune
2544 4262 2822 4317 discrimen
2846 4262 2958 4322 tulit

2232 4324 2310 4390 Sit
2339 4328 2389 4373 et
2411 4327 2642 4377 cohaares
2672 4331 2850 4390 glorize

2229 4386 2440 4436 Cunctis
2467 4391 2521 4438 in
2549 4386 2715 4441 aevum
2749 4398 2971 4446 saeculis.

1982 4481 2315 4562 Pariferme
2341 4490 2660 4562 sensuspei
2688 4504 2753 4546 ac
2772 4492 2902 4549 ﬁdei
2927 4504 3133 4553 nostrae
3155 4501 3470 4559 excitandis
3498 4519 3629 4562 con-

218 4546 1071 4642 tiumandemimﬁcoﬁidrwumtet
1095 4569 1201 4625 sub
1226 4572 1487 4626 custodia
1511 4546 1694 4626 culausi
1718 4571 1868 4626 locu-

1986 4553 2110 4642 nd
2121 4557 2179 4642 tr
2198 4555 2365 4624 hymn
2379 4571 2469 4611 um
2501 4546 2593 4613 δεῖ
2634 4546 3622 4642 martyris?essirliiéﬁsﬁioi'ﬁiﬁ

214 4636 460 4690 lamenti
490 4638 939 4712 retinendarum.
979 4639 1113 4708 Quae
1154 4643 1336 4710 igitur
1367 4643 1514 4697 ratio
1551 4642 1864 4712 excogitari

216 4713 446 4770 poterat
470 4707 780 4778 colligendi
815 4707 1123 4780 martyrum
1153 4707 1391 4781 corpora
1415 4720 1469 4767 et
1491 4707 1865 4768 conservandi

210 4790 397 4831 causa
424 4782 696 4833 testandae
723 4783 1163 4837 resurrectionis
1193 4797 1363 4852 quam
1383 4784 1579 4838 divina
1609 4797 1708 4853 spe
1735 4785 1863 4839 freti

208 4854 641 4916 exspectamus,
684 4857 741 4905 et
771 4853 1011 4908 insimul
1051 4855 1349 4909 dividendi
1400 4856 1550 4909 inter
1582 4855 1775 4910 ﬁdeles
1800 4868 1864 4912 ea

210 4919 506 5005 tritamina
534 4933 598 4975 ac
629 4923 867 5005 pignora
900 4924 1398 5005 intercessionum,
1444 4939 1865 5005 q_u2e__conspe—

208 4996 440 5067 ctusac
466 4996 756 5067 veneratio
778 5001 1090 5067 martyrum
1135 4996 1264 5051 suis
1294 4997 1352 5050 in
1385 4996 1655 5067 reliquiis
1697 4997 1862 5052 nobis

212 5060 575 5136 ministrat?
612 5065 731 5118 Νοη
773 5065 888 5119 alia
919 5060 1167 5134 profecto
1197 5067 1447 5135 paratior
1477 5060 1671 5123 futura
1718 5076 1859 5136 erat,

205 5145 393 5209 quam
420 5144 483 5186 ea
499 5133 630 5209 ipsa
653 5137 947 5203 ingeniose
967 5150 998 5190 a
1019 5133 1285 5193 ﬁdelibus
1304 5139 1623 5209 excogitata
1644 5157 1656 5192 :
1677 5133 1863 5195 collo-'

207 5203 657 5281 candoscilicet
685 5213 917 5261 externa
950 5209 1009 5262 in
1046 5215 1201 5277 parte
1235 5203 1604 5265 loculanienti
1628 5211 1709 5281 (in
1750 5224 1860 5281 quo

203 5275 455 5351 condita
475 5272 701 5330 fuerant
720 5290 958 5351 corpora
985 5272 1293 5350 martyrum
1319 5272 1736 5338 vindicatorum
1764 5272 1863 5351 per

200 5345 555 5423 episcopum
604 5360 708 5423 ope
756 5345 1155 5423 ministrorum
1193 5366 1336 5421 quos
1372 5354 1440 5408 ad
1486 5357 1602 5408 haec
1645 5345 1862 5423 agenda

199 5415 528 5491 delegisset
553 5417 845 5491 praefectos
858 5420 1126 5477 ﬁdelibus
1142 5415 1401 5491 notariis)
1419 5415 1712 5479 vasculum
1724 5438 1861 5479 san-

201 5486 399 5559 guine
431 5490 700 5556 martyris
728 5490 973 5559 plenum.
1004 5493 1159 5549 Citra
1206 5486 1663 5549 imminutionem
1717 5494 1861 5549 reli-

205 5556 496 5627 quiarum
522 5556 837 5616 solidarum
862 5563 917 5616 in
941 5563 1319 5620 loculamento
1341 5566 1778 5634 quiescentium,
1804 5566 1861 5619 in

196 5638 417 5704 aperto
447 5636 680 5704 externo
720 5634 949 5688 vasculo
984 5642 1242 5704 poterant
1292 5636 1484 5691 fideles
1529 5637 1866 5692 submittere

199 5701 422 5761 lintea,
457 5716 558 5776 seu
590 5703 855 5771 brandea,
883 5701 1007 5774 quae
1027 5708 1382 5774 postmodum
1407 5707 1559 5762 dicta
1590 5714 1743 5776 sunt,
1764 5722 1867 5764 ea—

202 5784 333 5849 que
357 5772 639 5849 sanguine
664 5772 939 5849 martyris
998 5772 1078 5833 ita
1107 5780 1324 5835 imbuta
1370 5780 1601 5835 domum
1635 5772 1861 5849 referre,

190 5850 267 5899 et
295 5847 544 5897 tutamen
565 5843 678 5899 sibi
709 5858 776 5900 ac
805 5843 1051 5916 posteris
1079 5864 1437 5922 praeservare,
1468 5856 1533 5907 ut
1555 5851 1614 5907 in
1638 5863 1704 5906 eo
1733 5843 1866 5908 car;

518 5941 752 5999 PATROL.
799 5943 1065 6003 CXXVlI.

1977 4638 2187 4680 canens
2220 4644 2232 4679 ε

2225 4731 2469 4801 _H:ec__sub
2496 4734 2647 4801 altari
2665 4735 2761 4783 sita
2790 4740 3102 4801 sempiterno

2220 4793 2470 4862 Eapsibus
2495 4798 2680 4844 nostris
2704 4793 3159 4862 veniam-precatur

2212 4854 2404 4925 Turba,
2437 4872 2591 4918 quam
2621 4864 2787 4909 servat
2822 4854 3097 4925 procerum
3127 4872 3342 4921 creati-lx

2350 4920 2757 4971 Purpureorum.

2218 4979 2325 5049 rios
2346 4981 2429 5042 pio
2462 4979 2581 5031 ﬁetu
2609 4985 2721 5049 date
2750 4988 3046 5049 perluamus

2222 5042 2537 5119 Marmonuin
2570 5042 2765 5119 sulem,
2785 5052 2973 5119 quibus
2997 5056 3075 5101 est
3102 5060 3277 5119 operta

2224 5105 2374 5167 Spes,
2406 5110 2460 5153 ut
2480 5105 2755 5158 absolvam
2773 5105 3172 5168 retinaculorum

2347 5168 2532 5218 Vincla
2553 5184 2806 5224 meorum.

2222 5229 2404 5296 Stet-ne
2433 5235 2481 5280 te
2512 5236 2669 5282 totam
2698 5250 2950 5296 generosa
2978 5243 3168 5290 sanctis

2218 5291 2407 5359 Civitas
2436 5308 2641 5343 mecum
2670 5291 2903 5359 tumulis,
2932 5302 3117 5352 deinde

2220 5354 2343 5402 Mox
2362 5360 2688 5417 resurgentes
2719 5354 2918 5411 animas
2945 5367 2996 5412 et
3021 5370 3162 5414 artus

2342 5418 2472 5466 Tota
2503 5423 2753 5483 sequeris.

2043 5500 2125 5581 E_n
2162 5498 2345 5588 igitur
2374 5513 2557 5588 Operae
2587 5503 2831 5566 pretium
2871 5507 3210 5588 occludendi
3244 5515 3522 5588 reliquias
3561 5529 3617 5579 et

1974 5569 2315 5661 obsignandi
2349 5572 2414 5625 ad
2440 5586 2592 5640 spem
2627 5578 3066 5661 resunrectionis
3096 5569 3615 5661 asserendainieo:

1973 5642 2216 5710 demque
2236 5648 2482 5722 tempore
2499 5647 2821 5722 apponendi
2843 5653 3149 5719 sanguinis
3172 5657 3223 5709 in
3240 5642 3613 5722 vaseex't‘esuo

1974 5721 2223 5805 acpateu
2235 5720 2285 5766 te
2304 5716 2372 5805 ad
2396 5713 2693 5771 irroranda
2716 5716 2796 5772 lin
2806 5725 2911 5805 ‘tea,
2935 5713 3060 5805 (fuse
3084 5713 3614 5805 tnanquampi‘gno-rii

1976 5783 2518 5864 tutelienostrarum
2552 5800 2780 5864 precum
2804 5783 2990 5847 foren't
3011 5783 3620 5864 uererehaaé’dé’i'aiié

1974 5854 2305 5912 oratoribus
2332 5854 2586 5915 domum.
2634 5858 2771 5930 Quae
2823 5868 3176 5925 consuetudo
3231 5854 3613 5934 trimetria

3194 5964 3266 6025 46
