4072 6176
489 361 620 420 4451

1727 356 2082 411 ANASTASII
2123 355 2671 412 BIBLIOTHECARII

3761 357 3784 411 4
3797 357 3895 414 453

486 483 963 538 dimittendorum
982 481 1051 536 ad
1070 482 1396 535 contactum
1414 476 1796 533 confessionis
1813 476 1959 531 beati
1984 473 2134 530 Petri
2160 481 2218 539 Α
2245 475 2430 530 dinem
2461 474 2864 538 brandeorum,
2887 474 3058 530 etiam
3086 473 3428 530 delationem
3463 487 3660 529 rerum
3690 476 3761 528 ad
3787 476 3893 528 tri—

485 561 543 608 et
593 554 838 608 aliorun
888 559 1224 621 martyrum,
1267 557 1485 605 servata
1533 556 1619 603 est
1656 554 1818 603 aetate
1869 545 2133 621 Gregorii

485 626 699 695 Magni,
730 638 797 679 ac
823 620 1200 694 sequentibus
1220 621 1450 695 sarculis
1477 638 1502 695 ε
1534 621 1611 695 ita
1645 625 1715 695 ut_
1731 626 1934 695 nostro
1958 620 2132 695 etiam

491 689 598 750 hoc
629 689 880 764 tempore
905 689 1180 748 'servatur
1225 693 1282 746 in
1315 693 1441 764 aede
1469 691 1506 764 S
1576 691 1838 754 Czecilite,
1877 689 1978 764 ubi
2012 689 2135 764 vela

488 760 760 821 contactu
785 765 1036 833 ejusdem
1064 764 1212 818 sacri
1238 763 1447 818 tumuli
1480 763 1558 816 ita
1583 767 1892 833 praeparata
1923 760 2134 815 distri-

489 837 750 892 buuntur
778 832 844 891 ad
879 837 1178 891 elevandas
1207 835 1264 888 in
1297 835 1469 888 Deum
1502 843 1734 899 mentes,
1762 839 1816 886 et
1843 832 2006 885 ﬁdem
2042 844 2138 884 re-

490 909 888 968 surrectionis,
913 920 1064 976 spem
1094 907 1311 976 gloriae,
1339 905 1772 976 intercessionis
1803 909 2131 976 martyrum,

491 979 864 1046 indulgentiae
893 974 1308 1046 cdnseqbenda:
1354 989 1452 1044 per
1498 975 1791 1046 Christum,
1827 974 2133 1046 Dominum

485 1063 552 1106 ex
579 1045 902 1105 earumdem
929 1045 1310 1116 veneratione,
1343 1049 1442 1116 qui
1473 1047 1598 1114 ejus
1632 1045 2138 1116 mysticicorporis

486 1121 694 1192 dignas
713 1134 773 1174 se
798 1125 982 1188 partes
1013 1120 1090 1174 ita
1121 1115 1650 1192 comprobaverunt,
1683 1123 1746 1170 ut
1781 1115 1948 1192 nobis
1982 1116 2136 1170 insi—

491 1187 669 1246 nu'ent
693 1187 878 1260 parem
911 1195 1172 1244 eventum
1204 1189 1372 1243 nobis
1414 1201 1642 1258 quoque
1670 1187 2130 1257 oppigneratum,

488 1263 538 1318 si
565 1275 662 1318 eos
695 1263 988 1316 imitemur
1010 1275 1155 1330 quos
1174 1261 1441 1315 colimus.

556 1333 945 1402 Consequitur
969 1328 1041 1386 ex
1068 1331 1265 1396 dictis,
1317 1337 1392 1402 ut
1410 1328 1675 1402 quaedam
1731 1328 1956 1383 vascula
1991 1341 2130 1402 cru—

485 1409 627 1459 stam
653 1398 956 1474 sanguinis
981 1402 1297 1474 evidentem
1331 1400 1518 1474 adhuc
1545 1400 1825 1474 retineant
1847 1413 1876 1452 a
1913 1398 2128 1468 quibus

484 1475 712 1530 scilicet
737 1470 847 1529 n'on
879 1474 960 1528 ita
989 1473 1105 1527 cito
1139 1472 1336 1526 linteis
1387 1471 1515 1526 suis
1546 1470 1740 1525 ﬁdeles
1769 1479 2128 1524 exsuxerunt

484 1547 821 1616 sanguinem
853 1551 1054 1616 totum,
1078 1543 1172 1616 sed
1194 1544 1444 1616 Spatium
1467 1542 1742 1616 temporis
1771 1541 2128 1616 reliquerunt

482 1617 551 1670 ad
585 1613 833 1670 crustam
859 1615 1253 1670 exsiccandam
1280 1614 1428 1668 vitro
1459 1613 1831 1681 pertinaciter
1855 1613 1921 1665 ad
1935 1614 2127 1665 hresu-

483 1687 766 1742 ramJtlia
789 1700 918 1740 vero
933 1685 1180 1747 vascula,
1197 1684 1589 1754 quaesollicito
1612 1682 1864 1737 ﬁdelium
1882 1697 2122 1737 accursu

479 1759 680 1828 exsugi
703 1757 969 1825 contigit,
994 1757 1078 1811 vel
1097 1762 1266 1810 tenue
1286 1755 1368 1809 vel
1395 1754 1617 1810 nullum
1639 1754 1944 1828 sanguinis
1960 1755 2128 1808 vesti-

2246 545 2418 600 bunal
2476 545 2767 614 pontiﬁcis
2822 545 2900 598 ita
2939 545 3293 600 vindieantis
3349 559 3513 600 veros
3548 553 3837 614 martyres
3869 559 3894 600 a

2245 618 2564 686 suppositis
2591 623 2645 669 et
2680 629 2712 670 a
2756 615 3026 672 ﬁdelibus
3063 617 3287 672 caeteris
3331 617 3598 686 martyrii
3659 617 3894 687 gloriam

2247 701 2356 742 non
2381 687 2728 741 consecutis.

2315 758 2472 826 Quod
2496 765 2682 812 autem
2729 757 2900 812 addat
2937 757 3330 827 Eutychianus
3381 758 3730 827 praecedenti
3761 772 3899 813 con-

2246 829 2544 884 suetudini
2573 830 2910 898 sanguinem
2957 830 3278 898 apponeudi
3322 829 3534 884 loculis
3581 838 3896 899 martyrum

2245 901 2416 954 etiam
2454 899 2626 970 legem
2660 899 2972 954 adhibendi
3007 900 3281 969 purpurei
3315 901 3528 955 colobii
3571 901 3644 956 ad
3687 914 3897 956 conve-

2247 970 2471 1025 stienda
2520 975 2833 1040 martyrum
2864 983 3102 1040 corpora
3129 971 3268 1026 dum
3303 970 3614 1026 etl'erentur
3641 985 3708 1026 ac
3733 986 3899 1039 sepe-

2249 1042 2516 1100 lirentur,
2561 1042 2615 1097 id
2656 1055 2838 1110 neque
2879 1055 3360 1110 supervacaneum
3409 1043 3762 1097 censendum
3794 1051 3892 1098 est.

2247 1125 2432 1182 neque
2455 1112 2704 1167 alienum
2729 1125 2760 1167 a
2785 1126 2958 1168 causa
2979 1112 3412 1182 vindicationis.
3437 1114 3578 1168 Cum
3599 1115 3758 1168 enim
3780 1113 3896 1168 bea-

2245 1183 2323 1238 tis
2342 1181 2702 1254 "martyribus
2726 1190 2956 1238 mortem
2981 1181 3257 1254 inferrent
3277 1185 3502 1254 tyranni
3538 1184 3727 1239 variis
3753 1199 3898 1254 sup-

2246 1254 2461 1322 pliciis,
2495 1253 2598 1309 nec
2623 1268 2842 1323 semper
2870 1254 2959 1309 illi
2981 1253 3257 1310 effusione
3299 1253 3606 1326 Sanguinis
3636 1253 3902 1310 necaren-

2242 1333 2356 1392 tur,
2392 1333 2525 1393 puta
2557 1339 2686 1380 cum
2712 1331 3102 1397 mergerentur
3125 1327 3183 1380 in
3216 1327 3474 1392 ﬂumine,
3507 1333 3610 1381 aut
3646 1328 3706 1380 in
3728 1328 3892 1392 mari,

2239 1397 2659 1468 cumincendio
2679 1395 3136 1468 absumerentur,
3163 1403 3270 1468 aut
3287 1397 3498 1464 inedia,
3523 1404 3630 1453 aut
3659 1397 3894 1468 frigore.

2237 1475 2338 1522 aut
2367 1467 2593 1536 laqueo,
2621 1480 2854 1530 veneno,
2873 1477 2928 1522 et
2949 1467 3040 1522 his
3072 1467 3370 1522 similibus
3397 1468 3712 1538 generibus
3741 1467 3892 1524 mor—

2237 1538 2346 1606 tis;
2370 1544 2503 1592 tunc
2517 1539 2820 1608 sanguinis
2837 1539 3122 1605 judicium
3140 1539 3403 1594 adhiberi
3422 1541 3663 1595 minime
3677 1548 3894 1608 poterat

2236 1609 2304 1662 ad
2339 1610 2745 1664 ostendendam
2774 1610 3219 1664 vindicationem
3246 1611 3577 1665 eorumdem
3603 1613 3890 1679 martyrii.

2239 1681 2716 1750 Prmcepitigitur
2745 1681 3158 1750 Eutychianus,
3190 1687 3253 1734 ut
3303 1681 3534 1736 colobio
3577 1695 3886 1751 purpureo,

2237 1751 2355 1804 sive
2379 1753 2685 1806 dalmatica
2715 1753 2968 1820 ejusdem
2997 1751 3209 1806 coloris
3247 1754 3716 1808 convestirentur
3761 1768 3890 1808 cor—

481 1820 1030 1900 giumvprieservare
1087 1828 1330 1900 posteris
1390 1831 1718 1900 potuerunt.
1751 1820 2126 1893 "Consumpta
2159 1828 2208 1887 B
2235 1836 2371 1892 pora
2389 1829 2739 1900 martyrum,
2785 1822 2970 1900 delata
3003 1823 3161 1890 prius
3197 1822 3266 1876 ad
3320 1822 3579 1900 tribunal
3629 1826 3886 1900 episcopi

478 1897 608 1954 vero
635 1897 858 1969 liquida
889 1899 1193 1967 sanguinis
1227 1904 1383 1966 parte
1411 1897 1608 1951 linteis
1636 1905 1889 1964 excepta,
1924 1904 2125 1969 conta—

475 1978 605 2026 ctus
660 1967 1060 2024 brantleorttm.
1097 1971 1229 2024 licet
1277 1969 1571 2023 humorem
1623 1981 1732 2022 non
1788 1967 2119 2032 attraheret,

478 2042 709 2110 pietatis
731 2055 960 2096 sensum
989 2055 1056 2094 ac
1091 2041 1419 2096 devotionis
1473 2051 1583 2094 non
1614 2039 1931 2092 assimilem
1958 2039 2122 2092 exci—

478 2113 651 2166 tadat.

543 2183 729 2252 Quare
753 2183 814 2238 B.
854 2181 1168 2251 Gregorius
1214 2179 1553 2252 Magnusin
1606 2179 1819 2235 litteris
1855 2179 1924 2252 ad
1967 2179 2120 2252 Gon—

471 2249 784 2309 stantinam
836 2249 1150 2324 Augustam
1199 2251 1354 2324 datis
1396 2250 1519 2320 (lib.
1571 2265 1654 2305 ιιι.
1715 2265 1803 2320 ep.
1851 2249 2118 2324 30,Uedit.

475 2325 658 2394 Rom.)
700 2325 900 2379 merito
932 2321 1270 2382 testabatur,
1288 2321 1445 2394 hanc
1475 2335 1597 2394 esse
1641 2322 2117 2394 consuetudinem

475 2391 878 2454 Romanorum,
932 2401 994 2449 ut
1045 2391 1416 2464 poscentibus
1479 2393 1758 2464 reliquias
1809 2400 2118 2464 martyrum

471 2465 718 2522 brandea
752 2463 1120 2536 largirentur,
1150 2479 1275 2534 qua:
1300 2465 1355 2518 in
1389 2464 1594 2534 pyxide
1623 2465 1994 2536 positaapud
2028 2463 2117 2518 lo-

469 2538 634 2592 culos
676 2535 1040 2592 occludentes
1090 2541 1400 2606 martyrum
1447 2549 1684 2604 corpora
1725 2535 1952 2606 (calices
1991 2548 2120 2589 vero

471 2608 570 2662 isti
609 2608 913 2678 sanguinei
968 2608 1045 2660 ita
1089 2605 1490 2678 loculamentis
1539 2605 1848 2672 adhaerent)
1889 2607 2120 2678 intacto

469 2675 739 2747 martyris
769 2691 1004 2746 corpore
1038 2691 1137 2744 pro
1177 2677 1528 2747 sanctuariis
1560 2675 2116 2730 transmittebantur.

471 2767 498 2798 σ
530 2745 842 2818 Cognoscat
872 2745 1060 2800 autem
1085 2745 1326 2815 (inquit)
1353 2747 1836 2818 tranquillissima
1861 2748 2116 2812 domina,

467 2817 909 2888 quia’Romauis
930 2821 1287 2888 consuetudo
1315 2829 1426 2888 non
1468 2823 1571 2878 est,
1607 2817 1837 2884 quando
1883 2825 2122 2872 sancto-

465 2886 590 2945 rum
609 2889 886 2958 reliquias
904 2889 1062 2952 dant,
1087 2893 1148 2941 ut
1189 2886 1502 2955 quidquam
1524 2893 1753 2957 tangere
1773 2895 2119 2958 praesumant

465 2961 535 3017 de
563 2957 840 3029 corpore:
877 2959 970 3013 sed
1015 2958 1413 3029 tantummodo
1463 2958 1520 3011 in
1570 2959 1775 3026 pyxide
1802 2957 2112 3013 brandeum

466 3027 744 3097 mittitur,
775 3037 948 3100 atque
971 3030 1040 3083 ad
1073 3027 1474 3100 sacratissima
1499 3043 1739 3098 corpora
1784 3037 2110 3084 sanctorum

465 3103 716 3173 ponitur.
761 3099 919 3173 QuOd
955 3101 1221 3161 levatum,
1267 3101 1324 3173 in
1364 3099 1624 3161 ecclesia,
1651 3115 1785 3173 quae
1810 3107 1897 3155 est
1941 3101 2112 3156 dedi-

2236 1893 2566 1964 cOguitione
2589 1895 2668 1948 rei
2702 1900 2872 1961 gestae
2914 1893 2972 1946 in
2995 1895 3488 1950 consummatione
3527 1897 3812 1964 martyrii.
3837 1905 3888 1950 et

2236 1965 2314 2019 rei
2347 1966 2602 2028 gerendae
2631 1967 2689 2018 in
2719 1964 3075 2032 depositione
3107 1964 3394 2033 martyris.
3429 1967 3666 2020 Peracta
3707 1981 3886 2021 causa:

2232 2036 2560 2106 cegnitione
2585 2035 2633 2090 si
2657 2041 2865 2104 martyr
2892 2034 3075 2090 fuisse
3096 2035 3593 2103 comprobaretur,
3627 2039 3882 2107 martyrii

2231 2108 2396 2175 signa
2443 2107 2778 2176 apponenda
2825 2115 2987 2160 erant
3053 2108 3379 2162 communia
3446 2108 3744 2162 universis
3793 2123 3884 2176 pro

2229 2177 2460 2232 Christo
2517 2178 2771 2232 occisis:
2824 2190 3022 2246 nempe
3063 2177 3391 2244 dalmatica,
3443 2192 3542 2232 seu
3599 2179 3884 2234 colobium

2235 2263 2609 2318 purpureum.
2643 2249 2702 2304 ld
2725 2247 3089 2302 observatum
3113 2249 3282 2302 etiam
3309 2248 3366 2302 in
3397 2250 3724 2317 provinciis
3753 2252 3888 2305 occi-

2232 2320 2564 2375 dentalibus
2597 2319 2686 2390 ab
2718 2318 2862 2373 Urbe
2913 2319 3079 2390 longe
3114 2319 3362 2374 remotis.
3417 2320 3690 2376 Testatur
3741 2323 3882 2376 enim

2233 2391 2572 2460 Rodulphus
2601 2389 2777 2445 abbas
2800 2391 2870 2444 de
2895 2389 3131 2458 corpore
3185 2391 3240 2444 S.
3290 2390 3571 2446 Gereonis
3626 2393 3803 2447 ducis
3833 2394 3882 2446 in

2234 2462 2455 2532 legione
2479 2461 2869 2528 Thebmorum,
2905 2475 2969 2514 su
2983 2474 3079 2530 pra
3099 2461 3224 2528 ejus
3243 2460 3603 2532 chlamydem
3626 2464 3880 2518 additum

2232 2531 2415 2588 fmsse
2443 2533 2755 2598 colobium,
2789 2533 2910 2586 sive
2932 2532 3298 2586 dalmaticam
3326 2547 3680 2601 purpuream
3711 2535 3884 2588 :hanc

2229 2605 2382 2658 enim
2410 2618 2477 2658 ex
2509 2603 2896 2672 descriptione
2921 2604 3404 2673 recognoscimus,
3433 2604 3734 2672 Rodulpbi
3763 2619 3887 2658 ver-

2231 2673 2322 2730 bis
2351 2675 2523 2730 relata
2571 2689 2667 2744 per
2695 2671 2930 2744 Surium
2960 2673 3028 2727 ad
3063 2671 3210 2728 diem
3254 2671 3324 2728 94
3349 2671 3721 2734 Novembris.
3749 2682 3809 2730 et
3833 2678 3883 2730 in

2232 2746 2473 2818 Boldetti
2496 2743 2993 2818 obServationibus
3013 2745 3081 2818 ad
3105 2745 3424 2818 cmmeterja
3443 2747 3740 2818 redditam
3767 2761 3880 2816 pag.

2228 2814 2326 2872 301
2366 2835 2378 2870 :
2417 2837 2442 2868 α
2480 2819 2610 2871 Post
2639 2817 3022 2884 octingentos,
3055 2816 3270 2886 inquit,
3322 2814 3378 2870 et
3426 2816 3662 2886 aliquot
3698 2814 3884 2885 plures

2228 2831 2325 2872 601
2366 2835 2378 2870 :
2417 2837 2442 2868 α
2481 2831 2610 2871 γοδι
2639 2831 3022 2884 octingentos,
3055 2831 3114 2868 ιιι
3165 2831 3270 2882 utt,
3322 2831 3378 2870 et
3426 2831 3662 2886 anquOt
3698 2831 3884 2885 plures

2227 2901 2411 2943 annos
2443 2888 2702 2957 martyrii
2735 2886 3100 2942 Thebaeorum
3125 2831 3306 2955 ((quod
3328 2888 3581 2957 contigit
3609 2887 3724 2943 sub
3757 2890 3884 2942 Dio-

2226 2959 2473 3014 cletiano
2505 2964 2559 3012 et
2587 2958 2936 3012 Maximiano
2969 2957 3166 3026 paucis
3214 2958 3388 3012 annis
3412 2965 3543 3026 post
3593 2960 3883 3015 decretum

2223 3029 2565 3099 Eutychiani
2587 3042 2743 3098 papze
2759 3029 2828 3082 de
2852 3043 2966 3100 quo
2981 3027 3226 3098 agimus)
3252 3028 3546 3100 inventum
3576 3037 3668 3084 est
3680 3045 3882 3100 corpus

2226 3114 2513 3170 magnum,
2560 3101 2824 3154 indutum
2871 3099 3168 3168 chlamyde
3223 3099 3465 3153 militari
3493 3101 3723 3156 coloris
3752 3099 3882 3169 pur-

463 3170 644 3248 ca‘nda
683 3171 876 3228 debita
909 3185 1036 3248 cum
1069 3171 1432 3225 veneratione
1459 3172 1808 3248 reconditur.
1839 3173 2113 3248 [Graecis
2143 3184 2190 3248 ί]
2227 3171 2416 3248 pu_rei:
2445 3185 2570 3240 qua:
2596 3171 2822 3248 propria
2848 3170 3686 3248 utrinquevestisappendebat
3713 3186 3882 3248 usque

459 3244 702 3300 afﬁrmat
730 3244 1014 3298 maturius
1043 3247 1331 3310 receptum
1357 3255 1576 3296 morum
1598 3242 1892 3298 dividendi
1927 3251 2114 3311 partes

459 3316 722 3386 corporis
739 3315 990 3383 ejusdem
1017 3314 1287 3386 martyris
1308 3326 1503 3386 ;quem
1526 3327 1734 3386 morem
1759 3315 1988 3382 parcius
2012 3313 2116 3368 fre-

459 3383 894 3458 que'ntavitante
905 3385 1182 3458 Gregorii:
1196 3383 1321 3437 mlle
1333 3384 1520 3458 serius
1535 3385 1748 3458 recepit
1763 3387 2006 3458 Romana
2025 3387 2116 3440 Ec-

459 3454 657 3514 clesia.
675 3454 1365 3525 Accepimus,aSilvestro
1390 3455 1576 3521 primo
1602 3455 1789 3508 divisa
1807 3455 2113 3510 interduas

461 3529 736 3584 basilicas
757 3527 1072 3596 praecipuas
1088 3525 1478 3594 apostolorum
1506 3527 1648 3578 Petri
1675 3532 1727 3596 et
1754 3526 1910 3580 Pauli
1931 3528 2114 3595 :equis

465 3599 727 3669 partibus
759 3595 961 3653 eorum
991 3597 1364 3669 ossaridque
1393 3610 1460 3650 ex
1484 3595 1817 3669 rationabili
1859 3603 1916 3651 et
1955 3597 2111 3668 gravi

461 3667 654 3736 causa,
691 3683 799 3725 con
831 3668 1200 3738 disjungeudi
1227 3667 1452 3738 scilicet
1475 3681 1570 3721 eos
1597 3669 1694 3736 qui
1726 3667 1898 3736 hujus
1925 3667 1980 3722 in
2007 3670 2116 3722 Ec-

461 3743 652 3798 clesim
684 3743 946 3796 Romanae
983 3737 1349 3793 institutione
1397 3737 1622 3792 fuerant
1672 3745 1788 3792 tum
1847 3739 1958 3793 vita
1992 3745 2110 3792 tum

465 3822 642 3869 morte
673 3812 990 3878 conjuncti.
1023 3811 1296 3864 Caeterum
1329 3808 1738 3863 translationes
1765 3807 2112 3880 frequentes,

460 3898 528 3939 ac
548 3883 864 3939 divisiones
893 3880 1271 3948 reliquiarum
1300 3880 1559 3946 corporis
1580 3880 1698 3933 ﬁeri
1733 3894 1880 3950 aegre
1927 3881 2116 3936 adhuc

461 3953 720 4009 ferebant
751 3953 986 4007 Romani
1017 3950 1126 4004 sub
1172 3951 1370 4019 Magno
1401 3951 1678 4019 Gregorio
1715 3971 1730 4004 :
1765 3965 1907 4020 quas
1952 3958 2116 4020 post—

461 4028 692 4080 modum
723 4022 1024 4078 liberalius
1053 4021 1428 4086 admiserunt,
1476 4027 1594 4075 tum
1617 4023 1686 4076 ad
1723 4024 2115 4089 prteservanda

464 4111 494 4152 a
517 4096 925 4150 Saracenorum
949 4100 1004 4147 et
1038 4093 1432 4146 ha-reticorum
1463 4092 1702 4160 injuriis
1725 4093 1949 4162 lipsana
1974 4107 2116 4148 mar-

469 4173 655 4236 tyrum
687 4183 703 4231 ς
735 4172 855 4219 tum
895 4163 963 4217 ad
995 4164 1348 4236 decorandas
1391 4176 1562 4236 novas
1593 4164 1740 4236 aedes
1769 4167 1879 4236 Deo
1922 4179 2114 4219 sacras

467 4233 731 4308 (quarum
765 4247 1038 4308 numerus
1081 4235 1294 4308 indies
1323 4233 1657 4308 augebatur)
1691 4234 1864 4289 tutela
1899 4243 2116 4308 marty—

471 4304 594 4364 rum
627 4306 784 4360 hisce
813 4305 1006 4359 arrhis
1035 4304 1430 4374 oppignerata.
1463 4305 1711 4358 Brandca
1743 4319 1876 4359 vero
1911 4305 2115 4360 lintei—

471 4393 580 4449 quc
615 4376 785 4444 panni
815 4377 974 4449 hisce
999 4375 1054 4449 in
1083 4374 1368 4449 calicibus
1384 4375 1697 4449 sanguinea
1720 4385 1912 4449 crusta
1939 4377 2044 4432 obd
2060 4393 2116 4432 u-

467 4445 580 4507 ctis
595 4448 865 4508 demersi,
889 4455 943 4502 et
966 4445 1214 4501 subinde
1235 4447 1496 4505 extracti,
1517 4454 1617 4500 aut
1639 4447 1900 4515 appliciti
1923 4450 2117 4505 condi-

475 4523 626 4578 torio
677 4519 945 4588 martyris
987 4517 1318 4584 adhaerenti,
1375 4516 1786 4588 dividebantur
1827 4519 2113 4584 ﬁdelibus,

472 4576 742 4662 tanquam
773 4576 999 4662 tessera:
1021 4576 1340 4662 communis
1363 4587 1580 4662 ﬁdeiac
1594 4592 1719 4662 spei
1755 4576 2120 4647 resurrectio;
2152 4576 2202 4635 D

477 4659 673 4729 nis,‘et
701 4660 1128 4716 communionis
1152 4659 1460 4715 militantis
1485 4660 1746 4715 Ecclesiie
1767 4675 1892 4715 cum
1920 4663 2119 4717 trium-

413 4769 433 4776 -
479 4738 688 4806 phante
714 4735 816 4806 diu
847 4739 976 4806 ante
1001 4732 1340 4806 Gregorium
1371 4733 1684 4806 e_t_l.eonem
1724 4733 2012 4801 Magnum.
2060 4741 2121 4788 ut

473 4803 542 4863 ex
583 4806 740 4859 Actis
768 4805 822 4857 S.
855 4804 1123 4872 Cypriani
1167 4809 1338 4872 atque
1366 4803 1613 4857 aliorum
1648 4811 2120 4872 martyrumcuu—

475 4885 610 4941 stat,
639 4883 694 4930 et
713 4875 1000 4931 evincitur
1020 4875 1176 4928 hisce
1192 4888 1260 4928 ex
1281 4873 1552 4937 vasculis,
1573 4873 1786 4929 vicario
1804 4875 2124 4943 velutijure

474 4948 816 5006 substitutis
845 4945 1227 5011 reliquiarum
1257 4945 1576 5011 partitioni,
1603 4959 1732 4999 cum
1756 4947 1995 5014 sanguis
2015 4947 2125 5001 ad-

477 5022 586 5076 hue.
609 5032 802 5074 recens
828 5017 900 5072 ab
921 5015 1198 5072 etfusione
1230 5016 1426 5070 linteis
1443 5017 1644 5086 exsugi
1678 5016 1884 5086 potuit;
1911 5023 1968 5071 et
1995 5031 2124 5072 cum

472 5093 530 5148 in
559 5097 812 5146 crustam
837 5090 1238 5155 concrevisset,
1284 5101 1350 5141 ex
1377 5093 1640 5142 contactu
1687 5089 1988 5154 sanguinis
2026 5103 2126 5158 pro

471 5164 701 5224 Christo
730 5159 847 5216 fusi
880 5159 1258 5228 reliquiarum
1295 5165 1555 5212 naturam
1580 5158 1998 5228 quomadmodo
2031 5173 2127 5214 rev

477 5231 1059 5304 portantibusiisdem
1078 5229 1366 5304 brandeis,
1395 5231 2120 5304 quieitasanguinietcor—

476 5300 598 5374 pori
649 5302 1192 5374 admovebanturac
1238 5300 2116 5374 distribuebantmpetentibus,

469 5371 670 5432 oscula
702 5375 973 5446 religiosa
1018 5373 1221 5428 iisdem
1276 5371 1564 5446 libaturis,
1602 5379 1658 5426 et
1691 5371 1862 5427 veluti
1892 5387 2118 5429 sacrum

476 5443 886 5517 phylacterium
922 5459 988 5500 ac
1021 5450 1270 5500 tutamen
1304 5443 1420 5517 sibi
1443 5443 1682 5517 suisque
1713 5447 2113 5517 reservaturis.

470 5515 597 5573 lla‘c
631 5518 826 5573 habui.
851 5531 976 5586 quae
1003 5519 1329 5570 adnotarem
1357 5515 1424 5569 ad
1481 5515 1885 5570 elucidandum
1915 5517 2120 5570 decre-

473 5597 588 5641 tum
624 5589 981 5657 liutychiaui,
1002 5594 1058 5641 et
1076 5587 1546 5642 consuetudinem
1568 5588 1826 5642 ltomaum
1853 5588 2115 5642 Ecclesia:

467 5661 789 5730 apponeudi
815 5661 1150 5730 sanguinem
1189 5671 1286 5726 pro
1311 5659 1538 5711 Christo
1563 5658 1748 5712 lusum
1781 5672 1809 5713 a
1847 5660 2112 5728 martyri-

473 5731 581 5783 bus
610 5729 940 5783 vindicatis.
972 5732 1301 5784 Viudiealos
1322 5744 1446 5799 cum
1475 5743 1668 5782 assero
1693 5731 1882 5784 beatos
1913 5739 2112 5799 marty-

473 5815 584 5865 res,
625 5801 954 5867 cognitione
979 5802 1231 5869 episcopi
1271 5801 1323 5854 id
1358 5798 1568 5854 i‘actum
1595 5802 1874 5870 intelligo,
1903 5817 1968 5855 ex
2005 5798 2105 5857 hoc

468 5876 596 5942 ipso
624 5871 958 5938 l-Iutychiaui
987 5872 1234 5940 decreto,
1264 5877 1550 5927 statuente
1579 5877 1778 5941 praeter
1807 5881 2108 5930 consuetu-

2224 3239 2422 3296 5ubter
2454 3239 2633 3310 genua
2667 3243 2792 3310 ejus
2813 3242 2979 3310 quasi
3013 3239 3204 3313 tribus
3231 3241 3458 3313 digitis,
3495 3256 3687 3313 genus
3730 3239 3881 3312 pall:

2227 3327 2338 3368 non
2375 3313 2672 3384 ignobilis.
2698 3315 2882 3381 Super
2899 3325 3020 3384 eam
3039 3312 3212 3366 aliam
3239 3311 3484 3366 habebat
3504 3311 3741 3368 vestem
3773 3314 3879 3368 bne-

2224 3383 2460 3448 viorem,
2498 3385 2750 3454 ignotam
2783 3383 3017 3454 quidem
3050 3384 3299 3446 nomine,
3334 3384 3430 3438 sed
3464 3385 3763 3451 cognitam
3797 3385 3880 3440 ﬁlo

2225 3457 2428 3518 serico,
2469 3461 2525 3510 et
2569 3454 2759 3509 colore
2791 3453 3006 3508 nobilis
3055 3467 3334 3523 purpurae.
3376 3473 3402 3502 ››
3450 3455 3596 3510 Cum
3631 3457 3881 3525 chlamys

2225 3527 2304 3581 sit
2330 3526 2582 3581 militum
2606 3526 2854 3580 amictus
2874 3525 3144 3592 extimus,
3169 3531 3226 3578 et
3245 3526 3474 3580 caeteris
3498 3527 3784 3582 omnibus
3801 3541 3880 3581 su-

2227 3599 2510 3667 perjectus
2543 3597 2756 3668 mestis
2789 3597 2920 3656 ista,
2949 3596 3456 3668 quaechlamydrem
3487 3598 3877 3668 contingebat.

2224 3675 2277 3722 et.
2307 3669 2605 3738 chlamyde
2639 3667 2867 3722 brevior
2895 3667 3266 3738 describitur,
3300 3667 3384 3722 vel
3425 3667 3728 3723 colobium
3757 3669 3876 3731 fuit,

2225 3739 2308 3794 vel
2336 3736 2664 3800 dalmatica,
2690 3747 2754 3793 ut
2785 3739 3031 3804 videtur,
3058 3736 3320 3792 adhibita
3342 3738 3572 3793 scilicet
3599 3741 3674 3794 ad
3707 3748 3880 3795 conte-

2225 3811 2470 3881 gendum
2508 3817 2816 3881 martyremﬁ
2853 3809 3020 3877 juxta
3053 3815 3304 3881 recentes
3355 3809 3532 3876 leges,
3581 3809 3659 3864 ab
3715 3814 3879 3881 Entyf

2225 3877 2431 3936 éhiano
2465 3894 2606 3951 papa
2637 3877 3000 3951 constitutas.
3053 3877 3240 3947 Quare
3262 3885 3330 3951 et
3367 3888 3644 3935 assutum
3681 3883 3771 3935 illi
3803 3877 3877 3934 vel

2226 3949 2618 4021 supertextum
2649 3950 3001 4006 describitur
3031 3964 3096 4005 ex
3146 3949 3525 4022 auriphrygio
3575 3953 3878 4006 Dominicar

2223 4025 2417 4078 crucis
2439 4024 2666 4092 signum
2698 4043 2714 4076 :
2740 4043 2766 4072 cr
2792 4022 2974 4091 Supra
3017 4029 3212 4090 pectus
3241 4021 3405 4093 illius
3435 4021 3564 4093 sign
3580 4038 3678 4078 um
3712 4023 3880 4078 Domi-

2230 4095 2371 4148 nicze
2393 4095 2584 4150 crucis
2610 4094 2900 4148 inventum
2927 4100 3013 4146 est
3033 4093 3103 4147 de
3124 4093 3250 4162 auri
3263 4092 3444 4162 frygio
3467 4092 3694 4148 factum
3741 4096 3878 4148 sicut

2227 4165 2578 4220 considerari
2605 4164 2811 4233 potuit,
2837 4161 3386 4218 submicantibusin
3411 4177 3478 4218 eo
3503 4165 3642 4218 auri
3677 4164 3878 4220 metalli

2227 4237 2572 4292 scintillis.»
2599 4235 2792 4290 Vestes
2807 4242 2994 4289 autem
3019 4235 3290 4303 martyris
3315 4237 3560 4303 propriae
3576 4243 3881 4290 narrantur

2229 4315 2463 4376 reperta:
2494 4312 2761 4362 concreto
2789 4307 3070 4375 sanguine
3115 4306 3417 4360 crustatim
3453 4319 3635 4373 super
3665 4321 3762 4359 eas
3781 4321 3879 4360 ex-

2225 4379 2373 4433 sirca
2386 4385 2439 4434 to
2465 4377 2686 4433 infectae
2709 4396 2722 4431 :
2749 4397 2775 4428 ‹‹
2800 4377 3061 4431 (ΖοΙιθοῑερ
3079 4377 3261 4448 igitttr
3283 4385 3418 4430 sunt
3437 4376 3756 4448 diligenter
3777 4391 3881 4430 om-

2228 4463 2327 4504 nes
2353 4451 2477 4519 ejus
2507 4455 2710 4518 vestes,
2761 4461 2954 4503 crasso
3011 4448 3316 4518 sanguine,
3375 4447 3472 4502 sed
3535 4450 3699 4503 sicco
3751 4463 3880 4520 gra-

2225 4535 2338 4575 νρδ.
2379 4541 2402 4567 υ

2301 4593 2422 4646 Ηιιιο
2453 4592 2644 4646 omnia
2688 4589 3060 4658 comprobant
3089 4602 3284 4645 curam
3325 4588 3674 4660 diligentem
3707 4603 3739 4643 ε
3771 4589 3876 4644 Ro-

2230 4663 2416 4717 manis
2441 4660 2814 4731 pontiﬁcibus
2859 4665 3177 4730 susreptam
3203 4661 3272 4731 de
3295 4667 3612 4729 martyrum
3636 4661 3875 4715 vindiea-

2231 4735 2403 4796 tionc,
2429 4730 2563 4788 dum
2583 4745 2779 4788 eorum
2811 4733 2956 4786 actis
2973 4730 3408 4785 conscribendis
3437 4733 3730 4788 notarios.
3764 4731 3877 4785 col-

2231 4804 2481 4875 ligendis
2517 4805 2902 4875 subdiaconus
2939 4803 3308 4871 deputarunt,
3357 4808 3566 4870 praeter
3605 4804 3880 4875 diacunos

2234 4871 2608 4945 re'gionarios,
2643 4882 2699 4931 et
2731 4873 3090 4944 presbyteros
3115 4881 3446 4945 martyrum.
3470 4874 3657 4928 certis
3686 4871 3879 4927 ofﬁciis

2235 4943 2365 5012 erga
2397 4947 2529 5002 illos
2554 4943 2912 5002 exercendis
2937 4945 3254 4999 destinatos
3285 4960 3298 4995 :
3333 4943 3400 4997 ad
3429 4943 3550 4998 haec
3579 4946 3758 4998 etiam
3789 4956 3878 4997 ve-

2234 5020 2435 5086 stium,
2468 5033 2536 5074 ne
2561 5019 2696 5073 dum
2732 5015 3112 5085 reliquiarum
3145 5015 3402 5084 corporis
3433 5015 3702 5069 studium
3729 5029 3874 5086 corm-

2237 5085 2597 5148 mendarunt.
2622 5093 3028 5159 genuscertum
3055 5086 3376 5141 indumenti
3410 5091 3740 5159 statuentes
3771 5085 3878 5139 illis

2235 5161 2581 5218 eircun'.dari
2605 5156 2739 5215 dum
2759 5157 3159 5228 sepelirentur,
3188 5162 3246 5211 ut
3268 5157 3481 5228 notarii
3515 5156 3576 5210 in
3607 5169 3878 5212 commen-

2235 5232 2414 5285 tarios
2456 5231 2732 5286 referrent
2775 5227 2958 5285 certas
3009 5237 3174 5282 notas
3215 5227 3548 5282 eorumdem
3597 5228 3874 5298 martyrii.

2234 5308 2317 5358 tot
2342 5303 2606 5358 Ecclesiae
2653 5300 3002 5357 testimoniis
3050 5298 3427 5367 comprobati.
3488 5299 3594 5354 His
3642 5297 3776 5354 vero
3811 5297 3874 5351 ad

2229 5375 2480 5441 episcopi
2501 5376 2908 5429 conscientiam
2941 5370 3256 5440 productis.
3279 5369 3490 5438 apponi
3515 5371 3782 5426 exterius
3801 5382 3878 5422 va-

2229 5447 2386 5500 scula
2407 5447 2688 5514 sanguine
2716 5444 2982 5513 martyris
3012 5443 3173 5510 plena
3206 5453 3544 5514 concessum
3579 5441 3694 5495 fuit
3718 5455 3748 5496 a
3771 5442 3874 5494 mi—

2229 5518 2434 5571 nistris
2459 5510 2976 5585 se‘pulturaecuram
3011 5511 3363 5585 gerentibus,
3389 5510 3612 5581 quibus
3647 5514 3884 5582 presby-

2227 5594 2378 5644 teros
2399 5597 2452 5644 et
2473 5583 2746 5643 diaconos
2772 5587 3104 5654 prmpositos
3123 5583 3304 5638 fuisse
3325 5590 3571 5638 constat.
3605 5591 3667 5636 ut
3691 5585 3882 5636 omnia

2223 5673 2289 5713 ex
2317 5663 2518 5714 ordine
2537 5667 2883 5730 gererentur.
2909 5657 2988 5710 Ad
3019 5656 3346 5730 hzrcautem
3373 5655 3605 5730 vascula
3642 5655 3720 5730 ita
3750 5656 3883 5707 vin-

2219 5732 2395 5786 dicati
2430 5725 2696 5800 martyris
2721 5735 2984 5800 poterant
3010 5743 3108 5794 pro
3138 5725 3310 5780 ltbitu
3343 5739 3449 5800 suo
3471 5725 3672 5800 ﬁdeles
3700 5725 3884 5778 bran-

2217 5803 2318 5856 dca
2350 5803 2548 5858 devote
2577 5796 2886 5870 applicare,
2940 5799 3059 5852 sive
3107 5806 3168 5852 ut
3207 5797 3488 5864 sanguine
3517 5796 3716 5850 adhuc
3768 5811 3884 5850 ιιι-ιιι

2216 5873 2501 5928 exsiccata
2535 5874 2908 5943 tingercntur,
2942 5871 3063 5925 sive
3091 5875 3150 5924 ut
3177 5875 3440 5924 contactu
3487 5873 3704 5922 crustae
3737 5883 3890 5922 san-
