4040 6184
125 371 143 426 4
156 368 249 424 453

160 491 333 545 uineae
359 502 478 543 eam
500 559 503 560 ν
525 488 634 543 vim
665 491 1088 557 contraherent,
1124 491 1289 545 ﬁdem
1333 504 1399 545 ac
1440 504 1597 560 spem
1629 489 1832 545 cre—A

156 560 363 617 entium
387 559 678 614 excitandi
701 561 757 615 in
778 562 977 625 Deum,
1007 567 1070 615 ut
1101 575 1198 630 per
1212 562 1461 628 ejusdem
1481 559 1754 629 martyris

124 632 576 687 intercessionem
613 632 665 686 id
701 645 731 685 a
762 632 989 687 Christo
1033 633 1276 687 Domino
1304 633 1579 702 consequi
1615 646 1754 701 pos-

122 710 254 764 sent,
285 703 434 772 quod
467 702 670 757 merito
703 702 831 758 fidei
859 704 1055 769 (Marc.
1086 704 1141 771 ν)
1175 718 1272 772 per
1295 710 1619 759 contactum
1652 717 1754 757 ve—

126 775 225 828 stis
247 772 558 827 Dominicze
602 773 808 828 mulier
846 774 1171 843 evangelica
1211 773 1487 840 obtinuit,
1516 780 1570 829 et
1600 773 1751 844 quod

127 844 308 900 umbra
323 844 724 912 praetereuntis
742 845 889 899 Petri
917 844 1208 915 languidis
1242 844 1510 900 afferebat
1538 845 1748 915 (Actor.

119 916 165 983 v)
184 921 236 970 et
256 916 407 984 quod
435 915 803 985 praestantius
823 923 926 983 est,
951 914 1272 985 exemplum
1292 916 1624 971 christianaa
1645 914 1755 970 for-

123 986 391 1041 titudinis
435 999 467 1040 a
516 986 824 1041 custoditis
853 986 1145 1053 brandeis,
1180 993 1449 1056 tanquam
1491 1000 1523 1041 a
1554 988 1754 1043 dome—

122 1059 254 1113 stico
285 1058 569 1114 monitore
593 1057 707 1111 sibi
739 1058 1039 1113 memorari
1076 1058 1485 1127 intelligerent.
1519 1058 1654 1112 dum
1688 1070 1753 1113 ea

120 1130 307 1184 devote
337 1129 699 1183 osculantur.
733 1129 845 1183 Hac
870 1129 1021 1184 enim
1046 1129 1440 1185 consolatione
1470 1128 1754 1184 fraudan—

119 1201 216 1255 dos
241 1213 350 1254 non
365 1213 489 1254 esse
511 1200 851 1267 judicarunt
873 1198 1010 1254 conf
1012 1208 1192 1255 ratres
1214 1207 1525 1269 martyrum
1540 1199 1751 1255 summi

123 1271 432 1339 pontiﬁces,
450 1272 549 1341 qui
573 1283 733 1325 sacra
750 1284 946 1326 eorum
965 1285 1201 1340 corpora
1215 1272 1474 1327 studiose
1497 1271 1750 1337 recondi,

121 1342 452 1422 sanguinem
479 1341 676 1422 colligi
710 1342 973 1422 spongiis
1020 1355 1085 1397 ac
1122 1343 1338 1422 linteis,
1375 1342 1755 1422 loculamenta

120 1420 383 1467 caemento
409 1413 735 1479 occludi,et
765 1413 1003 1483 indiciis
1021 1414 1556 1483 martyriidecorari
1587 1425 1753 1467 cura-

119 1491 265 1547 runt,
291 1497 388 1552 per
416 1484 679 1555 notarios
698 1484 754 1538 in
777 1490 898 1538 acta
919 1482 1250 1547 referendis,
1278 1484 1755 1555 quemadmodum

118 1555 345 1624 planum
378 1555 439 1609 tit
464 1568 531 1609 ex
576 1554 806 1609 collatis
837 1556 1193 1609 testimoniis
1218 1555 1489 1624 Cypriani
1522 1562 1578 1609 et
1608 1556 1756 1608 Pru-

116 1626 316 1689 dentii,
352 1625 566 1695 quibus
589 1626 722 1680 addi
749 1632 987 1694 possunt
1012 1626 1371 1689 Ambrosius,
1392 1626 1757 1696 Augustinus

115 1703 168 1751 et
203 1698 600 1767 Hieronymus,
632 1698 890 1766 aliique;
923 1710 1139 1751 necnon
1172 1711 1240 1752 ex
1284 1704 1589 1751 memorata
1623 1697 1753 1764 epi-

116 1767 257 1839 stola
304 1768 569 1837 Gregorii
615 1768 827 1839 Magni,
863 1774 1105 1823 testante
1160 1769 1657 1839 consuetudinem,
1693 1768 1749 1820 in

117 1838 388 1908 reliquiis
442 1838 751 1908 martyrum
788 1852 895 1893 non
953 1845 1161 1893 temere
1198 1845 1301 1893 aut
1350 1840 1477 1893 sine
1526 1838 1749 1894 delectu
1783 1847 1835 1909 Β

114 1910 143 1963 d
156 1910 537 1964 istribuendis
556 1909 628 1964 ab
650 1909 901 1964 Ecclesia
922 1910 1171 1964 Romana
1189 1910 1561 1965 custoditam:
1584 1909 1750 1977 cujus

116 1981 277 2035 modo
304 1980 663 2035 illustrandae
679 1980 1032 2036 occasionem
1053 1980 1265 2035 obtulit
1286 1980 1625 2050 Eutychiani
1646 1981 1753 2034 de-

112 2057 331 2106 cretum
362 2064 395 2106 a
427 2051 872 2107 Bibliothecario
903 2057 1300 2107 memoratum.

183 2160 524 2215 Fraudarem
548 2159 765 2215 illustri
783 2160 1114 2215 testimonio
1130 2159 1431 2214 historiam
1449 2167 1568 2213 tum
1585 2158 1759 2228 hujus

112 2232 340 2285 numeri
376 2236 494 2285 tum
549 2230 932 2299 superiorum.
977 2232 1092 2286 nisi
1137 2230 1444 2300 proferrem
1483 2231 1586 2284 huc
1636 2230 1760 2284 loco

113 2302 762 2372 insignedocumentum
782 2315 970 2357 rerum
999 2303 1272 2357 hat-tenus
1297 2307 1757 2363 memoratarum,

112 2373 432 2440 praesertim
458 2385 588 2427 vero
604 2374 674 2427 de
698 2374 1120 2428 consuetudine
1149 2380 1205 2428 et
1225 2374 1419 2427 causis
1440 2372 1759 2441 apponendi

107 2444 452 2514 sanguinem
480 2450 790 2513 martyrum
822 2446 878 2498 in
903 2444 1156 2498 vasculis
1186 2443 1532 2513 patentibus,
1560 2443 1628 2497 ad
1661 2455 1763 2497 eo-

109 2529 236 2570 rum
274 2514 660 2570 loculamenta
687 2516 942 2569 exterius
959 2515 1174 2583 aptatis
1202 2528 1299 2584 per
1324 2514 1721 2569 caementarios
1747 2531 1759 2567 :

109 2586 260 2657 quod
299 2599 386 2640 me
415 2587 805 2654 priestiturum
835 2600 959 2641 esse
983 2586 1354 2654 promiseram
1380 2588 1437 2639 in
1469 2586 1577 2640 line
1601 2586 1766 2639 Nota-

108 2671 240 2712 rum
281 2657 695 2712 historicarum
718 2657 787 2711 ad
822 2670 1123 2712 numerum
1156 2658 1211 2709 Β.
1243 2657 1390 2711 Sixti
1420 2658 1485 2710 ll.

177 2767 336 2819 Dum
360 2764 475 2819 illa:
500 2768 649 2818 notae
679 2764 737 2818 in
759 2764 817 2816 B.
840 2763 1064 2818 Sixtum
1097 2764 1143 2816 Il
1166 2762 1337 2832 praelo
1359 2762 1766 2818 subderentur:

106 2833 365 2891 feliciter
393 2836 640 2905 contigit
672 2840 734 2890 ut
763 2838 830 2905 ad
854 2834 1242 2889 caemeterium
1272 2833 1497 2888 Callisti
1528 2841 1583 2888 et
1614 2835 1768 2888 Prae-

108 2908 323 2963 textati
356 2907 444 2960 via
476 2904 656 2974 Appia
710 2904 1177 2975 perlustrandum
1212 2905 1268 2959 in
1302 2906 1576 2961 comitatu
1606 2919 1766 2960 sere-

107 2978 355 3033 nissimi
405 2976 690 3047 principis
720 2977 975 3031 Bavarici
1002 2976 1279 3031 Theodori
1324 2976 1488 3031 electi
1515 2976 1767 3046 episcopi

102 3049 574 3111 Ratisbonensis,
602 3048 959 3117 perducerem
972 3064 1039 3103 ur
1063 3063 1093 3102 a
1124 3061 1270 3116 saepe
1290 3050 1681 3103 commendato
1707 3048 1765 3102 V.

99 3123 402 3221 3332?
416 3117 1769 3221 152529.10.“3.”??333.E°iﬁiiﬁzi“?5a§ii?.§?§‘
1800 3163 1847 3221 c

100 3192 389 3261 quiarum
415 3192 654 3246 custode
680 3208 695 3257 ς
727 3197 783 3245 et
816 3194 1055 3246 vitream
1085 3197 1339 3259 patenam
1359 3190 1430 3261 _in
1477 3188 1578 3261 illo
1603 3202 1769 3261 repe-

100 3257 150 3317 ri
164 3276 371 3317 remus
399 3262 593 3332 aureis
625 3262 827 3332 figuris
856 3263 925 3317 de
955 3257 1103 3315 more
1123 3262 1327 3332 pictam
1351 3258 1612 3332 (graphio
1628 3257 1770 3312 deli-

102 3335 380 3389 neatisin
412 3330 1180 3400 aurifolibinterutramquc
1199 3330 1481 3383 lamellam
1506 3331 1764 3400 vitream,

98 3419 219 3474 qua
258 3404 481 3459 fundus
507 3403 661 3457 vasis
686 3402 948 3469 constat),
968 3408 1023 3454 et
1045 3407 1355 3474 martyrum
1383 3399 1659 3463 sanguine
1686 3399 1768 3474 li_—

95 3470 392 3531 beraliter
415 3474 756 3540 inspersam,
786 3478 845 3526 ut
863 3471 1458 3536 crustaeadhaerentes,
1474 3470 1769 3539 etsangui-

97 3560 276 3601 neam
314 3543 647 3597 rubedinem
678 3543 907 3597 admoto
934 3542 1152 3596 lumine
1181 3540 1479 3610 perspicue
1494 3541 1767 3595 exhiben-

93 3627 184 3673 tes
224 3614 559 3670 luculenter
579 3614 912 3667 ostendunt.
932 3614 1179 3682 Auspice
1199 3613 1408 3681 pietate
1433 3613 1578 3667 tanti
1605 3613 1771 3678 prin-

91 3689 287 3757 cipis,
326 3685 427 3757 qui
459 3690 705 3757 augusta
738 3697 833 3757 per
866 3684 1107 3757 vestigia
1146 3682 1534 3757 serenissima?
1565 3683 1772 3757 domus

88 3753 791 3825 electoralismrmissimi
807 3753 1033 3810 scilicet
1049 3753 1460 3824 propugnaculi
1476 3754 1772 3809 catholicae

88 3828 421 3899 religionis
446 3828 502 3880 in
524 3826 848 3899 Germania)
873 3827 941 3881 ad
975 3834 1205 3899 steteras
1224 3824 1468 3899 virtutes
1490 3830 1644 3899 tanta
1670 3840 1771 3881 vo—

87 3894 341 3956 catione
370 3898 577 3968 dignas
606 3894 946 3963 ronnititur,
969 3898 1163 3952 datum
1196 3894 1497 3968 nobisfuit
1518 3896 1622 3951 hoc
1644 3911 1773 3952 mo-

88 3966 752 4027 nimentum'nancisci.
785 3970 920 4023 Nam
951 3970 1102 4023 inter
1126 3977 1325 4023 caatera
1346 3966 1516 4022 Urbis
1542 3968 1767 4029 decora,

86 4058 229 4114 quae
277 4042 333 4114 is
350 4038 615 4114 cupiebat
642 4039 844 4094 sibiad
874 4040 1372 4114 contemplandum
1400 4039 1637 4114 proponi
1667 4040 1770 4095 hac

87 4108 152 4169 i'n
189 4108 461 4169 Ecclesia
488 4118 825 4165 cazterarum
861 4117 1038 4165 matre
1058 4124 1124 4165 ac
1158 4111 1451 4181 magistra,
1484 4108 1599 4165 fuit
1627 4124 1766 4166 con-

83 4193 353 4255 spectus
395 4190 719 4255 cryptarum
769 4182 863 4255 SS.
892 4188 1224 4251 martyrum,
1256 4194 1420 4251 quem
1454 4182 1769 4255 serenissi—

84 4251 210 4311 uiis
251 4253 629 4322 principibus
662 4251 940 4307 fratribus
972 4255 1098 4307 suis
1126 4255 1378 4320 ejusdem
1413 4255 1491 4307 rei
1535 4254 1768 4320 perinde

80 4325 400 4383 studiosis
446 4326 579 4379 dum
611 4326 840 4379 Romam
878 4325 1190 4379 inviserent
1216 4330 1512 4392 acceperat
1541 4332 1765 4394 gratum

77 4397 421 4453 admodum
452 4397 784 4463 contigisse,
817 4397 1222 4466 atqueiptilem
1255 4395 1324 4450 ad
1358 4396 1763 4450 confovendam

81 4473 403 4538 pietatem.
451 4469 592 4522 Dum
625 4468 807 4537 igitur
834 4463 931 4522 die
973 4463 1042 4521 27
1082 4466 1302 4535 Aprilis
1345 4468 1481 4522 anni
1522 4466 1786 4521 labentis

79 4538 266 4631 4,723,
326 4538 638 4631 indira'tum
685 4538 1071 4631 cmmeterium
1107 4538 1330 4631 Callisti
1353 4543 1410 4593 et
1443 4539 1763 4631 Praetextati
1793 4572 1846 4631 1)

74 4614 308 4667 devote
328 4609 777 4680 ingrederemur.
793 4608 1549 4680 contigitnobisfragmenta
1570 4612 1764 4665 vitrea:

79 4690 342 4753 patera»,
367 4678 739 4736 afossoribus
761 4678 1209 4736 ibidem‘deteeta
1231 4678 1403 4750 prope
1420 4681 1763 4737 loculamen-

73 4768 213 4810 tum
279 4753 575 4820 martyris,
625 4760 685 4806 ut
721 4753 882 4813 solet,
929 4754 1299 4821 conspicere:
1337 4768 1463 4821 qua:
1516 4753 1756 4807 invicem

65 4828 300 4896 juncta
332 4824 620 4893 figurasac
640 4824 863 4896 litteras
883 4826 1210 4885 ostendunt,
1230 4825 1285 4878 in
1302 4838 1455 4879 teneo
1479 4824 1759 4879 iconismo

74 4894 184 4953 hic
220 4895 512 4963 redditas,
537 4896 593 4949 in
618 4910 730 4965 quo
755 4902 810 4950 et
831 4894 1207 4966 fragmentum
1234 4896 1594 4963 depreditum
1623 4907 1759 4963 punv

67 4968 349 5025 ctuatim
375 4967 618 5038 exprimi
651 4969 943 5033 curavi,et
962 4969 1332 5038 sanguineam
1357 4974 1606 5038 crustam
1639 4981 1758 5035 par-

70 5050 196 5096 tem
230 5037 919 5110 ﬁguratumobtegentem
938 5040 1344 5107 representari;
1370 5052 1494 5109 quae
1522 5037 1756 5110 obversa

66 5113 242 5168 solis
285 5110 492 5175 radiis,
520 5117 620 5164 aut
652 5109 899 5164 candela:
945 5112 1198 5165 nativum
1248 5110 1509 5166 ruborem
1542 5109 1750 5178 prodit.

61 5188 289 5250 Imago
350 5181 475 5234 boni
512 5183 757 5235 Pastoris
795 5183 1111 5247 evangelici,
1162 5197 1329 5251 quam
1362 5181 1757 5237 Tertulliauus

66 5259 134 5310 in
166 5255 303 5309 lib.
338 5254 408 5306 de
436 5253 886 5324 Pudicitia,cap.
927 5251 1011 5307 40.
1045 5252 1287 5308 afﬁrmat
1318 5254 1477 5324 pingi
1508 5266 1756 5307 consue-

60 5329 248 5382 visse
292 5324 355 5378 in
384 5323 663 5378 calicibus
709 5323 1188 5380 Christianorum.
1232 5337 1478 5393 superne
1520 5324 1753 5390 visitur,

62 5399 245 5454 collo
277 5395 582 5450 sustinens
602 5408 782 5451 ovem.
820 5395 1093 5465 utrinque
1120 5402 1343 5449 astante
1365 5396 1433 5450 ad
1465 5396 1632 5463 pedes
1657 5396 1753 5449 Pa-

58 5469 277 5527 stOris
311 5465 536 5521 ovicula
567 5466 688 5519 sive
711 5478 877 5536 agno,
906 5467 1006 5534 qui
1034 5466 1292 5520 eumdem
1323 5466 1591 5535 respicit;
1622 5478 1751 5520 nec-

59 5556 192 5598 non
222 5536 681 5594 considentibus
704 5535 765 5589 in
780 5535 938 5590 sellis
962 5535 1097 5590 hinc
1117 5536 1246 5590 inde
1270 5537 1475 5604 positis
1492 5536 1583 5591 SS.
1608 5550 1754 5606 apo—

57 5614 269 5669 stolis
321 5611 480 5665 Petro
524 5616 576 5662 et
607 5607 800 5665 Paulo.
834 5608 1000 5675 cujus
1045 5608 1284 5662 secundi
1317 5606 1496 5676 figura
1532 5608 1751 5677 integra

51 5694 120 5743 et
186 5695 416 5740 nomen
458 5680 732 5735 distincte
780 5680 1207 5747 recOgnoscitur
1254 5680 1477 5731 Paulus.
1528 5677 1753 5748 Eﬂigies

52 5757 225 5814 boni
301 5753 554 5807 Pastoris
610 5752 666 5805 in
719 5749 1052 5821 fragmentis
1102 5765 1227 5820 qua:
1257 5757 1571 5820 supersunt
1610 5752 1754 5805 satis

52 5824 444 5895 conspicua,
485 5823 704 5878 similis
741 5830 823 5876 est
849 5822 961 5889 jam
1005 5823 1181 5877 editis
1211 5836 1308 5892 per
1338 5822 1493 5878 viros
1522 5822 1746 5879 clariss.

901 367 1218 423 HISTORIA
1258 369 1345 422 DE
1386 367 1559 422 VITIS
1601 367 1769 422 ROM.
1818 363 2013 420 PONT.
2054 396 2127 405 —
2160 368 2214 419 S.
2260 364 2753 421 EUTYCIIIANUS.

3302 394 3313 403 -
3370 368 3508 427 4454

1864 495 2183 545 senatorem
2214 491 2539 546 Bonarrotti
2567 491 2624 546 in
2654 489 2951 547 Observat.
2983 495 3052 549 ad
3080 500 3293 552 vitreas
3320 495 3514 551 lamel-

1864 560 1949 634 las
1974 562 2426 634 cmineteriorum
2465 562 2583 634 tab.
2635 559 2884 629 4,,num.
2923 560 2971 631 4,
3017 570 3074 619 et
3100 565 3213 620 tab.
3265 564 3317 634 4,
3348 582 3505 624 num.

1863 628 2005 709 2,_et
2032 631 2163 709 _tab.
2197 632 2250 700 6,
2284 646 2439 709 num.
2467 630 2536 709 ἓ,
2584 634 2804 688 etCan.
2843 628 3161 709 Boldettum
3213 628 3338 709 pag.
3379 637 3505 703 200,

1862 702 1985 757 tab.
2022 701 2072 767 4,
2104 716 2259 778 num.
2284 700 2359 778 _lO
2389 710 2445 758 et
2471 701 2541 778 44
2568 721 2582 770 ;
2616 717 2836 778 necnon
2865 707 3113 775 picturis
3144 700 3249 763 hoc
3279 700 3403 778 ivpso
3447 700 3507 767 in

1864 774 2420 853 cremeterioadhuc
2451 774 2737 853 videndis,
2773 774 2916 846 quas
2946 778 3160 853 pridem
3191 774 3511 853 Ariughius

1846 844 2176 925 delineavit
2200 845 2259 925 in_
2273 844 2590 925 cubiculo:
2624 844 3140 925 huju§_cmmeterii
3162 850 3274 925 tab.
3299 844 3361 925 2,
3379 866 3506 925 pag.

1862 912 1988 983 534,
2022 922 2076 970 et
2120 916 2176 970 in
2208 916 2324 971 alia
2356 916 2477 970 tab.
2510 915 2563 975 3.
2609 912 2733 986 pag.
2766 914 2910 973 573:
2942 912 3420 986 quemadmodum
3454 912 3513 981 Et

1867 988 2149 1063 imagines
2341 986 2754 1063 apostolorum,
2805 986 3057 1063 et‘sella:
3109 994 3418 1063 utriusque
3448 998 3509 1052 in

1865 1058 2080 1127 quibus
2100 1059 2359 1113 assident
2373 1058 2697 1130 persimiles
2710 1067 2847 1114 sunt
2870 1060 2948 1115 ita
2963 1058 3387 1130 repraesentatis
3405 1067 3511 1123 hoc

1868 1130 1998 1201 ipso
2028 1130 2085 1183 in
2131 1130 2457 1201 cmmeterio
2495 1128 2873 1201 abgAringhio
2917 1128 3042 1186 tab.
3093 1132 3115 1186 4
3165 1135 3422 1192 cubiculi
3453 1154 3499 1192 ι.

1866 1199 2079 1255 Paulus
2106 1200 2367 1255 considet
2386 1202 2454 1254 ad
2483 1199 2780 1255 sinistram
2813 1201 2946 1257 boni
2980 1204 3260 1261 Pastoris:
3290 1208 3511 1263 Petrum

1864 1272 1933 1346 ad
1965 1271 2253 1326 dexteram
2312 1270 2653 1346 collocatum
2708 1269 2892 1346 fuisse
2930 1274 3339 1346 intelligimus,
3372 1279 3511 1336 licet

1866 1340 2256 1415 fragmentum;
2275 1350 2479 1415 patera}
2511 1342 2685 1410 hujus
2706 1344 2899 1415 vitreae
2927 1344 2983 1398 in
3005 1340 3512 1415 quo‘repraesenta-

1866 1412 2057 1480 batur,
2098 1413 2400 1482 exciderit,
2455 1412 2697 1468 fortasse
2743 1412 3068 1470 diﬂ’ractum
3117 1431 3149 1471 a
3190 1412 3511 1477 fossoribus

1866 1483 2182 1552 improvide
2206 1484 2356 1538 inter
2393 1483 2804 1539 eti‘odiendum.
2842 1485 2989 1540 infra
3020 1494 3135 1543 tres
3167 1490 3299 1546 illas
3319 1506 3510 1548 sacras

1869 1555 2169 1625 imagines,
2202 1555 2370 1631 quasi
2404 1554 2730 1631 subeat-um
2760 1557 2934 1611 tutela
2961 1557 3087 1612 duae
3106 1560 3237 1615 alia:
3270 1564 3512 1631 majores

1866 1631 2143 1702 apparent
2163 1626 2274 1679 viri
2302 1640 2367 1679 ac
2391 1625 2655 1702 mulieris
2685 1635 2910 1702 pectore
2930 1635 3097 1702 tenus
3121 1625 3421 1702 expressis,
3456 1642 3513 1689 et

1867 1695 2224 1774 nobilitatem
2267 1698 2493 1765 generis
2525 1696 2862 1774 indicantes,
2898 1698 2953 1752 in
2985 1700 3109 1755 viro
3138 1695 3370 1771 quidem
3413 1695 3511 1774 per

1868 1766 2222 1821 laticlavium
2244 1781 2419 1834 supra
2442 1773 2626 1836 togam
2647 1772 2704 1820 et
2726 1775 2923 1835 pectus
2950 1766 3289 1835 excurrens;
3313 1775 3369 1829 in
3394 1766 3512 1831 mu-

1867 1838 2008 1916 liere
2029 1851 2159 1892 vero
2179 1852 2276 1906 per
2297 1837 2695 1916 stolmiimbos
2712 1838 3051 1916 elaboratos:
3074 1849 3130 1896 et
3146 1843 3323 1900 veluti
3345 1846 3510 1916 phry-

1866 1910 2071 1979 giatos,
2097 1923 2209 1978 qua
2229 1909 2600 1963 convestitur.
2618 1910 2814 1964 Virum
2836 1909 2996 1966 illum
3019 1914 3319 1969 Romanum
3333 1909 3514 1972 nom'i-

1870 1978 1939 2034 ne
1988 1979 2169 2034 fuisse
2218 1979 2564 2047 appellatum
2597 1978 2865 2035 dubitare
2898 1994 3009 2036 non
3055 1985 3259 2040 sinunt
3305 1986 3512 2044 litterae

1872 2050 2017 2105 illud
2049 2051 2434 2125 exprimentes
2464 2064 2593 2105 cum
2628 2050 3039 2125 acclamatione
3068 2057 3373 2125 convivali,
3410 2073 3511 2114 seu

1867 2134 2075 2192 agapes
2107 2121 2467 2189 Christianae,
2526 2135 2652 2191 qua:
2701 2122 2756 2176 in
2792 2122 3085 2179 similibus
3116 2121 3370 2184 vasculis
3392 2128 3516 2186 fre-

1871 2194 2397 2262 quenteroccurrit,
2425 2192 3512 2262 eteruditeexplicaturabill.senatore

1872 2264 2169 2338 Bonarroti
2223 2264 2280 2318 in
2313 2262 2620 2338 ‘Qbservat.
2655 2278 2828 2332 supra
2860 2264 3112 2338 laudatis
3140 2268 3208 2323 ad
3241 2270 3356 2324 tab.
3391 2285 3510 2338 xtv,

1874 2348 2031 2390 num.
2059 2333 2114 2395 3,
2151 2348 2275 2404 pag.
2308 2332 2398 2399 95,
2433 2334 2525 2389 his
2554 2341 2826 2403 concepta
2854 2335 3079 2391 verbis:
3110 2351 3366 2395 DIGNITAS
3390 2332 3518 2397 ut-

1872 2418 2049 2481 gosvu
2094 2419 2313 2481 suum;
2345 2418 2453 2459 PIE.
2495 2418 2835 2481 zsses._cvm.
2868 2420 3125 2481 me...”
3167 2424 3237 2464 ss
3262 2412 3515 2481 (fortasse

1873 2478 2233 2545 Euphrosine,
2282 2479 2451 2536 Irene,
2501 2482 2603 2530 aut
2626 2476 2745 2531 alio
2774 2478 2979 2546 quovis
3011 2481 3240 2535 nomine
3269 2476 3515 2539 similem

1880 2550 1937 2602 in
1956 2548 2235 2628 syllabam
2253 2547 2569 2628 desinente)
2592 2555 2654 2601 ut
2679 2548 2843 2615 plane
2866 2551 3230 2628 perspicuum
3254 2554 3354 2628 sit,
3375 2554 3521 2610 hanc

1878 2625 2127 2688 pateram
2154 2617 2337 2673 fuisse
2361 2617 2666 2672 donarium
2691 2632 2898 2689 agapes
2925 2618 3188 2688 (fortasse
3216 2617 3387 2679 etiam
3422 2639 3522 2681 nu-

1879 2689 2098 2760 ptialis)
2129 2689 2295 2744 illius
2326 2701 2556 2753 ROMANI,
2602 2690 2825 2760 nobilis
2868 2690 2981 2745 viri
3007 2691 3349 2759 Christiani,
3389 2710 3521 2752 cum

1878 2759 2086 2830 Sponsa
2119 2760 2199 2814 ibi
2242 2759 2639 2828 representati.
2680 2761 2801 2815 Non
2834 2762 3019 2816 ausim
3062 2763 3341 2822 aﬂirmare
3369 2767 3522 2823 hunc

1878 2845 2003 2887 esse
2030 2831 2547 2904 Romanumﬂillum
2602 2830 3216 2904 celebrem_martyrem
3248 2843 3302 2891 et
3332 2839 3524 2892 ostia-

1880 2904 2053 2969 rium,
2101 2916 2265 2971 quem
2301 2900 2785 2956 Bibliothecarius
2821 2900 3224 2961 afﬁrmatcum
3258 2908 3321 2960 Β.
3359 2908 3523 2964 Sixto

1878 2974 2154 3039 Secundo,
2180 2973 2419 3041 ejusque
2442 2972 2788 3026 diaconibus
2819 2976 3078 3043 martyrii
3110 2977 3355 3042 socium,
3385 2985 3442 3033 et
3466 2980 3525 3033 in

1882 3045 1987 3119 hoc
2042 3044 2165 3112 ipso
2212 3044 2530 3119 Prmtcmtati
2576 3043 2902 3098 coemeterio
2934 3045 3241 3119 sepultum,
3301 3048 3359 3101 in
3410 3063 3525 3119 quo

1880 3117 2091 3170 vitrum
2120 3112 2785 3184 sanguineconspersum
2816 3114 3170 3182 reperimus:
3194 3112 3322 3172 cum
3345 3126 3402 3173 et
3419 3112 3525 3175 alii

1880 3182 2247 3254 cognomines
2275 3182 2596 3254 Christiani
2622 3182 2730 3237 sub
2768 3186 2959 3239 eodem
2993 3187 3261 3254 pontifice
3288 3189 3449 3245 Sixto
3479 3192 3530 3245 II

1878 3253 2218 3321 claruerint,
2253 3266 2399 3322 quos
2427 3253 2576 3307 inter
2604 3266 2861 3309 nonanus
2891 3253 3057 3311 miles
3076 3271 3107 3312 a
3135 3259 3191 3311 B.
3221 3260 3529 3316 Laurentio

1881 3327 2224 3395 baptizatus,
2268 3330 2323 3378 et
2356 3326 2690 3393 praemissus
2734 3326 2801 3379 ad
2846 3327 3088 3395 palmam

1884 3369 2388 3467 ἦὲἴιὶιῖξξῖιῖἱαηαό
2406 3369 3370 3467 mhﬁi’ﬁﬁﬁﬁﬁéﬁnitri};
3397 3369 3528 3458 ἔῖιῗιῖ

1883 3469 1940 3524 id
1968 3465 2180 3523 rescire
2216 3480 2326 3522 non
2365 3466 2526 3521 valde
2550 3465 2889 3523 conferatad
2921 3468 3024 3523 has
3051 3478 3211 3526 notas
3242 3472 3537 3529 elucidan-

1880 3541 2000 3614 das.
2064 3538 2235 3614 V_alde
2264 3545 2454 3614 autem
2485 3536 3172 3614 conferetdemonstrare
3205 3545 3529 3614 exemplum

1882 3611 2107 3685 collecti
2127 3610 2455 3679 sanguinis,
2486 3615 2542 3685 et
2566 3610 2815 3685 appositi
2842 3612 2900 3665 in
2918 3611 3122 3685 vitreis
3144 3613 3300 3670 hisce
3316 3610 3531 3685 pateris

1881 3682 2345 3737 Christianorum
2380 3680 2769 3750 symbolorum
2797 3688 3009 3737 tessera
3039 3680 3332 3742 decoratis
3351 3704 3366 3753 ;
3399 3700 3531 3743 cum

1886 3754 1965 3809 ita
1980 3753 2347 3808 ostendatur:
2368 3753 2578 3825 Primo,
2594 3753 3070 3808 consuetudinem
3087 3755 3231 3810 hanc
3247 3758 3533 3825 pertinere

1883 3826 1952 3881 ad
1987 3832 2241 3887 tempora
2271 3823 2756 3891 persecutionum,
2800 3825 3075 3891 secundo,
3114 3823 3359 3884 indicari
3385 3843 3533 3885 cau—

1884 3910 2024 3963 sam,
2048 3911 2153 3951 cur
2184 3895 2516 3970 patentibus
2547 3895 2701 3970 vasis
2719 3895 2995 3970 collectus
3018 3899 3258 3970 sanguis
3280 3913 3530 3970 appone-

1884 3975 2042 4022 retur
2070 3973 2306 4023 externa
2366 3967 2424 4021 in
2478 3972 2633 4035 parte
2686 3965 3077 4032 loculamenti,
3111 3965 3211 4024 ubi
3260 3965 3532 4028 conditus

1879 4047 2001 4095 erat
2027 4045 2272 4109 martyr:
2328 4038 2396 4092 ad
2447 4037 2552 4109 hoc
2594 4036 2946 4109 scilicet,gut
2995 4039 3249 4095 fidelium
3302 4044 3451 4099 votis
3477 4051 3535 4099 et

1879 4109 2286 4165 consuetudini
2333 4108 2658 4175 satisfieret,
2691 4109 2793 4177 qui
2833 4108 3007 4164 lintea
3035 4117 3089 4165 et
3117 4111 3363 4169 brandea
3390 4129 3534 4171 san-

1880 4183 2055 4258 guine
2072 4182 2339 4251 martyris
2355 4179 2595 4258 imbuta.
2618 4179 2931 4258 autsaltem
2947 4187 3533 4258 contactusanguinis

1878 4254 2141 4327 dedicata
2185 4265 2377 4327 secum
2422 4250 2728 4327 deferrent,
2764 4256 3032 4327 tanquam
3083 4250 3403 4327 tutelam'et
3434 4258 3529 4327 pi-
3590 4266 3605 4283 ί

1879 4339 2027 4394 gnus
2050 4322 2484 4379 intercessionis
2508 4328 2839 4391 martyrum,
2867 4329 2931 4378 ut
2956 4324 3251 4381 Prudentii
3274 4322 3530 4385 carmina

1878 4401 2294 4456 contestantur,
2331 4407 2550 4449 necnon
2602 4400 2668 4448 ut
2712 4394 3042 4467 memoriam
3096 4396 3248 4464 fidei,
3296 4400 3439 4467 spei,
3471 4406 3530 4454 et

1879 4467 2183 4522 charitatis
2231 4479 2327 4535 per
2359 4466 2547 4534 ipsum
2580 4466 2865 4531 exercitae,
2890 4472 3062 4534 atque
3089 4466 3526 4524 incitamentum

1882 4537 2247 4597 imitationis,
2276 4543 2334 4591 et
2370 4536 3157 4607 constantiaagﬁrmamentum
3188 4539 3244 4591 in
3280 4543 3527 4607 posteris

1876 4622 2197 4664 evasuram.
2239 4609 2392 4662 Hanc
2447 4608 2517 4661 de
2567 4620 2678 4674 qua
2721 4604 3018 4675 loquimur
3043 4604 3522 4666 consuetudinem

1875 4680 2247 4750 comprobare
2269 4681 2432 4747 juvat
2460 4678 2686 4751 factost
2710 4677 2888 4751 dictis
2915 4678 2971 4730 Β.
3003 4677 3196 4734 Saturi
3227 4683 3516 4751 martyris,

1874 4748 2130 4821 legendis
2189 4752 2340 4804 inter
2391 4754 2548 4819 gesta
2590 4748 2689 4821 SS:
2745 4748 3032 4821 Perpetua:
3082 4757 3139 4804 et
3182 4748 3516 4818 Felicitatis,

1870 4819 2023 4877 edita
2052 4823 2301 4891 primum
2322 4821 2509 4875 Romae
2543 4834 2638 4888 per
2664 4819 2867 4873 Lucam
2897 4820 3277 4891 Holstenium,
3306 4824 3517 4881 deinde

1871 4890 2112 4949 Parisiis
2142 4907 2239 4962 per
2268 4894 2471 4965 Lucam
2490 4890 2843 4965 _Dacherium
2871 4891 3173 4965 interActa
3201 4890 3515 4965 martyrum

1868 4967 2090 5021 sincera
2120 4971 2176 5019 et
2215 4963 2442 5019 selecta.
2475 4963 2653 5030 Cujus
2684 4964 2947 5018 secunda:
2972 4963 3248 5019 editionis
3282 4963 3518 5023 numero

1866 5036 1928 5091 24
1989 5037 2232 5092 Saturus
2274 5037 2343 5090 ad
2393 5034 2609 5089 bestias
2654 5033 2961 5107 damnatus
3001 5048 3129 5107 cum
3162 5036 3359 5107 sociis,
3390 5037 3518 5095 leo-

1870 5109 2045 5178 pardo
2071 5107 2371 5178 objicitur,
2404 5119 2433 5160 a
2469 5118 2580 5175 quo
2616 5118 2808 5178 morsu
2843 5105 3144 5178 impetitus
3175 5105 3514 5165 tanto'san-

1868 5176 2045 5250 guine
2075 5177 2465 5250 perfunditur,
2497 5181 2607 5250 uta
2628 5176 3214 5250 populoinspectante
3240 5180 3514 5237 acclama-

1868 5248 1988 5305 tum
2023 5249 2234 5305 fuerit:
2284 5249 2505 5303 Salvum
2551 5248 2737 5313 totum,
2780 5248 2992 5301 salvum
3031 5250 3219 5304 totum.
3267 5252 3507 5308 Pudenti

1870 5321 2046 5377 militi
2078 5322 2323 5377 tracitur
2365 5319 2679 5374 semivivus
2714 5320 3149 5389 custodiendus,
3185 5329 3251 5377 ut
3294 5324 3352 5378 in
3399 5324 3509 5380 fine

1868 5393 2182 5463 spectaculi
2206 5391 2523 5464 juguletur.
2558 5390 2879 5445 Saturusad
2910 5392 3215 5448 Pudentem
3263 5408 3508 5450 conver-

1867 5462 1988 5529 sus,
2014 5478 2177 5534 quem
2214 5462 2541 5519 constantia
2576 5468 2885 5531 martyrum
2931 5471 3245 5532 permotum
3292 5466 3506 5523 inflecti

1863 5536 2091 5591 videbat
2119 5536 2186 5590 ad
2222 5535 2385 5590 fidem
2432 5534 2818 5588 Christianam
2859 5547 3048 5589 secum
3088 5535 3459 5604 profitendam
3496 5556 3510 5593 :

1863 5610 2065 5661 Memor
2088 5614 2217 5670 esto,
2265 5608 2465 5675 inquit,
2511 5606 2640 5674 ﬁdei.
2684 5620 2832 5671 mem,
2879 5614 2928 5658 ct
2957 5621 3023 5660 ne
3054 5614 3103 5659 te
3152 5609 3257 5661 ista
3284 5615 3516 5663 contm—

1865 5680 2009 5745 bent,
2064 5680 2159 5732 sed
2211 5684 2543 5745 conﬁrment.
2596 5676 2810 5731 Deinde
2854 5676 3133 5732 annulum
3183 5678 3253 5733 de
3308 5681 3516 5747 digitis

1865 5747 2864 5818 Pudentiseximi,sibiquecontradi
2882 5755 3074 5803 curat:
3098 5764 3263 5819 quem
3288 5754 3512 5807 vulneri

1865 5837 1970 5879 suo
2000 5836 2110 5878 non
2144 5827 2364 5877 tantum
2400 5821 2712 5887 admotum,
2740 5819 2835 5875 sed
2868 5819 3036 5875 etiam
3069 5821 3419 5893 immersum,
3453 5830 3515 5877 ut

3168 3330 3356 3399 pridie
3402 3333 3529 3399 ejus
3620 3338 3631 3351 ‘
