4072 6176
189 289 316 350 4457

918 293 1237 351 HISTORIA
1274 296 1364 351 DE
1401 295 1574 352 VITIS
1616 293 1779 349 ROM.
1822 292 2020 350 PONT.
2060 325 2133 335 —
2171 291 2225 349 S.
2266 293 2569 349 SANCTUS
2604 293 2821 350 CAIUS.

3430 289 3568 349 4458

185 411 356 488 clausi
391 411 758 488 loculamenti
789 428 999 485 corpus
1027 419 1297 488 martyris
1326 418 1693 485 asservantis,
1733 417 1812 470 in~
1839 418 1897 477 A
1926 428 2082 488 papae
2126 416 2185 470 in
2230 416 2450 488 Regest.
2475 415 2584 488 lib.
2625 429 2704 488 vi.
2741 430 2792 471 c.
2830 412 2925 488 74,8,
2956 414 3288 488 testimonio
3314 417 3557 488 constat.

184 484 413 555 telliget,
446 484 515 538 ad
561 486 925 539 testimonium
959 488 1089 555 fidei
1108 494 1158 541 et
1177 484 1503 543 memoriam
1524 484 1812 555 sanguinis

188 554 534 627 proACbristo
577 555 716 616 fusi,
755 554 1048 627 nempe'ad
1088 561 1533 615 vindicationem
1564 566 1621 614 et
1638 554 1810 613 com-

184 625 859 698 probationemimartyrii
891 625 988 697 per
1012 632 1270 686 eumdem
1298 633 1393 686 Dei
1429 644 1652 686 servum
1687 628 1812 684 for-

185 697 614 771 titeg'__tolerati,
646 706 703 753 et
743 697 812 771 ad
853 702 1057 769 pignus
1089 704 1269 756 tutelae
1303 703 1580 771 ejusdem,
1617 702 1751 755 inde
1778 713 1811 754 a

181 767 441 824 ﬁdelibus
471 767 878 838 reportauduni
930 771 1215 827 immersis
1257 767 1457 827 in'illo
1505 772 1719 836 linteis,
1754 777 1812 826 et

180 839 463 912 brandeis,
496 846 552 894 et
574 840 833 906 annulis,
865 848 966 897 aut
1010 843 1339 912 bujusmodi
1374 844 1623 899 cimeliis
1652 842 1807 898 domi

180 910 485 983 servandis,
532 915 601 983 et
633 913 1039 968 contradendis
1088 910 1338 983 posteris
1382 913 1563 970 fuisse
1624 927 1812 983 appo-

179 982 285 1038 sita
321 982 607 1053 ejusmodi
653 983 904 1052 vascula,
965 982 1473 1041 sub’conscientia
1530 985 1804 1053 episcopi,

179 1065 369 1122 nempe
395 1051 654 1125 legitima
692 1054 1023 1125 cognitione
1047 1057 1337 1123 przemissa
1369 1062 1419 1109 et
1442 1051 1809 1110 vindicatione

176 1125 457 1196 martyrii:
504 1124 673 1193 cujus
715 1125 797 1180 rei
832 1126 1017 1195 gratia
1046 1127 1440 1196 Eutychianus
1477 1128 1535 1181 in
1566 1140 1672 1182 suo
1701 1127 1807 1181 de-

177 1202 323 1250 creto
351 1195 455 1250 hac
488 1196 546 1249 in
580 1196 833 1251 sectione
861 1195 1171 1253 memorato
1197 1211 1307 1253 non
1334 1198 1499 1255 modo
1547 1197 1808 1266 praecipit

179 1266 368 1336 speliri
399 1273 697 1336 martyrem
725 1280 854 1321 cum
882 1268 1109 1323 colobio
1142 1277 1476 1338 purpurato,
1511 1269 1606 1323 sed
1631 1270 1803 1323 etiam

177 1338 468 1393 certiorem
497 1352 557 1393 se
590 1338 712 1393 ﬁeri
740 1339 811 1393 de
837 1339 955 1393 ritu
990 1339 1069 1395 ita
1103 1347 1323 1395 servato
1350 1342 1408 1395 in
1438 1340 1801 1408 singulorum

178 1417 483 1480 martyrum
535 1408 865 1479 sepultura:
922 1411 1068 1480 quod
1096 1416 1275 1465 tamen
1304 1412 1378 1465 ad
1404 1413 1658 1464 notitiam
1700 1410 1807 1463 sibi

176 1480 570 1548 divulgaretur.

824 1572 1075 1629 CIACON
1080 1575 1141 1629 II.

243 1661 365 1716 Lin.
394 1658 417 1715 4
443 1667 500 1716 et
525 1658 587 1717 2.
616 1691 684 1701 —-
704 1661 856 1716 Sedit
879 1678 1047 1716 annos
1067 1668 1197 1717 octo.
1225 1662 1471 1717 Fallitur
1500 1660 1805 1732 Eusebius,

180 1733 279 1804 qui
301 1738 427 1787 octo
454 1746 675 1788 menses
703 1733 890 1789 solum
912 1734 1335 1804 Eutycbianum
1361 1735 1582 1790 sedisse
1610 1732 1801 1802 refert,

172 1787 259 1858 v‘et
283 1804 472 1859 decem
505 1787 720 1859 nonad
742 1787 1333 1873 adesseadesse.“
1356 1787 1625 1874 Quinque
1650 1787 1802 1859 enini
1837 1787 1889 1847 B

169 1873 561 1930 ordinationes
593 1888 783 1930 mense
808 1876 1130 1932 Decembris
1152 1874 1331 1945 facite,
1366 1873 1475 1931 non
1500 1873 1807 1945 patuerunt

171 1945 286 2000 nisi
309 1947 710 2015 quinquennio
739 1946 888 2002 ﬁeri.
918 1950 1103 2015 Quare
1120 1948 1600 2016 acquiescendum
1629 1946 1806 2016 magis

171 2018 248 2088 iis
272 2016 375 2088 qui
398 2024 525 2073 octo
553 2031 736 2072 annos
764 2024 819 2073 et
848 2031 1067 2073 menses
1094 2018 1318 2088 aliquot
1336 2019 1462 2087 ejus
1499 2018 1807 2087 pontiﬁca—

170 2087 256 2143 tui
284 2087 588 2143 tribuunt:
617 2089 768 2144 inter
798 2103 942 2159 quos
965 2097 1052 2145 est
1082 2087 1395 2144 Panvinius
1416 2096 1470 2144 et
1494 2088 1806 2143 cardinalis

166 2159 464 2214 Baronius.
487 2158 711 2227 Quibus
740 2158 913 2215 etiam
933 2162 1078 2215 ratio
1100 2160 1401 2215 consulum
1435 2159 1803 2230 suffragatur,

165 2237 221 2286 et
241 2243 305 2284 ex
325 2230 735 2301 ecclesiasticis
756 2232 1018 2301 antiquis
1042 2230 1255 2286 tabulis
1278 2232 1447 2287 tacite
1472 2231 1796 2299 colligitur.

238 2301 407 2355 Linea
440 2298 498 2355 4.
529 2330 601 2341 -
621 2304 722 2355 Hic
774 2298 1056 2357 constituit
1089 2309 1150 2357 ut
1204 2306 1393 2371 fruges
1422 2319 1585 2372 super
1618 2298 1807 2355 altare

164 2378 379 2427 tantum
406 2373 552 2439 faba
570 2378 621 2426 et
648 2389 766 2427 uvae
796 2374 1280 2439 benedicerentur;
1314 2382 1379 2429 ut
1401 2375 1625 2429 scilicet
1645 2386 1805 2428 erro-

164 2444 799 2517 ribusqbi‘anichaeorum
821 2448 1002 2517 magis
1022 2447 1440 2514 adversaretur,
1471 2446 1570 2515 qui
1598 2458 1631 2499 a
1659 2445 1806 2499 malo

164 2514 457 2585 principio
516 2522 809 2571 creaturas
861 2514 1091 2573 ex‘ortas
1156 2519 1432 2577 dicerent,
1493 2514 1664 2585 atque
1712 2529 1808 2570 eas

161 2586 547 2658 exsecrabiles
589 2586 970 2655 aﬂirmarent;
1028 2590 1149 2658 ipse
1197 2596 1395 2643 contra
1424 2587 1803 2658 benediceret,

166 2672 233 2712 ac
264 2656 433 2731 verbo
482 2658 890 2731 sanctiﬁcaret,
923 2666 980 2715 et
1008 2656 1228 2731 gratias
1252 2672 1446 2730 agens,
1479 2673 1509 2712 a
1540 2657 1809 2731 ﬁdelibus

163 2741 339 2797 super
364 2728 543 2784 altare
567 2728 784 2797 offerri,
836 2737 891 2785 et
923 2744 955 2785 a
1008 2728 1457 2786 sacerdote'cum
1492 2729 1806 2799 gratiarum

165 2800 396 2872 actione
438 2800 699 2872 benedici
722 2801 925 2857 voluit.
960 2801 1070 2870 Qui
1100 2802 1329 2872 quidem
1360 2816 1501 2855 usus
1530 2801 1810 2872 antiquus

158 2871 349 2940 viguit
387 2871 445 2925 in
478 2870 748 2931 Ecclesia.
770 2872 909 2928 adeo
941 2882 1004 2929 ut
1036 2870 1144 2928 non
1167 2874 1389 2942 primus
1419 2873 1493 2927 sit
1516 2870 1810 2925 habendus

158 2941 577 3013 Eutychianus,
602 2944 702 3013 qui
738 2944 856 2998 haec
882 2941 1464 3009 serva-ndastatuerit,
1496 2942 1589 2997 sed
1617 2942 1810 3011 potius

158 3026 273 3067 suo
300 3012 527 3068 decreto
547 3012 736 3070 denuo
766 3015 1072 3070 roborarit.

230 3084 407 3138 Linea
434 3082 488 3139 6.
519 3114 590 3125 -
620 3085 725 3149 Qui
754 3087 849 3139 hoc
897 3088 1199 3152 constituit,
1238 3089 1299 3139 ut
1324 3088 1634 3154 quicunque
1663 3085 1809 3153 ﬁde-

156 3156 297 3207 lium
321 3160 639 3222 martyrem,
674 3159 788 3210 sine
818 3157 1137 3219 dalmatica,
1164 3163 1262 3210 aut
1282 3158 1482 3210 colobio
1496 3161 1808 3224 purpurato

148 3226 317 3297 nulla
348 3229 563 3279 ratione
590 3229 858 3297 sepeliret.
904 3229 1037 3283 Erat
1066 3233 1254 3283 autem
1281 3227 1589 3282 dalmatica
1630 3227 1806 3281 vestis

150 3296 289 3350 sine
316 3298 578 3365 manicis,
607 3305 664 3352 et
686 3298 975 3354 colobium
1006 3299 1178 3353 etiam
1210 3298 1453 3353 manicis
1480 3297 1728 3357 carebat,
1750 3305 1804 3352 et

148 3368 556 3436 episcoporum
574 3374 872 3436 mucetam,
893 3384 1046 3425 nunc
1062 3370 1296 3436 dictam,
1320 3368 1675 3423 imitabatur.
1696 3368 1799 3422 Sed

148 3437 463 3510 religionis
503 3446 780 3508 prtetextu
822 3446 1260 3510 praetergressus
1291 3445 1374 3494 est
1407 3448 1598 3509 postea
1626 3440 1801 3493 Chri—

143 3509 387 3564 stianus
404 3509 945 3581 populusejusmodi
960 3509 1175 3567 decreti
1196 3510 1355 3577 ﬁnes,
1375 3517 1560 3565 utnon
1579 3516 1798 3565 tantum

139 3588 485 3652 sanctorum
506 3588 814 3652 martyrum
842 3595 1082 3652 corpora
1104 3582 1416 3637 dalmatica
1435 3588 1798 3651 tegerentur;

138 3649 247 3705 sed
273 3665 567 3708 sacrorum
584 3649 756 3709 etiam
780 3649 1216 3709 ministrorum:
1246 3660 1311 3708 ut
1328 3649 1517 3707 sancti
1531 3653 1797 3722 Gregorii

1921 483 2079 555 Quod
2102 500 2286 557 usque
2309 483 2448 542 adeo
2471 487 2612 555 ipse,
2636 486 2753 541 alio
2778 486 2934 541 edito
2959 487 3207 554 decreto,
3239 483 3558 557 prohibuit,

1926 564 1988 612 ut
2020 555 2268 627 vetuerit
2313 558 2485 612 etiam
2511 570 2750 627 corpora
2782 558 3165 612 Romanorum
3198 555 3553 627 pentiﬁcum,

1921 642 2048 684 cum
2074 626 2467 699 perferuntur,
2497 629 2611 699 tegi
2641 626 2989 684 dalmaticis.

2632 733 2841 790 PAGII.

1991 824 2164 880 Linea
2200 823 2254 880 6.
2288 854 2362 866 -—
2409 825 2478 879 Ut
2516 825 2825 892 quicunque
2864 824 3108 892 ﬁdelium
3140 828 3432 893 martyrem
3463 839 3556 879 se-

1912 897 2130 966 peliret,
2161 898 2278 950 sine
2304 896 2602 949 dalmatica
2632 899 2731 948 aut
2758 896 2958 949 colobio
2986 894 3064 965 (id
3091 900 3177 951 est
3204 895 3400 951 tunica
3430 896 3556 950 sine

1922 966 2184 1022 manicis)
2207 973 2520 1037 purpurato
2536 966 2851 1020 nullatenus
2879 968 3100 1032 faceret.
3131 966 3291 1035 Quod
3321 966 3556 1022 honoris

1918 1051 2087 1092 causa
2129 1036 2507 1093 constitutum
2540 1042 2644 1091 est.
2690 1036 2793 1091 Sed
2815 1050 2945 1092 cum
2982 1037 3127 1092 idem
3154 1037 3334 1092 honos
3356 1038 3555 1106 ponti-

1919 1108 2145 1171 ticibus,
2161 1123 2225 1164 ac
2252 1110 2397 1177 ipsis
2412 1108 2583 1162 etiam
2607 1108 2871 1162 diacouis
2894 1108 3247 1163 tribueretur
3268 1115 3328 1163 ut
3342 1108 3398 1162 S.
3427 1108 3564 1164 Gre-

1917 1181 2121 1249 gorius
2154 1180 2379 1235 indicat
2405 1178 2511 1232 lib.
2568 1178 2863 1249 t_v_Dialog.
2917 1192 3039 1248 cap.
3072 1177 3157 1244 40,
3191 1179 3419 1234 decreto
3451 1194 3556 1236 suo

1921 1246 2068 1304 idem
2101 1250 2201 1305 lib.
2260 1265 2336 1315 ιν,
2368 1249 2539 1318 epist.
2570 1246 2657 1315 44,
2704 1246 2965 1311 saueivit,
2989 1246 3065 1305 'ne
3114 1249 3407 1317 feretrum,
3442 1264 3556 1321 quo

1918 1321 2157 1375 Romani
2214 1321 2509 1390 pontiﬁcis
2536 1334 2746 1389 corpus
2766 1322 2835 1376 ad
2869 1322 3261 1390 sepeliendum
3292 1322 3552 1390 ducitur,

1914 1391 2246 1447 dalmaticis
2277 1398 2582 1462 tegeretur.

1986 1463 2178 1518 Sancti
2212 1463 2557 1532 Eutychiani
2584 1476 2792 1531 corpus
2830 1463 2888 1518 in
2913 1463 3154 1531 patriam
3183 1464 3397 1518 Lunam
3421 1463 3561 1519 rela-

1917 1539 2062 1603 tum,
2121 1548 2273 1589 nunc
2330 1534 2623 1589 invenitur
2676 1542 2850 1604 atque
2904 1534 3224 1590 honoratur
3270 1535 3554 1604 Sarzanaa,

1917 1605 2059 1660 urbe
2113 1606 2328 1672 vicina,
2374 1605 2617 1659 ditionis
2654 1605 2996 1669 Genuensis,
3030 1620 3156 1675 quae
3187 1607 3358 1660 Luna:
3392 1606 3561 1675 peni-

1919 1682 2014 1732 tus
2068 1676 2336 1732 desolatae
2384 1676 2806 1746 destructaeque
2860 1677 2917 1730 in
2970 1676 3184 1732 honore
3240 1677 3557 1733 cathedrali

1919 1747 2215 1803 successit.
2289 1747 2705 1817 Eutychianus,
2761 1747 3020 1817 quinque
3086 1747 3559 1817 ordinationibus

1922 1832 2111 1874 mense
2153 1816 2446 1873 Decembri
2501 1817 2733 1885 habitis,
2780 1816 3155 1888 presbyteros
3213 1816 3298 1887 M,
3352 1820 3559 1876 diaco—

1921 1903 2024 1945 nos
2065 1888 2101 1945 5
2154 1890 2308 1945 fecit.
2359 1889 2660 1959 episcOpos
2698 1903 2830 1945 vero
2887 1888 2922 1943 9
2971 1903 3069 1959 per
3112 1890 3339 1946 diversa
3397 1890 3548 1946 loca.

1916 1960 2187 2030 Sepultus
2216 1966 2301 2015 est
2328 1959 2385 2015 in
2414 1961 2742 2016 cmmeterio
2770 1959 2972 2017 Calisti
2996 1961 3086 2016 via
3114 1962 3319 2031 Appia.
3345 1962 3481 2017 Duae
3500 1962 3555 2018 ei

1916 2032 2236 2087 Decretales
2260 2032 2670 2087 ascribuntur:
2724 2033 2907 2102 prima
2936 2032 3004 2087 ad
3034 2044 3230 2088 omnes
3277 2045 3373 2102 per
3404 2034 3564 2089 Baeti-

1917 2116 2038 2157 cam
2074 2103 2428 2172 provinciam
2470 2104 2819 2159 constitutos
2848 2104 3183 2173 episcopos;
3213 2104 3463 2159 secunda
3485 2104 3553 2160 ad

1916 2175 2219 2243 episcopos
2246 2174 2482 2234 Siciliae.
2518 2189 2644 2243 qua:
2671 2175 3013 2243 suppositiae
3035 2182 3207 2241 sunt;
3230 2188 3358 2230 cum
3391 2176 3448 2230 in
3480 2176 3557 2230 iis

1918 2246 2299 2317 posteriorum
2331 2245 2666 2314 pontiﬁcum
2712 2246 2836 2302 loca
2878 2247 3099 2317 integra
3124 2246 3456 2315 recitentur,
3502 2251 3559 2302 et

1915 2315 2032 2371 alia
2062 2315 2242 2372 multa
2261 2318 2690 2386 suppositionis
2718 2318 2935 2373 indicia
2967 2315 3307 2374 habeantur.

2566 2423 2900 2479 SOMMIER.

1990 2513 2156 2569 Linea
2197 2510 2249 2568 4.
2277 2544 2345 2553 -
2401 2516 2501 2568 Hic
2538 2516 2820 2569 constituit
2860 2520 2923 2569 ut
2944 2517 3136 2583 fruges
3178 2530 3343 2585 super
3383 2515 3561 2571 altare

1918 2589 2134 2639 tantum
2172 2586 2321 2652 fabae
2348 2590 2399 2639 et
2436 2600 2554 2639 uvae
2599 2585 3062 2640 benedicerentur.
3123 2588 3420 2643 Decretum
3455 2588 3560 2643 hoc

1921 2664 2165 2711 veterem
2202 2656 2573 2711 traditionem
2596 2656 2945 2712 conﬁrmans
2964 2672 3138 2726 super
3161 2659 3354 2713 eadem
3381 2658 3565 2714 Eccle-

1921 2728 2022 2782 siae
2039 2728 2221 2795 praxi,
2239 2727 2302 2782 ed
2316 2729 2457 2782 itum
2477 2726 2675 2797 procul
2689 2727 2869 2782 dubio
2883 2725 3311 2784 fuitoccasione
3327 2729 3562 2784 haeresis

1922 2799 2368 2854 Manichaeorum
2418 2804 2555 2852 tunc
2616 2798 2984 2867 prodeuntis:
3033 2813 3159 2869 qua:
3204 2799 3565 2857 innitebatur

1918 2872 2101 2925 errori
2121 2871 2367 2925 duorum
2395 2869 2813 2937 principiorum
2839 2870 3118 2938 universi,
3138 2871 3372 2926 omnino
3395 2872 3564 2927 inde--

1922 2941 2292 3011 pendentium
2339 2941 2509 2995 etiam
2547 2941 2819 3012 interqse,
2850 2941 3019 3010 juxta
3061 2942 3295 2997 illorum
3328 2941 3558 3012 placita,

1922 3010 2047 3066 boni
2094 3012 2340 3080 scilicet,
2402 3024 2467 3065 ac
2516 3012 2670 3063 mali.
2701 3010 2912 3064 Bonum
2939 3012 3228 3067 asserebat
3270 3010 3560 3069 auctorem

1919 3083 2091 3150 lucis,
2124 3090 2179 3138 et
2228 3089 2622 3137 creaturarum
2677 3082 2809 3136 inde
2840 3080 3216 3137 formatarum
3242 3082 3409 3152 juxta
3438 3097 3561 3139 eam

1838 3128 1886 3189 Ο
1916 3128 2111 3209 ὲὲιῖἰέἷι
2124 3128 3566 3222 {iani'{iilziihfvéro'ii'p'péliaiiiip'riiiefiliiﬁlii};

1916 3224 2171 3290 brarum,
2201 3231 2255 3279 et
2274 3238 2462 3280 rerum
2489 3237 2632 3292 quas
2656 3225 3033 3279 contendebat
3066 3225 3200 3279 inde
3228 3225 3558 3292 productas,

1914 3296 2093 3349 veluti
2126 3303 2329 3350 terram
2371 3302 2426 3350 et
2476 3301 2641 3349 terra:
2680 3292 2926 3350 fructus.
2961 3296 3152 3350 Manes
3179 3296 3561 3351 haeresiarcha

1912 3366 2234 3421 doctrinam
2270 3368 2413 3421 hanc
2441 3365 2708 3420 hauserat
2728 3378 2796 3420 ex
2824 3365 3024 3436 magis,
3045 3367 3342 3421 Persarum
3367 3366 3563 3436 philo-

1912 3437 2132 3505 sophis,
2153 3437 2302 3506 apud
2324 3451 2468 3507 quos
2485 3437 2784 3501 educatus,
2810 3444 2865 3492 et
2890 3438 2947 3491 in
2967 3451 3213 3506 quorum
3235 3438 3431 3493 schola
3452 3438 3558 3493 diu

1914 3514 2390 3576 perseveraverat,
2441 3508 2921 3578 quemadmodum
2966 3509 3327 3565 ostendimus
3359 3509 3417 3564 111
3447 3508 3562 3565 do-

1912 3581 2158 3705 gdmtlitica
2190 3578 2508 3662 religionis
2538 3579 2812 3649 Historia,
2844 3579 2944 3634 lib.
2981 3593 3045 3651 u,
3085 3593 3208 3651 cap.
3237 3580 3308 3636 de
3336 3580 3561 3652 origine

1913 3664 2274 3705 Iooanm

1913 3651 2274 3705 idololatriae.

1316 3887 1585 3954 XXIX.
1674 3883 2052 3956 SANCTUS
2139 3881 2413 3955 CAIUS.

1074 4037 1247 4079 ANNO
1295 4036 1558 4080 CHRISTI
1610 4020 1750 4088 283.
1792 4036 2003 4079 GABINI
2034 4035 2117 4077 ET
2168 4032 2539 4078 NUMERIANI
2572 4018 2630 4075 1.

1639 4151 2053 4165 .-.----

473 4222 608 4285 29.
658 4222 893 4301 Caius,
926 4225 1205 4286 natione
1250 4223 1601 4302 Dalmata,
1639 4242 1719 4287 ea:
1760 4240 2002 4303 genere
2053 4221 2471 4286 Diocletiani
2500 4221 2960 4303 imperatoris,
3005 4240 3086 4286 ea
3132 4227 3334 4305 patre
3365 4224 3556 4291 G’aio.

390 4321 573 4382 sedit
620 4337 837 4383 annos
884 4323 1218 4399 undecim,
1274 4340 1530 4384 menses
1560 4326 1875 4403 quatuor,
1911 4322 2055 4385 dies
2092 4338 2344 4385 novem.
2402 4332 2453 4382 δ.
2484 4321 2655 4383 Fuit
2693 4324 2920 4383 autem
2948 4322 3361 4402 temporibus
3391 4322 3561 4385 Cari

391 4422 455 4480 et
492 4418 743 4482 Carini
792 4417 844 4495 δ,
877 4434 920 4481 a
968 4420 1076 4482 die
1115 4437 1232 4480 xrv
1273 4420 1570 4483 Kalend.
1610 4421 1970 4499 Januarii,
2010 4436 2052 4482 a
2084 4421 2437 4482 consulatu
2481 4420 2631 4481 Cari
2664 4417 2941 4482 secundi
2971 4423 3039 4481 et
3086 4420 3313 4481 Carini
3342 4436 3557 4500 usque

391 4517 463 4577 in
495 4516 673 4579 diem
698 4535 748 4578 Χ
779 4518 1237 4582 Kalendarum
1264 4520 1528 4597 Maiar.,
1563 4519 1978 4581 Diocletiano
1999 4524 2236 4599 quarto
2287 4531 2312 4560 ο
2349 4521 2414 4579 et
2444 4517 2833 4579 Constantio
2862 4516 3173 4579 secundo.
3210 4518 3334 4579 Hic
3362 4534 3551 4579 cons-

305 4617 345 4675 5
383 4614 572 4675 tituit
623 4619 699 4675 ut
746 4615 1199 4677 ordinationes
1264 4614 1291 4655 ά
1322 4634 1551 4678 omnes
1610 4616 1681 4679 in
1721 4618 2017 4679 Ecclesia
2063 4618 2159 4678 sic
2188 4614 2651 4677 ascenderent:
2713 4614 2778 4674 Si
2836 4614 2989 4693 quis
3031 4614 3381 4693 episcopus
3409 4631 3553 4678 esse

389 4715 775 4791 mereretur,
810 4717 885 4774 ut
914 4717 1086 4776 esset
1111 4714 1449 4792 ostiarius,
1475 4715 1702 4794 lector,
1728 4714 2079 4791 exorcista,
2107 4728 2397 4792 sequens
2426 4723 2451 4751 ο
2480 4710 2951 4788 subdiaconus,
2985 4712 3330 4787 diaconus,
3364 4728 3555 4791 pres-

387 4810 603 4891 byter,
638 4817 703 4874 et
746 4812 989 4875 exinde
1019 4814 1366 4893 episcopus
1395 4813 1838 4875 ordinaretur.
1870 4814 1992 4875 Hic
2019 4812 2324 4889 regiones
2349 4809 2581 4872 divisit
2623 4807 3039 4871 diaconibus.
3100 4811 3241 4873 Hic
3268 4810 3553 4893 fugiens

384 4912 918 4990 persecutionem
948 4910 1365 4975 Diocletiani
1392 4912 1470 4973 in
1499 4913 1768 4992 erg/ptis
1805 4909 2190 4993 habitando,
2236 4910 2558 4991 martyrio
2588 4912 2942 4972 coronatur
2971 4928 3149 4973 anno
3174 4930 3370 4973 nono.
3412 4911 3553 4974 Hic

381 5008 549 5091 fecit
605 5010 1072 5073 ordinationes
1134 5013 1429 5090 quatuor
1463 5027 1596 5090 per
1636 5028 1922 5073 mensem
1964 5009 2413 5089 Decembrem;
2452 5008 2868 5090 presbyteros
2919 5008 3164 5087 viginti
3229 5010 3551 5091 quinque,
3634 5064 3639 5073 ,

384 5108 698 5169 diaconos
723 5112 889 5185 octo,
929 5108 1273 5189 episcopos
1318 5124 1448 5191 per
1491 5109 1765 5172 diversa
1810 5110 1947 5172 loca
1986 5123 2263 5171 numero
2312 5108 2631 5188 quinque,
2671 5108 2786 5189 qui
2816 5113 2962 5188 post
2982 5124 3238 5170 annum
3269 5108 3554 5172 undeci-

384 5222 572 5265 mum
593 5222 744 5265 cum
792 5204 1172 5267 Gaviniano
1227 5208 1250 5250 ί
1274 5204 1477 5269 fratre
1500 5225 1618 5270 suo
1639 5210 1902 5289 propter
1941 5206 2155 5269 ﬁliam
2184 5206 2430 5269 Gavini
2477 5205 2923 5287 spresbyteri,
2971 5207 3241 5270 nomine
3292 5207 3551 5269 Susan-

388 5319 570 5379 nam,
632 5302 958 5382 martyrio
1008 5307 1392 5365 coronatur.
1438 5306 1560 5380 Qui
1614 5307 1820 5369 etiam
1869 5307 2185 5387 sepultus
2237 5310 2338 5369 est
2384 5307 2465 5369 in
2516 5305 2879 5369 cameterio
2917 5304 3208 5382 Caliati,
3254 5307 3374 5369 oia
3401 5306 3552 5388 Ap-

376 5402 531 5483 pia,
584 5416 634 5461 x
683 5398 1045 5463 Kalendas
1108 5401 1308 5464 Maii.
1368 5406 1467 5465 Et
1511 5406 1800 5468 cessavit
1836 5406 2262 5487 episcopatus
2311 5405 2455 5467 dies
2492 5402 2827 5465 undecim.

1294 5536 1570 5581 NOTULA‘Z
1614 5539 1913 5581 MARGINA
1923 5540 2032 5581 LES
2086 5539 2404 5584 FABRO'I‘TI

175 5652 213 5678 ιι
257 5638 326 5700 Β,
359 5650 491 5688 ann.
548 5632 636 5703 42,
671 5648 742 5689 111.
795 5629 850 5703 4,
899 5633 965 5689 11.
1010 5632 1065 5691 5.
1118 5630 1233 5703 bB,
1277 5633 1495 5702 Cariui,
1534 5635 1892 5705 Numeriani,
1934 5634 2303 5698 Diocletiani,
2346 5642 2402 5690 et
2452 5635 2682 5690 Maxim.
2738 5648 2921 5705 usque
2964 5635 3034 5692 ad
3086 5634 3333 5692 Dioclet.
3394 5651 3450 5692 v1
3499 5644 3558 5696 et

65 5724 549 5787 Constantium
608 5738 755 5779 coss.
817 5735 843 5765 ε
882 5723 939 5790 C,
969 5733 1145 5779 sexto.
1177 5721 1200 5759 ἀ
1230 5722 1268 5778 C
1296 5725 1359 5789 B,
1409 5722 1660 5777 ordines.
1693 5721 1716 5758 ἀ
1764 5727 1963 5780 Βανοη.
2025 5724 2100 5779 ad
2148 5740 2286 5779 ann.
2340 5728 2493 5780 Dom.
2553 5722 2682 5780 296.
2728 5731 2752 5760 °
2796 5724 2853 5791 (Ι,
2910 5724 3240 5795 acolythus.
3298 5724 3389 5782 τί]
3434 5728 3559 5785 Ga~

64 5820 299 5878 bino.
338 5828 365 5866 s
397 5812 458 5877 C,
485 5812 719 5868 Gaoini.
754 5813 892 5869 Vide
910 5816 1112 5870 Baron.
1148 5812 1255 5876 loc.
1292 5814 1387 5865 cit.
