4072 6176
415 4862 425 4881 ¹
524 4850 758 4922 cunque,
813 4851 935 4907 ead.
981 4850 1147 4916 dist.,
1178 4863 1303 4905 can.
1353 4850 1661 4917 Monachos,
1714 4850 1795 4905 16.

506 233 645 291 4459

1713 238 2071 294 ANASTASII
2107 236 2695 296 BIBLIOTHECHARII

3774 234 3885 293 H60

1667 362 2160 426 CATALOGUS
2205 364 2362 426 SUB
2401 362 2737 424 LIBERIO

586 484 788 547 Caius
814 484 1015 547 annis
1044 485 1414 565 duodecim,
1447 486 1793 549 mensibus
1821 492 2128 568 quatuor,
2189 486 2422 550 diebus
2451 488 2726 565 septem.
2771 485 2926 547 Fuit
2952 483 3358 562 temporibus
3402 484 3561 546 Cari
3584 486 3652 546 et
3683 484 3886 545 Carini

504 598 589 645 ex
615 582 724 645 die
772 601 885 645 XVI
915 583 1199 647 Kalend.
1235 584 1570 664 Januarii,
1606 585 1997 647 consulibus
2046 588 2211 649 Caro
2240 604 2285 647 ιι
2319 590 2384 647 et
2427 585 2689 664 Carino,
2747 600 2959 664 usque
2990 583 3061 645 in
3090 602 3136 644 x
3164 582 3505 645 Kalendas
3531 582 3728 661 Maii,
3762 583 3889 644 Dio-

500 680 787 744 cletiano
812 698 880 743 vr
917 684 983 743 et
1008 682 1399 745 Constantio
1421 701 1471 745 ιι
1498 683 1910 746 consulibus.

1785 862 2067 925 VARIIE
2130 861 2613 925 LECTIONES.

783 993 952 1064 Apud
974 995 1289 1051 Fabrottum
1309 1012 1375 1049 ear
1404 996 1582 1050 codice
1616 997 1852 1051 Freheri.

568 1099 713 1154 Num
735 1097 827 1172 29,
860 1101 961 1154 lin.
988 1098 1024 1158 2
1043 1106 1097 1172 γει
1120 1099 1171 1167 3,
1202 1102 1318 1172 AB,
1344 1103 1701 1172 temporibus
1721 1103 1940 1158 Carini.
1961 1104 2055 1156 lin.
2090 1101 2145 1169 3,

497 1170 856 1245 a_con_sulat_u
881 1173 1007 1227 Cari
1037 1171 1089 1228 5.
1122 1175 1221 1227 lin.
1251 1171 1283 1227 4
1307 1170 1367 1229 et
1387 1172 1442 1241 5,
1462 1170 1534 1237 Α,
1562 1174 1895 1230 Constantio
1919 1175 2144 1245 quinto.

499 1240 599 1293 lin.
633 1241 781 1296 dicta
808 1241 862 1309 5,
910 1245 1028 1312 AB,
1061 1251 1123 1299 ut
1149 1245 1381 1314 ordines
1410 1240 1625 1301 Omnes.
1660 1247 1759 1299 lin.
1790 1246 1844 1311 6,
1877 1240 1953 1300 ut'
1985 1248 2149 1314 prius

498 1318 649 1386 esset
677 1314 977 1386 ostiarius.
1007 1316 1104 1369 lin.
1142 1313 1228 1384 11,
1272 1317 1339 1382 A,
1365 1330 1493 1372 cum
1512 1317 1781 1373 Gabinio.
1805 1320 1867 1386 B,
1891 1313 2021 1371 cum
2046 1318 2150 1373 Ga-

498 1382 665 1439 vino.
699 1385 800 1439 lin.
836 1382 923 1452 13,
963 1386 1024 1452 B,
1052 1386 1175 1441 Kal.
1209 1382 1426 1442 Martii.

734 1511 823 1564 Εω
845 1511 1022 1565 codice
1052 1514 1239 1580 Regio,
1262 1514 1546 1567 Μαιανίηο
1587 1517 1639 1567 et
1661 1514 1905 1568 Thuano.

566 1628 690 1681 Lin.
718 1625 772 1699 2,
796 1629 921 1684 dies
961 1628 1047 1698 42,
1098 1628 1232 1686 fuit.
1284 1631 1386 1683 lm.
1412 1627 1466 1695 3,
1498 1630 1629 1685 Cari
1662 1640 1716 1687 et
1741 1631 1935 1687 Carini
1986 1646 2017 1687 a
2048 1633 2144 1690 die

494 1712 593 1774 avi
654 1699 778 1774 Kal.
834 1702 982 1770 Jan.,
1015 1702 1380 1774 aconsulatu
1422 1702 1552 1757 Cari
1595 1704 1831 1759 secundi
1867 1719 2050 1774 usque
2084 1706 2141 1760 in

494 1769 649 1825 diem
710 1769 796 1826 40.
827 1773 1008 1835 Maz.,
1042 1772 1153 1828 fuit
1177 1779 1364 1828 autem
1413 1774 1544 1828 Cari
1576 1776 1815 1831 secundi
1842 1782 1898 1830 et
1947 1769 2142 1832 Carim

497 1855 683 1911 usque
714 1843 772 1897 in
811 1844 868 1899 d.
900 1841 985 1900 10.
1028 1845 1135 1898 lin.
1173 1844 1226 1913 6,
1256 1845 1306 1901 si
1336 1846 1469 1913 quis
1499 1846 1622 1900 ﬁeri
1646 1849 1954 1915 episcOpus
1974 1862 2045 1901 m.
2082 1855 2145 1903 ut

495 1919 645 1968 esset
676 1915 841 1983 prius
862 1924 975 1987 ost.
1033 1916 1070 1970 Ι.
1103 1930 1192 1971 ex.
1241 1916 1518 1987 acolytus,
1560 1918 1972 1983 subdiaconus,
2008 1919 2144 1973 dia-

494 1998 696 2058 conus,
727 1986 1038 2057 presbyter,
1070 1994 1127 2042 et
1147 2002 1237 2043 ex.
1266 1989 1360 2041 lin.
1405 1988 1458 2051 9,
1492 1996 1818 2056 postannos
1842 1987 1897 2043 9.
1923 1991 2022 2043 lin.
2053 1988 2138 2058 11,

496 2055 619 2111 loca
664 2055 719 2123 5,
755 2058 855 2128 qui
887 2055 1235 2128 postaunos
1279 2058 1336 2113 44
1387 2055 1517 2115 cum
1546 2059 1796 2117 Gabinio
1823 2059 1998 2116 fratre
2036 2055 2144 2117 suo

497 2136 729 2196 propter
749 2129 961 2203 Gabini
1004 2131 1318 2201 presbyteri
1348 2131 1526 2186 ﬁliam
1560 2145 1614 2187 n.
1648 2133 1705 2187 S.
1740 2132 2012 2203 martyrio
2038 2146 2144 2189 co-

496 2206 757 2271 ronatus,
786 2202 1048 2273 sepultus
1077 2210 1183 2258 est.

938 2330 1027 2383 Ex
1050 2330 1229 2383 codice
1252 2329 1473 2384 Thuano
1500 2330 1693 2385 altero.

568 2447 693 2500 Lin.
723 2442 779 2513 2,
825 2444 974 2501 sedit
1020 2458 1153 2499 ann.
1200 2441 1286 2503 11.
1324 2459 1397 2498 m.
1443 2442 1497 2507 4,
1546 2445 1603 2500 d.
1658 2444 1757 2513 42;
1804 2446 1918 2503 fuit
1954 2453 2145 2504 autem

498 2522 671 2585 temp.
692 2516 887 2571 Carini
914 2529 946 2570 a
967 2517 1062 2572 die
1089 2530 1180 2571 xvr
1214 2515 1316 2571 Kal
1342 2517 1525 2583 Junii,
1549 2531 1579 2572 a
1609 2532 1767 2573 cons.
1792 2519 1921 2574 Cari
1950 2522 2019 2575 Il.
2044 2523 2141 2575 lin.

494 2586 549 2655 5,
603 2587 708 2641 llic
745 2588 1053 2642 constituit
1085 2587 1320 2642 ordines
1363 2601 1560 2644 omnes
1600 2590 1657 2643 in
1686 2590 1899 2645 Eccles.
1958 2599 2021 2647 ut
2059 2593 2145 2648 sic

497 2658 926 2714 ascenderetur.
958 2658 1017 2713 Si
1059 2659 1194 2728 quis
1223 2659 1531 2729 episcopus
1557 2671 1871 2717 mereretur
1897 2668 1961 2718 ut
1997 2670 2146 2719 esset

2176 998 2234 1057 A
2255 1000 2365 1051 ost.
2417 998 2514 1050 Im.
2543 992 2599 1062 7,
2631 999 2690 1051 et
2716 996 2803 1051 sic
2843 1008 2932 1065 ep.
2964 994 3089 1051 ord.
3121 994 3225 1050 Hic
3253 1009 3350 1066 reg
3378 993 3620 1050 dividit.
3679 994 3786 1066 lin.
3818 990 3891 1053 42ν

2258 1069 2533 1138 martyrio
2561 1061 2679 1123 eor.
2716 1073 2842 1138 post
2866 1061 2957 1122 an.
2990 1066 3045 1135 8.,
3075 1080 3202 1123 cum
3241 1061 3507 1138 Ga'v'inio.
3543 1067 3647 1119 lin.
3686 1061 3779 1126 13,
3803 1079 3890 1120 co-

2257 1134 2512 1194 ronatur.
2552 1140 2655 1193 llic
2701 1134 2840 1194 fecit
2864 1134 3259 1193 ordinationes
3284 1134 3318 1192 4
3367 1151 3465 1207 per
3511 1149 3768 1191 mensem
3796 1138 3891 1190 De-

2256 1210 2559 1278 cembrem,
2589 1210 2945 1281 presbyteros
2960 1223 3054 1275 xv,
3078 1209 3229 1264 diac.
3247 1222 3353 1272 xu,
3371 1209 3681 1278 episcopos
3702 1220 3804 1277 per
3823 1207 3891 1261 di-

2258 1294 2422 1337 versa
2443 1282 2565 1339 loca
2592 1296 2750 1338 num.
2785 1294 2838 1352 v,
2875 1282 2976 1351 qui
3006 1281 3179 1336 etiam
3210 1294 3328 1350 sep.

2507 1407 2674 1475 Apud
2718 1406 3060 1460 Holstenium
3103 1410 3152 1459 et
3186 1405 3654 1461 Schelestratium.

2326 1516 2451 1568 Lin.
2486 1512 2535 1581 1,
2575 1515 2699 1568 Vat.
2732 1517 2783 1567 et
2802 1514 2948 1574 Flor,
2978 1527 3083 1566 sec.
3115 1511 3496 1567 Dalmatinus.
3521 1513 3630 1565 lin.
3665 1510 3724 1573 3,
3760 1512 3885 1565 Flor.

2253 1584 2289 1642 2
2307 1591 2355 1639 et
2372 1587 2545 1640 Vatic.
2564 1585 2896 1639 om.Cariet.
2915 1585 3012 1639 lin.
3030 1583 3154 1637 ead.
3172 1626 3188 1649 ,
3212 1584 3354 1636 Flor.
3381 1583 3510 1651 duo,
3536 1581 3788 1638 adie16.
3807 1584 3889 1635 lin.

2253 1656 2304 1717 5.
2339 1659 2483 1711 Flor.
2514 1658 2641 1719 duo,
2672 1658 2796 1711 Vat.
2816 1660 2867 1709 et
2889 1658 2933 1710 Α
2946 1655 3180 1709 nselmus
3204 1655 3479 1720 Lucensis,
3514 1656 3776 1710 ordines.
3809 1655 3889 1706 lin.

2253 1728 2306 1798 6,
2355 1732 2523 1793 Cass,
2562 1735 2625 1782 ut
2666 1728 2831 1798 prius
2859 1734 3034 1782 esset.
3084 1726 3183 1779 lin.
3230 1724 3284 1795 8,
3317 1727 3545 1794 quidam
3574 1727 3751 1779 codex
3782 1727 3891 1798 legit

2253 1796 2554 1870 aeolythus
2572 1796 2677 1853 lin.
2703 1796 2785 1864 Η,
2832 1801 2947 1853 Vat.
2972 1803 3098 1867 post
3114 1810 3248 1870 ann.
3269 1810 3371 1851 Vill
3389 1800 3479 1870 ;7in
3500 1799 3649 1851 Flor.
3669 1797 3888 1870 secunde

2252 1866 2564 1926 deestanno
2589 1885 2666 1925 ιχ.
2696 1872 2795 1924 lin.
2817 1870 2937 1923 ead.
2961 1866 3107 1924 Flor.
3131 1873 3181 1922 et
3198 1868 3373 1931 Cass,
3392 1869 3647 1924 Gavino.
3683 1870 3782 1922 lin.
3813 1866 3881 1932 13,

2254 1946 2409 1998 Cass.
2458 1949 2508 1997 et
2540 1946 2691 2006 Vat.,
2716 1942 2929 1997 Martii.

2576 2050 2747 2120 Apud
2772 2051 2995 2103 Peniam
3021 2065 3089 2102 ea:
3116 2048 3296 2103 codice
3327 2048 3573 2104 Caucasi.

2327 2162 2460 2215 Lin.
2491 2157 2538 2227 1,
2572 2159 2767 2227 Caius,
2795 2157 3028 2213 natione
3055 2156 3331 2223 Dalmata,
3361 2169 3430 2210 ex
3451 2169 3662 2226 genere
3682 2156 3887 2212 Diocle-

2256 2233 2402 2289 tiani
2430 2230 2794 2299 imperatoris
2815 2242 2880 2283 ex
2919 2234 3074 2297 patre
3097 2228 3249 2299 Gaio
3267 2227 3419 2299 sedit
3441 2240 3577 2281 ann.
3618 2242 3702 2295 ιι,
3730 2243 3800 2282 m.
3825 2242 3887 2293 iv,

2253 2304 2461 2360 diebus
2492 2298 2570 2357 ιιι.
2614 2303 2743 2357 Fuit
2772 2307 2960 2355 autem
2996 2298 3349 2367 temporibus
3375 2298 3504 2353 Cari
3561 2304 3619 2353 et
3648 2300 3839 2354 Carini
3864 2313 3889 2353 a

2254 2377 2350 2432 die
2381 2388 2477 2428 XVI
2510 2373 2635 2428 Kal.
2658 2374 2778 2427 Jan.
2802 2372 3250 2441 (superscriptum
3271 2372 3542 2441 recentius
3564 2383 3659 2424 Im
3690 2372 3829 2439 Kal.)
3861 2386 3887 2425 a

2255 2445 2560 2503 consulatu
2588 2445 2717 2500 Cari
2748 2446 2790 2498 ll
2810 2439 2874 2498 et
2895 2439 3111 2497 Carini’.
3142 2442 3239 2494 lin.
3263 2439 3317 2509 9,
3347 2442 3630 2511 martyrio
3657 2456 3889 2497 corona-

2256 2525 2354 2574 tur
2381 2529 2795 2582 perann.vun,
2826 2516 2923 2567 lin.
2943 2511 3175 2577 11,cum
3195 2512 3440 2567 Gavinio
3462 2511 3783 2568 fratresuo.
3800 2515 3885 2566 lin.

2258 2588 2344 2655 13,
2378 2585 2460 2653 44,
2495 2588 2588 2643 via
2614 2588 2795 2656 Appia
2825 2600 2861 2640 x
2892 2585 3013 2641 Kal.
3040 2586 3356 2655 Magiarum
3401 2590 3456 2638 et
3482 2586 3745 2639 cessavit
3774 2586 3889 2654 epi-

2258 2666 2526 2731 sc0patus
2555 2658 2762 2715 diebus
2790 2671 2871 2712 χι.

1820 2831 2065 2893 NOTAE
2101 2833 2567 2896 VARIORUM.

1016 2990 1065 3045 Α
1087 2990 1629 3047 SCHELESTRATE.

572 3099 740 3155 Linea
771 3094 860 3153 11.
889 3128 963 3139 —
992 3098 1098 3164 Qui
1116 3104 1243 3168 post
1261 3115 1470 3153 annum
1513 3100 1861 3154 undecimum
1888 3116 2007 3154 cum
2029 3100 2150 3155 Ga-

499 3174 723 3225 uiniano
761 3173 938 3238 fratre
992 3186 1090 3225 suo
1126 3177 1348 3239 propter
1392 3172 1565 3240 ﬁliam
1594 3171 1796 3226 Gavini
1842 3173 2150 3241 presbyteri

501 3244 719 3297 nomine
748 3242 1061 3297 Susannam
1097 3244 1364 3311 martyrio
1404 3248 1715 3297 coronatur.
1750 3244 1927 3312 Cujus
1952 3243 2147 3312 itaque

506 3322 635 3384 post
662 3327 884 3385 annum
908 3313 1276 3381 pontiﬁcatus
1301 3315 1669 3369 undecimum
1698 3316 1971 3385 martyrio
1993 3328 2150 3369 coro-

506 3383 681 3440 natur
705 3399 834 3439 cum
863 3383 1039 3439 fratre
1063 3399 1169 3440 suo
1189 3385 1432 3450 Gabino,
1462 3386 1545 3440 vel
1572 3383 1893 3441 Gaviniano
1920 3392 2150 3454 propter

509 3455 688 3512 ﬁliam
718 3457 844 3524 ejus
867 3456 1208 3524 Susannam,
1239 3470 1438 3526 nempe
1461 3458 1607 3524 Caii,
1636 3470 1804 3526 quam
1828 3457 2148 3512 Diocletia-

510 3541 622 3583 nus
644 3540 746 3596 pro
777 3527 899 3581 ﬁlio
921 3541 1027 3583 suo
1058 3527 1299 3596 petebat,
1334 3543 1459 3597 quae
1493 3529 1631 3598 quia
1662 3530 1893 3597 nuptias
1926 3540 2149 3597 respue-

508 3598 625 3664 bat,
657 3611 771 3653 una
795 3612 926 3653 cum
955 3600 1082 3668 ejus
1115 3606 1271 3669 patre
1298 3600 1522 3655 Gabino
1546 3599 1714 3654 Caius
1763 3613 1902 3668 papa
1931 3609 2152 3669 marty-

513 3670 603 3725 rio
620 3675 959 3741 coronatur,
1014 3678 1076 3741 ut
1111 3677 1263 3741 patet
1308 3685 1377 3726 ex
1414 3671 1564 3725 actis
1606 3671 1666 3724 B.
1698 3672 1994 3738 Susannae,
2024 3684 2152 3741 qua:

514 3743 585 3797 ad
611 3738 683 3798 22
710 3742 930 3812 Aprilis
954 3738 1285 3799 referuntur
1313 3742 1383 3797 ab
1410 3742 1793 3798 Henschenio.

1119 3868 1564 3923 ALTASERRE.

589 3995 762 4050 Linea
811 3991 867 4049 5.
891 4023 965 4033 -
988 3995 1087 4048 Hic
1116 3994 1415 4055 constituit,
1461 3998 1523 4047 ut
1550 3994 1923 4047 ordinationes
1974 4010 2156 4050 omnes

515 4070 579 4121 in
607 4067 850 4120 Ecclesia
880 4067 958 4118 sic
986 4066 1355 4131 ascenderent,
1380 4067 1430 4118 si
1446 4067 1570 4133 quis
1594 4068 1872 4134 episcopus
1893 4081 2005 4119 esse
2034 4083 2153 4121 me—

514 4143 750 4204 reretur,
799 4142 859 4189 ut
879 4143 1015 4189 esset
1047 4138 1327 4196 ostiarius,
1356 4137 1540 4199 lector,
1570 4140 1856 4202 cmorcista,
1900 4153 2150 4206 sequens,

518 4208 908 4269 subdiaconus,
940 4208 1221 4271 diaconus,
1248 4207 1549 4275 presbyter,
1590 4213 1641 4260 et
1659 4208 1854 4260 exinde
1877 4211 2153 4277 episcopus

521 4279 894 4335 ordinaretur.
921 4278 1348 4352 constitutione
1374 4277 1497 4352 Caii
1524 4279 1922 4352 ordinationes
1938 4280 2152 4349 episco-
2183 4328 2227 4352 η

2177 2996 2228 3056 Β
2259 2995 2522 3050 sortitus.
2550 2995 2747 3050 Lector
2765 2994 2956 3050 decem
2974 2994 3144 3049 annis
3169 2992 3276 3061 fui,
3305 2993 3450 3050 subd
3463 2994 3775 3049 iaconatus
3790 2993 3894 3051 οῦ-

2258 3068 2412 3121 cium
2428 3065 3736 3135 quinqueannis.diaconatusveroquindecim
3750 3066 3893 3119 annis

2260 3138 2623 3205 mancipatus
2646 3136 2759 3207 fui;
2793 3136 3106 3207 presbyteri
3124 3143 3311 3192 autem
3325 3137 3442 3204 jam
3466 3137 3694 3191 honore
3707 3138 3890 3207 viginti

2261 3210 2432 3263 annis
2459 3208 2675 3276 potior:
2714 3209 2852 3277 quid
2894 3210 3046 3263 enim
3082 3208 3223 3262 mihi
3259 3221 3409 3262 nunc
3453 3215 3657 3274 restat,
3695 3210 3807 3262 nisi
3841 3214 3891 3261 ut

2260 3281 2671 3349 episcOpatum,
2705 3293 2870 3350 quem
2894 3279 3077 3334 ﬁdelis
3092 3279 3341 3335 servitus
3362 3288 3747 3347 promeretur.
3770 3280 3893 3332 acci-

2262 3351 2413 3421 piam
2435 3351 2463 3421 ‘l
2486 3369 2513 3399 ››
2549 3352 2689 3406 llinc
2711 3353 3040 3420 repentinas
3057 3351 3457 3405 ordinationes
3474 3352 3885 3419 epist-operum,

2260 3420 2387 3491 quae
2436 3420 2646 3476 ﬁebant
2701 3423 2851 3491 apud
2906 3422 3226 3487 haireticos,
3268 3422 3502 3476 damnat
3552 3421 3796 3476 Tertull.
3833 3422 3886 3473 de

2258 3494 2570 3561 Praescript.
2604 3493 2730 3546 adv.
2766 3494 3003 3547 hwretic.
3034 3514 3049 3548 :
3084 3514 3108 3544 α
3142 3493 3555 3549 Ordinationes
3586 3506 3785 3547 eorum
3809 3499 3885 3545 te-

2262 3564 2541 3626 merarie,
2575 3564 2744 3631 leves,
2781 3566 3188 3634 inconstantes,
3214 3578 3367 3619 nunc
3386 3567 3705 3633 neophytos
3729 3562 3893 3618 collo-

2262 3642 2412 3694 cant,
2437 3649 2585 3690 nunc
2602 3636 2812 3691 saeculo
2829 3635 3161 3702 obstrictos,
3183 3648 3334 3691 nunc
3355 3643 3653 3704 apostatas
3675 3642 3889 3689 vestrm.

2268 3715 2332 3762 ut
2362 3707 2545 3777 gloria
2596 3721 2692 3778 eos
2720 3707 2996 3778 obligent,
3039 3708 3177 3777 quia
3219 3707 3460 3761 veritate
3490 3720 3605 3761 non
3652 3714 3890 3778 possunt.

2267 3779 2561 3847 Nusquam
2593 3777 2827 3834 facilius
2854 3777 3157 3848 proﬁcitur
3187 3792 3355 3848 quam
3385 3778 3442 3832 in
3490 3780 3705 3832 castris
3727 3777 3895 3831 rebel-

2271 3850 2437 3918 lium,
2460 3849 2559 3903 ubi
2585 3851 2771 3918 ipsum
2786 3864 2929 3919 esse,
2947 3850 3070 3905 illic
3094 3851 3520 3920 promereriest.
3542 3851 3742 3919 Itaque
3759 3848 3893 3901 alius

2274 3920 2445 3975 hodie
2461 3922 2786 3991 episcopus,
2802 3936 2928 3976 cras
2945 3921 3129 3991 alius;
3151 3921 3319 3976 hodie
3333 3922 3643 3982 diaconus,
3667 3920 3766 3989 qui
3785 3932 3895 3972 cras

2276 3992 2486 4064 lector;
2535 3993 2705 4048 hodie
2758 3992 3068 4064 presbyter,
3116 3993 3214 4063 qui
3260 4006 3387 4047 cras
3427 3991 3654 4047 laicus:
3702 4004 3820 4045 nam
3845 3995 3893 4042 et

2273 4063 2443 4119 laicis
2472 4065 2852 4120 sacerdotalia
2882 4063 3119 4120 munera
3152 4064 3487 4134 iniungunt.
3522 4081 3549 4110 υ

2937 4173 3228 4229 BENCINI.

2337 4280 2507 4334 Linea
2526 4277 2581 4334 8.
2611 4282 2801 4334 —Hic
2828 4282 3069 4348 fugiens.
3090 4281 3210 4336 Non
3242 4293 3311 4334 ex
3339 4279 3681 4345 timiditate,
3712 4287 3768 4334 et
3794 4278 3893 4332 fore

524 4332 728 4421 porum
762 4363 859 4419 per
889 4346 1098 4421 saltum
1127 4348 1340 4402 vetitae:
1377 4348 1432 4402 id
1464 4354 1674 4421 est,ine
1702 4351 1836 4421 quis
1857 4332 2157 4407 ordinetur
2182 4332 2229 4390 Ο
2273 4332 2507 4416 midine,
2536 4332 2642 4406 sed
2676 4332 2920 4407 salutari
2937 4332 3209 4421 seces—su,
3250 4332 3561 4406 consulens
3574 4332 3895 4406 necessita-

521 4420 1002 4492 episcopus,_nisi
1028 4420 1193 4492 prius
1231 4420 1518 4488 susceptis
1547 4420 1800 4487 singulis
1828 4422 2157 4486 ordinibus,

2272 4423 2431 4479 tibus
2456 4412 2733 4488 fidelium,
2766 4424 3079 4493 incipiente
3109 4412 3513 4478 Diocletianum
3554 4428 3889 4492 tempestate

522 4489 1090 4564 can.lllud,77,dist.
1113 4491 1471 4564 Adeoqueea
1493 4492 2011 4548 constitutionibus
2030 4495 2163 4564 Syl-
2269 4499 2393 4563 Quo
2420 4495 2584 4549 modo
2618 4493 2806 4549 initiis
2848 4489 3018 4549 factis
3044 4495 3300 4549 Deciana
3337 4489 3765 4561 persecutionis
3802 4504 3891 4564 suo

522 4568 721 4635 vestri,
735 4564 1037 4629 Zosimi,et
1052 4562 1259 4635 Syricii
1278 4562 1633 4635 prohibetur,
1652 4564 1860 4635 nequis
1874 4562 2163 4634 perveniat

525 4639 596 4694 ad
623 4638 1037 4705 episcopatum,
1060 4636 1173 4689 nisi
1205 4634 1263 4689 in
1286 4634 1862 4704 singulisordinibus
1890 4651 1987 4706 per
2006 4644 2159 4692 certa

528 4718 784 4777 tempora
818 4709 1160 4778 immoratus
1178 4707 1282 4778 sit,
1314 4719 1382 4760 ex
1433 4707 1734 4763 Anastasio
1766 4708 1823 4762 in
1850 4709 2154 4778 Sylvestro,

525 4775 821 4852 sigeberto
863 4778 934 4834 ad
970 4792 1107 4833 ann.
1135 4775 1261 4843 387,
1289 4791 1416 4832 can.
1453 4780 1515 4831 In
1560 4780 1815 4846 singulis,
1856 4775 1980 4834 can.
2017 4775 2158 4845 Qui-4

525 4869 758 4905 cunaue.
813 4851 935 4905 ead.
981 4850 1147 4905 dist..
1178 4863 1303 4905 can.
1353 4850 1661 4905 Monachos.
1714 4850 1795 4905 46.
1830 4866 1926 4905 au.
1980 4850 2029 4905 1.
2060 4853 2158 4905 llis

1872 4866 1926 4906 ιι.
1980 4853 2029 4905 4.
2060 4853 2159 4906 llis

528 4869 758 4922 cunque,
813 4866 935 4907 eaa.
981 4866 1147 4916 ausu,
1178 4866 1303 4905 can.
1353 4866 1661 4917 monac/tos,
1714 4866 1795 4905 ιο.
1830 4866 1926 4919 qu.
1980 4866 2029 4905 ιι.
2060 4866 2157 4906 ms

528 4924 807 4999 gradibus
830 4925 1100 4999 Joannem
1131 4922 1453 4999 pervenisse
1474 4922 1542 4975 ad
1568 4921 2001 4999 Cabilonensem
2029 4924 2157 4992 epi—

526 4991 846 5066 scopatum.
870 4994 1037 5050 testis
1052 4993 1351 5066 estSidon.
1373 4991 1472 5066 lib.
1497 5006 1572 5066 tv,
1598 4995 1766 5062 epist.
1790 4991 1862 5066 25
1883 5012 1894 5045 :
1916 5014 1941 5045 α
1966 4991 2161 5066 Lector

524 5063 929 5138 hic—primum,
947 5066 1036 5120 sic
1060 5064 1324 5119 minister
1349 5063 1572 5130 altaris,
1607 5066 1780 5134 idque
1795 5065 1870 5138 ab
1893 5064 2157 5133 infantia,

526 5136 934 5209 post'laborum
952 5145 1390 5209 temporumque
1402 5148 1675 5209 processu
1691 5136 2158 5209 archidiaconus,

527 5206 586 5269 in
623 5225 737 5282 quo
767 5224 867 5266 seu
914 5208 1095 5282 gradu
1139 5222 1238 5282 seu
1274 5206 1598 5282 ministerio
1631 5208 1882 5282 multum,
1905 5215 2159 5266 retentus

525 5276 758 5355 propter
774 5276 1145 5347 industriam,
1166 5276 1270 5355 diu
1290 5279 1575 5355 dignitate
1596 5292 1707 5333 non
1727 5281 2155 5355 potuitaugeri,

525 5350 596 5411 ne
627 5350 902 5424 potestate
936 5358 1125 5422 posset
1152 5350 1409 5407 absolvi:
1439 5356 1686 5424 attamen
1727 5350 1879 5424 nunc
1914 5350 2033 5421 jam
2060 5367 2157 5408 se-

524 5420 700 5483 cundi
732 5420 959 5482 ordinis
996 5424 1348 5479 sacerdotem
1396 5420 1670 5492 collegam
1698 5422 1814 5477 sibi
1864 5437 2157 5479 consecra-

525 5512 670 5553 vere.
705 5517 727 5545 ι
764 5497 907 5551 Hinc
934 5496 1069 5551 Cato
1102 5494 1394 5563 presbyter
1424 5499 1551 5561 post
1578 5493 1807 5549 Gallum
1838 5494 2056 5550 electus
2084 5497 2153 5550 ad

521 5569 911 5636 episcopatum
926 5568 1354 5635 Arvernensem,
1371 5564 1729 5636 gloriabatur
1754 5580 1814 5621 se
1839 5580 1937 5633 per
1962 5581 2156 5621 omnes

563 5640 736 5708 radus
782 5638 849 5693 ad
891 5639 1284 5708 episcopatum
1329 5636 1668 5705 pervenisse.
1727 5638 1887 5706 Apud
1915 5638 2148 5708 Gregor.

563 5655 736 5693 raaus
782 5655 849 5693 aa
891 5655 1284 5708 episcopatum
1329 5655 1668 5705 pervenisse.
1727 5655 1887 5706 Αριια
1915 5655 2148 5708 uregor.

518 5655 655 5765 ¹ῗιιιν.
682 5707 781 5762 lib.
814 5723 865 5763 tv
910 5711 1116 5763 Hister.
1148 5711 1260 5773 Fr.,
1288 5722 1409 5774 cap.
1436 5709 1500 5761 6:
1540 5728 1565 5758 «
1599 5710 1735 5762 Nam
1763 5715 1819 5763 et
1847 5710 2000 5778 ipsos
2031 5710 2155 5764 cle—

2272 4579 2501 4621 secessu
2529 4567 2824 4635 antiquam
2845 4565 3219 4633 disciplinam
3248 4566 3676 4620 commendavit
3702 4566 3755 4619 S.
3796 4563 3892 4630 Cy-

2276 4638 2532 4705 prianus.
2566 4638 2635 4692 de
2653 4651 2767 4707 quo
2793 4638 2878 4692 sic
2907 4639 3178 4692 Pontius:
3202 4657 3226 4687 «
3252 4636 3441 4692 Vultis
3457 4637 3612 4707 scire
3629 4646 3887 4690 secessum

2272 4708 2436 4763 illum
2468 4723 2578 4763 non
2609 4706 2789 4763 fuisse
2820 4707 3227 4765 formidinem:
3263 4714 3325 4763 ut
3358 4708 3507 4762 nihil
3540 4706 3703 4762 aliud
3733 4719 3889 4761 escu-

2267 4793 2406 4846 sem,
2442 4780 2562 4849 ipse
2595 4781 2952 4849 postmodum
2986 4795 3187 4850 passus
3213 4786 3335 4834 est:
3378 4792 3553 4848 quam
3593 4780 3887 4848 passione-

2269 4852 2471 4921 utique
2495 4867 2562 4907 ex
2600 4866 2751 4907 more
2776 4853 3000 4912 vitaret,
3033 4853 3083 4907 si
3113 4859 3169 4906 et
3192 4858 3322 4905 ante
3338 4851 3603 4905 vitasset.
3636 4851 3888 4905 Fuitvero

2268 4921 2515 4978 formido
2536 4923 2655 4985 illa,
2674 4924 2769 4979 sed
2786 4924 2940 4991 justa
2956 4922 3201 4979 formido
3218 4936 3343 4991 quae
3360 4921 3672 4976 Dominum
3692 4922 3887 4975 timeret

2269 4994 2551 5049 oﬁ‘endere
2579 5014 2590 5049 :
2626 4994 2871 5050 formido
2895 5010 3019 5065 qua:
3052 4995 3349 5065 praeceptis
3388 4993 3486 5047 Dei
3518 4993 3714 5048 mallet
3742 4992 3888 5047 obse-

2272 5068 2393 5136 qui,
2415 5081 2583 5136 quam
2618 5068 2705 5121 sic
2725 5064 3020 5123 coronari.
3038 5104 3053 5120 .
3075 5108 3086 5119 .
3110 5107 3159 5121 ..
3188 5064 3429 5120 debebat
3444 5078 3573 5120 esse
3593 5066 3698 5135 qui
3728 5067 3886 5133 posse!

2271 5140 2502 5194 saucios
2534 5139 2812 5205 homines,
2846 5145 2901 5194 et
2929 5139 3087 5193 varia
3113 5138 3498 5207 expungentis
3529 5138 3757 5191 inimici
3788 5142 3886 5188 arte

2265 5210 2571 5279 jaculatos,
2604 5210 2880 5266 adhibita:
2911 5211 3207 5265 medicinae
3258 5208 3514 5264 caelestis
3548 5208 3761 5264 medela
3806 5216 3885 5272 pro

2270 5282 2548 5351 qualitate
2576 5283 2852 5348 vulneris,
2898 5282 2985 5336 vel
3030 5294 3223 5336 secare
3269 5281 3530 5349 interim,
3565 5281 3653 5335 vel
3689 5280 3882 5351 fovere;

2266 5350 2524 5425 servatus
2554 5360 2641 5408 est
2664 5355 2753 5408 vir
2785 5353 3003 5425 ingenii
3051 5360 3253 5421 praeter
3288 5358 3492 5425 caetera
3523 5353 3700 5425 etiam
3728 5350 3889 5425 spiri—

2269 5422 2951 5494 tualitertemperati,qui
2979 5426 3127 5479 inter
3149 5422 3496 5478 resultantes
3511 5423 3891 5478 collidentqu

2267 5497 2641 5551 schismatum
2698 5497 2909 5551 ﬂuctus
2948 5494 3213 5550 Ecclesiae
3266 5496 3377 5548 iter
3405 5494 3660 5549 medium
3708 5494 3896 5548 librato

2268 5568 2470 5624 limine
2499 5567 2860 5639 gubernaret.
2893 5585 2918 5616 »
2947 5568 3024 5622 De
3069 5564 3203 5635 fuga
3228 5574 3282 5621 et
3307 5579 3539 5639 secessu
3569 5566 3641 5639 in
3666 5578 3899 5639 persecu-

2268 5640 2424 5695 tione
2448 5636 2575 5707 post
2607 5639 2957 5694 medietatem
2985 5639 3224 5693 secundi
3260 5637 3458 5692 saeculi
3485 5637 3681 5707 gravis
3700 5636 3900 5692 exarsit

2268 5711 2525 5766 velitatio
2566 5711 2715 5765 inter
2767 5712 2976 5775 Patres,
3022 5716 3325 5778 exstatque
3352 5710 3424 5762 de
3475 5722 3544 5762 eo
3575 5714 3902 5778 argumento

516 5784 736 5839 ricatus
766 5778 979 5849 gradus
1016 5780 1290 5835 canonica
1343 5773 1467 5835 Sum
1496 5793 1719 5848 semper
1751 5773 2148 5837 instiitutione
2185 5773 2238 5833 D
2264 5783 2414 5851 apud
2446 5781 2866 5837 Tertullianum
2896 5773 3064 5836 liber.
3092 5773 3422 5851 Rigidiores
3451 5773 3689 5849 quidem
3719 5779 3905 5849 fugam
