4072 6176
221 262 387 322 4464ν

1000 274 1319 331 HISTORIA
1357 277 1446 330 DE
1487 275 1666 330 VITIS
1708 273 1877 328 non.
1921 273 2126 327 rom.
2173 303 2246 312 -
2283 274 2584 329 SANCTUS
2620 276 2875 367 C.\IU$.\

3485 248 3623 331 tice

2884 363 2925 389 Χ,

220 395 566 476 improbant,
590 404 646 476 et
667 402 898 471 culpan.
922 405 1152 475 quidam
1178 407 1236 461 in
1258 406 1539 476 Cypriane
1561 404 1873 476 suggillare
1895 404 1949 462 A
1982 404 2306 476 constituit,
2340 409 2404 459 ut
2426 406 2508 460 vel
2533 406 2765 476 regibus
2789 384 2934 462 sacri
2946 401 3153 464 ﬁcaret.
3172 409 3414 464 Sanctus
3428 413 3616 464 autem

219 468 331 551 visi
357 476 512 551 sunt,
533 480 602 551 _ut
626 468 863 551 innuere
888 468 1115 532 videtur
1135 468 1374 551 epistola
1401 479 1530 551 data
1550 468 1703 531 clero
1727 476 1869 551 Car-

220 538 591 623 thaginensia
605 544 758 623 clero
776 538 1331 623 Romanoisedévaca
1342 557 1431 623 nte
1444 548 1515 603 ob
1532 546 1865 623 martyrium

217 613 403 694 sancti
436 613 694 694 Fabiani,
741 630 978 694 proqua
1008 619 1277 694 diluenda
1327 620 1519 694 plures
1546 613 1866 694 dediteiii—

218 681 421 758 stola_s_._
446 689 501 737 et
539 699 658 740 eam
694 681 977 756 praecipue
1010 691 1120 758 ipsi
1153 691 1306 747 clero
1328 681 1611 757 'Romano,
1646 681 1744 746 ubi
1773 681 1864 744 'sic

216 750 463 835 (ῑξὶιῃςίὸεΔ
482 750 1080 835 «NamsicutDomini
1107 763 1367 835 mandata
1393 750 1710 835 instruunt,
1735 769 1862 816 orto

218 826 424 904 statim
451 826 802 904 turbationis
830 831 1283 904 impetuiprimo,
1316 847 1446 889 cum
1490 847 1577 888 me
1615 826 1861 887 clamore

219 895 470 950 violento
498 896 849 973 frequenter
900 895 1146 972 populus
1191 895 1527 973 ﬂagitasset,
1584 917 1696 959 non
1745 910 1859 958 tam

219 978 397 1050 meam
431 967 692 1050 salutem,
714 986 883 1041 quam
900 967 1161 1050 'qiiietem
1193 967 1433 1050 fratrum
1458 967 1743 1050 publicam
1766 989 1857 1030 co-

219 1043 430 1120 gitans.
466 1043 695 1096 interim
724 1045 964 1120 secessi,
988 1058 1056 1100 ne
1086 1059 1185 1115 per
1220 1043 1657 1120 inverecundam
1710 1061 1860 1115 pra:-

217 1115 460 1163 sentiam
495 1119 767 1185 nostram,
796 1115 1007 1171 seditio
1039 1131 1163 1185 quae
1177 1123 1421 1185 cmperat
1453 1118 1580 1182 plus
1599 1130 1859 1185 provoca-

218 1184 395 1260 retur,
420 1185 534 1262 _etc.
570 1200 598 1262 >3
630 1184 833 1239 Eadem
871 1184 1179 1262 disciplina
1207 1184 1713 1262 cumYalerianus
1738 1190 1856 1262 De—

174 1255 384 1336 ﬁciana
418 1255 478 1305 in
509 1255 808 1336 episcopos
829 1258 1035 1327 edicta,
1062 1266 1118 1313 et
1145 1260 1202 1313 in
1226 1259 1540 1336 nobiliores
1564 1273 1631 1313 ex
1652 1260 1855 1314 ordine

216 1319 495 1404 laicorum
519 1319 780 1404 v'ulgaret
795 1319 1071 1384 bonorum
1095 1330 1585 1404 proscriptionem,
1607 1343 1855 1404 cumque

217 1391 530 1474 aberisilio
562 1391 737 1451 redux
766 1408 914 1454 esset
938 1391 1172 1474 sanctus
1219 1391 1479 1464 antistes,
1510 1391 1853 1474 audiretque

215 1462 436 1538 Uticam
458 1475 723 1523 esseante
742 1472 1135 1538 proconsulem
1155 1462 1495 1537 sistendum,
1516 1462 1775 1538 secessit,
1791 1478 1853 1525 ut

214 1546 330 1617 non
354 1535 545 1617 Uticae,
567 1540 662 1594 sed
685 1535 988 1617 in'propria
1008 1544 1139 1617 sede
1161 1535 1492 1617 martyrium
1510 1535 1847 1617 susciperet,

216 1612 275 1659 et
299 1606 369 1682 de
401 1607 727 1682 istiusmodi
762 1606 1054 1681 proposito
1076 1606 1375 1669 admonuit
1407 1615 1463 1668 in
1491 1606 1690 1669 ultima
1720 1614 1852 1682 epi-

215 1676 362 1731 stola
386 1678 601 1754 c_ler_um
632 1676 1163 1754 Carthaginensem.
1197 1686 1291 1740 Sic
1314 1686 1464 1741 enim
1499 1685 1597 1740 ille
1619 1676 1847 1739 causam

1980 474 2077 528 Dei
2109 482 2323 545 martyr
2341 474 2655 531 sermonem
2687 478 2812 546 ejus
2840 478 3168 544 deSpiciens
3196 499 3207 533 :
3240 482 3486 538 Homeri.
3517 481 3616 533 in-

1978 547 2125 615 quit,
2146 560 2344 603 versus
2370 548 2603 602 dicens:
2632 550 2750 603 Non
2769 555 2857 603 est
2872 548 3081 603 bonum
3112 551 3321 605 multos
3345 551 3613 605 dominos

1975 628 2256 690 esse...”
2316 620 2429 674 lloc
2492 618 2663 674 verbo
2704 620 2927 687 audito,
2983 622 3149 689 quasi
3197 621 3293 690 qui
3358 620 3611 676 infausta

1976 687 2034 741 in
2068 689 2298 757 regibus
2335 690 2799 759 deprompsisset,
2831 687 3240 760 jussu‘judicis
3271 692 3507 746 ducitur
3535 692 3604 746 ad

1976 766 2230 814 mortem.
2273 778 2297 809 ι)
2328 762 2637 817 Proclivem
2664 762 3084 817 Diocletianum
3125 763 3192 817 ad
3252 763 3361 816 ista
3409 769 3465 816 et
3495 776 3608 817 au-

1954 830 2267 903 ‘dieiidaet
2295 831 2551 887 facienda
2580 833 2745 888 docet
2789 831 3021 889 factum.
3055 834 3206 903 quod
3232 833 3422 887 evenit
3455 846 3605 888 anno

1968 897 2095 973 2’98,
2127 901 2366 957 relatum
2390 917 2420 957 a
2448 904 2740 959 Lactantio
2755 905 2826 959 de
2847 897 3132 959 mortibus
3158 910 3603 973 persecutorum,

1975 972 2070 1027 ubi
2098 975 2222 1028 sic:
2263 994 2288 1024 «
2327 974 2467 1028 Cum
2513 980 2703 1044 ageret
2742 975 2799 1030 in
2857 975 3119 1044 partibus
3160 972 3439 1043 Orientis,
3472 987 3601 1028 cum

1966 1051 2086 1099 erat
2122 1059 2220 1113 pro
2249 1045 2455 1100 timore
2479 1052 2765 1100 scrutator
2788 1059 2977 1101 rerum
3011 1044 3357 1108 futurarum,
3394 1046 3608 1100 immo-

1967 1114 2119 1186 labat
2143 1116 2403 1184 pecudes,
2436 1122 2492 1170 et
2520 1116 2577 1170 in
2602 1117 2897 1185 jecoribus
2926 1131 3121 1172 eorum
3151 1123 3393 1171 ventura
3440 1130 3606 1186 quaa—

1966 1185 2144 1240 rebat.
2165 1188 2305 1241 Tum
2329 1186 2562 1255 quidam
2590 1189 2986 1243 ministrorum
3004 1188 3249 1242 scientes
3274 1187 3601 1255 Dominum,

1963 1270 2093 1310 cum
2124 1258 2460 1311 assisterent
2493 1258 2838 1324 immolanti,
2885 1261 3284 1328 imposuerunt
3309 1256 3601 1313 frontibus

1963 1330 2088 1400 suis
2114 1328 2434 1382 immortale
2454 1329 2685 1399 signum
2717 1331 2930 1400 (crucis
2956 1343 3174 1398 nempe,
3207 1343 3320 1398 quo
3344 1328 3598 1400 epitheto

1964 1398 2177 1469 utitur,
2199 1400 2413 1467 saepius
2460 1398 2792 1455 Lactantius
2817 1402 2872 1454 in
2900 1401 3094 1455 eodem
3126 1399 3448 1469 opusculo).
3476 1399 3599 1465 Quo

1962 1467 2130 1532 facto,
2156 1468 2370 1538 fugatis
2393 1471 2770 1531 daemonibus,
2801 1484 2960 1526 sacra
2979 1467 3204 1526 turbata
3232 1479 3385 1525 sunt.
3407 1467 3601 1538 Trepi-

1959 1540 2170 1594 dabant
2194 1541 2505 1609 aruspices,
2526 1556 2623 1597 nec
2648 1543 2850 1597 solitas
2867 1544 2921 1597 in
2936 1543 3087 1597 extis
3121 1542 3599 1610 notasvidebant;

1959 1616 2014 1665 et
2043 1613 2206 1680 quasi
2245 1625 2355 1666 non
2392 1613 2673 1677 litassent,
2715 1615 2927 1682 saepius
2962 1612 3353 1667 immolabant.
3389 1615 3579 1668 Verun.

1961 1682 2271 1737 identidem
2298 1690 2552 1738 mactatae
2571 1683 2769 1738 hostiae
2804 1684 2953 1738 nihil
2992 1684 3386 1749 ostendebant,
3416 1685 3597 1741 donec

216 1750 1060 1829 posteriorissecessus'pandit
1090 1775 1103 1810 :
1138 1777 1163 1807 α
1198 1758 1331 1811 Cum
1360 1757 1631 1825 perlatum
1654 1756 1725 1829 ad
1750 1769 1851 1809 nos
1883 1770 1934 1829 Β
1962 1756 2232 1829 magister
2265 1754 2720 1829 illearuSpicum
2753 1757 2951 1829 Tayas,
2979 1769 3079 1809 seu
3106 1756 3459 1829 suspicione,
3489 1769 3592 1829 seu

216 1817 537 1897 fuisset”...
561 1817 968 1881 frumentarios
996 1841 1118 1882 esse
1140 1817 1369 1888 missos,
1395 1829 1493 1897 qui
1521 1841 1606 1882 me
1630 1828 1848 1882 Uticam

218 1892 608 1967 perducerent,
644 1901 700 1949 et
727 1897 975 1952 consilio
1004 1892 1480 1955 charissimorum
1516 1911 1847 1967 persuasum

215 1969 386 2043 esset,
403 1971 465 2018 ut
484 1965 559 2043 de
571 1965 755 2022 hortis
778 1969 990 2023 nostris
1014 1970 1243 2025 interim
1264 1965 1672 2043 secedere‘nus,
1693 1971 1849 2035 justa

219 2036 633 2115 interveniente
680 2042 1178 2115 causaconsensi.
1223 2054 1297 2115 eo
1342 2042 1494 2115 quod
1544 2048 1845 2115 congruat,

215 2109 568 2181 episcOpum,
595 2109 652 2162 in
678 2122 741 2164 ea
758 2111 1011 2177 civitate,
1042 2113 1097 2166 in
1126 2126 1237 2181 qua
1260 2112 1523 2167 Ecclesiae
1542 2111 1849 2166 Dominicae

218 2185 438 2244 praeest,
471 2179 593 2233 illic
623 2181 926 2236 Dominum
955 2179 1235 2246 confiteri,
1269 2191 1324 2238 et
1370 2183 1583 2252 plebem
1615 2183 1848 2237 univer-

217 2259 338 2320 eam
370 2252 660 2318 praepositi
696 2255 995 2320 praesentis
1025 2253 1383 2309 confessione
1406 2254 1842 2309 clariﬁcari.....

214 2318 488 2374 Caeterum
532 2318 901 2378 mutil‘abitur
958 2325 1138 2380 honor
1169 2326 1434 2381 Ecclesia
1474 2332 1681 2379 nostra}
1736 2331 1847 2379 tam

216 2389 500 2470 gloriosae,
536 2393 584 2446 si
615 2407 718 2463 ego
743 2396 1049 2470 episcopus
1073 2396 1315 2451 alterius
1346 2396 1611 2470 Ecclesia?
1640 2410 1849 2464 priapo-

214 2466 390 2536 situs,
422 2470 647 2536 accepta
677 2468 828 2534 apud
860 2468 1076 2521 Uticam
1112 2482 1286 2536 super
1321 2467 1678 2522 confessione
1713 2481 1851 2523 sen—

217 2532 418 2614 tentia,
446 2532 889 2614 exipdgpiartyr
915 2539 1064 2614 apud
1099 2532 1403 2614 Dominum
1433 2538 1781 2614 proficiscar.
1819 2558 1844 2589 »

215 2602 411 2657 Potuit
426 2617 492 2679 ex
512 2605 809 2679 similibus
824 2602 1021 2663 causis
1044 2611 1353 2677 permoveri
1381 2602 1848 2679 pontifexCaius,

216 2680 285 2727 ut
311 2676 593 2730 recederet
622 2678 690 2732 ad
724 2676 1174 2735 subveniendum
1209 2676 1492 2736 Ecclesiae.

287 2745 712 2817 Persecutioan
767 2751 1108 2805 Diocletiani.
1166 2753 1489 2807 Persecutio
1519 2752 1652 2817 haec,
1703 2752 1851 2806 unde

213 2814 457 2871 celebris
475 2819 877 2891 Diocletianaaa
899 2822 1110 2890 epocha
1143 2824 1457 2891 primordia
1471 2814 1848 2891 recognoscit,

214 2899 332 2960 non
369 2898 454 2942 est
482 2889 704 2959 incepta
739 2894 853 2947 nisi
888 2889 1014 2960 pust
1044 2889 1263 2948 obitum
1295 2895 1415 2948 Caii
1445 2912 1459 2960 ;
1493 2907 1592 2948 nec
1608 2889 1852 2949 Diocle-

214 2958 426 3035 t_ian_us_
460 2958 669 3017 edictis
705 2971 835 3019 ante
881 2958 1093 3019 annum
1136 2963 1242 3021 304
1289 2958 1739 3035 persecutionem
1789 2965 1847 3019 in

216 3029 537 3105 Ecclesiamﬁ
572 3036 896 3100 commovit,
949 3042 1005 3090 et
1046 3029 1517 3105 quidem‘ductis
1566 3037 1758 3090 initiis
1779 3035 1848 3090 ab

213 3097 464 3184 Qriente.
520 3104 721 3159 Verum
754 3097 964 3184 duplex
1011 3097 1238 3184 videtur
1268 3108 1588 3184 persecutio
1616 3108 1847 3184 Diocle-
1880 3124 1927 3184 ο

216 3171 418 3251 tianaca
468 3171 854 3251 numeranda;
883 3180 1042 3251 prior
1080 3171 1468 3251 particularis,
1512 3192 1621 3251 non
1659 3179 1847 3251 edicto

211 3240 410 3322 aliquo
438 3246 670 3322 vulgata
700 3265 716 3314 ;
749 3240 1030 3317 postérior
1053 3240 1361 3322 solemnis,
1378 3240 1725 3322 edictisgper
1748 3250 1848 3322 im-

216 3317 434 3396 perium
467 3317 798 3396 universum
844 3319 1244 3396 promulgatis.
1278 3320 1435 3396 Prior
1458 3319 1849 3396 consignanda

213 3383 281 3437 ad
306 3384 550 3452 primum
576 3388 802 3457 imperii
825 3383 1164 3445 decennium
1185 3390 1524 3444 Diocletiani
1544 3383 1694 3444 anno
1708 3386 1814 3443 294
1833 3408 1847 3457 ;

213 3468 328 3535 quo
349 3463 617 3535 tempore,
646 3467 710 3535 ut
733 3462 816 3515 ait
838 3462 1119 3535 Eusebius
1142 3463 1199 3516 in
1225 3462 1535 3516 Chronico:
1568 3481 1593 3512 ‹‹
1630 3461 1851 3535 Primus

209 3526 603 3601 Diocletianus
630 3533 857 3587 adorari
891 3546 951 3588 se
980 3540 1042 3586 ut
1084 3535 1279 3597 Deum,
1312 3539 1367 3587 et
1393 3545 1642 3601 gemmas
1668 3533 1854 3586 vesti-

211 3595 343 3666 bus,
374 3605 430 3652 et
473 3600 872 3658 calceamentis
900 3605 1076 3658 inseri
1112 3595 1311 3670 jussit,
1357 3595 1484 3657 cum
1535 3613 1666 3658 ante
1721 3617 1849 3658 eum

208 3680 407 3742 omnes
432 3670 800 3739 imperatores
828 3676 885 3729 in
908 3675 1135 3729 modum
1153 3676 1415 3742 judicum
1437 3674 1848 3741 salutarentur,

210 3745 268 3822 et
287 3739 637 3822 chlamydem
670 3759 1011 3822 purpuream
1034 3739 1316 3822 {privato
1344 3744 1473 3822 plus
1501 3745 1790 3822 haberent.
1821 3739 1847 3795 ἡ

204 3810 796 3883 SimiljaAEutropius‘
811 3831 938 3872 cum
964 3817 1035 3871 de
1060 3810 1401 3871 Diocletiani
1439 3817 1694 3872 moribus
1723 3818 1760 3870 Ι.
1792 3832 1844 3882 v,

210 3892 338 3951 pag.
364 3878 503 3937 226:
543 3904 568 3934 (ι
601 3878 709 3951 Qui
766 3888 822 3940 in
859 3888 1099 3955 imperio
1130 3888 1380 3943 Romano
1432 3889 1653 3955 primus
1682 3878 1850 3955 regite

206 3956 649 4034 consuetudinis
672 3956 908 4034 formam
935 3960 1115 4034 magis
1136 3973 1305 4034 quam
1332 3958 1850 4034 Romanzelibertaf

208 4026 290 4099 tis_
309 4026 546 4089 invexit,
570 4028 917 4099 adorarique
936 4044 996 4084 se
1010 4026 1206 4098 jussit,
1224 4044 1352 4085 cum
1370 4037 1639 4083 anteeum
1654 4030 1849 4084 cuncti

204 4093 602 4170 salutarentur
630 4117 642 4152 :
676 4093 1153 4170 ornamenta'gem
1168 4114 1382 4154 marum
1423 4100 1697 4167 vestibus,
1725 4101 1851 4154 cal—

202 4168 630 4241 ceamentisque
661 4170 896 4226 indidit.
920 4168 1058 4225 Nam
1084 4172 1245 4240 prius
1272 4172 1501 4235 imperii
1532 4172 1758 4241 insigne
1790 4172 1851 4225 in

202 4235 504 4316 chlamyde
528 4235 809 4316 purpurea
827 4250 1044 4297 tantum
1060 4235 1180 4297 erat
1196 4261 1207 4295 :
1229 4243 1581 4312 reliquacom
1596 4235 1724 4316 mun
1737 4242 1845 4316 ia.»

202 4307 285 4361 Ea
314 4310 467 4362 enim
483 4307 803 4377 oCcasione,
827 4328 954 4367 cum
980 4328 1134 4368 more
1155 4307 1427 4369 consueto
1450 4314 1850 4368 assentationi-

201 4376 316 4458 bus
331 4391 533 4435 novum
546 4384 722 4438 Deum
741 4385 933 4453 populi
954 4391 1449 4453 prosequerentur,
1464 4385 1847 4439 ettjhristiani

203 4462 468 4532 insanam
505 4458 849 4532 populorum
881 4458 1840 4532 superstitionemexsecrarentur,

199 4525 325 4574 sive
351 4525 471 4589 ipse
503 4525 831 4594 imperator,
861 4528 980 4581 sive
1009 4528 1209 4589 aulici,
1237 4533 1337 4581 aut
1357 4528 1603 4594 judices,
1638 4534 1701 4581 ut
1728 4528 1842 4580 im-

198 4595 455 4659 peratori
501 4596 881 4666 superbienti,
933 4605 988 4652 et
1026 4597 1310 4653 alfectanti
1343 4598 1573 4653 divinos
1601 4598 1844 4653 honores

198 4675 321 4716 rem
357 4672 573 4732 gratam
619 4666 889 4733 facerent,
940 4671 1202 4738 persequi
1235 4676 1523 4737 coeperunt
1549 4669 1843 4723 Christia-

199 4747 331 4810 no_s_,
366 4749 511 4810 quos
540 4738 809 4793 videbant
835 4739 1107 4810 refragiri
1147 4747 1202 4793 et
1227 4741 1500 4810 aul‘ugere
1529 4740 1599 4793 ab
1630 4742 1723 4794 his
1751 4755 1841 4795 sa-

194 4805 464 4860 crificiis.
489 4809 834 4864 Consuetum
862 4805 1011 4866 enini
1040 4818 1160 4865 erat
1190 4812 1245 4864 in
1282 4805 1438 4865 hisce
1468 4808 1630 4864 festis
1657 4814 1844 4879 impe—

196 4883 484 4951 ratoru_m,
510 4881 811 4935 universos
831 4883 899 4936 ad
932 4883 1216 4936 sacriﬁcia
1239 4894 1455 4951 cogere.
1473 4882 1703 4935 Judices
1731 4895 1843 4935 au-

193 4956 315 5021 tem
344 4948 672 5005 aﬂ’ectantes
712 4954 1034 5021 principum
1089 4948 1333 5007 favorem
1387 4951 1749 5006 insaniebant
1786 4954 1841 5007 in

194 5018 602 5093 refraga‘tores.
640 5018 794 5078 Unde
832 5018 1225 5079 SCMarcellus
1250 5024 1532 5081 centurio,
1565 5025 1712 5091 apud
1746 5025 1847 5077 Su-

192 5090 356 5145 rium
379 5089 449 5145 30
473 5092 669 5146 Octob.
722 5095 858 5150 dum
889 5098 956 5149 ad
1012 5108 1077 5149 ea
1107 5094 1245 5148 festa
1282 5089 1643 5163 persolvend‘a
1674 5107 1846 5147 coar—

185 5169 477 5217 ctaretur.
503 5165 775 5219 audacter
798 5168 1031 5224 restitit.
1064 5167 1146 5220 uti
1173 5164 1402 5231 fatetur,
1429 5166 1803 5233 antejudices
1827 5183 1840 5218 :

189 5254 219 5285 at
255 5234 382 5287 Jam
409 5234 503 5288 die
534 5249 614 5290 xu
642 5236 762 5299 Kal,
786 5239 1196 5307 Augustarum,
1218 5238 1445 5304 quando
1465 5237 1614 5292 diem
1637 5236 1842 5292 festum

188 5307 570 5372 imperatoris
589 5307 1129 5374 vestricelebrastis,
1150 5307 1377 5376 publica
1395 5322 1528 5363 voce
1542 5308 1841 5376 respondi:

180 5376 572 5447 Christianus
594 5392 742 5433 sum.
770 5396 796 5428 ››
820 5380 1050 5434 Judices
1075 5393 1205 5433 vero
1231 5378 1301 5433 ab
1319 5392 1382 5432 eo
1401 5386 1651 5447 tempore
1668 5380 1846 5433 sacri-

185 5447 328 5502 ficia
366 5446 483 5520 huic
518 5451 887 5517 promovisse,
928 5457 985 5505 et
1016 5452 1071 5504 in
1116 5449 1493 5520 refragatores
1524 5446 1848 5518 suppliciis

179 5518 485 5574 exarsisse
496 5528 720 5575 constat
734 5523 791 5575 in
807 5518 1465 5589 vicennalibusejusdem
1479 5521 1845 5588 Diocletiani,

181 5591 431 5659 quando
462 5594 679 5661 scripta
714 5596 1177 5660 persecutionum
1219 5592 1402 5647 edicta
1438 5591 1844 5661 vulgabantur.

180 5665 247 5717 ln
277 5662 431 5734 actis
462 5663 613 5717 enim
643 5665 826 5718 sancti
864 5666 1144 5733 ProcOpii,
1173 5677 1419 5734 quorum
1447 5661 1761 5734 fragmenta
1790 5662 1847 5716 in

177 5733 353 5789 notis
378 5735 462 5804 ad
509 5734 819 5790 Eusebium
866 5736 1074 5790 inserit
1105 5737 1385 5804 Valesius,
1418 5735 1533 5789 haec
1568 5733 1851 5788 habentur

176 5818 323 5877 pag.
364 5800 470 5859 472
501 5823 513 5858 :
548 5825 573 5857 α
624 5809 812 5876 Atque
854 5807 923 5861 ad
965 5807 1080 5861 alia
1123 5822 1185 5862 se
1232 5800 1460 5863 rursum
1514 5814 1849 5876 argumenta

1927 4932 1933 4943 ,
1954 4886 2309 4934 coronatum.
2357 4879 2575 4933 Poterat

1961 1825 2105 1891 visu,
2140 1826 2223 1880 ait
2263 1826 2479 1896 idcirco
2509 1839 2621 1880 non
2655 1827 2994 1896 respondere
3024 1839 3203 1885 sacra,
3235 1827 3381 1895 quod
3425 1827 3597 1882 rebus

1959 1896 2178 1950 divinis
2194 1894 3235 1964 profanihominesinteressent.’l‘unc
3261 1899 3343 1951 ira
3377 1896 3591 1960 furens,

1960 1967 2283 2022 sacriﬁcare
2310 1981 2419 2022 non
2451 1980 2547 2022 eos
2580 1975 2799 2023 tantum
2827 1969 2928 2038 qui
2952 1968 3136 2023 sacris
3168 1968 3591 2034 ministrabant,

1960 2040 2054 2093 sed
2082 2040 2379 2093 universos
2409 2039 2509 2107 qui
2535 2046 2695 2094 erant
2726 2040 2782 2094 in
2818 2040 3029 2107 palatio
3056 2040 3275 2107 jussit;
3309 2045 3364 2093 et
3386 2039 3443 2093 in
3476 2054 3593 2106 eos,

1961 2110 2010 2163 si
2041 2110 2469 2173 detrectassent,
2504 2110 2839 2165 verberibus
2869 2110 3285 2165 animadverti:
3329 2111 3597 2180 datisque

1960 2181 2028 2234 ad
2058 2181 2393 2249 praepositos
2415 2181 2649 2245 litteris,
2669 2184 2839 2236 etiam
2870 2182 3085 2237 milites
3104 2181 3229 2251 cogi
3254 2181 3322 2235 ad
3356 2179 3598 2238 nefanda

1959 2252 2243 2306 sacrificia
2293 2253 2579 2321 prmcepit,
2625 2259 2680 2307 et
2712 2253 2809 2322 qui
2857 2266 2966 2308 non
3009 2253 3335 2321 paruissent
3385 2252 3595 2308 militia

1958 2324 2334 2377 solverentur.
2360 2342 2386 2372 ››
2408 2325 2774 2378 Consuetudo
2806 2325 2998 2393 itaque
3030 2332 3166 2378 tunc
3192 2323 3388 2391 vigens
3411 2325 3601 2391 potuit.

1962 2395 2253 2462 impellere
2275 2394 2520 2463 judices,
2538 2402 2600 2450 ut
2630 2396 2831 2450 insano
2849 2395 3341 2463 principidivinos
3356 2394 3599 2450 honores

1958 2464 2071 2519 sibi
2105 2466 2419 2520 vindicanti
2449 2466 2850 2521 blandirentur
2868 2467 2937 2521 ad
2970 2464 3315 2520 saeviendum
3346 2465 3404 2518 in
3430 2465 3604 2520 Chri—

1959 2537 2199 2591 stianos.
2234 2538 2375 2591 Hinc
2403 2538 2859 2604 persecutionum
2897 2538 3211 2605 primordia
3238 2536 3392 2604 jacta
3423 2544 3596 2592 sunt:

1958 2615 2013 2662 et
2037 2607 2172 2673 haec,
2196 2614 2257 2663 ut
2285 2621 2430 2673 reor,
2463 2615 2617 2662 notat
2640 2609 2733 2662 hic
2755 2608 2918 2663 Liber
2938 2607 3325 2663 Pontiﬁcalis:
3354 2607 3486 2662 istis
3506 2622 3602 2663 au-

1961 2684 2070 2733 tem
2097 2680 2167 2733 de
2195 2679 2388 2733 causis
2415 2679 2588 2733 Caius
2620 2686 2853 2734 coactus
2880 2686 2967 2732 est
2996 2680 3276 2734 secedere.

2036 2751 2202 2804 Linea
2227 2750 2279 2803 9.
2315 2780 2382 2788 —
2414 2752 2680 2816 Martyrio
2724 2755 3015 2803 coronatur
3040 2765 3184 2802 anno
3213 2764 3373 2801 nono.
3406 2750 3465 2803 In
3499 2762 3602 2818 ge—

1962 2825 2181 2875 storum
2205 2821 2353 2875 serie
2394 2820 2691 2875 manifeste
2719 2821 3229 2889 deprehenduntur
3256 2818 3415 2874 factae
3444 2820 3607 2875 addi-

1961 2892 2167 2953 tiones,
2192 2907 2335 2961 quas
2354 2892 2685 2960 desumptas
2715 2892 2799 2946 vel
2830 2906 2898 2946 ex
2926 2891 3224 2959 catalogis,
3272 2890 3355 2944 vel
3388 2896 3604 2961 marty—

1964 2963 2226 3033 rologiis,
2270 2963 2356 3017 vel
2410 2963 2557 3017 actis
2604 2969 2956 3025 sanctorum,
2990 2961 3248 3031 catalogo
3285 2961 3457 3033 vulgo
3482 2962 3601 3033 Dia-

1962 3031 2111 3087 masi‘
2141 3034 2484 3102 posteriores
2527 3046 2728 3087 manus
2762 3034 3072 3087 inseruere.
3115 3034 3178 3086 In
3209 3031 3401 3086 eadem
3447 3032 3596 3086 enim

1959 3104 2107 3159 serie
2163 3111 2449 3173 gestorum
2498 3104 2765 3157 dicitur:
2819 3124 2841 3152 (ι
2893 3103 3051 3158 Sedit
3086 3115 3269 3156 annos
3313 3102 3598 3173 undecim,

1960 3171 2185 3229 menses
2216 3181 2483 3243 quatuor,
2528 3174 2654 3228 dies
2698 3186 2890 3227 novem
2926 3190 2940 3238 ;
2978 3191 3000 3222 υ
3029 3173 3277 3228 deinde:
3310 3192 3335 3224 α
3368 3172 3472 3243 Hic
3512 3171 3602 3228 fu-

1958 3246 2122 3315 giens
2141 3242 2587 3312 persecutionem
2613 3244 2951 3299 Diocletiani
2978 3245 3035 3297 in
3054 3243 3272 3313 cryptis
3291 3242 3603 3299 habitando

1964 3317 2236 3385 martyrio
2277 3322 2586 3371 coronatur
2609 3328 2759 3370 anno
2793 3328 2968 3369 nono.
3001 3333 3025 3363 »
3055 3315 3302 3368 Tandem
3337 3316 3598 3385 martyrii

1960 3384 2189 3442 causam
2224 3387 2424 3455 repetit
2449 3393 2678 3455 pr0pter
2698 3393 2947 3441 sanctam
2972 3386 3321 3440 Susannam:
3352 3384 3456 3449 Qui
3480 3392 3603 3453 post

1961 3474 2169 3512 annum
2216 3459 2558 3511 undecimum
2595 3474 2714 3510 cum
2757 3456 3063 3510 Gaviniano
3107 3459 3285 3522 fratre
3322 3471 3438 3522 suo,
3466 3472 3603 3524 pro—

1956 3535 2079 3599 pter
2098 3530 2272 3598 ﬁlium
2298 3529 2497 3583 Gavi/ii
2526 3530 2834 3597 presbyteri
2857 3531 3070 3599 nomine
3091 3528 3419 3599 Susannam,
3443 3544 3603 3599 mar-

1961 3604 2104 3669 tyrio
2125 3607 2432 3654 coronatur.
2465 3599 2568 3653 Ubi
2600 3613 2667 3654 ex
2698 3599 2877 3654 variis
2908 3598 3136 3653 actibus
3157 3598 3407 3653 collectae
3428 3598 3605 3653 addi-

1962 3674 2149 3727 tiones
2181 3672 2521 3740 produntur.
2555 3672 2715 3725 Prior
2742 3676 2827 3725 est
2858 3670 3062 3725 veteris
3084 3669 3350 3739 catalogi,
3374 3683 3606 3725 concor-

1960 3744 2173 3812 datque
2200 3756 2328 3797 cum
2353 3742 2611 3812 catalogo
2643 3742 2853 3812 regina:
2879 3741 3097 3795 Sueciae
3120 3741 3276 3812 edito
3305 3754 3337 3794 a
3366 3740 3605 3795 Schele—

1960 3811 2136 3869 strate
2158 3819 2214 3868 et
2251 3826 2282 3867 a
2312 3811 2725 3881 Papebrochio.’
2749 3813 3006 3867 Secunda
3036 3811 3255 3867 additio
3302 3812 3602 3881 desumpta

1961 3887 2188 3940 videtur
2217 3898 2284 3939 ex
2315 3886 2489 3938 veteri
2521 3883 2925 3953 martyrologio
2956 3884 3186 3954 reginae,
3222 3883 3319 3937 ubi
3360 3897 3429 3938 ex
3459 3883 3602 3939 Hol-

1961 3958 2146 4011 stenio
2175 3956 2271 4011 die
2304 3969 2379 4009 vu
2428 3955 2554 4023 Kal.
2596 3956 2776 4008 Maias
2804 3955 3015 4023 legitur
3047 3956 3105 4008 in
3140 3955 3479 4008 animadver.
3526 3955 3603 4008 ad

1958 4032 2190 4093 martyr.
2220 4041 2342 4096 pag.
2383 4022 2451 4081 67
2479 4044 2495 4079 :
2541 4046 2567 4077 (ι
2604 4028 2791 4080 Romae
2826 4026 3015 4093 passio
3043 4027 3099 4079 S.
3125 4025 3248 4080 Cati
3279 4039 3457 4094 papae,
3492 4027 3595 4095 qui

1960 4113 2088 4152 cum
2106 4098 2414 4152 Ecclesiam
2443 4098 2704 4153 undecim
2727 4097 2918 4157 annis,
2944 4109 3164 4151 menses
3181 4104 3446 4165 quatuor,
3475 4097 3603 4152 dies

1959 4169 2261 4224 duodecim
2298 4169 2557 4229 rexisset.
2590 4169 2865 4237 martyrio
2895 4175 3206 4223 coronatur
3232 4166 3340 4222 sub
3367 4168 3602 4223 Diocle-

1961 4241 2118 4295 tiano
2147 4241 2408 4309 principe
2450 4254 2581 4295 cum
2609 4238 2835 4294 Gabino
2859 4240 3055 4294 fratre.
3086 4258 3112 4287 λ)
3154 4238 3345 4293 Tertia
3374 4238 3600 4294 additio

1960 4312 2358 4367 consarcinata
2386 4312 2615 4366 videtur
2642 4324 2710 4365 ex
2754 4312 2900 4366 actis
2950 4317 3159 4366 sanctae
3192 4311 3483 4373 Susanna,
3531 4311 3602 4365 de

1959 4396 2202 4451 quorum
2241 4383 2539 4438 identitate
2566 4383 2868 4451 disputant
2891 4382 3127 4437 eruditi.
3163 4380 3477 4435 Retinenda
3508 4386 3602 4434 ta-

1960 4467 2084 4578 mpn
2115 4455 2345 4535 videtur
2376 4454 2536 4522 prior
2562 4454 2778 4523 epocha
2803 4454 3103 4521 desumpta
3134 4464 3203 4505 ex
3232 4451 3494 4519 antiquis
3513 4464 3601 4505 ca~

1960 4532 2009 4578 ta
2038 4538 2182 4578 oms.

1954 4526 2182 4580 talogis.

2028 4540 2196 4650 ﬂigi;
2226 4593 2311 4648 42.
2343 4624 2416 4634 —
2461 4596 2688 4663 Propter
2716 4595 2885 4661 ﬁliam
2918 4592 3118 4647 Gauini
3143 4591 3466 4663 presbyteri,
3486 4662 3489 4663 ν
3508 4607 3600 4646 ηο-

1951 4670 2095 4721 mine
2139 4669 2468 4722 Susmmam.
2508 4662 2577 4718 Si
2621 4677 2748 4718 vera
2780 4664 2858 4717 sit
2910 4664 3026 4717 ὴιεο
3074 4663 3333 4731 martyrii
3368 4662 3422 4716 S.
3472 4662 3597 4719 Caii

1953 4737 2391 4793 circumstantia
2440 4737 2736 4804 desumpta
2767 4748 2836 4788 ex
2887 4734 3034 4788 actis
3069 4734 3451 4804 S.Susannie,
3499 4734 3600 4788 di-

1953 4807 2196 4864 cendum
2228 4807 2343 4861 erit
2384 4820 2415 4861 a
2467 4803 2834 4872 Maximiano,
2865 4805 3000 4859 Caio
3049 4803 3293 4871 infenso,
3326 4804 3599 4874 martyrio

2612 4875 2863 4945 pontifex
2913 4877 3207 4943 suscipere
3236 4877 3291 4930 S.
3324 4876 3598 4930 Susanna;

1953 4950 2409 5006 sollicitudinem
2432 4962 2593 5014 ;cum
2620 4948 2771 5003 enim
2809 4947 2906 5001 illa
2940 4947 3329 5017 virginitatem
3362 4949 3473 5002 Deo
3497 4946 3599 5001 di—

1954 5028 2156 5087 casset,
2190 5021 2259 5074 ad
2312 5020 2500 5089 ipsum
2553 5032 2622 5074 ex
2662 5018 2974 5087 episcopali
3018 5031 3263 5089 munere
3309 5017 3601 5087 spectabat

1953 5093 2078 5161 ejus
2109 5088 2349 5145 tutelam
2371 5091 2680 5159 suscipere.
2714 5088 2837 5158 Quo
2893 5088 3069 5143 titulo
3116 5089 3352 5161 Pontius
3402 5095 3601 5143 tuetur

1957 5160 2203 5234 priorem
2247 5164 2301 5216 S.
2333 5162 2604 5234 Cypriani
2636 5174 2944 5234 secessum,
2975 5161 3126 5214 inter
3152 5160 3266 5215 alia
3296 5160 3433 5234 haec
3461 5173 3598 5234 pro-

1960 5231 2116 5290 inens
2150 5252 2162 5288 :
2201 5252 2226 5284 (ι
2258 5234 2402 5302 Quis
2433 5232 2683 5302 virgines
2721 5232 2790 5287 ad
2843 5237 3250 5299 congruentem
3301 5231 3600 5302 pudicitiae

1955 5305 2348 5373 disciplinam,
2397 5311 2452 5359 et
2484 5301 2684 5359 habitu
2716 5303 3100 5357 sanctimonia
3130 5302 3393 5371 dignum,
3439 5301 3600 5357 velut

1958 5377 2138 5432 frenis
2168 5375 2537 5445 quibusdam,
2572 5375 2840 5430 lectionis
2882 5374 3187 5429 dominica:
3230 5380 3532 5445 coerceret,
3568 5391 3596 5423 »

1956 5456 2062 5504 etc.
2094 5444 2354 5516 Ad’quod
2386 5446 2523 5500 facit
2552 5449 2608 5500 S.
2636 5445 2925 5501 Ambrosii
2958 5445 3200 5514 epistola
3225 5444 3293 5499 ad
3321 5455 3594 5513 sororem,

1960 5520 2057 5575 ubi
2087 5518 2435 5587 episcopalis
2466 5518 2581 5572 haec
2612 5517 2914 5586 vigilantia
2945 5516 3313 5585 exiienditur.

2030 5584 2303 5657 Marti/rio
2344 5601 2650 5642 coronatur.
2679 5584 2965 5644 iMortuus
3017 5584 3237 5642 dicitur
3287 5584 3599 5653 confessor,

1962 5676 2069 5717 non
2107 5667 2320 5729 martyr
2352 5660 2409 5714 in
2454 5660 2712 5729 catalogo
2770 5664 2980 5730 regina:
3026 5658 3263 5714 Sueciai.
3311 5659 3603 5716 Coincidit

1958 5747 2088 5788 cum
2116 5733 2357 5787 vetustis
2392 5732 2702 5799 indiculis;
2731 5746 2861 5785 cum
2890 5745 3002 5785 non
3027 5738 3337 5800 reponatur
3362 5730 3419 5784 in
3455 5732 3601 5786 indi-

1959 5805 2092 5861 culo
2122 5802 2509 5873 depositionis
2538 5808 2874 5873 martyrum,
2906 5803 3001 5858 sed
3038 5804 3095 5859 in
3131 5801 3389 5859 indiculo
3417 5801 3601 5871 depo-
