4072 6176
462 248 600 307 4463

1681 250 2043 307 ANASTASII
2081 250 2632 309 BlBLIOTHECARII

3721 246 3846 305 4464

459 376 696 447 sitionis
717 376 1136 447 episcoporum.
1168 377 1223 432 ln
1246 377 1526 433 indiculis
1543 377 1696 433 enim
1721 378 2102 433 Ecclesiarum
2126 380 2185 441 A
2213 378 3003 447 Martii,Diocletianoixetet
3017 377 3361 433 Maximiano
3374 375 3843 445 viitcoss.,vulga-

458 445 930 516 diligentissime
981 448 1537 504 discriminabantur
1583 450 1994 517 depositiones,
2050 456 2107 504 et

462 519 759 587 martyria,
790 533 919 573 cum
945 520 1137 574 eodem
1171 528 1423 589 tempore
1454 520 1575 588 pari
1626 521 1848 575 cautela
1885 521 2108 576 distin-

462 597 778 659 guerentur
809 590 994 658 tituli,
1029 590 1243 659 quibus
1266 591 1790 647 cohonestabantur
1810 592 2109 647 confesso-

464 674 555 715 res
586 660 789 715 florida
815 668 871 716 et
903 661 1153 730 gloriosa
1178 661 1557 728 confessione,
1589 669 1647 718 et
1667 670 1940 732 martyres
1961 664 2106 719 desi-

463 732 645 805 gnati,
674 737 730 786 et
778 739 1063 805 martyres
1083 734 1363 788 coronati.
1412 735 1479 788 Et
1511 734 1743 805 quidem
1800 734 1972 803 hujus
2023 734 2105 789 rei

463 802 635 875 testis
660 802 880 875 accedit
906 803 1144 875 Pontius
1178 805 1235 858 in
1263 805 1388 859 Vita
1420 806 1476 858 S.
1517 802 1809 875 Cypriani,
1838 802 1938 874 qui
1969 818 2109 873 pro—

463 870 710 945 baturus
733 873 789 928 S.
830 874 1147 929 antistitem
1183 876 1428 943 primum
1460 870 1612 931 inter
1638 870 1939 945 episcopos
1964 870 2109 930 Car-

464 942 835 1015 thaginenses
861 946 1134 1015 martyrio
1181 942 1572 1010 nobililatum,
1609 942 1688 1001 id'
1729 960 1795 1003 ex
1841 942 2111 1002 'indiculo

464 1014 722 1087 deducit,
757 1016 835 1070 ita
878 1014 1175 1071 scribens:
1227 1037 1254 1068 α
1285 1018 1380 1072 Sic
1425 1026 1816 1073 consummata
1850 1018 2112 1087 passione

467 1083 808 1158 patefactum
833 1093 938 1158 est,
974 1088 1394 1158 utCyprianus,
1427 1090 1526 1158 qui
1556 1083 2110 1145 bonorum'omnium

464 1153 651 1227 fuerat
701 1157 1045 1227 exemplum,
1097 1153 1267 1214 etiam
1323 1153 1704 1215 sa'ce'rdotales
1760 1173 2001 1215 coronas
2053 1161 2110 1213 in

463 1224 681 1301 Africa
714 1224 934 1301 primus
984 1224 1305 1285 imbueret:
1363 1232 1500 1301 quia
1540 1237 1595 1285 et
1656 1231 1793 1286 talis
1821 1244 1945 1285 esse
1987 1235 2114 1299 post

465 1298 754 1371 apostolos
795 1300 953 1368 prior
982 1307 1265 1370 coeperat:
1302 1298 1526 1371 ex'quo
1573 1302 1744 1357 etiam
1775 1298 2108 1369 Carthagini

466 1368 837 1443 episcopatus
891 1372 1038 1443 ordo
1072 1368 1449 1439 numeratur,
1524 1386 1814 1443 nunquam
1868 1368 2106 1440 aliquis,

467 1441 732 1512 quamvis
782 1454 852 1496 ex
890 1440 1079 1507 bonis,
1113 1449 1168 1496 et
1220 1444 1618 1499 sacerdotibus
1663 1440 1737 1498 ad
1790 1444 2109 1512 passionem

466 1511 693 1584 venisse
742 1520 1129 1584 memoratur;
1180 1513 1313 1569 licet
1368 1516 1483 1570 Deo
1529 1529 1755 1584 semper
1784 1511 2110 1582 mancipata

468 1581 695 1656 devotio
732 1583 944 1638 dicatis
968 1583 1302 1640 hominibus
1335 1600 1435 1655 pro
1464 1581 1736 1656 martyrio
1779 1581 2108 1654 deputetur.

468 1653 789 1726 Cyprianus
822 1661 1006 1709 tamen
1033 1656 1203 1711 etiam
1239 1657 1308 1712 ad
1338 1653 1649 1726 perfectam
1680 1653 1948 1712 coronam
1992 1657 2112 1710 Do—

470 1724 613 1778 mini
642 1733 1106 1796 consummanter
1137 1724 1395 1796 profecit,
1436 1736 1501 1783 ut
1528 1730 1584 1783 in
1618 1729 1851 1784 civitate
1875 1728 2017 1796 ipsa,
2050 1727 2107 1780 in

470 1807 583 1876 qua
614 1794 810 1876 taliter
837 1796 1078 1876 vixerat,
1129 1794 1187 1876 in
1220 1794 1576 1876 qua_fecerat
1598 1801 1777 1876 multa
1820 1794 2110 1876 praeclara,

470 1867 632 1935 prior
659 1867 829 1943 etiam
887 1869 1204 1943 sacerdotis
1238 1867 1510 1943 caelestis
1564 1867 1830 1943 insignia
1858 1870 2112 1943 glorioso

469 1949 676 2012 cruore
706 1940 1017 2012 dtecoraret.
1054 1958 1079 1990 υ
1111 1942 1317 1996 Verum
1373 1942 1425 1997 si
1459 1940 1949 2012 martyr‘dicat’ur
1994 1941 2114 2012 sive

470 2008 665 2081 Caius,
697 2009 819 2064 sive
846 2011 974 2077 alii,
1028 2012 1098 2067 de
1130 2026 1373 2081 quorum
1419 2008 1811 2068 consummato
1840 2011 2113 2081 martyrio

469 2077 794 2154 dubitatur,
829 2081 884 2135 id
924 2077 1171 2153 intelligi
1204 2090 1389 2152 potest
1409 2098 1520 2154 quo
1546 2084 1708 2139 modo
1728 2084 1957 2139 dixerat
1979 2077 2118 2154 Pon-

473 2151 594 2223 tius
627 2169 639 2204 :
669 2151 879 2223 «Licet
911 2154 1024 2209 Deo
1046 2151 1268 2223 semper
1298 2151 1618 2223 mancipata
1641 2155 1866 2210 devotio
1905 2153 2116 2209 dicatis

473 2220 812 2296 hominibus
838 2238 939 2296 pro
967 2220 1243 2296 martyrio
1261 2220 1587 2295 deputetur.
1619 2246 1644 2276 ι)
1670 2225 1939 2296 Martyris
1962 2225 2114 2280 enim

476 2292 655 2368 titulo
683 2292 1195 2368 compellabantur.
1244 2292 1577 2368 quicunque
1601 2310 1731 2353 vera
1757 2292 2117 2353 confessione

472 2376 505 2418 a
551 2371 606 2419 te
617 2364 856 2494 ﬁpdices
877 2365 1041 2422 ﬁdem
1068 2364 1619 2437 proﬁte‘hantnrmnt
1645 2369 1795 2423 intra
1826 2379 2115 2422 carcerum

474 2447 628 2494 angu
668 2437 776 2494 .ias
794 2451 895 2494 nro
921 2438 1028 2494 ﬁde
1047 2437 1433 2494 decertabant.
1457 2446 1517 2494 ut
1537 2454 1683 2494 saeue
1705 2439 2042 2494 Cvnrianus.

474 2437 776 2507 angquias
792 2451 895 2507 pro
921 2438 1028 2494 ﬁde
1047 2437 1433 2510 decertabant,
1457 2446 1517 2496 ut
1537 2454 1683 2510 saepe
1705 2439 2042 2510 Cyprianus.

994 2548 1160 2604 BINII
1196 2549 1283 2603 ΕΤ
1321 2549 1562 2604 LABBEI
1575 2590 1588 2603 .

548 2653 720 2724 Linea
736 2651 809 2724 78.
843 2683 917 2694 —-
951 2656 1053 2709 Hic
1080 2658 1298 2723 fugiens
1321 2659 1744 2724 persecutionem
1776 2656 2115 2720 Diorletiani‘,

479 2724 592 2796 Has
618 2722 865 2778 latebras
892 2724 1015 2779 Caii
1048 2722 1173 2793 post
1195 2722 1532 2796 martyrium
1561 2727 1743 2782 sancti
1771 2726 2116 2796 Sebastiani,

478 2794 882 2863 sociorumque
910 2796 1035 2863 ejus
1058 2794 1513 2852 nimirum'circa
1535 2811 1746 2852 annum
1778 2797 1992 2851 Christi
2015 2794 2120 2851 286

478 2864 827 2938 contigissee
838 2872 959 2921 acta
972 2868 1225 2934 ejusdem
1257 2869 1525 2938 martyris
1541 2867 1974 2938 probatissima,
1988 2868 2117 2938 qui-

476 2934 591 2989 bus
611 2934 982 3009 Sebastianus
1012 2951 1140 2992 cum
1170 2934 1419 3009 reliquis
1445 2934 1621 2993 sociis
1644 2952 1675 2993 a
1700 2938 1837 2992 Caio
1858 2938 1926 2993 ad
1952 2934 2117 2992 ﬁdem

2216 452 2299 505 ris
2335 465 2460 504 mra:
2485 450 2700 505 Christi
2734 463 2885 505 anno
2914 447 3038 513 304,
3066 450 3142 505 ita
3170 450 3464 504 indicante
3491 449 3671 503 etiam
3698 454 3846 501 cata-

2217 522 2344 591 logo
2369 522 2581 592 reginae
2618 522 2855 583 Suecize,
2896 521 3052 575 edito
3080 534 3177 590 per
3200 521 3455 575 eumdem
3499 520 3850 574 Schelestra-

2216 593 2384 659 tium,
2434 591 2545 647 eta
2609 593 2776 648 nobis
2823 593 3099 660 producto
3127 593 3183 646 in
3238 591 3687 661 Prolegomenis,
3727 592 3845 644 dum

2216 664 2669 731 observaremus,
2731 671 2882 718 recte
2947 662 3241 718 collectam
3320 660 3503 717 fuisse
3580 673 3847 715 summam

2216 748 2494 790 annorum
2518 731 2625 789 276
2653 749 2686 789 a
2733 736 2997 804 passione
3037 734 3268 804 Domini
3304 732 3385 788 ibi
3420 733 3846 804 consignatam;

2218 820 2344 860 cum
2367 820 2434 861 ex
2456 819 2607 860 anno
2633 803 2758 860 tera:
2775 805 3034 875 vulgaris
3054 803 3145 871 28,
3176 806 3271 860 cui
3297 803 3715 875 assignandam
3741 814 3849 855 esse

2220 878 2544 947 passionem
2564 878 2794 932 Domini
2825 873 3146 947 inchoatam
3174 876 3272 931 die
3298 874 3369 930 25
3391 873 3585 947 Martii
3622 875 3683 947 in
3705 873 3851 926 horto

2219 943 2274 1002 et
2302 955 2748 1003 consummatam
2775 949 2870 1002 die
2895 946 2966 1002 26
3011 948 3068 1002 in
3117 953 3304 1002 monte
3335 946 3615 1001 Calvariaz
3650 943 3754 998 fer.
3800 956 3849 996 vr

2222 1019 2535 1074 statuimus
2577 1017 2705 1073 cum
2751 1019 3008 1088 Victorio
3050 1019 3339 1088 Aquitano
3372 1032 3497 1087 pag.
3526 1013 3851 1088 xmnProle-

2261 1104 2372 1165 9m,
2395 1091 2464 1145 ad
2497 1104 2725 1165 annum
2758 1087 2865 1145 304
2914 1083 3284 1165 ejusdemque
3318 1083 3689 1165 gies_Martii
3714 1083 3851 1165 235i

2257 1160 2291 1216 6
2314 1163 2435 1216 sint
2462 1162 2598 1215 anni
2621 1158 2728 1217 276
2751 1156 2957 1216 exacte
2979 1156 3285 1216 numerati.
3318 1161 3397 1214 Ex
3426 1158 3529 1213 illa
3562 1158 3748 1225 igitur
3769 1156 3853 1209 die

2224 1231 2291 1287 46
2326 1232 2539 1300 Martii,
2572 1247 2696 1302 quae
2725 1246 2991 1288 coronam
3027 1232 3286 1301 martyrii
3308 1228 3852 1302 attulitMai-cellino

2221 1304 2316 1375 (ut
2346 1304 2401 1358 in
2437 1298 2697 1372 prOximo
2724 1298 3314 1375 numerostatue'mus
3342 1315 3471 1356 cum
3503 1298 3856 1354 Schelestra-

2222 1373 2345 1449 tio),
2375 1375 2775 1449 recedendqin
2800 1374 3091 1449 anteriora
3125 1389 3221 1449 per
3248 1386 3431 1449 annos
3460 1377 3612 1439 octo,
3647 1382 3853 1449 menses

2219 1442 2387 1509 duos,
2418 1452 2472 1500 et
2508 1445 2633 1499 dies
2663 1444 2734 1501 25
2761 1445 3016 1515 ejusdem
3045 1446 3167 1499 sedi
3212 1444 3527 1498 attributos
3556 1456 3586 1508 ει
3621 1442 3853 1515 picturis

2219 1518 2272 1572 S.
2310 1516 2495 1591 Pauli,
2544 1530 2764 1591 necnon
2792 1512 2826 1571 a
2863 1516 3159 1591 catalogis
3194 1516 3373 1591 Italiae
3402 1512 3851 1591 vetustioribus,

2224 1590 2484 1656 provenit
2521 1588 2810 1642 ordinatio
2841 1582 3163 1643 Marcellini
3189 1588 3282 1656 ad
3326 1586 3726 1656 episcOpatum
3773 1582 3854 1656 die

2218 1653 2516 1715 Dominica
2541 1656 2613 1714 22
2641 1658 2967 1714 Decembris
2994 1671 3146 1712 anno
3174 1655 3306 1712 295.
3345 1653 3497 1711 Mors
3551 1653 3855 1725 igiturde-

2140 1750 2189 1809 B
2222 1730 2488 1809 cessaris,
2524 1730 2832 1809 quaeillam
2875 1730 3170 1809 praecessit
3194 1742 3261 1783 ex
3283 1723 3727 1809 dieindicata}
3745 1723 3851 1809 Kal.

2220 1802 2504 1875 Maii.qua
2529 1795 2816 1875 coliturin
2837 1795 3091 1870 ejusdem
3116 1801 3235 1875 sive
3257 1797 3762 1875 martyrium_,_sive
3779 1795 3856 1848 de-

2223 1867 2437 1942 positio
2482 1874 2538 1926 in
2592 1872 2816 1935 Calisti,
2868 1867 2935 1926 iit
2987 1869 3264 1941 opuscula
3313 1867 3853 1942 :etatis_l_.iberiana

2222 1937 2512 1998 testantur
2545 1944 2604 1998 in
2637 1937 3060 2013 Prolegomenis
3093 1955 3267 2011 supra
3296 1940 3474 1995 editis
3502 1938 3606 1993 fol.
3642 1950 3723 1997 ix,
3761 1937 3854 2013 de—_

2224 2020 2505 2070 monstrat
2546 2006 2897 2070 vacationem
2956 2014 3113 2069 sedis
3169 2006 3505 2081 productam
3563 2021 3751 2078 usque
3793 2006 3852 2059 ad

2224 2088 2374 2161 diem
2405 2084 2467 2161 24
2505 2086 2832 2161 Decembris
2857 2085 3111 2153 ejusdem
3143 2085 3433 2161 anni,_seu
3475 2086 3854 2161 ﬁliifililﬁfas

2224 2158 2508 2212 Kalendas
2534 2158 2856 2217 Januarias,
2877 2151 3019 2225 quas
3045 2155 3326 2224 aperituri
3360 2159 3535 2225 erant
3556 2151 3857 2225 Diocletia-

2226 2242 2337 2283 nus
2362 2242 2465 2282 χιιι
2487 2234 2543 2283 et
2571 2217 2959 2283 Maximianus
2979 2217 3108 2283 cum
3140 2239 3293 2281 anno
3315 2224 3578 2292 vulgaris
3596 2236 3729 2276 εει-ει)
3748 2217 3855 2274 296.

2223 2301 2282 2355 Si
2313 2305 2503 2354 autem
2537 2300 2653 2353 haec
2685 2299 3010 2372 testimonia
3056 2297 3231 2372 ferme
3254 2296 3499 2365 :equalia
3549 2294 3860 2372 admittan-

2225 2379 2341 2430 tur.
2373 2376 2597 2426 constat
2647 2384 2828 2425 annos
2879 2371 3165 2441 undecim,
3206 2363 3410 2441 menses
3441 2371 3703 2441 quatuor,
3734 2363 3857 2441 uitis

2225 2458 2429 2506 nouem,
2468 2443 2524 2495 in
2558 2442 2805 2511 picturis
2834 2440 3111 2505 Paulinis,
3155 2434 3859 2511 caeterisqneincatamgis

2227 2526 2525 2581 expressos
2558 2507 2759 2567 exacte
2801 2513 2991 2566 metiri
3023 2512 3207 2567 sedem
3237 2510 3381 2571 Caii,
3408 2515 3466 2562 et
3505 2507 3860 2561 Liberianuai

2229 2584 2548 2656 catalogum
2568 2584 2830 2656 adjicere
2853 2583 2991 2638 huic
3027 2595 3265 2637 summa:
3297 2592 3518 2656 menses
3543 2585 3678 2632 octo
3708 2588 3862 2656 vaca-

2231 2651 2634 2718 tionis'sedis,
2656 2651 2722 2709 et
2770 2667 3003 2726 menses
3051 2660 3187 2719 tres,
3224 2651 3489 2726 prgitime
3535 2654 3864 2726 consecutos

2231 2740 2414 2801 usque
2438 2727 2507 2781 ad
2550 2725 2822 2801 Paschale
2848 2732 3071 2801 tempus
3101 2718 3388 2801 anni—gilii,
3421 2722 3719 2801 signatum
3751 2718 3866 2771 Dio-

2229 2792 2478 2872 cletiano
2510 2811 2563 2850 Vl
2594 2802 2649 2851 et
2680 2792 3027 2872 Maximiano
3056 2809 3205 2850 coss.
3236 2794 3415 2872 Salva
3431 2798 3519 2872 est
3540 2792 3739 2872 igitur
3764 2801 3863 2872 anf

2228 2869 2468 2924 ctoritas
2497 2881 2601 2923 sua
2628 2869 2861 2936 utrique
2890 2873 3158 2935 computo
3188 2884 3201 2919 :
3248 2865 3326 2919 ita
3369 2865 3418 2917 si
3458 2861 3864 2936 intelligantur

2230 2947 2469 3009 peractae
2499 2933 2960 3008 supputat'iones,
2985 2933 3039 2992 et
3070 2939 3413 3009 imputatum
3445 2933 3587 3009 Caio
3609 2945 3708 3009 per
3732 2936 3866 3009 catao

478 3006 905 3092 suscipiendam
942 2999 1355 3092 institutus,_et
1379 3010 1587 3066 deinde
1632 3009 1956 3079 baptizatus
1996 3022 2121 3065 esse
2147 3054 2189 3092 η
2231 2999 2420 3092 iogum
2445 2999 2809 3092 Liberianu-m
2840 2999 3062 3091 tempus
3088 2999 3405 3092 vacationis
3434 3004 3594 3086 sedis
3612 2999 3749 3092 ante
3763 2999 3868 3092 ﬁli-

478 3083 770 3141 narratur,
798 3081 942 3134 satis
980 3087 1173 3147 aperte
1196 3081 1476 3137 indicant.

548 3149 649 3218 (Ex
673 3148 825 3218 ΕΑΒ.)
869 3152 1036 3206 Linea
1067 3148 1123 3206 7.
1156 3183 1222 3192 -—
1265 3153 1663 3208 Subdiaconus.
1709 3153 1835 3207 Haec
1864 3166 1970 3207 vox
1998 3165 2123 3207 me—

480 3233 609 3275 rum
635 3219 916 3291 glossema
944 3227 1032 3275 τοῦ
1053 3218 1340 3285 ἀκολούθού,
1374 3226 1475 3295 qui
1510 3223 1799 3294 praecedit.

1120 3331 1486 3387 BLANCHINI

980 3432 1133 3475 NOTE
1173 3433 1609 3476 CBRONOLOGICE.

551 3508 613 3561 In
644 3506 778 3562 Caio
824 3509 1194 3564 consentiunt
1224 3511 1449 3565 numeri
1480 3511 1743 3566 codicum
1775 3516 1832 3565 et
1862 3510 2127 3579 pictura-

481 3590 769 3650 rumcum
804 3579 1108 3635 intervallo
1140 3593 1238 3650 per
1264 3582 1533 3643 consules
1553 3581 1889 3637 conﬁrmato
1917 3588 2029 3635 tam
2064 3583 2122 3634 in

481 3648 782 3721 catalogis,
807 3663 975 3721 quam
1008 3651 1069 3721 in
1110 3648 1270 3707 textu
1300 3652 1757 3716 Bibliothecarii,
1787 3653 2125 3720 czeterisque

481 3718 657 3795 libris
679 3718 966 3777 indicatis
992 3720 1133 3778 folio
1165 3735 1213 3777 cr
1246 3724 1397 3778 inter
1427 3725 1826 3795 Prolegomena
1851 3742 1864 3788 ;
1894 3723 1943 3778 si
1978 3718 2126 3777 ratio

485 3790 763 3863 habeatur
791 3806 988 3848 eorum
1040 3808 1167 3863 quae
1204 3796 1274 3849 de
1307 3790 1647 3851 consulibus
1681 3810 1805 3850 mox
1843 3796 2124 3850 dicemus.

482 3861 785 3936 Leguntur
813 3864 967 3917 enim
1000 3861 1111 3936 tam
1169 3865 1229 3920 in
1268 3866 1512 3921 Basilica
1537 3868 1598 3921 S.
1634 3866 1818 3935 Pauli,
1867 3878 2030 3936 quam
2068 3865 2126 3918 in

484 3934 709 3988 caeteris
754 3934 1116 3989 documentis
1167 3936 1248 3991 ibi
1296 3937 1610 4005 productis,
1657 3934 2125 4002 anni'undecim,

488 4015 713 4079 menses
738 4010 1007 4079 quatuor,
1038 4006 1165 4062 dies
1190 4021 1411 4063 novem.
1439 4008 1606 4064 Solus
1636 4009 1931 4079 catalogus
1958 4007 2127 4079 Libe-

488 4075 693 4150 rianus
747 4075 939 4150 signat
965 4089 1148 4150 annos
1177 4079 1502 4148 duodecim,
1538 4087 1593 4136 et
1624 4075 1852 4150 quidem
1891 4078 2130 4150 exordio

488 4144 663 4219 ducto
692 4157 759 4199 ex
790 4144 886 4219 die
915 4161 1005 4200 xvr
1051 4149 1172 4202 Kal.
1211 4144 1499 4219 Januarii,
1544 4144 1744 4207 seu'l9
1783 4148 2130 4219 Decembris,

490 4215 631 4287 Caro
670 4229 707 4269 ιι
753 4222 809 4269 et
849 4217 1058 4273 Carino
1116 4215 1489 4285 consulibus,
1524 4223 1751 4277 scilicet
1805 4235 1955 4276 anno
2004 4218 2130 4287 283,

493 4286 645 4363 unde
685 4299 889 4363 revera
921 4290 1242 4363 ducendum
1270 4298 1395 4353 est;
1434 4308 1562 4347 cum
1592 4294 1975 4363 subsequatur
2003 4286 2136 4347 dieé

493 4356 603 4413 bus
631 4365 746 4411 octo
768 4353 893 4431 [alii
926 4361 1155 4434 codices
1184 4365 1474 4417 Anastasii
1511 4365 1709 4434 legunt
1734 4353 1809 4434 9].,
1847 4372 1973 4433 post
2001 4364 2136 4419 obi—

492 4436 636 4506 tum,
662 4444 761 4506 seu
793 4432 1347 4506 postdepositionem
1376 4432 1736 4506 Eutychiani,
1762 4432 1818 4490 in
1848 4432 2131 4504 Sujieriori

2144 3073 2193 3131 Ο
2231 3070 2479 3137 stionem
2535 3080 2854 3135 Marcellini
2896 3070 3281 3134 successoris:
3334 3079 3405 3132 de
3446 3076 3621 3143 cujus
3648 3070 3863 3142 epochae

2234 3151 2597 3278 rectitultline,
2648 3159 2702 3207 et
2746 3150 3175 3206 characteribus
3220 3149 3483 3219 proximo
3533 3150 3594 3200 in
3639 3152 3865 3199 numero

2234 3230 2431 3278 consta
2476 3231 2538 3278 it.

2233 3230 2538 3280 constabit.

2804 3344 2956 3386 NOTAE.
2987 3341 3308 3385 HISTORICE.

2306 3439 2478 3494 Linea
2515 3436 2569 3493 6.
2601 3467 2670 3477 —
2704 3440 2772 3493 Ut
2802 3443 2938 3492 esset
2963 3441 3241 3501 ostiarius,
3276 3436 3455 3498 lector,
3491 3438 3602 3486 etc.
3634 3431 3865 3501 Hector—

2232 3512 2437 3567 dinum
2467 3510 2703 3579 partitio
2734 3509 3055 3578 septenaria
3088 3499 3317 3579 legitur
3335 3506 3395 3579 in
3438 3502 3687 3579 epistola
3732 3499 3867 3579 Cor-

2236 3582 2376 3637 nelii
2402 3571 2576 3650 papas,
2612 3571 2948 3649 praeservata
2977 3582 3127 3648 apud
3147 3571 3466 3633 Eusebium
3498 3574 3603 3650 lib.
3626 3585 3703 3635 vi,
3732 3571 3862 3623 Hist.

2234 3667 2359 3721 cap.
2392 3645 2489 3719 43,
2513 3645 2802 3706 ubi—etiam
2834 3645 3130 3705 enumerat
3156 3650 3215 3721 in
3248 3649 3501 3702 Romano
3530 3645 3685 3698 clero
3717 3653 3864 3721 pres—

2236 3709 2876 3793 byteros'quadraginta
2899 3728 3166 3791 quatuor,
3188 3720 3465 3793 diaconos
3485 3722 3721 3793 septem,
3752 3709 3865 3765 sub-

2234 3787 2525 3850 diaconos
2538 3787 2799 3862 totidem,
2822 3787 3117 3862 aco‘lythos
3135 3791 3282 3861 quad
3293 3789 3518 3862 raginta
3539 3787 3710 3862 duos,
3727 3794 3868 3862 exor-

2236 3867 2433 3939 cistas,
2464 3871 2520 3920 et
2553 3855 2795 3939 lectores
2812 3855 2966 3939 cum'
2986 3855 3250 3939 ostiariis
3283 3855 3685 3939 guadraginta
3713 3855 3863 3939 duca.

2235 3938 2369 3993 Eam
2415 3923 2626 4006 partem
2681 3934 2938 4005 epistolae
2979 3933 3113 3990 dedi
3172 3934 3233 3987 in
3283 3923 3630 3986 P'raefatione
3659 3924 3793 3981 tomi
3827 3923 3863 3985 Ι,

2238 4022 2293 4062 ιι.
2318 4007 2406 4063 35.

2311 4080 2484 4134 Linea
2510 4076 2566 4132 8.
2604 4108 2678 4117 —
2704 4079 2806 4130 Hic
2825 4078 3067 4143 regiones
3098 4076 3285 4129 diuisit
3303 4073 3645 4127 diaconibus.
3669 4071 3868 4127 Nume-

2242 4166 2343 4206 rus
2369 4150 2801 4220 quatuordecim
2856 4148 3152 4217 regionum
3186 4146 3358 4220 Urbis
3397 4143 3756 4220 constitutus
3784 4157 3869 4220 per

2241 4214 2561 4286 Augustum
2613 4214 2952 4288 principem,
3012 4220 3067 4271 in
3125 4218 3435 4286 partitione
3492 4214 3866 4288 ecclesiastica

2247 4296 2338 4348 red
2352 4302 2516 4347 uctus
2547 4286 2659 4346 fuit
2683 4296 2750 4364 ad
2780 4286 2995 4359 septem,
3020 4288 3422 4364 etassignatus
3439 4286 3680 4364 totidem
3699 4286 3869 4364 diaco~

2247 4367 2358 4431 nis,
2395 4371 2457 4417 ut
2489 4364 2544 4417 in
2583 4357 3000 4433 Prolegomenis
3022 4357 3478 4427 fusius—eitposui
3510 4360 3617 4411 hoc
3647 4365 3790 4411 tomo
3816 4357 3865 4407 in

2244 4434 2524 4504 opusculo
2547 4435 2661 4488 XV.

498 4487 766 4575 periucha
793 4487 1085 4575 Liberiani
1126 4487 1684 4575 catalogiiipwosi'tami
1699 4487 1830 4563 ejxto
1850 4487 2004 4563 vidit—1‘s
2021 4487 2135 4561 De;
2161 4487 2215 4548 D
2253 4487 2487 4560 "mnes
2505 4487 2603 4559 '42.
2659 4536 2727 4544 —-
2756 4507 2979 4573 Propter
2998 4503 3169 4572 ﬁliam
3200 4502 3404 4557 Gavini
3424 4501 3753 4568 presbyteri,
3776 4513 3865 4575 no-

494 4574 743 4630 cembris
770 4587 870 4630 seu
900 4577 992 4632 die
1019 4573 1072 4630 8.
1100 4576 1268 4632 Liber
1294 4573 1648 4635 Pontiﬁcalis
1681 4580 1848 4635 habet
1872 4593 1964 4634 xiv
2007 4579 2131 4632 Kal.

490 4646 774 4718 Januarii.
826 4648 1213 4718 Corrigendus
1239 4656 1485 4705 attamen
1516 4658 1605 4705 est
1642 4667 1709 4706 ex
1748 4654 2005 4716 catalogo
2037 4650 2135 4718 Li:—

493 4717 752 4789 beriano,
795 4717 1060 4789 signante
1102 4735 1194 4774 xvr
1228 4720 1534 4777 Kalendas.
1571 4726 1707 4780 Cum
1756 4737 1884 4777 veru
1912 4722 2037 4776 dies
2071 4717 2134 4775 47

493 4788 823 4844 Decembris
859 4788 1009 4845 anno
1033 4788 1140 4847 283
1182 4793 1400 4847 incidat
1441 4793 1497 4848 in
1548 4794 1854 4849 Sabbatum
1888 4800 2137 4862 quatuor

492 4862 854 4934 Temporum,
885 4875 997 4930 quo
1025 4863 1328 4934 pervigilia
1379 4864 1573 4919 haberi
1620 4872 2028 4919 consueverunt
2064 4864 2131 4917 ad

495 4933 893 4989 ordinationes
926 4933 1379 5004 presbyterorum
1413 4943 1469 4990 et
1514 4937 1909 5003 diaconorum,
1942 4935 2136 4990 conti-

498 5004 843 5076 nuatiodiei
876 5006 1189 5061 Dominicae
1222 5006 1287 5059 48
1316 5006 1665 5072 Decembris,
1696 5020 1807 5076 qua
1837 5005 2138 5061 ordinaba-

496 5082 596 5132 tur
623 5074 929 5144 episcopus
957 5076 1150 5138 Caius,
1182 5079 1538 5133 occasionem
1567 5074 1729 5133 dedit
1749 5076 2137 5133 confundendi

498 5146 865 5218 pervigilium
888 5147 1278 5218 ordinationis
1308 5163 1436 5203 cum
1467 5149 1589 5217 ipsa
1616 5149 1730 5203 die.
1761 5149 1922 5218 Apud
1956 5162 2135 5218 quos—

498 5217 627 5275 dam
661 5230 791 5273 vero
817 5217 1073 5273 turbavit
1100 5220 1271 5274 etiam
1295 5218 1724 5289 chronologiam
1754 5217 2141 5275 successionis

502 5305 599 5359 per
631 5302 850 5344 menses
868 5290 1192 5359 complures
1214 5290 1612 5355 additamenti,
1638 5292 1785 5360 quod
1809 5292 2143 5359 adjecerunt

497 5361 784 5417 vacationi
816 5361 972 5416 sedis
999 5370 1126 5430 post
1146 5362 1364 5417 obitum
1387 5362 1532 5425 Caii,
1556 5364 1676 5417 sive
1702 5363 1958 5417 coronati
1986 5375 2144 5415 mar-

499 5434 671 5501 tyrio,
705 5434 825 5487 sive
854 5433 1100 5501 depositi
1136 5434 1230 5488 die
1258 5431 1329 5487 22
1367 5434 1587 5501 Aprilis
1628 5434 1763 5487 anni
1793 5431 1917 5496 295,
1955 5434 2141 5487 inter-

499 5503 858 5571 pontiﬁcium
917 5504 1310 5573 protrahentes
1366 5519 1463 5574 per
1511 5505 1794 5575 reliquum
1830 5506 1956 5573 ejus
2006 5504 2140 5558 anni

498 5574 748 5646 spatium
784 5590 965 5646 usque
990 5578 1055 5631 ad
1093 5590 1150 5630 ix
1173 5577 1452 5646 Kalendas
1474 5574 1756 5637 Januarii,
1781 5591 1923 5645 quas
1944 5575 2145 5644 aperi—

498 5645 617 5698 turi
641 5652 802 5697 erant
830 5645 1095 5703 consules
1121 5648 1256 5701 anni
1289 5645 1413 5711 296,
1450 5648 1841 5702 Diocletianus
1863 5662 1917 5701 νι
1950 5654 2006 5701 et
2036 5649 2145 5700 Ma-

494 5714 827 5788 ximianus:
854 5721 1001 5784 quod
1022 5718 1232 5788 colligo
1257 5733 1323 5772 ex
1356 5733 1466 5773 aera
1496 5720 1776 5787 sequenti.
1812 5718 2145 5788 Videbimus

494 5804 562 5845 ex
593 5785 1020 5854 Schelestratio,
1056 5785 1283 5857 passum
1319 5788 1496 5845 fuisse
1532 5785 1926 5845 Marcellinum
1954 5791 2049 5844 die
2076 5787 2144 5844 46

2242 4580 2387 4631 mine
2431 4579 2759 4641 Susannam,
2811 4570 2945 4642 εἷα,
2976 4570 3243 4641 martyrio
3285 4577 3599 4625 coronatur.
3631 4574 3763 4625 Acta
3785 4570 3863 4621 Sa.

2241 4649 2362 4703 Caii
2400 4662 2555 4718 papa:
2580 4654 2635 4701 et
2668 4648 2953 4717 martyris.
2986 4660 3052 4699 ac
3070 4646 3341 4718 Susanna:
3370 4644 3865 4718 virginis_et_mar—

2246 4713 2415 4790 tyris'
2441 4713 2570 4774 cum
2610 4719 2789 4790 sociis
2816 4713 3031 4790 edidit,
3064 4724 3121 4772 et
3162 4714 3479 4790 illustravit
3520 4713 3864 4790 notis

2247 4784 2495 4846 Becillus
2526 4789 2772 4844 Urbinas
2804 4788 3096 4858 presbyter
3123 4786 3591 4858 congregationis
3634 4784 3862 4839 Oratorii

2245 4865 2314 4917 de
2340 4862 2485 4917 Urbe
2518 4875 2667 4915 anno
2702 4858 2856 4927 4628,
2891 4861 2949 4914 in
2976 4856 3199 4928 quibus
3240 4858 3358 4912 haec
3411 4856 3706 4925 leguntur.
3758 4864 3863 4928 qua

2248 4948 2357 4989 non
2389 4947 2585 5002 parum
2616 4923 2915 4987 illustrant
2934 4923 3222 4985 decretum
3252 4929 3307 5002 S.
3344 4923 3689 5002 Etutychtiani
3717 4923 3862 5002 paulo

2246 4999 2807 5059 ante'memoratum.
2836 5002 3196 5071 etoriginem
3233 5000 3394 5054 tituli
3419 4999 3864 5071 SS.Susannaeet

2247 5077 2392 5142 Caii,
2422 5088 2545 5145 pag.
2568 5071 2667 5130 37:
2693 5096 2716 5124 (ι
2732 5075 2889 5129 Tunc
2905 5065 3086 5142 jussit
3102 5070 3681 5145 DiocletianustAugv
3711 5076 3768 5145 ut

2252 5137 2401 5202 intra
2423 5137 2635 5201 donum
2661 5137 2995 5213 suamjuitta
3024 5145 3255 5198 domum
3277 5142 3398 5196 Caii
3422 5137 3681 5209 episcopi
3698 5137 3864 5210 gladio

2254 5214 2908 5289 puniretur(Susanna):
2962 5228 3106 5289 (μιαί
3130 5225 3396 5283 percussa
3443 5213 3862 5289 juxtajdomum

2252 5285 2412 5345 suam
2448 5288 2702 5343 reddidit
2730 5287 3022 5356 spiritum.
3064 5286 3177 5340 Hoc
3199 5298 3329 5356 cum
3360 5285 3863 5356 audiretSeverina

2250 5361 2530 5429 Augusta,
2562 5373 2690 5413 cum
2726 5354 2936 5428 gaudio
2964 5364 3127 5412 nocte
3157 5355 3387 5429 veniens
3413 5354 3651 5423 collegit
3677 5362 3865 5429 corpus

2251 5433 2304 5487 S.
2342 5421 2615 5503 Susannae
2662 5421 2950 5503 martyris.
2984 5435 3041 5503 et
3088 5427 3424 5503 sanguinem
3450 5421 3642 5503 quem
3685 5421 3869 5503 effnde

2254 5510 2340 5558 rat
2371 5505 2426 5556 in
2450 5502 2642 5557 eodem
2666 5500 2790 5555 loco
2814 5497 2921 5555 suo
2950 5498 3229 5554 velamine
3251 5497 3512 5561 detersit,
3532 5505 3591 5550 et
3614 5497 3801 5565 posuit
3820 5497 3869 5543 in

2252 5589 2311 5628 ca
2326 5587 2477 5642 psam
2514 5579 2835 5638 argenteam
2870 5572 2927 5625 in
2965 5570 3173 5639 palatio
3198 5582 3322 5631 suo,
3357 5568 3451 5622 ubi
3480 5569 3578 5622 die
3608 5572 3874 5630 noctuque

2255 5646 2490 5700 furtivis
2527 5643 2750 5697 vicibus
2779 5656 2943 5697 orare
2975 5655 3082 5695 non
3133 5646 3411 5713 cessabat.
3444 5642 3666 5713 Corpus
3700 5646 3872 5713 autern

2251 5718 2306 5770 S.
2338 5720 2610 5770 Sasannie
2635 5728 2758 5782 ipso
2778 5713 3045 5767 manibus
3062 5712 3187 5767 suis
3208 5712 3436 5765 ornavit
3456 5724 3585 5765 cum
3608 5709 3879 5762 linteami-

2254 5787 2444 5854 nibus,
2477 5794 2682 5842 etcum
2714 5785 3089 5852 aromatibus,
3117 5790 3168 5838 et
3200 5782 3391 5852 posuit
3417 5783 3587 5850 juxta
3615 5791 3879 5848 corpora-
