4040 6184
293 278 431 336 4465

1087 277 1405 334 HISTORIA
1448 278 1538 333 DE
1576 277 1752 332 VITIS
1789 274 1957 331 ROM.
1998 273 2198 329 PONT.
2240 248 2317 315 -—\
2347 276 2650 333 SANCTUS
2690 279 2922 333 CAIUS.

3566 275 3705 334 4466

289 412 614 461 sanctorum
657 406 713 460 in
764 406 1087 460 cmmeterio
1122 406 1452 474 Alexandri,
1494 411 1601 460 etc.
1636 403 1718 459 Ab
1747 401 1941 459 eodem
1966 398 2016 456 A
2054 399 2302 474 Ordines
2324 403 2382 457 in
2404 403 2654 459 Ecclesia
2681 404 2854 459 Caius
2872 404 3166 461 distinxit.
3194 402 3410 473 quibus
3431 410 3700 473 tanquam

288 477 381 533 die
406 477 652 544 cmpitB.
677 477 851 530 Caius
877 478 1183 546 episcopus
1206 477 1261 530 in
1277 478 1468 532 eadem
1495 473 1937 546 domointroire,

293 549 391 603 ubi
421 549 611 619 gladio
666 547 852 603 fuerat
906 544 1192 616 percussa.
1235 554 1291 602 et
1320 548 1669 603 sacriﬁcium
1703 544 1943 601 Domino

291 621 405 674 Deo
454 633 559 674 suo
603 619 804 673 oﬁerre
846 633 945 686 pro
975 621 1511 674 commemoratione
1559 620 1613 672 Β.
1669 619 1942 672 Susannte

293 690 537 758 populo:
564 689 695 757 quia
723 691 929 744 domus
960 690 1015 742 B.
1064 689 1272 745 Gabini
1306 689 1618 760 presbyteri
1653 686 1943 760 jungeb‘a—

293 756 389 815 tur
410 756 607 815 domui
657 760 710 813 Β.
759 760 878 814 Caii
908 761 1184 829 episcopi.
1232 756 1318 814 Ab
1342 756 1532 816 eodem
1579 756 1831 828 tempore
1859 756 1939 827 (in

292 832 403 885 tale
424 837 548 885 erat
575 831 802 901 signum
830 828 1199 901 Christianis)
1249 834 1423 886 statio
1471 833 1740 899 deputata
1766 834 1852 884 est
1881 828 1940 881 in

290 903 436 956 duas
487 902 705 967 domos,
757 901 904 970 quod
938 908 1025 957 est
1056 915 1239 972 usque
1292 903 1350 957 in
1386 902 1726 958 hodiernum
1765 901 1940 956 diem.

291 973 521 1027 Factum
556 979 642 1026 est
667 978 855 1027 autem
889 972 990 1028 hoc
1021 973 1207 1028 Roma!
1232 974 1288 1027 in
1318 975 1551 1043 regione
1572 978 1751 1039 sexta,
1776 972 1944 1040 juxta

291 1044 481 1097 vicum
514 1043 779 1097 Mamurii
809 1051 940 1098 ante
970 1044 1172 1099 Forum
1196 1043 1482 1111 Sallustii,
1514 1049 1783 1113 regnante
1813 1054 1943 1096 cum

290 1115 457 1168 Patre
490 1121 545 1168 et
565 1114 787 1182 Spiritu
818 1121 1016 1169 sancto
1045 1116 1287 1170 Domino
1327 1122 1521 1170 nostro
1554 1118 1683 1170 Jesu
1714 1113 1944 1168 Christo

293 1187 351 1239 in
386 1185 592 1239 siccula
632 1185 995 1241 saeculorum.
1041 1186 1233 1241 Amen.
1283 1204 1307 1232 υ
1365 1187 1680 1255 Utrumque
1707 1184 1943 1239 titulum

291 1256 347 1310 S.
401 1262 696 1317 Susannze,
752 1260 807 1309 et
853 1256 907 1310 8.
955 1256 1080 1311 Caii
1119 1257 1395 1311 celebrem
1456 1259 1704 1312 reddunt
1743 1255 1947 1325 quinto

294 1327 504 1381 saeculo
559 1326 1019 1394 subscriptiones
1088 1328 1542 1398 presbyterorum
1592 1329 1649 1382 in
1698 1324 1946 1398 concilio

290 1399 544 1453 Romano
566 1397 670 1451 snb
691 1398 1024 1468 Symmacho
1052 1417 1064 1453 :
1096 1396 1313 1453 Asellus
1331 1401 1613 1468 presbyter
1641 1400 1726 1451 tit.
1751 1399 1805 1451 S.
1833 1396 1948 1449 Su-

291 1484 481 1523 sannw
506 1488 522 1531 ;
555 1468 768 1534 Agatho
796 1470 1079 1537 presbyter
1108 1472 1192 1538 tit,
1219 1473 1275 1525 S.
1310 1470 1598 1524 Susannac.
1624 1469 1946 1522 Benedictus

289 1540 570 1608 presbyter
594 1542 677 1592 tit.
712 1539 767 1593 S.
792 1539 930 1599 Caii,
950 1544 1174 1595 Severus
1196 1541 1478 1609 presbyter
1508 1544 1592 1594 tit.
1615 1542 1669 1595 S.
1702 1542 1836 1593 Cati.
1868 1539 1947 1591 Ex

296 1612 453 1665 hisce
495 1609 685 1665 titulis
718 1610 768 1664 is
797 1610 897 1680 qui
923 1610 979 1665 8.
1007 1612 1280 1666 Susannaa
1312 1625 1513 1667 nomen
1549 1609 1778 1681 praefert
1805 1622 1945 1664 nun~

292 1695 462 1750 quam
509 1682 736 1736 destitit
776 1681 925 1735 intra
958 1682 1371 1752 presbyterales
1411 1683 1580 1737 Urbis
1631 1680 1939 1737 numerari.

2054 472 2331 544 gradibus
2385 474 2753 544 quibusdam.
2789 476 2855 529 ad
2906 472 3293 544 episc0patum
3340 472 3609 530 ascensus
3647 479 3702 528 et

2052 543 2246 598 aditus
2281 543 2511 613 pateret.
2541 548 2603 600 Hi
2636 554 2799 601 erant
2840 546 3136 613 ostiarius,
3172 545 3347 601 lector
3391 547 3697 611 exorcista,

2052 615 2331 683 acolytus,
2357 617 2768 683 subdiaconus,
2802 617 3104 681 diaconus,
3150 616 3440 684 presbyter
3464 622 3520 670 et
3569 617 3701 684 epi-

2053 698 2279 753 scopus.
2316 690 2681 757 Nequaquam
2720 698 2901 742 tamen
2944 689 3021 742 ita
3056 686 3430 755 intelligenda
3458 688 3700 741 veniunt

2055 761 2119 809 ut
2146 757 2268 824 ipse.
2302 760 2522 826 primus
2552 760 2897 823 instituerit,
2936 765 2996 814 ut
3025 759 3092 813 ad
3124 771 3409 812 summum
3458 758 3697 827 gradum

2052 839 2399 884 ascensurus
2460 844 2556 897 per
2586 828 2924 884 inferiorum
2978 830 3249 883 ordinum
3302 826 3512 897 gradus
3550 840 3696 882 con-

2052 899 2346 970 scenderet
2369 900 2615 955 sublime
2642 899 2938 970 fastigium
2962 900 3291 955 sacerdotii.
3317 901 3452 953 Nam
3475 898 3703 953 hierar-

2053 968 2281 1040 chicum
2333 972 2389 1025 in
2444 972 2694 1026 Ecclesia
2739 968 2851 1038 jam
2906 969 3260 1040 temporibus
3289 969 3699 1039 apostolorum,

2056 1039 2383 1096 stabilitum
2439 1042 2643 1109 fuisse.
2693 1049 2865 1111 atque
2916 1057 3020 1097 usu
3070 1042 3328 1096 ordinem
3392 1048 3702 1111 receptum,

2055 1116 2295 1167 constat.
2344 1114 2447 1167 Sed
2495 1114 2615 1167 Caii
2649 1114 2752 1167 hac
2801 1114 2871 1167 de
2915 1126 2974 1167 re
2998 1114 3291 1167 decretum
3344 1112 3489 1167 illud
3523 1110 3705 1166 fuisse

2057 1181 2418 1265 videtur,_ut
2489 1197 2605 1265 non
2654 1191 3080 1265 promoveretur
3125 1184 3261 1265 quis
3302 1182 3701 1265 aduthronuni

2055 1252 2458 1325 episcoiialem,
2496 1255 2608 1309 nisi
2634 1256 2734 1325 qui
2772 1258 2828 1310 in
2863 1255 3116 1325 singulis
3149 1252 3526 1309 inferioribus
3555 1253 3706 1308 ordi-

2058 1322 2233 1379 nibus
2262 1322 2665 1380 ministrassetl

2127 1396 2301 1450 Linea
2335 1394 2419 1451 49.
2449 1428 2516 1436 —
2564 1399 2790 1466 Propter
2817 1399 2989 1466 ﬁliam
3018 1396 3217 1451 Gabini
3242 1395 3565 1466 presbyteri,
3611 1410 3704 1448 no-

2055 1469 2204 1519 mine
2230 1469 2559 1521 Susannam.
2620 1470 2751 1523 Erat
2780 1469 2917 1524 Caio
2957 1482 3112 1537 papae
3161 1467 3337 1522 frater
3360 1467 3699 1532 Germanus,

2055 1538 2342 1595 Gabinius
2360 1540 2573 1602 dictus,
2599 1541 2697 1608 qui
2727 1540 2995 1595 viridiori
3025 1546 3188 1594 aetate
3206 1551 3437 1594 uxorem
3458 1538 3704 1592 duxerat

2056 1626 2123 1667 ex
2146 1623 2259 1679 qua
2294 1610 2469 1664 ﬁliam
2503 1611 2835 1675 sustulerat,
2888 1610 3205 1665 Susannam
3238 1610 3484 1664 nomine.
3523 1609 3704 1662 Uxore

2056 1688 2245 1737 autem
2294 1679 2584 1743 defuncta,
2619 1682 2873 1736 czelibem
2916 1682 3089 1735 vitam
3130 1682 3319 1743 duxit,
3356 1680 3531 1734 tiliam
3564 1691 3708 1733 san—

289 1753 414 1823 Caii
471 1758 657 1806 autem
710 1752 883 1807 titulo
927 1750 1209 1809 vetustate
1256 1754 1516 1823 collapso
1567 1754 1942 1809 substitutam
1979 1752 2317 1811 Bctissime
2364 1752 2735 1807 institutione
2758 1753 3086 1807 Christiana
3118 1750 3513 1823 educavit.70b
3537 1762 3707 1823 egre-

293 1821 475 1878 fuisse
506 1824 751 1892 primum
784 1823 1081 1879 ecclesiam
1112 1825 1204 1879 SS.
1236 1821 1494 1891 Quatuor
1532 1825 1941 1879 Coronatorum

294 1908 393 1963 per
416 1894 752 1963 Gregorium
786 1895 1049 1964 Magnum
1102 1896 1336 1964 collegit
1378 1895 1615 1950 Carolus
1647 1896 1840 1948 Piazza
1876 1906 1944 1947 ex

296 1965 517 2020 indicio
539 1966 809 2020 stationis
837 1978 903 2019 eo
931 1966 1220 2021 translatae
1248 1965 1401 2021 (vide
1440 1967 1692 2020 Ilia-ach.
1725 1965 1941 2019 cardiu.

294 2051 421 2119 pag.
472 2033 637 2102 533):
671 2033 1267 2119 .deinde‘titulumSL
1301 2037 1527 2119 Callisti
1574 2051 1604 2091 a
1653 2036 1942 2119 pontiﬁce.

296 2108 472 2176 hujus
532 2108 786 2162 nominis
816 2108 987 2162 tertio
1034 2109 1200 2163 docet
1248 2109 1642 2178 subrogatum.
1682 2108 1945 2163 Urbanus
1992 2146 1997 2151 .

291 2191 425 2233 vero
480 2178 725 2234 Octavus
773 2178 1073 2233 ecclesiam
1122 2185 1361 2234 veterem
1395 2181 1447 2234 S.
1494 2179 1615 2234 Caii
1649 2193 1678 2233 a
1730 2178 1945 2233 funda—

292 2249 503 2305 mentis
528 2262 559 2303 a
590 2263 649 2304 se
677 2257 989 2318 reparatam
1022 2250 1249 2305 addixit
1277 2252 1620 2305 monasterio
1652 2250 1944 2319 virginum

295 2334 611 2387 sacrarum,
633 2334 776 2388 quas
804 2320 1145 2375 Barberinas
1165 2329 1387 2377 vocant.
1418 2337 1447 2375 a
1488 2335 1548 2377 se
1577 2322 1791 2389 pariter
1818 2333 1946 2374 ma-

299 2391 650 2475 gniﬁc‘en‘ter‘
654 2398 967 2474 exstructo.
1010 2392 1471 2475 restituta-etiam
1498 2392 1766 2475 statione.
1800 2391 1941 2475 licet

294 2462 396 2532 jus
424 2462 584 2532 tituli
607 2463 851 2532 Romani
885 2476 995 2517 non
1029 2465 1333 2519 removerit
1362 2464 1434 2518 ab
1476 2464 1593 2518 :ede
1631 2463 1686 2517 S.
1718 2462 1942 2516 Calisti.

367 2533 538 2588 Linea
563 2530 648 2588 43.
682 2564 751 2572 -
789 2534 1045 2601 Sepultus
1074 2536 1233 2588 estin
1260 2537 1553 2588 clemeterio
1592 2534 1828 2594 Callisti,
1853 2535 1947 2586 via

292 2604 501 2675 Appia.
532 2605 668 2659 Inde
705 2610 1015 2658 extractam
1050 2605 1189 2660 olim
1220 2605 1403 2661 fuisse
1434 2612 1646 2675 partem
1690 2605 1945 2672 aliquam

294 2674 674 2747 reliquiarum
693 2676 754 2729 S.
789 2675 909 2730 Caii
942 2682 1186 2730 testatur
1209 2674 1655 2747 antiquuslapis
1684 2677 1742 2730 in
1774 2676 1950 2743 Hypo-

295 2760 414 2816 gaeo
464 2746 718 2801 basilica:
774 2748 1059 2801 Vaticana:
1112 2746 1402 2815 repositus
1457 2762 1525 2803 ex
1556 2747 1949 2801 vetustissimo

296 2816 506 2872 sacello
553 2818 791 2873 Joannis
823 2819 977 2873 VIII:
1024 2817 1121 2872 ubi
1172 2819 1323 2874 inter
1369 2826 1571 2874 caetera
1618 2824 1945 2873 sanctorum

300 2889 556 2954 nomina,
611 2902 856 3013 quorum
913 2889 1175 2958 reliquiae
1230 2890 1440 2945 ibidem
1482 2888 1945 2955 asservabantur,

300 2958 417 3013 haec
458 2960 619 3013 inscu
654 2964 744 3013 uta
768 2959 1041 3013 leguntur
1063 2960 1117 3013 S.
1147 2973 1267 3013 ch1
1294 2976 1378 3013 pr.
1410 2975 1459 3013 s.
1494 2973 1599 3013 CAll
1634 2974 1713 3013 rp.
1746 2973 1945 3013 Ζειτιῖεασ

298 2958 417 3013 haec
458 2958 744 3027 insculpta
768 2959 1041 3028 leguntur
1063 2960 1117 3015 S.
1147 2973 1267 3015 ch1
1294 2976 1378 3017 PP.
1410 2975 1459 3015 s.
1494 2973 1599 3015 CAll
1634 2974 1713 3014 re.
1746 2973 1951 3014 Ζεςιτεσο

298 3043 415 3083 RINl
457 3044 572 3084 pr.:
600 3030 702 3102 vel
743 3030 942 3102 saltem
988 3033 1228 3102 sanguis
1275 3039 1331 3087 et
1371 3032 1617 3102 brandea
1660 3045 1729 3086 ex
1769 3030 1943 3085 veteri

2057 1825 2206 1895 giam
2227 1823 2500 1895 pietatem
2534 1830 2589 1878 et
2616 1825 2960 1885 doctrinam,
2991 1824 3058 1878 ad
3096 1822 3433 1895 presbyterii
3463 1822 3703 1895 gradum

2058 1891 2269 1949 meruit
2293 1896 2633 1965 promoveri
2664 1913 2689 1965 εί
2725 1897 2825 1963 qui
2856 1897 3130 1949 adversus
3155 1894 3400 1965 gentiles
3434 1891 3706 1965 p’rogreli—

2058 1966 2224 2032 gione
2248 1963 2575 2020 Christiana
2594 1964 2980 2021 defensionem
3006 1963 3282 2020 ediderat.
3310 1963 3706 2019 Diocletianus

2053 2040 2371 2105 Augustus,
2407 2051 2533 2090 cum
2557 2037 2848 2091 Galerium
2873 2038 3282 2091 Maximianum
3313 2036 3587 2092 Caesarem
3605 2035 3703 2105 de-

2055 2104 2349 2175 clarasset,
2378 2114 2431 2161 et
2476 2115 2793 2163 consortem
2830 2108 3058 2175 imperii
3102 2109 3348 2175 fecisset,
3381 2119 3509 2163 cum
3545 2104 3706 2160 nulla

2055 2181 2105 2233 ei
2156 2177 2350 2232 virilis
2403 2178 2590 2246 proles
2645 2180 3007 2249 contigisset,
3044 2178 3242 2233 volens
3283 2192 3411 2234 eum
3461 2176 3700 2249 arctiori

2055 2249 2288 2304 vinculo
2334 2251 2664 2316 nuptiarum
2720 2246 3008 2318 copulare,
3054 2252 3370 2304 Susannam
3424 2246 3703 2317 virginem

2059 2320 2148 2375 illi
2197 2322 2526 2392 spopondit,
2571 2321 2721 2389 quod
2775 2317 2991 2375 nullam
3047 2320 3279 2392 haberet
3335 2319 3562 2392 generis
3590 2317 3701 2392 sui

2057 2391 2548 2460 propinquiorem.
2590 2387 2922 2447 Consensus
2965 2391 3199 2447 Gabinii
3238 2397 3294 2446 et
3340 2387 3536 2461 patrui
3579 2387 3702 2461 Caii

2061 2474 2215 2531 papae
2262 2463 2613 2530 exquiritur,
2648 2470 2702 2517 et
2744 2462 2946 2531 puellm
2976 2482 2990 2517 :
3027 2465 3149 2529 ipsa
3179 2460 3400 2531 respuit
3444 2460 3702 2530 nuptias,

2060 2534 2323 2601 quamvis
2352 2540 2648 2603 augustas.
2678 2535 2880 2589 dicens
2908 2548 2968 2587 se
3007 2533 3158 2588 nolle
3204 2534 3422 2588 Christi
3471 2532 3701 2603 tborum

2058 2604 2257 2673 aliquo
2288 2602 2513 2658 mortali
2536 2605 2808 2673 conjugio
2835 2603 3065 2661 fmdare.
3092 2604 3284 2659 Nullis
3315 2604 3503 2673 potuit
3526 2602 3703 2657 deni—

2060 2688 2170 2743 que
2210 2675 2531 2749 promissis,
2576 2676 2947 2749 blanditiisve
2988 2675 3260 2749 emolliri,
3287 2689 3389 2729 nec
3411 2673 3708 2749 minis‘def

2058 2746 2263 2799 terreri
2315 2746 2605 2801 Susanna:
2641 2753 2698 2801 et
2749 2747 2998 2809 tandem,
3057 2746 3128 2801 ob
3186 2752 3539 2802 constantem
3572 2743 3702 2798 fidei

2061 2816 2417 2886 religionem.
2462 2818 2613 2871 intra
2643 2818 2792 2872 aedes
2832 2824 3095 2886 paternas
3114 2819 3277 2886 jussa
3303 2824 3390 2872 est
3415 2830 3444 2870 a
3474 2814 3706 2871 Diocle—

2060 2887 2238 2951 tiano,
2268 2887 2468 2957 gentili
2503 2902 2628 2955 suo,
2659 2889 2801 2943 clam
2822 2889 3116 2944 decollari.
3150 2889 3193 2943 A
3219 2890 3315 2943 die
3343 2896 3553 2949 autem,
3592 2897 3704 2954 quo

2057 2956 2318 3013 Susanna
2369 2972 2635 3027 percussa
2689 2966 2795 3023 est,
2834 2961 3053 3028 jugiter
3091 2958 3305 3013 obtulit
3350 2956 3700 3028 sacrificium

2054 3029 2230 3083 Caius
2277 3026 2418 3097 papa
2470 3044 2568 3096 pro
2598 3030 2723 3097 ejus
2771 3026 3334 3083 commemoratione.
3394 3030 3525 3082 Erat
3549 3026 3701 3079 enim

297 3101 715 3157 consuetudine
752 3101 967 3157 ibidem
1011 3098 1260 3171 reposita
1293 3102 1476 3159 fuisse
1514 3101 1682 3158 fateri
1719 3113 1945 3156 necesse
1980 3098 2029 3158 C
2056 3102 2365 3171 conjuncta
2389 3100 2509 3152 Caii
2533 3101 2907 3167 papazdomus
2926 3113 3055 3154 cum
3077 3099 3302 3171 aedibus
3321 3099 3376 3153 S.
3404 3100 3699 3160 Susannie,

296 3178 399 3225 est.
433 3173 631 3227 Totum
672 3186 803 3242 vero
818 3187 1028 3242 corpus
1059 3174 1117 3229 in
1143 3176 1466 3230 caemeterio
1488 3174 1712 3227 Callisti
1746 3185 1945 3240 reper—

281 3246 418 3297 tum
444 3256 594 3315 anno
627 3241 767 3298 1622
800 3241 1214 3315 δυὶὼϐνθςριξὶο
1242 3247 1339 3300 XV
1369 3250 1566 3298 narrat
1597 3242 1942 3315 Becillusin

291 3315 446 3367 notis
476 3314 541 3367 ad
568 3319 692 3368 acta
713 3316 767 3368 S.
799 3316 921 3369 Caii
947 3312 1078 3382 pag:
1105 3312 1193 3379 95,
1220 3328 1422 3369 nomen
1452 3312 1745 3382 pontiﬁcis
1781 3313 1944 3367 indi—

281 3390 446 3437 cante
483 3383 761 3439 laterculo
792 3385 887 3439 his
920 3385 1135 3439 litteris
1169 3385 1451 3453 insignito
1481 3396 1601 3437 caro
1624 3397 1706 3436 pp.
1741 3383 1940 3437 addito

282 3455 452 3507 etiam
512 3454 709 3520 palmae
777 3456 964 3523 signo,
1021 3460 1503 3523 monogrammate
1555 3454 1771 3508 Christi
1821 3455 1939 3507 Do-

286 3523 467 3577 mini:
504 3537 618 3594 quo
667 3523 792 3578 loco
826 3538 934 3578 una
974 3538 1103 3581 cum
1151 3527 1334 3579 sacris
1372 3524 1601 3580 ossibus
1650 3530 1934 3594 repertum

285 3606 512 3665 quoque
529 3592 709 3665 fuisse
725 3595 1002 3649 annulum
1028 3595 1340 3665 pontiﬁcis,
1364 3603 1420 3650 et
1443 3592 1939 3650 nummos’Diocle—

284 3664 428 3717 tiani
458 3663 566 3717 sub
587 3678 698 3733 quo
723 3678 924 3732 passus
950 3663 1156 3729 fuerat,
1183 3668 1329 3721 idem
1356 3666 1604 3722 Becillus
1629 3673 1933 3721 asseverat.

280 3733 509 3788 Nullam
534 3737 799 3804 corporis
865 3744 1078 3804 partem
1117 3736 1372 3792 detuisse
1405 3738 1695 3806 proditum
1728 3738 1939 3793 asserit

280 3805 499 3860 litteris
529 3806 1071 3876 StephaniCerqum.
1098 3808 1315 3863 Mallem
1342 3805 1548 3874 tamen,
1579 3814 1643 3863 ut
1671 3809 1729 3863 in
1752 3809 1937 3865 sacris

280 3875 523 3949 ossibus
577 3877 831 3949 legendis
887 3875 1255 3934 adhibuisset
1314 3886 1607 3934 anatomes
1661 3880 1934 3949 peritum,

284 3892 516 3931 ossmus
577 3892 831 4001 tegendis
887 3892 1255 3934 auniouisset
1314 3892 1607 3934 anatomes
1661 3892 1934 3949 peritum,

284 3948 627 4029 quemadmo
672 3962 763 4003 um
795 3952 1113 4029 praestitum
1144 3950 1257 4029 fuit
1275 3950 1646 4029 ju_ssu_S._M_._
1671 3950 1936 4029 Clemen-

282 4018 362 4073 tis
406 4019 483 4072 XI
532 4018 590 4073 in
627 4021 1100 4087 recognoscendis
1140 4021 1412 4088 reliquiis
1442 4022 1495 4076 S.
1532 4020 1804 4084 Balbinm.
1838 4035 1935 4077 re-

283 4089 461 4157 pertis
495 4089 602 4144 sub
629 4103 726 4144 ara
761 4092 1007 4146 maxima
1038 4092 1318 4147 diaconiaa
1345 4093 1399 4147 S.
1433 4093 1627 4147 Mariae
1673 4092 1730 4146 in
1760 4094 1937 4147 Dom-

284 4161 433 4225 nica,
456 4166 509 4214 et
538 4174 663 4215 cum
697 4161 1013 4227 inspectum
1043 4162 1157 4217 fuit
1178 4177 1400 4218 sacrum
1424 4178 1635 4232 corpus
1654 4166 1707 4217 S.
1738 4166 1938 4220 Leonis

283 4232 468 4301 Magni
521 4232 578 4286 in
632 4239 912 4300 postrema
942 4235 1196 4301 ejusdem
1248 4235 1649 4290 translatione.
1684 4236 1741 4289 Si
1784 4239 1937 4290 enim

281 4301 450 4356 Caius
482 4302 581 4357 ille
609 4311 821 4372 martyr
844 4304 994 4372 apud
1023 4305 1293 4359 Becillum
1323 4308 1613 4361 indicatus
1638 4305 1941 4364 fuitCaius

284 4386 447 4446 papa,
482 4382 537 4428 et
570 4388 678 4429 non
721 4374 896 4446 Caius
928 4377 1292 4445 praepositus,
1326 4386 1428 4432 aut
1464 4378 1637 4432 Caius
1678 4391 1934 4446 proprae-

2055 3177 2112 3224 et
2163 3169 2395 3224 Gabinii
2449 3170 2633 3237 patris
2659 3183 2799 3238 ejus.
2853 3175 3037 3239 Atque
3081 3171 3214 3224 inde
3253 3168 3464 3224 factum
3498 3174 3602 3239 est,
3638 3171 3704 3220 ut

2056 3239 2232 3294 statio
2258 3240 2720 3295 Christianorum
2754 3242 2810 3294 in
2841 3237 3067 3295 duabus
3100 3240 3224 3295 illis
3271 3240 3494 3295 mdibus
3525 3237 3702 3293 fuerit

2056 3311 2326 3365 instituta
2355 3311 2423 3365 ad
2447 3310 2803 3378 Quirinalem
2835 3317 2965 3365 ante
2989 3310 3176 3366 forum
3202 3311 3488 3374 Sallustii,
3520 3317 3575 3363 et
3602 3321 3703 3363 ec-

2051 3381 2226 3435 clesia
2254 3382 2404 3435 inter
2431 3382 2564 3436 illas
2588 3381 2884 3437 amborum
2908 3383 3056 3437 aedes
3076 3382 3353 3438 aediﬁcata
3379 3385 3435 3436 in
3465 3380 3701 3435 titulum

2052 3452 2367 3523 presbyteri
2398 3452 2718 3508 cardinalis
2759 3464 2945 3508 erecta
2970 3455 3069 3522 sit,
3106 3456 3207 3523 qui
3254 3453 3555 3508 consuevit
3586 3464 3702 3519 ap-

2050 3522 2277 3592 pellari.
2322 3531 2648 3579 sanctorum
2680 3524 2914 3579 Gabinii
2944 3531 3001 3579 et
3049 3522 3343 3593 Susanna,
3379 3526 3529 3579 inter
3557 3523 3703 3577 duas

2048 3594 2276 3649 domos.
2314 3596 2443 3650 Post
2496 3601 2690 3649 tentus
2718 3594 3021 3662 Gabinius,
3068 3603 3123 3651 et
3152 3597 3367 3652 carceri
3403 3594 3702 3662 mancipa—

2050 3672 2164 3731 tus,
2195 3665 2439 3737 ﬁagellis
2470 3680 2670 3735 czesus,
2710 3669 3103 3735 amputatione
3128 3668 3339 3737 capitis
3364 3665 3699 3737 martyrium

2045 3736 2360 3862 gomplevit
2415 3744 2540 3806 post
2597 3737 2775 3792 ﬁliam
2800 3742 3118 3794 Susannam
3170 3735 3226 3794 et
3275 3745 3407 3793 ante
3464 3735 3698 3791 fratrem

2089 3821 2266 3862 aium.

2089 3821 2266 3862 atum.

2707 3951 3041 4008 SOMMIER.

2122 4091 2294 4146 Linea
2330 4089 2385 4147 5.
2417 4122 2486 4131 -
2519 4091 2832 4157 Constituit,
2882 4100 2944 4149 ut
2998 4096 3371 4149 ordinationes
3421 4106 3601 4147 omnes
3643 4093 3704 4145 in

2048 4165 2291 4236 Ecclesia
2327 4165 2402 4216 sic
2432 4165 2799 4219 escenderent.
2831 4166 2892 4221 Si
2916 4170 3061 4236 quis,
3093 4175 3225 4235 etc.,
3258 4173 3318 4220 ut
3362 4170 3498 4220 esset
3527 4166 3705 4218 ostia-

2050 4240 2188 4301 rius,
2223 4235 2409 4300 lector,
2434 4238 2723 4300 exorcista,
2766 4244 2873 4292 etc.
2904 4235 3203 4293 Clericalis
3234 4237 3558 4293 hierarchia
3607 4236 3705 4289 in-

2051 4305 2412 4365 stitutionem
2438 4320 2599 4360 suam
2623 4307 2790 4363 debet
2810 4311 3051 4365 Domino
3081 4318 3276 4365 nostro
3291 4312 3421 4364 Jesu
3450 4309 3701 4363 Christo.

2056 4377 2678 4451 uti__demonstravitin
2717 4381 3038 4451 dOgmatica
3084 4382 3333 4437 Historia
3376 4379 3699 4451 religionis.

283 4444 436 4520 torio
465 4458 698 4520 munere
729 4445 962 4520 functus
992 4444 1162 4517 (quod
1186 4462 1344 4517 teque
1377 4450 1566 4520 potuit
1590 4444 1928 4517 pereasdem
1971 4448 2024 4509 D
2048 4448 2293 4502 Ordines
2336 4449 2506 4517 varii,
2564 4452 2662 4519 qui
2711 4444 2832 4505 eam
2878 4459 3249 4520 componunt,
3296 4463 3404 4504 non
3459 4444 3698 4503 insimul

284 4515 577 4590 siglaslél’
614 4517 993 4587 signiﬁcari);
1032 4515 1392 4586 compertum
1440 4515 1603 4585 foret,
1651 4520 1933 4590 reliquias

284 4586 420 4640 illas
441 4586 564 4640 Caii
591 4602 763 4656 papae,
802 4586 1139 4643 memoratas
1162 4592 1220 4643 in
1248 4604 1525 4645 marmore
1551 4591 1747 4646 sacelli
1776 4586 1935 4646 Joan-

283 4657 379 4711 nis
406 4658 545 4730 Vlll,
581 4660 917 4728 sanguinem
980 4668 1036 4715 et
1095 4661 1271 4715 lintea
1306 4663 1427 4716 vela
1462 4661 1757 4730 indicare;
1804 4677 1932 4717 cum

281 4728 860 4801 constitissedicatur
878 4744 945 4784 ex
966 4732 1452 4798 ossibusnullam,
1469 4733 1720 4801 ejusdem
1742 4728 1934 4789 Sceleti

285 4798 805 4873 partemdefuisse
852 4802 908 4856 in
952 4816 1018 4858 eo
1069 4811 1290 4871 reperto
1334 4798 1571 4872 corpore
1626 4806 1774 4873 quod
1811 4806 1933 4873 ipse

280 4870 575 4945 describit.
611 4873 967 4945 l’rmsumend
979 4887 1069 4928 um
1088 4870 1238 4929 certe
1254 4881 1358 4933 est.
1382 4870 1503 4929 Caii
1526 4876 1623 4927 PP.
1644 4870 1935 4945 reliquias

282 4942 341 5014 in
376 4940 648 4997 Vaticano
680 4943 869 5013 lapide
901 4953 1238 5001 memoratas
1259 4947 1503 5013 junctim
1533 4959 1662 5000 cum
1693 4940 1936 5014 lipsanis

400 5014 558 5087 Lucii
594 5027 659 5068 ac
688 5012 991 5085 zephyrini
1024 5012 1381 5085 pontiﬁcum,
1408 5018 1475 5071 ad
1501 5016 1698 5072 Caium
1733 5012 1931 5087 papam

279 5084 589 5157 dignitatis
639 5092 696 5139 et
757 5084 1036 5156 martyrii
1077 5099 1394 5143 consortem
1449 5084 1774 5157 pertinere:
1808 5084 1934 5144 sive

277 5154 482 5209 decisa:
536 5154 755 5211 fuerint
797 5166 853 5212 et
907 5154 1223 5213 reservata:
1263 5154 1462 5227 jussa
1492 5161 1791 5227 Severinae,
1854 5162 1933 5215 ita

281 5228 682 5295 conquirentis
728 5229 1010 5299 reliquias
1057 5231 1362 5300 sanguinis
1391 5234 1446 5285 S.
1496 5232 1768 5286 Susanna:
1796 5232 1934 5287 dum

279 5310 491 5366 corpus
536 5301 805 5366 martyris
833 5302 899 5354 ad
926 5302 1313 5356 cmmeterium
1345 5301 1682 5366 deferretur,
1715 5304 1835 5357 sive
1864 5303 1935 5357 ab

280 5368 481 5438 aliquo
507 5370 780 5438 pontiﬁce
806 5383 874 5423 ex
920 5372 1323 5427 decessoribus
1346 5374 1581 5428 Joannis
1610 5373 1723 5426 \‘lll
1749 5374 1803 5426 in
1840 5387 1936 5427 re—

281 5437 524 5494 fectione
550 5441 859 5494 cmmeterii
887 5442 1112 5497 Callisti
1140 5450 1425 5509 extractae,
1454 5452 1509 5498 et
1542 5445 1599 5497 in
1632 5443 1930 5498 basilicam

284 5512 611 5564 Vaticanam
644 5511 865 5565 delata}.
900 5513 1169 5581 Utrisque
1196 5528 1299 5567 sua
1324 5516 1642 5568 auctoritas
1688 5522 1931 5581 constat,

281 5582 349 5654 ad
406 5587 705 5650 martyrem
759 5583 983 5637 scilicet
1014 5584 1390 5653 vindicatum,
1423 5598 1669 5654 eumque
1704 5586 1935 5641 nomine

279 5652 479 5708 Caium
508 5668 597 5722 pp.
637 5654 936 5720 pertinere.

947 5724 1268 5780 CIACONII.

358 5796 527 5851 Linea
582 5793 635 5852 5.
664 5826 732 5835 -
782 5796 884 5851 Hic
935 5800 1237 5867 constituit,
1270 5804 1329 5853 ut
1375 5800 1768 5866 ordinationes,
1822 5807 1932 5856 etc.

2046 4519 2242 4574 collati
2277 4523 2688 4575 suntuniversi
2722 4521 2791 4575 ab
2816 4524 2988 4576 initio
3011 4519 3370 4576 fundationis
3402 4520 3700 4585 Ecclesiae;

2046 4590 2464 4674 sedAgi-adatim
2521 4593 2698 4645 creati
2750 4595 3182 4674 suntininistri
3217 4590 3702 4674 pr9_necessitate

2046 4662 2447 4731 distinguendi
2480 4674 2545 4715 ac
2578 4664 2878 4730 separandi
2905 4663 3136 4718 illorum
3167 4661 3485 4717 ministeria
3515 4661 3571 4714 in
3600 4672 3700 4714 sa-

2047 4746 2273 4787 crorum
2308 4731 2469 4785 cultu
2513 4734 2846 4787 exercendo.
2895 4737 3059 4788 Jesus
3086 4732 3353 4790 Christus
3381 4744 3575 4787 creare
3604 4744 3703 4800 per

2046 4817 2106 4856 se
2122 4801 2321 4875 voluit
2351 4803 2671 4870 pontiﬁcem
2695 4818 3005 4873 summum,
3043 4811 3263 4875 priores
3293 4804 3613 4875 episcopos,
3645 4808 3703 4856 et

2050 4873 2270 4947 priores
2302 4877 2680 4942 presbyteros.
2712 4876 2991 4943 Apostoli,
3029 4873 3287 4947 percepta
3313 4873 3384 4930 ab
3405 4889 3470 4930 eo
3494 4878 3701 4929 aucto-

2048 4945 2236 5009 ritate.
2268 4953 2537 5017 crearunt
2562 4947 3094 5014 primosdiaconos:
3122 4961 3178 5003 et
3193 4945 3446 5017 episcopi
3465 4957 3701 5000 succes-

2046 5030 2205 5071 sores
2235 5016 2619 5083 apostolorum
2645 5019 2837 5072 eadem
2864 5020 3203 5075 auctoritate
3228 5016 3497 5075 crearunt
3524 5024 3701 5071 cane-

2046 5102 2141 5142 ros
2157 5085 2455 5160 ministros
2471 5088 2857 5156 subalternos,
2874 5094 3121 5160 quando,
3142 5097 3429 5146 crescente
3441 5087 3698 5160 ﬁdelium

2048 5170 2286 5213 numero
2337 5158 2395 5211 in
2454 5160 2749 5227 Ecclesiis,
2815 5158 3040 5218 necesse
3080 5158 3194 5218 fuit
3243 5175 3435 5216 earum
3501 5158 3696 5214 munia

2045 5228 2786 5303 exercenda‘compluribus
2815 5233 3055 5301 tradere,
3095 5236 3171 5289 ita
3199 5237 3462 5303 poscente
3492 5232 3696 5303 decora

2050 5300 2491 5374 pertractatione
2537 5303 2722 5357 divini
2766 5303 2981 5373 cultus,
3029 5312 3087 5361 et
3142 5300 3333 5374 populi
3376 5300 3693 5357 Christiani

2045 5370 2426 5426 aediﬁcatione
2457 5386 2521 5427 ac
2554 5376 2886 5430 levamento.
2941 5370 2999 5431 in
3044 5370 3319 5431 electione
3368 5387 3524 5443 papae
3553 5374 3697 5427 Cor-

2049 5443 2210 5504 nelii,
2243 5443 2395 5497 circa
2445 5446 2695 5499 medium
2746 5449 2899 5501 tertii
2948 5450 3168 5514 saeculi,
3201 5448 3326 5515 ejus
3354 5444 3597 5514 epistola
3625 5443 3693 5497 ad

2032 5514 2272 5572 Fabium
2315 5515 2758 5586 Antioclienum,
2796 5519 2853 5572 in
2889 5521 3043 5574 notis
3067 5520 3135 5574 ad
3192 5514 3361 5573 illius
3393 5527 3694 5571 numerum

2048 5586 2321 5658 producta
2349 5599 2414 5639 ex
2438 5587 2683 5642 Eusebio
2720 5590 2858 5643 hist.
2912 5590 3012 5657 lib,
3063 5603 3142 5653 γι,
3172 5603 3294 5658 cap.
3326 5587 3413 5655 3-5,
3444 5586 3697 5643 ostendit

2045 5657 2278 5714 ordines
2307 5660 2606 5713 universos
2623 5659 2963 5716 Christiana:
2987 5657 3322 5716 hiurarchiae
3362 5662 3417 5714 in
3446 5659 3693 5714 Ecclesia

2044 5730 2292 5785 Romana
2320 5729 2436 5796 jam
2465 5736 2581 5784 tum
2607 5731 2786 5787 fuisse
2814 5734 3179 5789 distribums.
3217 5732 3457 5787 Proinde
3484 5726 3695 5784 intelli-

2046 5803 2256 5873 gimus,
2275 5802 2744 5859 constitutionem
2766 5806 2889 5860 Caii
2912 5818 3025 5861 non
3047 5804 3341 5861 continere
3360 5803 3692 5861 institutio-
