4072 6176
399 240 423 297 4
432 236 536 296 467

1607 233 1973 290 ANASTASII
2015 230 2565 291 BIBLIOTHECARII

3673 235 3806 295 4468

397 380 544 434 nem,
568 370 669 419 aut
702 363 1045 419 creationem
1078 374 1274 418 novam
1303 361 1627 434 cuiuspiam
1660 374 1729 416 ex
1758 361 1851 417 his
1875 362 2044 417 ordi-
2069 362 2123 419 Α
2156 361 2444 434 gradatim
2467 360 2823 434 procedendo
2842 374 2912 417 ex
2937 360 3198 418 inferiori
3226 362 3431 434 ordine
3447 364 3519 419 ad
3551 363 3805 432 proxime

398 432 591 492 nibus.
626 436 680 490 Id
724 440 945 489 tantum
1005 434 1285 502 principit,
1330 447 1399 488 ne
1432 433 1778 504 provehatur
1803 435 1937 502 quis
1972 434 2043 488 ad
2158 432 2512 504 superiorem
2547 433 2607 487 in
2633 432 2867 488 illorum
2890 447 3149 504 numero,
3171 434 3273 504 qui
3302 433 3804 491 eli'ormanteccle—

396 508 742 565 sublimiora
770 506 909 561 cleri
938 504 1257 560 sacerdotia
1294 510 1350 559 et
1382 505 1580 560 munia
1612 503 1894 573 obeunda,
1928 505 2043 561 nisi
2158 506 2453 561 siasticam
2483 503 2888 559 hierarchiam.

1408 859 1608 927 XXX
1627 904 1645 924 .
1728 859 2100 928 SANCTUS

2179 857 2765 930 MARCELLINUS
2778 906 2802 927 .

1238 1088 1416 1132 ANNO
1469 1089 1728 1133 CHRISTI
1779 1074 1901 1133 296
1953 1088 2251 1132 DIOCLET.
2312 1089 2395 1131 ET
2446 1089 2798 1131 MAXIMIANI
2857 1072 2954 1131 43.

710 1413 843 1475 30.
877 1414 1351 1492 Marcellinus,
1405 1415 1682 1477 natione
1712 1417 2078 1492 Romanus,
2113 1433 2194 1477 ea:
2240 1418 2445 1496 patre
2485 1416 2819 1495 Projecto,
2870 1417 3049 1478 sedit
3078 1416 3286 1479 annis
3310 1419 3449 1479 octo
3478 1426 3509 1457 ι
3534 1464 3554 1494 ,
3610 1431 3804 1476 men-

632 1510 817 1572 sibus
866 1511 1202 1590 undecim,
1244 1512 1480 1575 diebus
1530 1513 1781 1590 viginti
1829 1511 2108 1574 duobus.
2161 1512 2333 1574 Fuit
2372 1516 2599 1575 autem
2650 1513 3061 1594 temporibus
3090 1512 3511 1575 Diocletiani
3539 1516 3603 1574 et
3647 1516 3805 1574 Μα-

626 1607 925 1671 ximiani
955 1607 981 1649 δ
1009 1627 1090 1671 ea:
1120 1611 1228 1672 die
1274 1610 1749 1673 Kalendarum
1785 1609 2146 1673 Juliarum
2170 1626 2212 1672 a
2261 1610 2623 1672 consulatu
2654 1609 3080 1673 Diocletiano
3106 1614 3312 1687 sexto,
3363 1614 3429 1672 et
3463 1610 3804 1672 Constan-

630 1705 818 1767 tinic
847 1710 1191 1789 Ilusque
1221 1710 1311 1770 ad
1362 1708 1868 1772 Diocletianum
1898 1711 2009 1771 ΙΧ
2028 1711 2092 1770 et
2137 1709 2636 1770 Maximianum
2689 1710 2841 1786 VII,
2889 1726 3015 1789 quo
3057 1712 3350 1790 tempore
3396 1706 3549 1789 fuit
3591 1706 3618 1748 ἀ
3638 1725 3805 1787 per-

543 1803 582 1863 5
617 1805 871 1866 secutio
902 1822 1175 1885 magna,
1211 1810 1285 1866 ut
1314 1807 1500 1868 intra
1546 1807 1851 1885 triginta
1878 1806 2022 1867 dies
2048 1807 2517 1886 septemdecim
2570 1804 2795 1868 millia
2823 1806 3169 1867 hominum
3191 1807 3574 1886 promiscui
3604 1822 3802 1867 sexus

613 1918 746 1981 per
773 1903 1082 1964 diversas
1100 1920 1268 1984 prov
1281 1904 1502 1966 ineius
1517 1904 1859 1981 martyrio
1877 1907 2370 1966 coronarentur
2391 1904 2757 1965 Christiani
2786 1916 2811 1943 θ
2844 1951 2856 1963 .
2886 1906 2983 1966 De
3001 1920 3133 1984 qua
3150 1921 3224 1965 re
3249 1908 3313 1966 et
3333 1905 3478 1985 ipse
3507 1903 3798 1967 Marcel-

623 1998 819 2062 linus
856 2001 948 2061 ad
992 2001 1418 2078 sacriﬁcium
1470 2001 1716 2063 ductus
1758 2004 1878 2077 est,
1912 2004 1993 2063 ut
2022 2000 2485 2079 thuri/icaret,
2522 2003 2698 2082 quod
2750 2005 2815 2063 et
2851 2000 3042 2082 fecit,
3092 2006 3330 2083 etpost
3370 2019 3631 2083 paucos
3663 2003 3801 2065 dies

620 2098 1025 2177 poenitentia
1083 2098 1351 2173 ductus,
1403 2098 1482 2161 ab
1533 2099 1753 2161 eodem
1781 2098 2205 2161 Diocletiano
2237 2098 2260 2139 τ
2282 2116 2414 2179 pro
2451 2099 2589 2177 [ide
2650 2098 2917 2162 Christi
2968 2117 3117 2162 cum
3184 2098 3498 2175 Claudio,
3538 2104 3605 2162 et
3666 2099 3800 2178 Cy-

622 2196 802 2273 rino,
835 2200 901 2259 et
946 2195 1293 2259 Antonino
1350 2198 1573 2277 capite
1602 2201 1769 2259 sunt
1825 2199 2139 2260 truncati
2185 2201 2251 2259 et
2281 2198 2619 2275 martyrio
2671 2201 3109 2273 coronantur,
3157 2198 3515 2276 conjurans
3566 2196 3800 2260 beatus

508 2293 581 2353 10
619 2293 1052 2355 Marcellinus
1117 2295 1511 2357 Marcellum
1578 2294 2059 2376 presbyterum,
2112 2294 2273 2357 dum
2322 2298 2628 2373 pergeret
2680 2294 2766 2355 ad
2823 2294 3204 2372 passionem
3239 2313 3455 2370 suam,
3508 2298 3587 2356 ut
3625 2312 3799 2374 prm—

627 2394 819 2472 cepta
872 2391 1272 2454 Diocletiani
1331 2410 1465 2454 non
1543 2392 1846 2472 impleret
1894 2405 1965 2453 3.
1999 2395 2081 2455 Et
2131 2395 2277 2472 post
2340 2392 2463 2454 hoc
2510 2392 2765 2454 factum
2800 2394 3184 2472 jacuerunt
3226 2409 3508 2472 corpora
3558 2397 3796 2456 sancta

619 2490 701 2552 in
746 2489 983 2569 platea
1049 2490 1133 2552 ad
1195 2491 1576 2571 exemplum
1623 2491 2157 2553 Christianorum
2213 2489 2448 2552 diebus
2491 2506 2607 2553 sex
2662 2491 2952 2569 triginta
2988 2509 3071 2553 ea:
3109 2493 3319 2571 jussu
3358 2491 3791 2568 Diocletiani,

624 2591 690 2649 et
744 2590 986 2650 exinde
1037 2588 1417 2651 Marcellus
1449 2588 1807 2668 presbyter
1864 2588 2140 2669 collegit
2197 2591 2397 2650 noctu
2461 2605 2734 2667 corpora
2794 2605 2949 2650 cum
2998 2588 3402 2668 presbyteris
3453 2592 3519 2650 et
3568 2588 3793 2651 diaco—

626 2683 831 2745 nibus
895 2703 1047 2747 cum
1104 2686 1380 2765 hymnis
1428 2690 1494 2748 et
1562 2686 1867 2765 sepelivit
1921 2687 2035 2748 via.
2080 2685 2341 2750 Salaria
2394 2685 2465 2747 in
2515 2686 2885 2748 cmmeterio
2963 2685 3305 2764 Priscillae,
3362 2687 3442 2749 in
3496 2686 3791 2749 cubiculo

510 2781 581 2840 15
621 2780 824 2859 claro,
885 2782 1061 2862 quod
1106 2786 1294 2862 patet
1343 2800 1554 2863 usque
1617 2784 1697 2845 in
1749 2784 2152 2847 hodiernum
2204 2786 2399 2861 diem,
2452 2784 2627 2864 quod
2677 2785 2824 2864 ipse
2869 2787 3354 2863 praeparaverat
3383 2782 3413 2824 ιι
3432 2786 3792 2865 paenitens,

628 2880 789 2940 dum
812 2878 1209 2941 traberetur
1237 2881 1328 2941 ad
1352 2880 1741 2943 occisionem
1770 2882 1849 2943 in
1875 2886 2119 2962 crypta
2155 2884 2370 2963 juxta
2396 2898 2641 2964 corpus
2690 2881 2920 2944 sancti
2978 2880 3447 2944 Crescentonis
3503 2899 3597 2942 vn
3650 2883 3795 2943 Ka-

626 2975 869 3038 lendas
910 2976 1111 3038 Maii.
1145 2976 1158 3016 ί
1198 2977 1321 3051 Qui
1353 2977 1555 3039 etiam
1604 2975 1771 3058 fecit
1821 2980 2291 3043 ordinationes
2338 2980 2512 3043 duas
2539 2996 2673 3060 per
2722 2995 3008 3041 mensem
3060 2977 3483 3042 Decembris:
3506 2978 3794 3059 presby-

624 3077 801 3136 teros
865 3076 1181 3154 quatuor,
1250 3076 1557 3138 diaconos
1614 3076 1802 3151 duos,
1857 3077 2196 3158 episcopos
2265 3093 2392 3157 per
2438 3077 2710 3139 diversa
2762 3074 2909 3139 loca
2974 3092 3247 3137 numero
3305 3076 3634 3156 quinque.
3702 3075 3792 3137 Ab

623 3171 851 3233 eodem
879 3171 987 3234 die
1015 3173 1305 3235 cessavit
1329 3172 1793 3254 episcopatusi
1833 3176 2044 3238 annis
2061 3178 2334 3256 septem,
2367 3174 2706 3238 mensibus
2732 3191 2869 3250 sea,
2897 3173 3128 3237 diebus
3156 3174 3418 3252 viginti
3454 3174 3788 3255 quinque;

504 3271 583 3333 20
611 3274 1055 3351 persequente
1094 3270 1521 3334 Diocletiano
1554 3272 2011 3337 Christianos.

1535 3446 2031 3510 CATALOGUS
2072 3448 2229 3510 SUB
2268 3449 2633 3510 LIBERIO.

466 3579 896 3641 Marcellinus
923 3579 1123 3640 annis
1160 3583 1325 3659 octo,
1352 3578 1696 3643 mensibus
1724 3579 1963 3657 tribus,
2006 3578 2240 3642 diebus
2264 3580 2515 3658 viginti
2546 3580 2867 3661 quinque.
2903 3579 3060 3642 Fuit
3090 3577 3503 3657 temporibus
3535 3577 3788 3639 Diocle-

389 3678 559 3740 tiani
584 3681 649 3739 et
670 3677 1070 3741 Maximiani
1092 3695 1174 3740 ex
1198 3678 1306 3740 die
1330 3678 1543 3759 pridie
1570 3679 1909 3741 Kalendas
1940 3679 2183 3756 Julias,
2209 3698 2249 3741 a
2278 3679 2668 3742 consulibus
2694 3678 3108 3742 Diocletiano
3137 3695 3204 3739 v1
3234 3680 3300 3739 et
3330 3675 3722 3738 Constantio
3743 3676 3789 3735 1I

389 3792 602 3855 usque
632 3776 702 3836 in
734 3777 1161 3838 consulatum
1190 3776 1581 3838 Diocletiani
1614 3793 1689 3837 1x
1708 3780 1774 3838 et
1803 3777 2205 3839 Maximiani
2236 3795 2375 3851 VIII,
2400 3795 2532 3857 quo
2561 3781 2856 3855 tempore
2885 3777 3015 3839 fuit
3055 3775 3447 3855 persecutio,
3494 3777 3562 3835 et
3588 3789 3790 3836 cessa-

390 3873 489 3933 vit
524 3873 946 3953 episcopatus
977 3890 1190 3933 annos
1220 3876 1494 3952 septem,
1550 3890 1811 3936 menses
1853 3892 1990 3953 sex,
2034 3875 2176 3937 dies
2205 3874 2461 3953 viginti
2499 3875 2819 3955 quinque.

1510 4041 1790 4086 NOTULE
1843 4043 2258 4088 MARGINALES
2325 4042 2670 4086 FABRO'I’I'I.

456 4188 477 4215 ι
506 4175 569 4244 Β,
610 4187 681 4229 an
708 4171 764 4243 8,
800 4173 994 4245 minus
1017 4175 1075 4229 d.
1102 4172 1158 4230 7.
1253 4174 1369 4243 bB,
1400 4175 1725 4231 Constantii
1763 4182 1819 4230 et
1870 4176 2089 4232 Galerii
2135 4177 2282 4245 imp.
2320 4190 2351 4230 a
2394 4188 2549 4230 coss.
2606 4173 2747 4229 Dioc
2788 4178 2972 4245 et“?!
3025 4181 3083 4228 et
3138 4173 3475 4245 Constantio
3536 4175 3605 4230 ad
3655 4174 3791 4230 Dio-

387 4247 515 4302 rlet.
553 4258 652 4299 vut
702 4252 758 4300 et
788 4244 1201 4301 Maximianum
1264 4259 1390 4301 vm.

386 4320 526 4372 hanc
554 4317 682 4371 hist.
729 4315 933 4381 refellit
962 4333 1016 4369 a.
1074 4332 1134 4385 p.
1172 4314 1295 4370 829.

386 4391 454 4444 ad
499 4388 821 4459 passionem
852 4400 1013 4442 suam
1055 4386 1727 4459 adjuravitMarcellum.

1538 4258 1562 4286 ε
1593 4246 1648 4311 C,
1703 4247 2050 4302 Constantii.
2081 4248 2105 4285 ἀ
2164 4241 2300 4301 Vide
2334 4248 2537 4300 Baron.
2583 4245 2657 4298 ad
2694 4262 2787 4299 an.
2848 4242 2973 4307 302,
3036 4259 3088 4314 p.
3138 4241 3247 4300 728
3292 4252 3315 4279 °
3361 4246 3491 4298 Bar.
3551 4247 3652 4299 loc.
3701 4249 3782 4299 cit.

1397 4316 1414 4353 τ
1443 4316 1813 4373 Maximiano.
1889 4334 1915 4371 ις
1945 4320 2047 4387 CB,
2081 4325 2169 4374 est
2202 4324 2503 4374 truncatus
2529 4324 2583 4371 et
2630 4323 2794 4371 mart.
2846 4322 3175 4387 coronatus,
3228 4315 3329 4386 qui
3360 4317 3498 4371 dum
3536 4323 3783 4387 pergeret

1825 4388 1851 4427 ιι
1882 4390 1999 4458 Ipsi
2047 4391 2099 4446 S.
2140 4392 2339 4446 Petrus
2371 4393 2713 4458 praeceperat
2758 4388 2860 4442 CB.

385 4455 513 4528 oag.‘
535 4456 643 4516 790
662 4459 790 4514 edit.
828 4455 1202 4515 Vallicellanae
1232 4455 1391 4530 4594,
1418 4459 1639 4525 refellit.
1712 4458 1731 4513 j
1776 4455 1924 4514 Bur.‘
1941 4467 2081 4517 tant.
2118 4467 2288 4518 mens.
2318 4455 2385 4529 6,‘
2414 4465 2462 4513 et
2493 4455 2670 4514 (1.24.

2972 4385 2984 4423 ί
3016 4384 3169 4442 Βαν.
3194 4384 3267 4441 ad
3306 4403 3443 4442 ann.
3485 4384 3789 4456 υοωξδοι,

1757 4637 1984 4692 VARUE
2027 4636 2313 4692 LECTION
2321 4638 2417 4691 ES.

667 4774 841 4843 Apud
858 4775 1172 4833 Fabrottum
1193 4792 1261 4830 ea:
1297 4778 1476 4831 codice
1506 4777 1744 4832 Freheri.

455 4861 617 4935 Num.
650 4858 740 4920 30.
795 4863 892 4917 lin.
938 4862 987 4929 4,
1019 4862 1075 4933 2,
1131 4869 1242 4927 ΑΒ.
1300 4880 1518 4921 menses
1548 4864 1602 4919 2.
1635 4868 1707 4930 A,
1758 4867 1816 4921 d.
1847 4865 1936 4934 35,
1969 4869 2031 4935 Β,

386 4932 511 5007 dies
541 4931 629 4989 25.
679 4936 737 4987 in
762 4935 856 4990 ΑΒ
895 4931 1093 4989 desunt
1119 4940 1400 5006 sequentia
1448 4939 1632 5005 verba,
1678 4944 1734 4992 et
1787 4931 2030 5007 quorum

385 5004 831 5074 chirographum
884 5004 1252 5073 cucurritfet
1311 5004 1629 5063 imbecilles
1669 5004 1943 5064 208.'lin.
1975 5006 2029 5065 3.

386 5075 501 5146 AB,
531 5075 871 5132 Diocletiani
925 5079 1057 5133 VIII.
1119 5081 1216 5133 lin.
1265 5077 1350 5145 l2,
1402 5082 1465 5147 B,
1522 5081 1647 5135 dies
1674 5079 1763 5137 25.
1802 5081 1901 5133 lin.
1966 5077 2033 5134 45

387 5147 648 5274 ΕᾈηἹὲοά
706 5149 830 5217 ipse
901 5156 1264 5221 praeceperat.
1334 5152 1431 5204 lin.
1487 5149 1572 5221 -l6,
1642 5153 1702 5217 B,
1752 5153 2031 5207 Crescen—

632 5310 719 5364 Ea:
740 5311 920 5365 codice
943 5312 1123 5379 Regio,
1155 5312 1439 5365 Μαιανίηο
1460 5317 1511 5366 et
1536 5312 1778 5365 Thuano.

462 5415 582 5467 Lin.
608 5411 657 5482 4,
692 5417 810 5472 sed.
833 5430 969 5471 ann.
1002 5415 1055 5485 9,
1084 5431 1155 5472 tn.
1189 5413 1244 5479 2,
1271 5418 1328 5472 d.
1360 5415 1445 5472 46.
1476 5418 1575 5470 lin.
1603 5415 1656 5479 8,
1686 5416 2029 5475 Diocletiani

386 5483 481 5553 (sic
508 5488 654 5558 fere-
674 5501 902 5558 semper,
945 5493 1005 5542 ut
1047 5483 1106 5542 et
1148 5489 1276 5541 aliis
1304 5504 1432 5542 mss.
1465 5487 1657 5558 codd.)
1690 5488 1743 5543 b.
1794 5495 1850 5543 et
1876 5490 2031 5545 Con-

387 5557 593 5631 stantii
623 5553 677 5609 2.
717 5553 817 5610 liii.
842 5557 893 5631 4,
918 5573 983 5631 eo
1014 5566 1266 5628 tempore
1300 5562 1346 5613 Μ
1377 5560 1568 5615 eodem
1605 5553 1648 5614 t.’
1674 5561 1774 5613 lin.
1806 5559 1860 5629 5,
1893 5576 2031 5631 pro-

388 5626 605 5703 miscui
650 5639 819 5703 sexus
838 5626 1152 5703 Christiani
1185 5645 1237 5699 p.
1270 5630 1423 5703 drp.
1460 5645 1532 5685 m.
1565 5633 1635 5686 de
1678 5644 1787 5701 qua
1814 5626 1905 5686 ref
1926 5634 2025 5703 lin,

384 5692 438 5773 ἶ,
477 5702 538 5773 ut
567 5697 925 5753 thuriticaret
965 5702 1157 5769 idolis,
1185 5692 1302 5771 'qui
1337 5692 1521 5772 (Μαίη
1559 5710 1621 5756 ut
1646 5692 1804 5758 thur.
1839 5708 1937 5773 qui
1974 5692 2029 5761 et

389 5764 545 5837 fecit)
569 5773 627 5823 et
656 5773 785 5837 post
816 5781 1025 5836 paucos
1055 5764 1181 5828 dies
1211 5764 1429 5842 synodo
1467 5772 1613 5829 facta
1647 5775 1705 5828 in
1732 5764 2029 5842 provincia

2066 4777 2118 4837 B
2140 4778 2462 4846 Campaniae
2491 4778 2549 4842 in
2580 4778 2834 4836 civitate.
2877 4791 3003 4847 quae
3033 4782 3269 4833 vocatur
3297 4777 3528 4843 Suessa,
3561 4792 3671 4833 suo
3700 4791 3790 4832 ore

2144 4849 2419 4918 paenituit
2441 4862 2630 4904 coram
2657 4861 2835 4902 ccxxx
2858 4849 3147 4917 episcOpis
3166 4862 3294 4904 cum
3312 4849 3507 4903 cinere
3531 4849 3592 4903 in
3610 4850 3787 4918 capite

2143 4935 2269 4989 suo,
2292 4928 2349 4974 et
2384 4921 2584 4975 cilicio
2603 4922 2848 4974 vestitus
2876 4920 3268 4989 paenitentiam
3286 4933 3482 4989 agens,
3509 4929 3567 4975 et
3597 4922 3787 4975 dicens

2143 5004 2203 5046 se
2258 5005 2533 5060 peccasse.
2570 4992 2729 5046 Tunc
2781 4991 2967 5046 iratus
3011 4990 3404 5046 Diocletianus
3446 4994 3637 5047 tenuit
3663 5003 3782 5047 eum

2140 5062 2489 5131 compellens
2522 5064 2590 5117 ad
2622 5062 2995 5117 sacrificium.
3038 5062 3138 5116 llle
3166 5067 3354 5117 autem
3386 5062 3675 5117 clamabat
3694 5063 3783 5117 di—

2141 5147 2309 5189 cens:
2348 5134 2600 5189 Paeniteo
2645 5148 2773 5188 cum
2810 5134 3078 5204 lacrymis
3114 5133 3184 5187 de
3212 5135 3404 5202 priore
3436 5134 3774 5203 ignorantia,

2141 5206 2279 5276 quia
2310 5206 2560 5276 graviter
2586 5205 2835 5275 deliqui,
2867 5212 2924 5260 et
2947 5206 3120 5274 coepit
3141 5204 3539 5276 blasphemare
3560 5206 3778 5276 Diocle—

2143 5273 2387 5340 t‘ianum,
2420 5282 2478 5330 et
2511 5275 2663 5330 idola
2685 5273 3099 5332 daemoniorum
3152 5273 3499 5330 manufacta.
3527 5278 3687 5332 Tunc
3714 5274 3775 5329 ab

2140 5348 2334 5403 eodem
2366 5347 2726 5403 Diocletiano
2755 5362 2855 5415 pro
2886 5347 2925 5401 t'.
2957 5350 3017 5400 (Σ,
3050 5363 3098 5402 c.
3132 5347 3214 5401 Cl.
3247 5347 3378 5416 Cyr.
3405 5355 3462 5402 et
3492 5350 3555 5402 Α.
3587 5364 3638 5402 c.
3673 5364 3715 5402 s.
3738 5354 3774 5400 t.

2140 5427 2197 5473 et
2251 5420 2523 5488 martyrio
2566 5420 2845 5473 coronati.
2893 5418 3196 5486 .ibjuravit
3251 5425 3440 5473 autem
3492 5419 3551 5473 C.
3617 5421 3773 5474 Marc.

2138 5492 2323 5558 (Mar...
2380 5490 2779 5561 conjuraverat
2808 5497 3012 5561 autem
3059 5490 3118 5542 Β.
3175 5488 3268 5557 Μ.)
3298 5491 3397 5543 lin.
3456 5489 3545 5555 l2,
3605 5489 3773 5546 Diocl.

2138 5563 2346 5617 exinde
2370 5564 2441 5615 Μ.
2468 5558 2566 5614 lin.
2595 5558 2679 5619 43.
2707 5567 2763 5615 et
2786 5560 3067 5615 diaconis.
3088 5562 3252 5625 Μαι,
3277 5561 3653 5618 diaconibus.
3684 5563 3772 5614 (in.

2142 5632 2228 5700 45,
2249 5634 2398 5701 quod
2423 5640 2572 5700 patet
2601 5634 2716 5702 (M.,
2751 5632 2926 5701 paret)
2949 5644 3129 5701 usque
3153 5633 3210 5685 in
3242 5632 3584 5702 hodiernum
3607 5636 3775 5691 diem.

2139 5700 2287 5773 quod
2324 5706 2443 5774 ipse
2475 5700 2989 5774 praeceperandum
3017 5700 3089 5757 tr.
3115 5704 3211 5756 lin.
3245 5700 3331 5773 46,
3363 5703 3781 5761 Crescentionis

2139 5789 2196 5830 vx
2225 5773 2358 5830 Kal.
2384 5777 2482 5845 M.,
2508 5775 2603 5830 hic
2629 5773 2768 5830 fecit
2796 5776 2921 5830 0rd.
