4040 6184
327 238 349 295 4
362 237 465 296 469

744 369 833 421 Ea:
867 367 1045 422 codice
1093 367 1318 422 Thuano
1346 368 1536 422 altera.

394 473 519 526 Lin.
554 470 603 539 4,
650 474 799 528 sedit
835 487 969 529 ann.
1002 472 1053 528 9.
1107 488 1178 528 ιιι.
1216 471 1268 541 4,
1300 474 1421 530 dies
1454 473 1535 529 46.
1573 476 1668 528 lin.
1702 472 1754 538 3,
1794 475 1966 529 scribe

317 544 682 616 Diocletiani.
719 543 891 616 lin_.g8,
923 543 977 611 9,
1004 546 1211 615 Cyrino
1242 559 1364 616 cap.
1395 561 1442 601 s.
1477 552 1549 616 tr.
1583 548 1683 599 lin.
1707 545 1761 609 9,
1796 560 1963 616 quem

318 615 648 685 conjurans.
665 616 765 668 lin.
784 613 1181 685 ll,etpro‘pter
1202 617 1305 671 hoc
1318 613 1356 671 t‘.
1382 618 1461 671 lin
1500 615 1585 679 42,
1601 618 1725 673 dies
1748 613 1836 672 36⁷.
1861 618 1960 670 lin.

321 682 612 752 43,’nocte
657 702 706 741 c.
748 682 863 741 lin.
896 682 979 755 tl,
1025 689 1117 742 via
1163 688 1384 744 Salaria
1432 690 1487 743 in
1527 689 1666 744 cub.
1704 689 1859 744 claro
1902 689 1960 743 in

319 763 533 828 crypta.
560 757 670 825 Qui
701 760 871 813 etiam
899 757 944 812 ι’.
994 759 1117 814 0rd.
1158 757 1194 814 2
1226 773 1323 828 per
1350 773 1422 814 tn.
1454 760 1833 816 Decembrem.
1860 761 1959 813 lin.

319 826 409 889 49,
440 828 699 897 quinque
740 845 754 889 ς
796 830 894 898 qui
933 830 1106 884 etiam
1157 826 1419 898 sepultus
1448 838 1535 886 est
1583 833 1641 887 in
1672 832 1961 887 cimiterio

319 846 409 889 τυ,
440 846 699 897 qumque
740 846 754 889 ι
838 846 894 884 ιιι
933 846 1106 884 etiam
1157 846 1419 898 sepultus
1448 846 1535 886 esr.
1583 847 1641 887 in
1672 846 1961 887 cimiterto

316 898 595 981 Priscillae
626 899 711 981 via
730 846 958 981 .Saqaria
978 915 1029 955 γι
1050 901 1176 981 _Kal.
1205 902 1339 957 Maii
1372 902 1429 956 in
1452 902 1605 971 cub.,
1634 903 1784 981 quod
1810 908 1962 981 patet

317 983 501 1043 usque
541 970 599 1023 in
637 970 768 1043 hodi.
811 972 869 1025 d.
916 973 1065 1042 quod
1100 973 1236 1043 ipse
1276 981 1617 1043 przeceperat
1650 970 1721 1029 ab
1765 970 1958 1029 eodem

313 1041 520 1167 ἓὶεέίξῐῑ
548 1042 791 1097 cessavit
819 1057 907 1111 ep.
934 1039 1070 1099 ann.
1098 1039 1155 1114 7,
1190 1039 1350 1100 m.'6.
1382 1039 1562 1115 (1.95,
1597 1060 1743 1116 pers.
1774 1044 1955 1101 Diocl.

1103 214 1421 299 HISTORIA
1454 244 1546 300 DE
1583 244 1758 301 vms
1792 242 1961 300 non.
1992 245 2189 302 PONT.
2224 275 2292 283 -
2331 245 2385 300 s.
2430 244 2933 299 MARCELLINUS.

1993 368 2051 427 A

3582 243 3606 302 4
3619 243 3722 303 470

2326 366 2495 434 Apud
2541 368 2882 421 Holstenium
2927 374 2976 423 et
3009 369 3471 424 Schelcstratium.

2148 438 2251 491 Lin
2281 436 2331 491 4.
2369 439 2510 493 Flor.
2547 453 2725 493 mens.
2761 453 2847 507 ιιι,
2874 439 3080 494 diebus
3112 454 3229 495 va.
3258 444 3355 495 lin.
3381 438 3439 497 3.
3478 442 3627 497 Cass.
3670 447 3722 496 et

2078 511 2228 569 Vat,
2274 516 2491 580 octavo.
2524 515 2574 563 ct
2598 511 2742 565 Flor.
2783 512 3107 566 Constantii
3144 514 3207 565 II.
3240 514 3317 564 lin
3345 511 3399 577 5,
3434 513 3606 580 Cass.,
3640 514 3720 568 ita

2076 588 2157 635 ut.
2203 577 2340 647 lin7,
2396 582 2521 635 Vat.
2555 587 2605 634 et
2654 583 2823 647 Cass,
2876 584 2963 653 ad
2996 582 3459 638 sacriﬁcandum.
3501 577 3604 637 lin.
3662 582 3717 653 9,

2072 652 2216 717 Flor,
2261 669 2362 718 sec,
2420 653 2700 707 coronati.
2754 654 2852 717 lin,
2907 650 2992 719 42,
3048 654 3266 706 Florent
3314 656 3427 708 dua
3469 660 3539 721 et,
3588 650 3714 709 Vat.

2072 724 2339 795 xxv1__lin
2373 721 2473 795 45L
2534 725 2661 778 Vat.
2738 724 2867 777 (‘ass
2939 730 2989 778 et
3042 725 3303 792 Florent.,
3357 732 3717 795 praeceperat.

2071 795 2170 848 lin.
2202 793 2285 857 46,
2314 807 2406 850 an.
2438 792 2491 858 7,
2524 797 2605 849 ita
2626 795 2924 851 Deusdedit
2947 800 2998 850 et
3025 795 3177 860 Vat.,
3198 796 3294 850 sed
3314 792 3559 852 Anselm'.
3587 798 3718 859 Luc,

2070 880 2327 921 aﬂI'IJUI.

2389 938 2558 1007 Apud
2596 940 2818 992 Peniam
2861 953 2929 991 ea:
2963 938 3141 992 codice
3176 940 3404 994 Cavensi

2140 1009 2265 1062 Lin.
2287 1006 2322 1063 3
2344 1014 2395 1063 et
2416 1006 2468 1078 4,
2502 1023 2532 1078 a
2563 1011 2867 1066 consulatu
2893 1008 3213 1064 Diocletian
3234 1010 3248 1063 i
3267 1011 3331 1063 Vl
3356 1016 3414 1065 et
3435 1009 3723 1066 Constan-

2071 1080 2197 1134 tino
2228 1081 2293 1133 ll.
2349 1081 2429 1134 lin
2450 1077 2463 1135 ,⁷
2493 1077 2528 1136 9
2558 1080 2721 1152 et_lO,
2750 1087 3122 1137 coronantur.
3152 1081 3476 1149 Conjurans
3519 1079 3722 1137 beatus

2071 1151 2462 1207 Marcellinus.

2069 1151 2462 1208 Marcellinus.

1632 1302 1877 1364 NOTE
1921 1300 2387 1363 VARIORUM.

835 1432 881 1487 Α
907 1433 1451 1489 SCHELESTRATE.

384 1517 557 1591 Linea
590 1516 643 1573 6.
673 1547 736 1558 —
767 1522 844 1573 De
884 1537 993 1590 qua
1020 1537 1078 1575 re
1108 1525 1221 1591 ipse
1257 1522 1602 1575 Marcellinus
1630 1520 1705 1574 ad
1737 1522 1958 1589 sacriﬁ-

309 1590 454 1641 cium
483 1589 694 1656 ductus,
728 1597 835 1645 etc.
868 1589 1069 1648 Eadem
1099 1589 1265 1648 habet
1292 1601 1493 1648 auctor
1519 1592 1677 1648 Libri
1713 1591 1955 1646 Pontiﬁ-

308 1659 471 1735 calis,
497 1661 747 1729 quicum
771 1669 1003 1719 auctore
1035 1666 1207 1733 hujus
1236 1665 1479 1735 catalogi
1511 1670 1641 1719 ante
1668 1663 1950 1718 Isidorum

308 1732 673 1805 Mercatorem
713 1732 1284 1804 scripseruntapud
1338 1732 1504 1805 quem
1558 1741 1788 1791 exstant
1828 1741 1953 1789 acta

306 1801 653 1871 Synuessani
689 1801 927 1860 concilii
980 1801 1195 1875 pariter
1240 1801 1669 1876 antiquissima,
1725 1812 1780 1859 et
1823 1813 1953 1860 ante

2068 1443 2244 1498 ptenie
2273 1431 2341 1486 ad
2387 1431 2741 1500 exemplum.
2779 1432 3042 1489 Anastas.
3074 1433 3133 1488 in
3165 1434 3503 1489 Theodoro:
3552 1454 3577 1485 (ι
3611 1434 3718 1489 Vi-

2065 1503 2207 1576 dens
2239 1508 2426 1576 autem
2460 1505 2679 1576 Isacius
2726 1513 2900 1571 caput
2930 1506 3213 1570 Mauritii,
3261 1507 3492 1576 gavisus
3522 1510 3629 1575 est,
3661 1510 3719 1559 et

2066 1571 2201 1627 fecit
2225 1574 2292 1626 ad
2326 1574 2644 1643 exemplum
2682 1576 2993 1631 multorum
3025 1577 3082 1630 in
3114 1571 3627 1632 circo'Ravennate'
3657 1576 3714 1630 in

2063 1645 2318 1713 stipitem
2372 1646 2527 1713 poni.
2582 1665 2607 1694 υ
2658 1648 2862 1701 Eodem
2910 1655 3161 1715 tempore
3222 1648 3280 1702 in
3326 1648 3719 1717 persecutione

2062 1717 2398 1788 Maximiani
2431 1731 2670 1785 corpora
2704 1726 3012 1788 martyrum
3049 1720 3337 1788 insepulta
3359 1719 3497 1774 feris
3518 1726 3574 1773 et
3598 1718 3720 1773 ali-

2065 1786 2221 1862 tibus
2239 1789 2527 1862 exposita,
2552 1796 2608 1843 et
2631 1802 2699 1843 ne
2727 1786 3132 1862 sepelirentur,
3166 1786 3433 1846 custodes
3463 1789 3716 1845 adhibiti

307 1857 532 1947 tempus
558 1857 789 1930 isiussi“
805 1857 1678 1947 uitiatas;usitatam}
1719 1857 1948 1931 mea};

2065 1858 2283 1947 (Euseb.
2345 1859 2439 1913 lib.
2491 1873 2616 1942 vui,
2662 1857 2923 1947 captati)
2958 1862 3163 1947 {Apud
3200 1863 3440 1947 Graecos
3472 1862 3719 1947 damna-

303 1944 825 2019 aliissupposititia
848 1948 1367 2019 videantur,quoad
1385 1944 1607 2018 lapsum
1631 1948 1951 2003 Marcellini

302 2028 336 2088 a
363 2018 768 2073 veroaberrare
784 2033 890 2074 non
919 2018 1207 2083 videntur,
1249 2026 1311 2075 ut
1345 2020 1953 2088 ostenditOnuphrius

304 2087 621 2163 Panvinius
642 2091 709 2163 in
728 2091 1427 2163 Historiaecclesiastica,
1461 2106 1587 2163 quae
1619 2105 1725 2146 ms.
1754 2087 1954 2147 asser-

302 2166 469 2215 vatur
508 2161 567 2215 in
595 2161 944 2217 bibliotheca
979 2162 1273 2218 Vaticana.

376 2231 547 2287 Linea
590 2231 673 2288 46.
705 2263 778 2272 —
804 2235 869 2286 In
914 2240 1104 2303 crypta
1151 2235 1320 2303 juxta
1358 2250 1553 2304 corpus
1581 2236 1639 2290 S.
1690 2235 1953 2289 Crescen-

302 2304 463 2377 tonis.
498 2305 576 2358 Ex
598 2319 716 2377 quo
745 2305 867 2377 loco
893 2312 1064 2374 patet,
1099 2312 1327 2361 sanctos
1350 2314 1626 2376 martyres
1649 2308 1707 2362 in
1735 2306 1951 2377 cryptis

301 2375 558 2441 sepultos
588 2374 792 2430 fuisse.
822 2376 982 2444 Quod
1015 2377 1154 2433 adeo
1180 2390 1374 2432 verum
1406 2374 1512 2441 est,
1540 2384 1604 2432 ut
1632 2374 1853 2433 nullum
1887 2391 1949 2431 ea

298 2446 370 2500 de
402 2460 461 2500 re
485 2445 728 2502 dubium
759 2461 881 2502 esse
910 2450 1093 2516 possit
1124 2462 1286 2513 ,cum
1312 2450 1483 2504 etiam
1513 2456 1753 2516 constet,
1774 2449 1952 2504 Chri-

300 2518 523 2573 stianos
555 2525 805 2587 tempore
832 2520 1249 2587 persecutionis
1290 2520 1349 2574 in
1384 2521 1601 2589 cryptis
1636 2520 1946 2588 habitasse,

300 2595 356 2643 et
388 2602 745 2658 quaecunque
773 2590 1003 2659 pietatis
1022 2591 1365 2645 Christiante
1381 2591 1571 2647 ofﬁcia
1601 2592 1944 2648 exercuisse.

303 2660 461 2715 Unde
492 2660 563 2715 de
590 2662 725 2715 Caio
764 2668 964 2715 auctor
1003 2662 1176 2730 hujus
1205 2662 1449 2732 cataIOgi
1486 2682 1499 2717 :
1544 2665 1694 2732 quod
1736 2661 1952 2734 fugerit

301 2734 729 2801 persecutionem
772 2734 1097 2786 Diocletiani
1121 2736 1179 2786 in
1217 2737 1420 2802 cryptis
1451 2735 1771 2787 habitando.
1821 2737 1952 2788 Ste-

307 2802 532 2875 phanus
566 2816 706 2875 papa
748 2804 806 2857 in
838 2803 1199 2859 Catacumbis
1236 2806 1294 2859 in
1331 2806 1481 2875 sede,
1527 2806 1722 2861 ubi'ad
1762 2807 1953 2860 sacri-

306 2874 499 2929 ﬁcium
530 2873 877 2929 oﬁerendum
919 2888 1042 2930 sese
1083 2873 1813 2944 praeparabatJdecollatus
1842 2882 1947 2943 est,

305 2944 779 3018 uthabentejus
808 2953 951 3001 acta.
996 2948 1072 3001 De
1116 2948 1283 3002 Xisto
1327 2948 1499 3003 refert
1530 2949 1592 3002 D.
1630 2949 1953 3018 Cyprianus

303 3016 547 3085 epistola
570 3017 636 3071 ad
660 3017 1018 3072 Successum.
1040 3039 1064 3069 α
1085 3019 1316 3074 Xistum
1342 3027 1529 3075 autem
1553 3020 1610 3074 in
1625 3016 1951 3075 cremeterio

302 3090 762 3143 animadversum
799 3103 921 3144 esse
960 3090 1181 3159 sciatis,
1223 3105 1323 3145 Vill
1350 3092 1486 3146 Idus
1510 3091 1779 3160 Augusti.
1808 3109 1833 3138 ι)
1875 3092 1952 3143 De

304 3159 364 3212 Β.
391 3160 696 3215 Laurentio
721 3168 922 3216 auctor
951 3162 1127 3230 hujus
1156 3162 1400 3231 catalogi
1436 3164 1493 3215 in
1517 3164 1685 3215 Xisto
1712 3163 1757 3214 II
1792 3178 1804 3213 :
1835 3181 1861 3211 α
1891 3161 1949 3213 Β.

2063 1938 2251 1984 torum
2296 1944 2536 2002 corpora
2577 1930 2862 2000 insepulta
2922 1930 3222 1988 manebant
3262 1934 3339 2002 (Ο.
3402 1934 3553 1988 Curt.
3610 1933 3713 1988 lib.

2060 2014 2343 2075 vnt,_cap,
2374 2001 2472 2071 2):
2526 2023 2547 2053 α
2598 2004 2733 2075 Jure
2782 2002 3144 2059 interfectum
3192 2005 3413 2075 Clytum
3446 2004 3719 2059 Macedo—

2065 2086 2163 2145 nes
2183 2073 2519 2141 decernunt,
2544 2074 2843 2143 sepultura
2866 2089 3095 2145 quoque
3123 2073 3503 2145 prohibituri,
3531 2077 3590 2129 ni
3619 2089 3717 2131 rex

2063 2144 2598 2214 humarijussisset.
2637 2165 2663 2195 »
2696 2146 2858 2215 Apud
2886 2144 3171 2203 Romanas
3212 2148 3359 2202 idem
3399 2148 3578 2202 moris
3604 2145 3718 2202 fuit

2060 2216 2231 2270 etiam
2262 2217 2317 2270 in
2347 2218 2846 2272 animadversione
2874 2218 3153 2272 militum.
3187 2220 3391 2287 Tacit.,
3429 2232 3445 2272 ι
3479 2217 3671 2271 .tnnal
3700 2237 3717 2273 :

2064 2308 2088 2338 α
2136 2290 2382 2355 Corpora
2427 2296 2587 2343 extra
2614 2289 2824 2344 vallum
2868 2289 3087 2357 abjecta
3126 2292 3403 2346 ostentui.
3441 2308 3466 2339 υ
3505 2290 3714 2344 Tamen

2059 2360 2477 2415 constitutione
2503 2360 2845 2415 Diocletiani
2878 2361 3180 2416 damnatos
3211 2361 3524 2430 sepulturae
3564 2360 3714 2415 tradi

2061 2443 2174 2485 non
2227 2437 2451 2486 vetatur
2501 2430 2579 2499 (L.
2640 2431 2928 2485 Obnoxios.
2967 2432 3027 2487 C.
3081 2433 3147 2485 de
3193 2435 3347 2500 Rclig
3407 2440 3457 2485 et
3509 2437 3710 2500 sumpt.

2060 2502 2226 2567 fun.).
2274 2501 2772 2571 ConstantinOpoli
2821 2510 2943 2557 erat
2977 2504 3155 2559 locus.
3202 2505 3298 2559 cui
3348 2516 3551 2559 nomen
3593 2510 3717 2557 erat

2064 2573 2376 2643 Pelagium,
2404 2573 2732 2629 destinatus
2759 2574 3075 2643 sepulturae
3112 2575 3715 2642 damnatorum,cujus

2061 2645 2321 2698 meminit
2354 2645 2589 2699 Cedren.
2617 2646 2675 2700 in
2711 2646 3094 2702 Constantino
3127 2647 3517 2716 Copronymo:
3563 2645 3716 2714 τάφον

2056 2716 2350 2785 καταδὶκῳν.
2402 2718 2467 2770 Et
2519 2718 2793 2784 temporis
2835 2717 2980 2786 ipsis
3023 2717 3181 2772 Decii
3230 2730 3467 2785 corpora
3501 2722 3719 2785 marty—

2060 2800 2184 2842 rum
2226 2786 2539 2855 sepulturee
2580 2788 2729 2843 tradi
2784 2789 3017 2843 vetitum
3066 2802 3175 2844 non
3228 2788 3390 2858 fuit;
3441 2794 3498 2843 et
3550 2800 3719 2857 penes

2058 2858 2314 2926 cOpiatas
2338 2871 2439 2913 seu
2473 2857 2798 2913 laborantes
2828 2858 2943 2914 fuit
2983 2873 3122 2914 cura
3152 2859 3464 2928 sepulturae
3508 2871 3718 2928 corpo-

2062 2942 2189 2983 rum
2224 2937 2534 2997 martyrum
2563 2930 2848 2997 (Cyprian.
2882 2933 3039 2998 epist.
3062 2929 3149 2998 3):
3190 2951 3216 2981 ‹‹
3247 2932 3311 2984 Et
3340 2930 3491 2998 quod
3527 2931 3719 2983 maxi-

2063 3012 2216 3053 mum
2246 3007 2333 3053 est
2369 3013 2611 3067 corpora
2644 3007 2980 3069 martyrum,
3008 3009 3109 3055 aut
3140 3007 3497 3065 cancrorum,
3521 3001 3571 3054 εἰ
3602 3013 3714 3055 non

2061 3069 2435 3141 sepeliantur,
2469 3072 2682 3139 grande
2714 3071 3034 3138 periculum
3070 3071 3333 3125 imminet
3358 3072 3462 3124 eis.
3501 3070 3718 3141 quibus

2064 3140 2347 3194 incumbit
2370 3141 2474 3211 hoc
2502 3155 2668 3208 opus.
2704 3159 2730 3189 »
2758 3141 2993 3211 Cloacas
3017 3141 3184 3195 Urbis
3206 3156 3335 3196 cum
3358 3140 3715 3211 Tarquinius

304 3210 1400 3301 inaniinani;‘sgaaiiugzi'is‘
1424 3210 1845 3301 narremus
1890 3210 1950 3285 in
1981 3229 2027 3287 Ο
2060 3212 2293 3301 Ενξξξτξιξ
2330 3210 2524 3301 ιξιεεξιξίξι
2538 3224 2721 3301 99313
2734 3210 2985 3301 ﬂectet,
3007 3219 3093 3301 et
3118 3210 3716 3301 ltfdipuopcrisucivcs

300 3314 439 3372 agro
469 3302 683 3356 Verano
703 3304 760 3356 in
783 3310 977 3372 crypta
990 3300 1120 3357 cum
1143 3303 1280 3357 aliis
1302 3302 1500 3356 multis
1525 3300 1891 3371 martyribus.
1920 3320 1945 3350 ι

301 3373 380 3427 De
422 3372 742 3426 Alexandro
790 3381 1033 3441 martyre
1074 3374 1315 3441 antiqua
1362 3373 1489 3438 ejus
1530 3372 1836 3441 inscriptio
1888 3373 1946 3426 in

302 3442 629 3497 ctemeterio
647 3444 870 3497 Callisti
894 3450 1141 3511 reperta:
1170 3463 1195 3494 ‹‹
1214 3444 1534 3497 Alexander
1558 3450 1819 3498 mortuus
1837 3457 1948 3498 non

302 3521 409 3575 est,
444 3513 538 3566 sed
570 3514 713 3566 vivit
742 3528 916 3583 super
946 3520 1122 3577 astra,
1166 3520 1222 3568 et
1248 3527 1456 3581 corpus
1490 3514 1546 3567 in
1591 3516 1695 3568 hoc
1726 3515 1950 3570 tumulo

305 3583 617 3655 requiescit
635 3601 645 3636 :
662 3584 841 3655 vitam
872 3585 1261 3652 explevitcum
1292 3585 1543 3640 Antonio
1568 3586 1944 3655 imperatore:

306 3653 405 3722 qui
438 3653 532 3708 ubi
559 3654 800 3709 multum
826 3655 1087 3710 beneﬁcii
1115 3658 1442 3710 antevenire
1468 3653 1821 3724 prtevideret,
1850 3670 1949 3724 pro

304 3725 489 3797 gratia
523 3725 716 3779 odium
751 3727 959 3795 reddit,
997 3740 1179 3797 genua
1212 3730 1364 3781 enim
1408 3728 1639 3782 ﬂectens
1668 3741 1799 3781 vero
1836 3729 1950 3783 Deo

304 3795 738 3867 sacriﬁcaturus
779 3798 847 3852 ad
897 3795 1186 3867 supplicia
1207 3799 1462 3853 ducitur.
1489 3799 1535 3853 Ο
1574 3807 1825 3867 tempora
1854 3799 1951 3853 in-

304 3864 513 3939 fausta,
561 3867 775 3939 quibus
816 3864 1167 3924 inter-"sacra
1207 3875 1263 3923 et
1303 3876 1448 3939 vota,
1484 3883 1553 3925 ne
1599 3870 1655 3924 in
1687 3864 1950 3925 cavernis

305 3937 535 4006 quidem
569 3938 777 3993 salvari
816 3953 1141 4007 possumus,
1174 3958 1198 3988 ι)
1230 3948 1334 3995 etc.

375 4009 545 4063 Linea
574 4008 663 4063 49.
689 4040 759 4049 --
794 4012 863 4063 Et
892 4014 1121 4065 cessavit
1146 4014 1486 4081 episcOpatus
1515 4028 1687 4065 annos
1708 4019 1942 4081 septem,

300 4094 505 4153 menses
550 4094 669 4147 sex,
716 4082 830 4134 dies
869 4084 1077 4153 viginti
1103 4084 1380 4153 quinque,
1411 4088 1764 4151 persequente
1810 4087 1946 4139 Dio—

301 4151 535 4203 cletiano
575 4151 1577 4224 Christianos—Secunduscatalogus
1623 4154 1761 4224 legit
1795 4173 1805 4208 :
1837 4172 1949 4207 an-

301 4236 398 4296 nos
427 4237 587 4296 seu,
630 4224 1081 4296 antiquissimus
1124 4225 1417 4296 catalogus
1464 4241 1636 4278 annos
1687 4233 1945 4293 quatuor.

301 4292 626 4348 Cardinalis
656 4292 935 4350 BarOnius
967 4310 1033 4351 ne
1070 4292 1554 4365 quidem'annum
1589 4292 1766 4351 unum
1794 4298 1949 4352 sedis

303 4366 557 4436 vacantis
588 4365 862 4420 admittit.
909 4370 1029 4435 Qua
1071 4368 1129 4421 in
1172 4381 1229 4421 re
1278 4368 1389 4436 ipsi
1424 4368 1741 4422 assentitur
1781 4366 1947 4423 Onu—

303 4434 520 4508 phrius
550 4437 881 4506 Panvinius,
920 4434 1020 4508 qui
1061 4452 1189 4493 cum
1240 4434 1530 4492 communi
1563 4440 1946 4493 recentiorum

300 4506 554 4580 ostendit
584 4506 975 4564 Marcellinum
1009 4509 1224 4564 obiisse
1253 4510 1447 4564 eodem
1474 4523 1645 4571 anno,
1671 4525 1783 4580 quo
1806 4511 1949 4564 Dio—

299 4577 586 4633 cletianus
617 4593 925 4649 purpuram
958 4581 1223 4650 deposuit
1258 4599 1270 4635 :
1315 4580 1467 4636 unde
1497 4577 1780 4651 sequitur,
1815 4583 1948 4651 epi-

303 4654 598 4717 sCOpatum
652 4665 750 4719 per
780 4658 1012 4721 septem,
1050 4665 1167 4715 sex,
1200 4665 1300 4707 aut
1339 4660 1588 4721 quatuor
1629 4666 1813 4708 annos
1841 4668 1948 4707 va—

301 4732 431 4773 care
450 4734 558 4774 non
583 4724 855 4790 potuisse.
890 4733 1258 4793 persequente
1280 4724 1635 4778 Diocletiano
1655 4724 1947 4779 Christia-

302 4804 427 4859 nos,
473 4793 566 4847 sed
616 4795 807 4849 eodem
847 4808 997 4850 anno
1044 4796 1495 4863 persecutionem
1528 4809 1797 4853 cessasse.
1833 4808 1946 4865 quo

303 4872 567 4918 mortuus
606 4873 710 4934 est,
750 4874 805 4920 et
846 4865 999 4920 clero
1036 4866 1285 4920 Romano
1316 4866 1671 4920 occasionem
1716 4867 1947 4922 dedisse

299 4935 690 4990 substituendi
723 4937 779 4990 in
797 4938 921 5005 ejus
942 4937 1128 4992 locum
1146 4937 1493 5005 Marcellum,
1514 4938 1614 5006 qui
1641 4938 1941 5007 plusquam

304 5019 418 5079 uno
473 5020 624 5061 anno
681 5010 1074 5077 pontiﬁcatum
1137 5009 1372 5072 tenuit,
1415 5008 1766 5063 testantibus
1818 5010 1945 5079 ejus

300 5077 466 5149 actis,
514 5079 662 5147 quod
715 5081 772 5133 in
805 5079 1070 5135 catabulo
1119 5100 1145 5131 ‹‹
1189 5087 1321 5149 post
1352 5080 1564 5134 multos
1604 5093 1786 5134 annos
1816 5077 1944 5135 ser—

301 5148 506 5221 viendo
536 5150 775 5205 intlutus
801 5151 1015 5206 amictu
1045 5148 1286 5205 cilicino
1315 5152 1510 5207 emisit
1530 5151 1806 5221 spiritum
1837 5152 1946 5207 sub

300 5219 394 5274 die
425 5234 539 5273 xvu
565 5221 800 5276 Kalend.
833 5222 1200 5292 Septembris.
1238 5241 1264 5271 ››

900 5330 1341 5385 ALTASERR/E.

372 5422 543 5476 Linea
574 5417 660 5473 44.
690 5448 763 5458 -
802 5419 870 5472 Et
890 5424 1011 5487 post
1033 5418 1129 5473 hoc
1163 5422 1372 5486 factum
1389 5420 1690 5485 jacuerunt
1722 5435 1947 5489 corpora

296 5500 491 5548 sancta
524 5494 584 5543 in
624 5491 869 5558 plantea,
897 5489 972 5541 ad
1001 5491 1301 5557 etremplum
1339 5491 1794 5556 Christianorum,
1828 5494 1944 5545 die-

299 5567 397 5619 bus
424 5564 693 5630 tringinta
721 5575 834 5625 sem,
868 5576 935 5613 ea:
948 5560 1115 5626 jussu
1146 5561 1489 5613 Diocletiani.
1513 5561 1760 5629 Corpora
1790 5578 1946 5618 mar-

298 5645 486 5706 tyrum
540 5631 838 5706 insepulta
869 5632 1177 5706 jacuerunt
1222 5631 1275 5685 in
1319 5630 1461 5693 foro,
1494 5633 1561 5706 ad
1615 5635 1942 5702 exemplum

295 5703 758 5762 Christianorum
790 5720 801 5756 :
828 5704 880 5756 id
916 5708 1020 5767 est,
1052 5710 1115 5756 ut
1138 5703 1242 5757 hoc
1272 5703 1598 5771 spectaculo
1623 5705 1941 5761 Christiani

302 5785 660 5833 moverentur
701 5774 772 5830 ad
806 5772 1204 5836 defectionem,
1252 5788 1320 5829 ex
1363 5774 1535 5843 jussu
1572 5777 1939 5848 Diocletiani,

2063 3289 2295 3336 mortem
2343 3282 2456 3354 sibi
2497 3290 2907 3348 consnscerent,
2960 3296 3103 3338 novo
3148 3296 3324 3348 pinna:
3369 3297 3573 3354 genere
3617 3296 3717 3338 eos

2058 3353 2413 3420 compescuit
2459 3366 2492 3407 a
2545 3356 2774 3422 propria
2820 3368 2972 3419 nece,
3015 3353 3418 3409 defunctorum
3472 3367 3715 3423 corpora

2060 3422 2237 3493 ﬁgens
2284 3424 2558 3478 crucibus
2602 3426 2905 3494 spectanda
2937 3426 3185 3493 civibus,
3235 3425 3413 3480 simul
3461 3434 3516 3482 et
3548 3422 3709 3494 feris,

2059 3493 2416 3564 alitibusque
2447 3493 2746 3551 laceranda
2771 3495 2916 3562 (Plin
2945 3508 3143 3566 xxxvr,
3171 3511 3275 3567 cap
3308 3494 3419 3568 45).

2730 3568 3020 3622 BENCINI.

2133 3637 2301 3691 Linea
2339 3633 2391 3691 4.
2436 3668 2505 3676 -
2552 3637 2664 3702 Quo
2704 3643 2936 3708 tempore
2977 3642 3089 3706 fuit
3128 3642 3351 3707 magina
3380 3640 3709 3709 persecutio.

2058 3709 2257 3778 Magna
2312 3710 2516 3764 merito
2564 3716 2801 3765 vocatur
2848 3712 2962 3765 haec
3015 3712 3357 3780 persecutio,
3408 3712 3543 3767 dum
3596 3717 3714 3765 tres

2060 3780 2433 3849 imperatores
2492 3781 2614 3849 pari
2675 3781 3018 3838 crudelitate
3086 3790 3143 3837 et
3194 3783 3427 3837 immani
3489 3782 3712 3837 saevitia

2060 3865 2158 3920 per
2186 3851 2379 3920 plures
2406 3865 2589 3907 annos
2616 3852 3081 3908 Christianorum
3115 3854 3397 3909 lanienam
3432 3853 3709 3908 fecerunt.

2056 3924 2133 3977 De
2163 3929 2414 3991 tempore
2443 3930 2499 3977 et
2518 3925 2643 3990 ejus
2675 3924 2870 3978 initiis
2890 3925 3351 3993 disputantclar.
3387 3924 3497 3980 viri
3530 3923 3587 3979 in
3620 3937 3714 3979 no-

2056 3995 2134 4048 tis
2154 3995 2220 4047 ad
2250 3996 2605 4049 Lactantium
2631 3995 2702 4049 de
2730 3996 3009 4051 Mortibus
3038 4005 3487 4064 persecuturum.
3508 3996 3715 4051 Ponti-

2058 4065 2243 4138 ﬁcalis
2267 4065 2607 4138 vero_Liber
2647 4068 2792 4121 hanc
2820 4080 3078 4138 magnam
3112 4074 3296 4133 vocat,
3328 4074 3384 4123 et
3415 4068 3568 4137 quod
3602 4065 3712 4122 sub

2059 4136 2153 4192 his
2168 4136 2522 4205 temporibus
2538 4138 2730 4206 priora
2747 4136 2938 4205 initia,
2957 4153 3081 4208 qua:
3098 4139 3155 4193 in
3172 4136 3715 4207 decennalibusap-

2060 4221 2318 4278 paruere,
2351 4222 2553 4277 magno
2586 4209 2802 4277 impetu
2836 4211 3206 4278 proruperint
3236 4212 3511 4266 adversus
3537 4210 3713 4265 Chri-

2057 4281 2305 4334 stianam
2322 4278 2679 4352 religionem.
2698 4280 2930 4351 Triplex
2946 4283 3099 4336 enim
3119 4282 3307 4351 period
3321 4283 3713 4352 usassignan-

2056 4352 2149 4406 da.
2198 4352 2361 4406 Prior
2408 4351 2467 4405 in
2518 4352 2953 4418 decennalibus,
2998 4367 3128 4409 cum
3178 4354 3410 4407 divinos
3466 4351 3710 4407 honores

2056 4422 2417 4477 Diocletiano
2464 4422 2577 4477 sibi
2619 4424 2969 4485 vindicante,
2992 4431 3048 4477 et
3081 4432 3143 4479 ut
3168 4423 3450 4478 credibile
3478 4429 3585 4483 est,
3620 4434 3709 4477 re-

2058 4492 2423 4565 fragantibus
2456 4495 2707 4556 clericis,
2740 4496 2796 4565 in
2820 4495 3044 4550 eosdem
3062 4495 3221 4562 prior
3251 4500 3440 4549 motus
3466 4494 3704 4560 exarsit,

1977 4596 2029 4656 D
2058 4564 2185 4656 39}!
2194 4580 2264 4656 1‘0
2283 4565 2755 4656 ,(ξὲἷὲδξῗὶλὲἒυὲ.
2769 4564 3707 4656 fulti".E"£RE‘.§-§BES§§9.'P.EE‘E‘

2058 4644 2237 4692 tuere.
2269 4636 2428 4690 Alter
2472 4642 2659 4690 motus
2687 4649 2820 4689 ann.
2850 4635 2957 4690 293
2985 4638 3042 4689 in
3080 4636 3293 4689 milites
3319 4635 3704 4704 Christianos,

2057 4722 2167 4763 non
2204 4716 2381 4761 morte
2425 4713 2612 4760 tamen
2655 4706 2999 4775 plectendos.
3036 4707 3132 4761 sed
3174 4707 3396 4776 cinguli
3431 4706 3708 4761 militaris

2053 4779 2343 4833 ablatione
2371 4791 2438 4833 ex
2478 4778 2791 4832 Lactantio.
2827 4780 2920 4843 Ea,
2955 4792 3082 4847 qua:
3123 4780 3351 4847 proprie
3383 4778 3706 4847 persecutio

2052 4858 2157 4909 est.
2181 4863 2276 4918 per
2297 4850 2611 4904 edictoru.n
2631 4849 3107 4919 vulgationem,et
3130 4849 3219 4904 hic
3250 4862 3445 4919 magna
3462 4850 3703 4919 dicitur,

2056 4922 2291 4989 incmpit
2311 4922 2368 4975 in
2385 4918 2801 4985 vicennalibu’s,
2824 4918 3702 4991 quaecelebrabanturanno303.

2052 4995 2319 5048 llaacvero
2345 4992 2625 5062 gradatim
2654 4990 2924 5047 instituta
2946 4990 3079 5056 fuit,
3099 4992 3284 5060 primo
3307 4992 3365 5046 in
3392 4991 3700 5062 Palatinos,

2052 5073 2106 5119 et
2161 5061 2373 5118 milites
2427 5076 2495 5135 ex
2544 5063 2749 5135 eodem
2818 5064 3113 5135 Lactantio
3160 5078 3209 5118 c.
3276 5062 3361 5135 45,
3420 5076 3553 5135 pag.
3610 5061 3700 5131 99,

2052 5136 2261 5191 deinde
2310 5136 2367 5188 in
2417 5133 2678 5201 clericos,
2729 5134 2923 5189 eodem
2956 5135 3183 5189 dicente
3211 5150 3261 5190 c.
3300 5133 3409 5190 45:
3459 5133 3705 5190 «'Com-

2059 5207 2321 5273 prehensi
2357 5204 2693 5275 presbyteri,
2738 5213 2794 5260 et
2830 5206 3112 5272 ministri,
3155 5212 3211 5261 et
3249 5208 3374 5260 sine
3406 5204 3525 5275 ulla
3564 5219 3703 5275 pro-

1963 5278 1967 5282 ’
2055 5278 2286 5333 batione
2312 5276 2378 5331 ad
2411 5274 2825 5331 confessionem
2858 5277 3112 5332 damnati
3134 5292 3264 5333 cum
3286 5274 3555 5335 omnibus
3570 5274 3704 5333 ’suis

2053 5348 2498 5405 deducebantur.
2538 5366 2563 5397 ι)

2127 5423 2297 5475 Linea
2308 5419 2362 5475 ὃ.
2387 5449 2461 5459 -
2476 5420 2543 5473 Ut
2560 5421 2707 5473 intra
2719 5421 2954 5487 triginta
2964 5420 3095 5485 dies,
3113 5419 3289 5474 decem
3302 5426 3557 5489 etscptem
3569 5424 3703 5476 mil-

2055 5494 2131 5546 lia
2144 5493 2465 5545 hominum.
2482 5497 2892 5545 coronarentur.
2907 5493 3189 5547 Numerus
3207 5500 3516 5562 martyrum
3534 5495 3703 5550 inter"

2052 5572 2370 5632 emptorum
2402 5576 2500 5629 per
2523 5563 2749 5630 imperii
2782 5564 3108 5632 provincias
3132 5564 3464 5634 assignatur
3492 5572 3553 5620 ut
3578 5580 3701 5621 ma-

2053 5649 2174 5707 gna:
2209 5634 2624 5703 persecutionis
2652 5634 2958 5689 indicium.
3000 5634 3361 5707 [inplacabile
3392 5637 3612 5702 odium,
3645 5644 3701 5693 et

2056 5706 2516 5776 pertinacissima
2541 5706 2903 5760 contumacia
2933 5708 3134 5761 matris
3161 5706 3377 5762 Galerii
3410 5709 3701 5763 Maximia-

2053 5793 2135 5848 nt,
2170 5792 2295 5848 qua:
2323 5776 2496 5833 furiis
2516 5778 2751 5847 agitata,
2785 5780 3072 5832 terminum
3101 5778 3425 5833 Christianae
3448 5780 3701 5846 religioni
