4072 6176
375 251 503 313 4471

1628 261 1984 316 ANASTASII
2021 256 2562 315 BIBLIOTHECARII

3652 258 3674 315 4
3687 257 3790 317 472

380 385 654 456 imponere
674 385 1078 442 meditabatur.
1103 386 1306 441 factam
1322 386 1604 443 lanienam
1624 387 1773 442 intra
1787 397 2035 441 mensem
2063 384 2120 443 A
2149 382 2353 456 linum.
2386 383 2781 456 Diocletianus
2798 384 2972 450 enim,
2994 386 3093 441 vix
3120 387 3366 456 peractis
3388 387 3582 442 initiis
3602 388 3790 442 Romae

379 467 409 527 a
429 455 961 523 publicatisedictis
977 458 1308 527 possibilem
1328 460 1597 513 ostendit.
1612 458 1845 514 Accedit
1860 457 2034 511 trium

386 526 798 594 imperatorum
861 529 1225 594 Diocletiani,
1293 530 1649 593 Maximiani,
1704 538 1758 584 et
1814 527 2032 582 Galerii

380 598 722 669 Maximiani
754 609 1062 654 coutumax
1107 601 1251 655 idem
1288 602 1662 669 prOpositum,
1691 600 1785 655 cui
1814 601 1863 653 si
1892 611 2035 653 con-

374 667 694 738 jungantur
721 670 866 725 mala
901 667 1446 737 indoles,deprava‘ti
1473 672 1797 726 eorumdem
1830 683 2031 735 mores,

379 744 435 792 et
462 738 676 811 privata
705 741 948 795 consilia
970 742 1632 811 perdendiChristianos,
1668 756 1737 797 ne
1769 742 1856 796 illi
1878 740 2035 795 fave-

382 810 735 885 rentmilitia
755 812 1151 885 Constantium
1182 813 1238 885 in
1254 813 1464 869 Galliis
1487 810 1764 885 agentem.
1783 814 1852 868 de
1870 812 2036 885 cujus

383 880 628 954 imperio
647 883 1166 954 meritqpavebant,
1192 884 1328 949 ha-c,
1357 880 1610 954 inquam.
1637 884 1864 950 librata,
1888 883 2038 954 faci-

382 950 433 1025 ie
464 952 808 1025 suadebunt.
838 950 915 1007 ita
942 968 1055 1008 rem
1085 956 1361 1020 evenisse,
1392 950 1477 1010 uti
1509 956 1564 1009 in
1594 957 1771 1025 gestis
1792 953 2036 1009 Marcel—

382 1021 490 1075 lini
527 1022 790 1095 refertur,
827 1031 883 1079 et
913 1038 1212 1080 numerum
1247 1021 1677 1095 designatorum
1719 1032 2032 1095 martyrum

385 1094 727 1165 respondere
756 1096 1085 1150 crudelitati
1113 1094 1540 1165 imperatorum.
1568 1097 1670 1151 His
1695 1098 1743 1151 si
1766 1094 2032 1164 addatur,

384 1164 534 1235 quod
574 1164 630 1218 in
656 1165 867 1220 edictis
896 1164 1225 1235 impositum
1250 1169 1465 1222 crimen
1496 1169 1723 1223 incendi
1744 1168 2037 1222 Christia—

381 1234 493 1301 nis,
530 1238 695 1308 quasi
718 1234 1049 1308 interimere
1073 1239 1444 1308 imperatores
1464 1238 1826 1307 molirentur,
1855 1241 2034 1307 magis

379 1311 588 1360 certam
646 1306 859 1362 facient
891 1306 1250 1364 subsecutam
1322 1310 1629 1364 lanienam.
1705 1306 2035 1364 Lactantius

379 1377 573 1437 etiam,
604 1392 731 1431 cum
758 1378 1093 1434 bacchantis
1119 1381 1175 1434 in
1205 1381 1569 1435 Christianos
1593 1381 1791 1435 matris
1814 1379 2032 1435 Galerii

379 1446 510 1520 edia
528 1448 951 1517 descripsisset,
970 1457 1025 1504 et
1041 1450 1348 1505 subsecuta
1369 1451 1688 1520 imperialia
1710 1452 1916 1517 edicta,
1932 1450 2031 1505 ad-

377 1518 467 1592 dit
498 1537 511 1572 :
542 1538 569 1592 ςι
605 1520 945 1592 -δθᾶβωεεη
974 1521 1261 1590 (Galerius
1316 1518 1532 1592 nempe)
1576 1536 1685 1578 non
1729 1529 2032 1577 contentus

379 1588 555 1664 edicti
603 1589 849 1664 legibus,
890 1588 1068 1664 aliter
1104 1588 1524 1648 Diocletianum
1558 1593 1791 1664 aggredi
1847 1601 2026 1661 parat.

376 1660 516 1732 Nam
549 1667 609 1715 ut
641 1660 807 1716 illum
838 1662 903 1715 ad
937 1666 1293 1732 propositum
1330 1660 1750 1719 crudelissima:
1776 1660 2030 1731 persecu-

2146 454 2550 523 vicennalium,
2575 456 2634 511 in
2659 456 2783 524 ipsa
2808 456 3000 525 hyeme
3018 454 3284 523 decessit,
3306 465 3363 514 et
3393 460 3449 513 in
3474 459 3612 513 Maii
3639 472 3790 513 meu-

2145 538 2225 586 se,
2271 527 2497 600 quando
2529 526 2864 600 martyrium
2898 529 3161 597 contigit,
3201 529 3273 584 ab
3304 529 3442 584 urbe
3476 531 3643 600 longe
3683 529 3792 583 ab—

2144 602 2281 650 erat.
2306 597 2462 665 Quod
2492 600 2571 652 ita
2599 597 2769 653 refert
2795 599 3144 667 Lactantius,
3174 600 3412 655 forsitan
3436 597 3632 655 Romae
3656 608 3793 655 tunc

2150 681 2411 735 praesens,
2439 669 2574 723 dum
2597 669 2807 724 edictis
2834 671 3249 737 persecutionis
3272 672 3543 735 narratis,
3567 672 3629 726 in
3654 670 3794 726 urbe

2144 738 2587 811 Nicomediensi,
2629 740 2814 808 primo
2846 740 3116 811 vulgatis,
3148 743 3312 797 addit
3342 762 3355 797 :
3394 763 3421 794 α
3462 744 3577 797 Hoc
3612 742 3793 811 igitur

2146 808 2356 882 scelere
2383 817 2721 879 perpetrato,
2756 808 3171 879 Diocletianus,
3199 826 3327 868 cum
3359 814 3475 882 jam
3501 812 3575 867 ab
3613 808 3681 867 eo
3706 811 3794 866 fe.

2146 880 2339 935 licitas
2369 882 2719 947 recessisset,
2768 883 3023 950 perrexit
3046 885 3238 939 statim
3280 880 3537 949 Romam,
3572 892 3634 939 ut
3669 883 3792 937 illic

2143 951 2529 1024 vicennalium
2564 953 2733 1024 diem
2782 952 3113 1024 celebraret,
3147 957 3245 1024 qui
3289 962 3411 1009 erat
3440 954 3677 1009 futurus
3721 954 3790 1009 ad

2143 1022 2443 1092 duodecim
2476 1022 2599 1078 Kal.
2632 1023 2977 1078 Decembris.
3007 1022 3231 1092 Quibus
3254 1025 3613 1082 solemnibus
3640 1024 3796 1079 cele—

2145 1091 2349 1160 bratis,
2403 1107 2533 1148 cum
2583 1094 2902 1149 libertatem
2951 1091 3147 1165 populi
3198 1098 3434 1153 Romani
3482 1096 3633 1151 ferre
3682 1109 3789 1149 non

2145 1173 2370 1245 posset,_
2401 1164 2957 1245 impatieasetaeger
2988 1164 3169 1245 animi
3199 1168 3516 1245 proratnpit
3536 1182 3606 1222 ex
3646 1166 3793 1221 Urbe

2146 1234 2611 1308 impendentibus
2631 1236 2755 1291 Kal.
2778 1234 3091 1305 Ianuariis,
3116 1234 3326 1308 quibus
3351 1234 3449 1293 illi
3465 1253 3651 1294 novus
3666 1251 3792 1293 cono

2145 1306 2372 1378 sulatus
2390 1305 2778 1362 deferebatur.
2797 1308 3089 1364 Tredecim
3114 1305 3241 1364 dies
3267 1310 3509 1365 tolerare
3540 1322 3653 1363 non
3686 1322 3795 1378 po—

2145 1377 2277 1443 tuit,
2330 1383 2407 1449 ut,
2441 1378 2871 1449 Romtepotius
2917 1392 3084 1448 quam
3137 1381 3409 1436 Ravenna:
3464 1377 3794 1449 procederet

2143 1448 2362 1521 consul.
2386 1448 2488 1504 Sed
2526 1447 2812 1521 profectus
2826 1447 3042 1519 hyeme,
3076 1451 3338 1507 saeviente
3352 1447 3589 1521 frigore,
3620 1457 3794 1520 atque

2146 1518 2431 1591 imbribus
2461 1519 2814 1580 verberatus.
2846 1518 3104 1577 morbum
3135 1522 3306 1577 levem
3347 1535 3414 1578 ac
3437 1518 3792 1591 perpetuum

2141 1590 2341 1661 traxit,
2374 1597 2724 1661 vexatusque
2755 1606 2852 1661 per
2879 1606 3046 1648 omne
3079 1595 3206 1661 iter,
3243 1590 3792 1661 lectica’plurimum

2139 1660 2470 1715 vehebatur.
2499 1662 2594 1717 Sic
2622 1660 2819 1718 aestate
2847 1668 3156 1730 transacta,
3192 1660 3289 1733 per
3318 1660 3631 1719 circuitum
3654 1665 3794 1732 ripa:

376 1730 1199 1812 tionis_impetteret,occultis
1230 1735 1760 1812 ministrispalatio
1780 1730 2029 1812 Subiecit
2061 1753 2109 1812 Β
2139 1732 2336 1812 strigae
2375 1733 2762 1812 Nicomediam
2796 1734 2970 1800 venit,
3020 1730 3217 1812 morbo
3244 1736 3359 1805 jam
3382 1736 3555 1812 gravi
3590 1730 3793 1789 insur—

376 1802 729 1877 incendium.
749 1806 812 1877 Et
832 1818 960 1859 cum
988 1819 1117 1877 pars
1135 1806 1389 1875 quaedam
1412 1807 1837 1877 conflagrasset,
1853 1805 2029 1859 Chri—

376 1873 555 1947 stiani
580 1873 997 1947 arguebantur,
1018 1873 1172 1932 velut
1196 1877 1386 1932 hostes
1414 1873 1653 1947 publici,
1681 1888 1737 1932 et
1766 1891 1894 1932 cum
1930 1877 2028 1930 in—

375 1946 526 2017 genti
546 1944 763 2017 invidia
784 1946 1097 2001 simulcum
1119 1944 1803 2017 palatioCh‘ristianorum
1823 1961 2025 2003 nomen

372 2014 626 2070 ardebat.
663 2016 816 2080 Illos,
841 2018 1083 2074 consilio
1110 2014 1234 2073 cum
1269 2020 1561 2074 Iinuuchis
1586 2019 1800 2083 habito,
1830 2020 1899 2074 de
1921 2031 2031 2073 ex-

374 2085 741 2161 stinguendis
767 2088 1132 2158 principibus
1152 2090 1433 2161 cogitasse
1458 2110 1471 2156 ;
1490 2091 1636 2146 duos
1655 2092 2028 2159 imperatores

372 2154 527 2211 domi
545 2171 657 2212 suae
676 2154 813 2227 pene
833 2154 992 2215 vivos
1012 2174 1134 2216 esse
1155 2154 1503 2217 coTubustos.
1528 2180 1553 2210 »
1582 2163 1673 2216 Hae
1723 2154 2028 2216 calumnia:

376 2239 473 2294 per
502 2230 823 2302 sacerdotes
865 2232 1118 2301 gentium
1160 2241 1358 2289 acutae,
1412 2233 1511 2302 qui
1559 2230 1773 2287 Galerii
1824 2233 2026 2286 matris

374 2300 1014 2367 superstitiosissimum
1062 2303 1243 2358 zelum
1290 2300 1569 2364 fovebant,
1605 2317 1716 2358 non
1768 2310 2029 2372 poterant

374 2382 486 2425 non
532 2384 883 2428 commovere
928 2374 1323 2430 idololatricas
1353 2374 1630 2437 civitates,
1660 2383 1715 2429 et
1744 2374 2022 2428 saevitiam

370 2440 633 2515 j_udieu_m
648 2455 868 2499 acuere.
887 2445 1421 2515 Diocletianumque
1433 2448 1498 2500 ad
1521 2460 1757 2514 prorsus
1780 2445 2029 2515 perden—

373 2512 477 2585 dos
504 2512 699 2567 fideles
717 2515 1026 2583 impellere,
1045 2517 1191 2585 quod
1214 2512 1467 2571 effecisse
1489 2512 2030 2571 testanturlactan—

378 2582 682 2657 tius,_mox
714 2586 967 2657 subdens
996 2582 1021 2640 :'
1043 2582 1077 2636 a'
1100 2588 1492 2642 Diocletianus
1514 2601 1663 2653 vero,
1681 2589 1780 2657 qui
1806 2600 2029 2654 semper

376 2665 437 2706 se
452 2653 878 2727 volebatvideri
898 2664 1173 2724 astutum,
1203 2667 1255 2712 et
1285 2653 1721 2727 intelligentem,
1746 2658 1893 2712 nihil
1921 2653 2028 2726 poo

377 2722 492 2776 tuit
525 2725 813 2792 suspicari
847 2745 861 2791 ;
913 2727 1005 2781 sed
1044 2728 1129 2781 ira
1166 2722 1580 2792 inﬂammatus,
1626 2722 2022 2783 excarniﬁcari

378 2806 575 2868 emnes
606 2808 743 2849 suos
785 2798 1049 2865 protinus
1088 2799 1373 2868 praecepit.
1405 2798 1642 2853 Sedebat
1685 2800 1827 2868 ipse,
1855 2806 2027 2868 atque

380 2864 714 2938 innocentes
767 2864 896 2938 igne
951 2864 1219 2922 torrebat.
1271 2864 1413 2923 Item
1462 2864 2022 2937 judices'universi,

375 2948 575 2990 omnes
600 2937 851 3008 denique
881 2938 980 3011 qui
1016 2945 1179 2994 erant
1212 2940 1267 2994 in
1301 2940 1513 3009 palatio
1562 2941 1844 3011 magistri,
1892 2941 2022 2995 data

376 3012 674 3082 potestate,
724 3009 1084 3082 torquebant.
1121 3011 1296 3065 Erant
1339 3009 1819 3082 certantesfquis
1866 3013 2025 3080 prior

373 3077 597 3152 aliquid
633 3077 928 3135 inveniret.
950 3081 1107 3135 Nihil
1134 3083 1353 3150 uspiam
1382 3077 2018 3152 reperiebatur,necpa-

375 3147 643 3223 tiebaturt
672 3152 831 3223 iram,
868 3147 1277 3207 inconsiderati
1326 3147 1482 3207 senis
1521 3147 1872 3223 deflagrare:
1918 3147 2020 3209 sed

314 3284 319 3289 ξ
380 3220 2021 3291 quindecimdiebusinterjectis.aliudrursusincendium

375 3291 608 3347 molitus
633 3300 719 3347 est
749 3312 763 3361 ;
791 3295 885 3349 sed
924 3294 1171 3349 celerius
1194 3295 1677 3361 animadversum,
1704 3310 1805 3351 nec
1836 3303 2020 3350 tamen

374 3369 574 3437 auctor
601 3365 890 3433 apparuit.
934 3366 1092 3421 Tunc
1116 3367 1304 3421 Caesar
1348 3366 1534 3421 medio
1568 3367 1786 3437 hyemis
1827 3366 2021 3436 profe-

374 3433 563 3488 ctione
592 3441 783 3503 parata
819 3438 1163 3505 prorumpit,
1191 3438 1385 3492 eodem
1425 3438 1521 3491 die
1545 3433 1877 3492 contestans
1921 3437 2021 3492 fu-

374 3517 503 3572 gere
550 3518 628 3561 se.
691 3518 759 3560 ne
789 3507 955 3563 vivus
1003 3508 1219 3562 ardeat.
1277 3525 1304 3556 ›)
1362 3510 1443 3562 Ita
1497 3507 1765 3564 Galerius
1819 3509 2019 3562 matris

370 3577 551 3643 jussa,
591 3577 993 3647 propriamque
1025 3578 1270 3634 indolem
1304 3579 1606 3648 pessimam
1642 3582 1698 3633 in
1729 3580 2022 3634 Christia-

376 3658 717 3718 nosacuens
756 3650 1139 3718 persecutioni
1190 3651 1342 3705 vires
1371 3650 1616 3718 addidit,
1652 3658 1708 3705 et
1736 3650 2018 3705 lanienam

374 3717 769 3773 saevissimam
807 3734 1159 3788 promovens,
1215 3728 1271 3775 et
1318 3721 1438 3789 ipse
1490 3717 1618 3775 cum
1667 3722 2021 3776 Diocletiano

372 3800 660 3857 exercens,
715 3800 954 3859 certum,
1002 3805 1065 3846 ac
1119 3791 1423 3847 indubium
1480 3792 1669 3847 reddit
1718 3805 2018 3847 numerum

376 3866 686 3930 martyrum
734 3870 1177 3930 peremptorum.
1214 3863 1373 3917 Unde
1400 3862 1601 3917 subdit
1640 3864 2014 3918 Lactantius:

377 3950 402 3979 α
445 3929 694 3985 Furebat
731 3944 868 4002 ergo
918 3929 1229 4002 imperator
1264 3935 1378 4002 jam
1427 3946 1537 3988 non
1587 3935 1643 3987 in
1675 3935 2021 3989 domesticos

374 4004 616 4061 tantum,
649 4001 744 4056 sed
782 4003 840 4055 in
867 4001 1127 4059 omnes...
1163 4004 1364 4059 Omnis
1398 4018 1572 4059 sexus
1603 4011 1659 4060 et
1688 4006 1875 4060 aetatis
1912 4004 2018 4059 ho-

380 4070 565 4125 mines
606 4071 674 4125 ad
726 4074 1077 4145 exustionem
1126 4076 1295 4144 rapti.
1331 4077 1442 4129 Nec
1473 4076 1714 4145 singuli.
1748 4077 2020 4145 quoniam

372 4147 529 4217 tanta
560 4152 681 4217 erat
713 4144 1044 4213 multitudo,
1095 4154 1156 4200 ut
1190 4148 1463 4217 gregatim
1502 4144 1858 4201 circumdato
1894 4148 2022 4217 igne

373 4212 838 4267 ambiebantur...
892 4212 1216 4271 Vexabatur
1251 4212 1516 4271 universa
1561 4226 1801 4271 terra....
1850 4212 2021 4271 etvab

375 4282 594 4354 oriente
625 4297 805 4354 usque
832 4286 898 4339 ad
948 4300 1212 4341 occasum
1247 4296 1362 4341 tres
1411 4287 1797 4341 acerbissime
1824 4287 2021 4342 bestia:

372 4353 698 4427 saeviebant.
721 4353 754 4403 “››
785 4356 1051 4411 Eumdem
1078 4372 1374 4412 numerum
1419 4359 1688 4427 preponit
1720 4359 2019 4425 Eusebius,

376 4426 674 4495 inquiens:
710 4447 736 4476 ‹‹
766 4428 884 4481 Dici
914 4442 1019 4483 non
1039 4437 1241 4496 potest,
1267 4426 1429 4498 quos,
1463 4436 1518 4483 et
1542 4438 1787 4497 quantos
1803 4429 2018 4483 Christi

2140 1810 2323 1872 gente.
2379 1820 2404 1851 ι)
2455 1803 2590 1872 Quae
2646 1807 3086 1860 circumstantia
3143 1803 3259 1861 non
3300 1803 3703 1861 animadversa
3760 1818 3793 1859 ι

2138 1874 2807 1948 censarsinatorelapsus
2845 1877 3187 1948 Marcellini,
3223 1878 3498 1948 integram
3531 1886 3789 1932 actorum

2141 1945 2496 2000 identitatem
2544 1960 2810 2001 corruere
2865 1945 3024 2002 facit.
3064 1945 3374 2003 Donatista“:
3423 1950 3580 2003 enim
3637 1947 3793 2002 h.sce

2139 2014 2478 2088 fragmentis
2503 2018 2793 2086 pr0priam
2818 2032 3046 2073 causam
3078 2024 3224 2074 tueri
3250 2019 3583 2088 studebant,
3616 2025 3685 2074 ut
3701 2019 3793 2073 vi—

2137 2087 2281 2160 derer
2301 2095 2387 2142 est
2414 2088 2471 2142 in
2491 2088 2813 2160 collatione
2835 2089 3312 2160 Carthaginensi;
3344 2096 3401 2145 et
3421 2087 3578 2159 saepe
3601 2096 3793 2144 monet

2138 2159 2192 2211 S.
2257 2159 2639 2228 Augustinus,
2698 2161 2833 2215 dum
2892 2159 3116 2217 eosdem
3187 2163 3453 2218 revincit.
3512 2161 3792 2216 Elabora-

2141 2228 2277 2300 bant
2328 2230 2479 2285 enim
2537 2231 2850 2285 Donatista:
2903 2231 3160 2300 probare,
3217 2248 3249 2287 a
3302 2233 3637 2288 Marcellino
3695 2234 3795 2286 de-

2138 2299 2343 2373 fecisse
2375 2302 2792 2373 episcopatum,
2836 2299 2916 2356 ut
2942 2304 3305 2372 sequentium
3350 2304 3691 2373 pontificum
3734 2303 3788 2357 in

2136 2371 2360 2445 eosdem
2404 2371 2918 2445 latashsententias
2965 2371 3371 2429 infirmarent:
3401 2374 3697 2445 quomodo
3734 2379 3787 2429 et

2136 2442 2377 2497 Felicem
2404 2442 2695 2498 Caeciliani
2724 2445 3111 2500 ordinatorem
3143 2459 3299 2500 reum
3330 2442 3674 2501 traditionis
3703 2446 3793 2498 in-

2136 2513 2511 2580 simularunt,
2558 2522 2622 2569 ut
2664 2515 3088 2571 ordinationem
3144 2517 3366 2571 irritam
3407 2530 3475 2571 ex
3521 2530 3589 2572 eo
3621 2515 3791 2571 titulo

2137 2586 2502 2640 ostenderent
2534 2604 2546 2639 :
2578 2583 2820 2640 forsitan
2854 2587 3024 2642 etiam
3054 2587 3123 2641 ad
3177 2588 3789 2656 pseudoepiscopatum

2137 2656 2452 2710 Romanum
2497 2669 2529 2711 a
2572 2658 2893 2713 Donatistis
2947 2664 3327 2713 constitutum
3380 2658 3790 2721 roborandam,

2137 2727 2301 2799 quasi
2346 2727 2456 2794 ipsi
2486 2726 2651 2799 illum
2679 2731 3275 2799 restauraverintpost
3297 2729 3518 2797 lapsum
3564 2728 3791 2783 Marcel-

2137 2796 2267 2866 lini,
2300 2811 2432 2870 cum
2456 2798 2570 2870 ipsi
2591 2812 2777 2870 veram
2801 2799 3109 2855 Ecclesiam
3137 2796 3306 2870 penes
3346 2796 3504 2870 ipsos
3521 2812 3652 2856 esse
3679 2801 3792 2854 im-

2136 2867 2477 2940 maculatam
2514 2868 2914 2940 illibatamque
2939 2867 3246 2939 jactarent.

2207 2940 2378 2994 Linea
2415 2938 2499 3012 l9.
2544 2970 2616 2981 —
2661 2938 2901 2996 Cessacit
2931 2938 3287 3012 episcopatus.
3325 2941 3494 2997 Sedis
3523 2942 3790 2997 Romana:

2133 3012 2355 3087 vacatio
2395 3010 2466 3087 ob
2504 3013 2803 3087 angustias
2856 3010 3274 3087 persecutionis
3323 3013 3707 3087 protrahitur,
3738 3019 3791 3067 et

2133 3079 2204 3135 ob
2240 3081 2542 3137 ulteriores
2582 3079 2799 3138 Galerii
2845 3084 3297 3143 machinationes
3323 3079 3391 3139 fit
3419 3085 3780 3139 diuturnior.

2132 3154 2310 3206 Mater
2353 3154 2504 3207 enim
2554 3151 2770 3209 Galerii
2806 3160 2889 3210 tot
2915 3155 3375 3211 Christianorum
3425 3155 3704 3211 caedibus.
3735 3160 3788 3209 et

2130 3222 2502 3278 acerbissima
2571 3238 2669 3293 per
2701 3231 2882 3280 totum
2922 3226 3115 3281 orbem
3152 3226 3548 3282 innocentium
3598 3234 3784 3293 strage

2130 3294 2222 3367 vix
2261 3298 2488 3367 satiata,
2539 3295 2821 3352 tardiores
2867 3298 3207 3353 existimans
3249 3304 3665 3367 persecutores,
3713 3294 3785 3350 ii-

2131 3364 2273 3419 lium
2318 3364 2603 3421 indefessa
2647 3367 2835 3422 ciebat
2862 3369 3136 3425 adversus
3175 3364 3563 3424 Christianos.
3614 3368 3781 3421 Arri-

2132 3449 2305 3505 puere
2332 3438 2715 3505 occasionem,
2746 3438 2971 3494 Galerio
3002 3440 3299 3495 consuetis
3327 3438 3641 3494 fraudibus
3672 3452 3779 3493 rem

2132 3515 2513 3580 promovente,
2527 3522 2594 3563 ex
2621 3508 2875 3564 motibus
2901 3510 3213 3565 rebellibus
3242 3512 3299 3565 in
3317 3510 3608 3580 principes
3625 3510 3784 3564 exci-

2131 3579 2287 3651 tatis,
2312 3591 2343 3631 a
2366 3579 2711 3648 quibusdam
2743 3581 3002 3649 tyrannis
3027 3579 3331 3651 imperium
3357 3579 3780 3637 affectantibus.

2129 3647 2448 3718 Episcopis,
2481 3656 2537 3704 et
2579 3647 2811 3705 clericis
2842 3652 3020 3708 veluti
3051 3647 3390 3708 auctoribus
3433 3652 3777 3706 seditionum

2130 3720 2345 3792 crimen
2376 3726 2463 3775 est
2495 3721 2852 3789 impositum,
2880 3729 2936 3777 et
2967 3723 3102 3778 hinc
3132 3724 3311 3792 major
3337 3721 3631 3777 increbuit
3657 3735 3782 3790 per—

2132 3790 2351 3863 secutio
2384 3809 2395 3845 :
2436 3805 2565 3847 cum
2597 3794 2921 3848 sacerdotes
2947 3790 3563 3863 gentium’suaderent,
3600 3792 3780 3857 facile,

2133 3862 3301 3935 radicitusque,Christianam’religionem
3328 3865 3781 3933 exstirpandam,

2130 3933 2182 3987 si
2208 3933 2465 4002 episcopi
2496 3941 2554 3989 et
2593 3936 2740 3989 sacri
2775 3935 2913 3990 libri
2957 3948 2987 3990 e
3018 3933 3207 3992 medio
3240 3935 3611 3991 tollerentur.
3647 3936 3782 3989 Hinc

2132 4017 2276 4075 nova
2306 4002 2365 4058 in
2400 4005 2618 4060 clerum
2654 4006 2967 4075 vulgantur
2993 4007 3204 4067 edicta,
3244 4012 3302 4061 et
3337 4007 3468 4061 dira
3501 4006 3560 4060 in
3594 4019 3782 4061 sacros

2132 4074 2359 4131 codices
2397 4083 2693 4130 exercetur
2723 4074 2967 4143 vexatio,
3018 4079 3168 4133 unde
3199 4077 3545 4131 traditorum
3596 4076 3779 4141 turba,

2179 4160 2260 4200 me
2304 4147 2660 4201 occasionem
2710 4148 2871 4203 dedit
2912 4149 3341 4203 Donatistarum
3367 4147 3673 4202 schismati
3719 4160 3782 4200 ex

2185 4222 2354 4284 ptato.
2388 4217 2782 4285 Conjecturam
2815 4226 3065 4273 nostram
3102 4219 3373 4274 roborant
3402 4219 3569 4273 verba
3601 4219 3781 4272 Euse-

2134 4287 2241 4353 bii,
2288 4290 2579 4359 narrantis
2622 4290 2823 4344 seriem
2862 4290 3036 4359 hujus
3078 4290 3523 4358 persecutionis,
3550 4288 3653 4358 qui
3682 4289 3783 4342 Χί-

2134 4358 2518 4413 comediensia
2543 4359 2749 4422 edicta,
2785 4369 2841 4414 et
2870 4358 3163 4415 hominum
3193 4359 3779 4415 subsecutamcaedem

2134 4443 2269 4503 cum,
2305 4438 2610 4503 narrasset,
2654 4437 2708 4485 et
2736 4431 3004 4503 dixisset,
3035 4432 3134 4485 lib.
3166 4446 3289 4495 vm,
3325 4447 3374 4483 c.
3408 4430 3458 4486 6.
3498 4452 3541 4503 γε
3574 4432 3646 4486 Et
3672 4431 3784 4484 haec

377 4503 650 4570 martyres
678 4498 733 4553 in
758 4500 1028 4555 omnibus
1052 4500 1193 4555 locis
1223 4499 1539 4554 eturbibus
1560 4503 1767 4569 passim
1792 4514 2023 4555 cernere
2053 4508 2106 4567 υ
2135 4501 2365 4570 quidem
2402 4501 2460 4555 in
2508 4502 2633 4570 ipso
2686 4498 3109 4569 persecutidnis
3148 4502 3386 4557 exordio
3438 4502 3783 4557 Nicomedia

374 4566 544 4621 licuit
584 4586 654 4622 ε»
679 4576 735 4624 et
762 4569 1045 4625 lanienam
1078 4579 1258 4626 actam
1291 4566 1858 4626 motibus'civilibus
1879 4586 2025 4627 com-

379 4646 560 4711 parat,
605 4642 833 4709 quando
881 4642 1348 4711 frequentissima
1392 4643 1685 4697 hominum
1733 4644 2019 4697 mactatio.

377 4730 410 4782 rt
435 4710 519 4763 Illi
556 4711 782 4779 quidem
808 4714 904 4767 Dei
924 4710 1231 4775 cultorum,
1257 4721 1368 4767 tam
1399 4714 1673 4777 virorum,
1699 4728 1867 4782 quam
1890 4727 2022 4768 mu-

377 4780 579 4854 lierum
602 4783 882 4854 _c:edibus,
905 4790 1173 4854 tanquam
1196 4785 1357 4840 civili
1380 4786 1620 4854 quodam
1639 4780 1787 4841 bello
1803 4786 2023 4854 provin-

373 4852 495 4907 cias
526 4852 814 4921 subjectas
847 4852 1196 4923 polluerunt.
1223 4876 1248 4904 ι)
1277 4852 1457 4910 Ambo
1478 4868 1607 4910 vero
1636 4852 2022 4911 erant'viven—

376 4930 619 4997 tes,cum
646 4927 869 4997 tyranni
898 4928 1361 4994 persecutionum
1393 4928 1576 4980 furias
1604 4928 1917 4997 agitabant.
1943 4931 2021 4983 Ex

372 4995 640 5049 Severus:
669 5016 691 5045 α
710 4996 918 5051 Nullus
937 5011 1183 5067 unquam
1202 5000 1384 5067 magis
1402 4998 1570 5052 bellis
1586 4995 2021 5053 mundusexau-

373 5070 498 5119 stus
523 5072 611 5121 est
641 5089 654 5122 :
684 5080 866 5137 neque
897 5069 1098 5137 majori
1145 5084 1393 5138 unquam
1428 5070 1722 5137 triumpho
1753 5070 2019 5138 vicimus,

374 5150 539 5210 quam
574 5152 702 5192 cum
733 5139 924 5193 decem
955 5153 1233 5195 annorum
1264 5140 1553 5210 stragibus
1582 5139 1734 5194 vinci
1770 5154 1879 5195 non
1915 5156 2022 5210 po-

374 5209 613 5263 tuimus.
645 5227 670 5256 ι)

446 5280 613 5335 Linea
642 5279 697 5335 8.
736 5310 810 5321 —
835 5282 924 5334 Ab
973 5281 1153 5335 eodem
1196 5282 1621 5335 Diocletiano....
1673 5283 1849 5350 capite
1892 5292 2022 5338 sunt

374 5353 631 5404 truncati.
656 5354 774 5406 Non
798 5366 829 5406 a
845 5353 1219 5421 Diocletiano,
1245 5354 1339 5407 sed
1369 5366 1465 5421 per
1485 5353 1863 5421 ejusjudices,
1888 5369 2017 5409 cum

371 5432 521 5495 armo
548 5436 659 5490 quo
686 5424 935 5495 contigit
977 5426 1313 5493 martyrium
1341 5422 1736 5478 Diocletianus
1772 5424 1842 5477 ab
1873 5425 2019 5480 Urbe

373 5489 638 5565 distaret.
699 5497 820 5549 Haac
853 5489 1028 5559 'vero,
1080 5489 1205 5565 quin
1256 5497 1350 5550 hic
1400 5495 1679 5551 dicuntur
1729 5495 1798 5550 de
1854 5495 2016 5565 lapsu

373 5561 714 5637 ltlarcellini,
772 5566 967 5621 addita
1027 5561 1294 5622 videntur
1332 5574 1388 5620 et
1437 5567 1717 5635 suppleta,
1779 5561 2019 5637 qumque

372 5631 696 5706 desumpsit
722 5647 787 5689 ex
819 5637 963 5690 actis
1004 5638 1347 5706 quibusdam
1380 5631 1641 5692 confictis
1677 5631 2020 5693 arte'Dona-

374 5703 776 5777 tislarum_;_et
810 5703 1221 5777 quicon'finxit,
1252 5716 1440 5763 notam
1471 5714 1745 5777 temporis
1772 5722 1880 5764 non
1909 5710 2017 5765 ad-

373 5781 617 5845 vertens,
644 5774 785 5829 falsa
811 5774 1054 5832 inseruit
1073 5780 1144 5833 de
1174 5774 1511 5834 Diocletiani
1532 5774 1678 5834 actis
1710 5780 1766 5833 in
1793 5782 2018 5835 Marcel-

2134 4578 2289 4641 gesta
2321 4578 2475 4626 sunt.
2513 4591 2538 4621 υ
2571 4572 2746 4627 Addit
2774 4573 2981 4629 deinde
3021 4592 3033 4628 :
3071 4595 3096 4624 «
3128 4575 3402 4629 Cmterum
3429 4573 3603 4642 paulo
3638 4580 3780 4642 post,

2133 4656 2262 4697 cum
2289 4642 2391 4697 alii
2428 4645 2485 4696 in
2514 4643 2771 4697 Melitina
2803 4645 3083 4699 Armenia:
3105 4645 3361 4715 regione,
3391 4645 3496 4698 alii
3532 4646 3591 4698 in
3623 4645 3781 4713 Syria

2137 4715 2440 4781 imperium
2470 4715 2725 4783 arripere
2756 4716 2943 4769 conati
2976 4724 3165 4770 essent
3198 4734 3210 4769 :
3246 4715 3672 4785 promulgatum
3702 4721 3781 4769 est

2136 4785 2501 4853 imperatoris
2530 4786 2804 4853 edictum,
2843 4793 2906 4841 ut
2930 4800 3126 4842 omnes
3158 4786 3375 4856 ubique
3403 4786 3776 4841 ecclesiarum

2132 4856 2426 4910 antistites
2479 4856 2658 4911 vincti
2710 4856 2767 4910 in
2810 4870 3092 4913 carcerem
3145 4859 3541 4912 truderentur.
3573 4859 3775 4912 Earum

2134 4941 2263 4982 vero
2301 4940 2511 4994 rerum,
2560 4942 2684 4996 qua:
2719 4935 2906 4995 postea
2953 4928 3113 4983 factae
3155 4936 3310 4991 sunt,
3363 4928 3775 4996 spectaculum.

2132 5011 2355 5052 omnem
2403 5012 2637 5069 prorsus
2666 4997 2894 5053 dicendi
2927 5001 3147 5068 cepiam
3177 4998 3487 5069 superabat
3517 5017 3533 5063 ς
3567 5000 3776 5068 quippe

2134 5082 2263 5123 cum
2295 5068 2738 5124 innumerabilis
2770 5069 2984 5140 ubique
3011 5068 3306 5126 hominum
3334 5070 3647 5126 multitudo
3674 5086 3775 5124 cu—

2133 5140 2335 5194 stodite
2375 5140 2839 5209 manciparetur:
2886 5148 2938 5196 et
2971 5155 3224 5197 carceres
3258 5143 3395 5197 olim
3444 5142 3770 5203 homicidis,

2130 5220 2186 5266 et
2215 5210 2606 5282 sepulcrorum
2626 5211 3043 5280 expilatoribus
3071 5214 3352 5282 deputati.
3376 5220 3515 5268 tunc
3546 5214 3774 5280 episco—

2132 5282 2241 5351 pis,
2279 5280 2643 5354 presbyteris,
2670 5283 3032 5347 diacombus,
3063 5280 3398 5351 lectoribus,
3425 5290 3602 5354 atque
3625 5296 3774 5338 exor-

2130 5353 2297 5408 cistis
2342 5352 2807 5425 complerentur;
2849 5356 2989 5409 adeo
3037 5364 3101 5408 ut
3151 5355 3223 5409 iis
3268 5356 3368 5425 qui
3411 5352 3769 5409 ob‘crimina

2129 5424 2492 5479 condemnati
2522 5423 2767 5492 fuerant,
2799 5423 2999 5479 nullus
3024 5427 3136 5493 jam
3170 5423 3331 5480 locus
3356 5436 3708 5494 superesset.
3742 5443 3763 5471 ι

2127 5497 2171 5550 A
2200 5495 2450 5564 Galerio,
2497 5503 2560 5549 ut
2590 5509 2736 5551 reor.
2776 5496 3226 5551 machinationes
3258 5498 3493 5552 invecta:
3534 5509 3769 5552 censen-

2126 5573 2241 5633 tur,
2278 5567 2334 5619 in
2368 5580 2480 5635 quo
2514 5568 2741 5634 imperii
2774 5575 2829 5621 et
2863 5568 3281 5622 dominationis
3305 5567 3524 5638 absque
3548 5580 3769 5623 consor-

2129 5638 2209 5692 tio
2243 5638 2525 5692 insederat
2548 5638 2803 5692 ambitus
2828 5646 2881 5691 et
2914 5638 3146 5707 cupido,
3176 5640 3327 5709 quod
3355 5640 3597 5694 innuere
3630 5640 3771 5692 vide-

2128 5715 2222 5763 tur
2244 5710 2599 5764 Lactantius:
2619 5710 2720 5778 qui
2738 5724 2864 5763 cum
2888 5712 3467 5765 narrassetexercitos
3486 5709 3770 5764 tumultus

2126 5780 2373 5835 advertit
2403 5780 2550 5849 quod
2600 5777 2868 5836 Galerius
2903 5780 3117 5852 (supra)
3148 5799 3161 5835 :
3216 5802 3241 5831 α
3274 5782 3391 5836 Jam
3437 5781 3772 5836 conflixerat
