4072 6176
376 342 401 400 4
411 341 515 400 473

1159 342 1479 400 HISTORIA
1515 345 1609 399 DE
1643 346 1815 401 VITIS
1862 345 2027 401 ROM.
2074 346 2269 402 PONT.
2312 378 2386 388 —
2420 348 2477 403 S.
2522 346 3004 405 MARCELLINUS

3636 353 3773 413 4474

370 463 979 546 nuperMaximinjano
1008 478 1160 546 sene,
1201 477 1447 546 eti-mque
1471 470 1781 546 terruerat,
1806 465 2017 534 injecto
2040 465 2096 524 A
2126 470 2277 546 gata,
2298 466 2661 546 insepultum
2670 468 2941 537 jacuisse.
2966 475 3021 524 et
3049 476 3237 546 postea
3264 475 3551 542 sepultum
3593 475 3773 532 fuisse

368 534 661 592 armorum
687 534 952 590 civilium
979 542 1150 591 metu.
1185 555 1210 585 »
1245 534 1370 592 Haec
1396 550 1528 592 vero
1558 539 1615 593 in
1644 537 1888 592 clericos
1911 551 2019 592 ur-

368 607 595 677 gentior
613 607 935 677 persecutio
953 608 1021 662 ad
1047 607 1411 677 perdendam,
1430 607 2014 663 ducibusChristiani

370 676 570 747 populi
604 676 872 744 sublatis,
924 679 1284 748 religionem,
1330 680 1518 735 Romae
1570 679 1855 749 praacipue
1883 678 2018 748 agi—

368 750 564 817 tanda,
584 761 714 803 cum
742 749 957 815 Optime
974 749 1212 818 scirent,
1236 749 1485 806 Romano
1508 753 1765 806 antistiti
1787 757 2019 819 promer

370 819 844 889 principaliorem
879 820 1189 888 potentiam
1224 820 1376 876 inter
1400 821 1882 889 Christianosjus
1910 834 2011 875 su-

370 904 628 960 premum
651 892 976 955 convenire,
995 891 1250 962 adeoque
1276 905 1496 947 omnem
1528 893 1879 962 impendisse
1907 905 2018 946 cu—

368 975 491 1017 ram
524 961 894 1034 imperatoris
920 961 1220 1034 satellites,
1265 976 1345 1034 ,ne
1399 961 1655 1032 pontifex
1684 963 2017 1034 eligeretur,

367 1047 525 1101 spem
562 1031 958 1100 concipientes
989 1032 1158 1088 facile
1196 1033 1421 1103 reliqua
1446 1031 1795 1102 collapsura',
1828 1035 1877 1089 si
1911 1048 1978 1088 su
2006 1060 2021 1071 -

370 1117 603 1176 premus
632 1116 740 1158 non
780 1102 1092 1173 eligeretur
1137 1102 1398 1159 antistes.
1444 1107 1527 1160 Ita
1552 1106 1785 1176 Decius,
1837 1110 1901 1160 ut
1949 1118 2018 1176 ex

366 1174 855 1246 Cyprianoisupra
887 1180 1145 1246 notatum
1171 1181 1277 1243 est,
1299 1176 1628 1232 Cornelium
1661 1178 1747 1233 uti
1775 1174 2017 1246 pontiﬁ—

368 1259 491 1301 cem
516 1244 890 1317 Aperdendum
922 1244 1237 1301 elaboravit
1267 1264 1279 1300 :
1315 1252 1371 1301 et
1403 1247 1461 1301 in
1496 1248 1602 1302 hoc
1651 1244 1792 1317 ipso
1832 1247 2017 1315 primo

369 1314 786 1371 Diocletianzeze
817 1317 1240 1383 persecutionis
1259 1317 1536 1373 decennio
1565 1314 1893 1372 Maxentius
1924 1324 2018 1385 ty—

373 1400 592 1443 rannus
612 1400 742 1442 cum
775 1387 963 1441 Romae
989 1392 1157 1451 esset,
1186 1389 1511 1456 etejusdem
1542 1389 1757 1443 indolis
1786 1402 1851 1442 ac
1884 1401 2019 1456 per-

368 1459 685 1524 versitatis,
709 1470 1097 1513 successorem
1126 1459 1453 1514 Marcellum
1486 1472 1746 1514 coercere
1770 1458 2015 1523 volebat,

367 1533 683 1601 utunegaret
711 1543 823 1601 esse
852 1531 1181 1598 episcopum,
1212 1534 1290 1601 ut
1321 1527 1472 1585 infra
1518 1530 1733 1601 legitur
1772 1531 1830 1584 in
1862 1529 2020 1583 Mar-

369 1599 536 1671 cello.
594 1601 673 1654 Ex
731 1599 838 1653 hac
892 1601 1087 1670 itaque
1136 1600 1364 1670 origine
1410 1599 1620 1670 evenit,
1671 1607 1737 1656 ut
1787 1607 2019 1671 protra—

369 1670 602 1726 beretur
654 1672 1008 1727 successoris
1049 1671 1250 1727 electio
1319 1679 1446 1742 post
1485 1670 1805 1728 Marcellini
1862 1684 2019 1726 mar—

369 1742 612 1810 tyrium.
1436 1808 1445 1811 _

902 1830 1067 1885 ΒΙΝΙΙ
1112 1844 1177 1885 ET
1218 1830 1482 1887 LABBEI.

439 1917 614 1972 Linea
663 1916 716 1973 6.
762 1947 831 1956 —
873 1920 995 1988 Ipse
1051 1919 1404 1973 Marcellinus
1459 1921 1536 1974 ad
1594 1920 2017 1989 sacriﬁcandum

366 1988 565 2060 ductus
594 1993 691 2054 est,
740 1993 802 2042 ut
849 1990 1204 2059 thu-riﬁcaret,
1239 1992 1385 2059 quod
1411 1997 1461 2045 et
1502 1993 1647 2057 fecit.
1678 1991 2014 2060 Quanquam

367 2058 638 2131 pluribus
656 2058 1163 2131 rationibus,quas
1175 2058 1304 2115 vide
1324 2062 1471 2130 apud
1494 2058 1835 2117 Baroniann
1864 2058 2012 2129 302,

367 2128 525 2185 num.
547 2128 697 2200 96et
716 2144 837 2200 seq.
868 2128 1327 2187 haecMarcellini
1354 2128 1744 2187 thuriﬂcantis
1769 2128 2014 2187 historia

366 2201 537 2270 plane
558 2198 815 2256 refutari
831 2210 886 2257 et
905 2202 1216 2271 obreptitia
1236 2215 1357 2256 esse
1380 2203 1757 2271 probabiliter
1787 2203 2013 2257 ostendi

368 2273 556 2343 possit
584 2290 601 2338 ς
638 2279 827 2328 tamen
858 2287 972 2329 non
991 2272 1160 2328 facile
1191 2273 1565 2328 recedendum
1597 2287 1720 2329 esse
1747 2281 2016 2343 putamus

365 2342 441 2396 ab
469 2356 534 2397 ea
564 2346 867 2412 sententia,
918 2359 1044 2414 quae
1087 2344 1378 2398 communi
1438 2344 1712 2399 hactenus
1754 2342 2015 2400 consen—

366 2414 532 2484 sione
551 2415 769 2469 credita
795 2422 902 2481 est,
924 2422 1096 2484 atque
1126 2415 1186 2468 in
1213 2414 1476 2484 antiquis
1502 2414 1718 2470 tabulis
1736 2415 2017 2470 ecclesia-

367 2483 535 2538 sticis
563 2492 782 2553 reperta
809 2486 941 2542 fuit.
974 2483 1345 2540 Marcellinus
1360 2483 1571 2555 itaque
1598 2486 1773 2542 idolis
1803 2486 2017 2540 sacriﬁ-

367 2556 572 2621 cando,
597 2562 752 2611 metu
785 2556 987 2611 mortis
1019 2557 1295 2611 inductus
1316 2563 1512 2612 contra
1537 2557 1666 2612 fidei
1695 2555 2018 2612 confessio—

372 2637 500 2697 nem
536 2628 806 2693 peccavit,
846 2628 1100 2696 adeoque
1143 2634 1381 2683 externo
1414 2633 1545 2683 actu
1591 2628 1756 2683 ﬁdem
1781 2640 2017 2697 negasse

366 2695 534 2750 visus
574 2703 701 2751 est:
729 2710 921 2752 verum
960 2695 1233 2753 interiore
1267 2706 1399 2753 actu
1436 2704 1635 2754 contra
1683 2695 2022 2753 ﬁdem—nihil

376 2766 649 2839 credidit,
678 2767 833 2839 nihil
863 2769 1033 2823 etiam
1064 2769 1282 2832 docuit,
1327 2776 1499 2839 atque
1529 2770 1656 2825 ideo
1688 2770 2013 2837 haereticus,

378 2836 465 2891 vel
494 2836 750 2909 inﬁdelis
810 2852 933 2894 esse
964 2852 1075 2894 non
1116 2841 1323 2908 potuit,
1375 2836 1544 2908 cujus
1572 2840 1652 2895 rei
1680 2841 2016 2909 poenitentia

373 2907 550 2976 paulo
580 2916 705 2976 post
736 2918 981 2978 peracta,
1034 2907 1403 2979 pontiﬁcatus
1449 2907 1650 2977 sponte
1684 2907 2013 2979 abdicatus,

371 2978 712 3050 martyrium
730 2979 802 3034 ob
833 2981 999 3035 ﬁdem
1021 2978 1373 3050 Susceptum,
1404 2981 1683 3037 indicium
1701 2978 2019 3038 evidentisé

371 3049 890 3123 simumipraebent.
925 3052 1061 3105 Vide
1088 3049 1349 3119 August,
1374 3053 1470 3106 lib.
1498 3053 1564 3106 de
1582 3055 1727 3107 unlc.
1751 3055 2013 3123 Baptism.

369 3126 562 3257 (ἔρριγα
583 3122 936 3246 Ιὲθτλίιὶαηυτη,
968 3127 1019 3177 et
1066 3124 1346 3189 Bellarm.,
1376 3124 1469 3177 lib.
1516 3137 1567 3177 IV
1590 3124 1654 3177 de
1681 3122 1834 3179 Rom.
1865 3126 2020 3178 Pon-

398 3207 417 3243 ι
455 3231 494 3252 .,
525 3207 570 3245 c.
641 3231 654 3244 .

373 3193 494 3252 κίκι,
525 3207 570 3245 c.
600 3193 654 3246 9.

446 3261 616 3317 Linea
670 3259 940 3318 44.-Ιη
996 3264 1239 3319 cubiculo
1295 3265 1460 3318 claro.
1511 3265 1653 3320 Vide
1701 3270 1858 3320 notas
1902 3266 2020 3319 Ba-

370 3346 494 3386 ron.
524 3333 601 3387 ad
650 3335 1036 3389 Marcellinum
1082 3338 1144 3389 in
1188 3336 1600 3404 Martyrologio.

1014 3441 1381 3497 BLANCHINI

903 3562 1055 3604 ΝΟΤΛΕ
1082 3560 1499 3604 CHRONOLOGICE
1509 3589 1522 3601 .

445 3652 642 3710 Sedem
681 3653 1000 3710 Marcellini
1032 3655 1203 3710 annis
1239 3669 1364 3723 vni,
1399 3653 1695 3711 mensibus
1721 3668 1785 3723 II,
1813 3655 2020 3713 diebus

372 3723 448 3781 25
473 3739 597 3781 esse
621 3726 913 3781 definitam
941 3733 996 3781 et
1026 3727 1083 3780 in
1110 3727 1356 3794 picturis
1393 3722 1650 3781 basilicae
1669 3726 1725 3781 S.
1756 3722 1939 3792 Pauli,
1963 3734 2020 3783 et

377 3797 440 3851 in
501 3796 778 3868 catalogis
840 3797 1363 3868 prmstantioribus,
1425 3797 1676 3868 aliisque
1719 3798 2021 3855 codicibus

373 3867 601 3922 ostendi
628 3866 713 3939 in'
744 3868 1166 3939 Prolegomenis
1194 3866 1294 3922 fol.
1322 3881 1394 3937 ει,
1429 3875 1485 3923 et
1512 3866 1839 3925 innumero
1870 3884 2022 3939 prae-

373 3939 595 3994 cedenti
622 3938 869 3994 indicavi
892 3938 1086 3994 exacte
1107 3940 1448 4007 respondere
1468 3940 1805 3995 consulibus
1829 3938 2022 3997 enun—

374 4010 562 4077 tiatis,
602 4011 921 4080 constituta
958 4011 1054 4066 die
1091 4010 1480 4080 ordinationis
1522 4010 1592 4064 ad
1624 4010 2018 4080 episcopatum

374 4077 775 4152 Dominica_2_2
819 4080 1142 4135 Decembris
1178 4082 1316 4152 anni
1355 4079 1480 4148 295,
1525 4086 1588 4137 ut
1613 4077 2022 4152 tinisrespon—

373 4151 507 4206 deat
530 4151 647 4206 diei
679 4147 746 4205 46
772 4152 980 4223 Martii
1010 4153 1148 4206 anni
1178 4150 1305 4221 304,
1336 4154 1405 4208 ad
1462 4165 1630 4221 quam
1674 4147 2020 4223 referri‘ejus

377 4223 716 4291 martyrium
749 4222 1010 4277 dixeram
1040 4223 1136 4278 hic
1157 4236 1280 4278 esse
1300 4224 1736 4279 ostendendum.
1758 4225 1868 4279 Hoc
1889 4222 2019 4281 vero

377 4293 651 4365 prmstitit
668 4292 769 4365 ill.
793 4294 1002 4362 praesul
1022 4294 1462 4350 Schelestratius
1479 4295 1708 4349 dissert.
1735 4292 1789 4363 2,
1824 4294 2016 4365 cap.8,

377 4376 544 4437 num.
571 4362 620 4419 6.
651 4363 919 4437 Ostendit
950 4365 1155 4437 primo,
1183 4371 1297 4419 tam
1319 4366 1484 4434 juxta
1516 4362 1809 4437 antiquos,
1848 4362 2017 4437 quam

369 4435 538 4503 juxta
568 4436 915 4489 recentiores
934 4436 1247 4504 scriptores
1279 4450 1505 4504 passum
1530 4434 1712 4492 fuisse
1727 4434 2021 4492 Marcelli-

375 4519 516 4559 num
564 4506 891 4559 Diocletiano
943 4519 1002 4561 lx
1058 4511 1106 4559 el
1149 4508 1488 4561 Maximiano
1545 4520 1623 4562 vn
1685 4509 2015 4573 consulibus,

372 4554 531 4648 eis}
549 4554 1927 4648 assam;anginamea...‘1)"agzeeamé'z'cii;
1936 4554 2021 4635 He
2050 4554 2106 4614 D

377 4659 458 4712 re,
505 4647 720 4716 inquit,
753 4648 894 4702 adeo
922 4648 1187 4703 convenit
1219 4648 1369 4703 inter
1394 4649 1737 4705 recentiores
1766 4647 2023 4719 scriptow

377 4724 589 4791 res,4ut
621 4718 721 4791 qui
765 4719 822 4772 in
855 4720 1207 4774 anteriorum
1252 4719 1583 4789 pontiﬁcum
1641 4721 2024 4791 Chronologia

376 4788 592 4860 saepius
622 4790 775 4844 inter
804 4803 865 4860 se
892 4788 1263 4858 discrepant,
1290 4790 1444 4845 circa
1474 4797 1699 4858 tempus
1728 4806 1842 4860 quo
1868 4788 2025 4847 Mar-

376 4858 626 4932 cellinus
675 4859 972 4932 occubuit,
1000 4874 1178 4917 unum
1211 4861 1474 4932 idemque
1528 4858 1799 4916 sentiant.
1833 4863 2023 4918 Fidem

379 4931 487 4985 hac
514 4930 584 4985 de
610 4944 670 4986 re
696 4929 919 4986 faciunt
942 4929 1282 5001 Onuphrius
1302 4929 1637 5001 Panvinius,
1660 4938 1715 4987 et
1739 4934 2025 4989 Antonius

376 5003 763 5071 Augustinus,
820 5003 1144 5058 cardinales
1196 5004 1476 5058 Baronius
1526 5009 1583 5058 et
1627 5002 2022 5070 Bellarminus,

377 5072 695 5142 Dionysius
724 5075 1012 5145 Petavius,
1040 5080 1097 5128 et
1122 5074 1736 5145 PhilippusALabbeus.
1768 5075 1867 5145 qui
1896 5090 2026 5131 om—

380 5157 483 5198 nes
512 5145 829 5200 Marcellini
852 5143 1075 5201 ohitum
1109 5146 1166 5199 in
1188 5159 1402 5200 annum
1428 5143 1533 5201 304
1551 5143 1822 5201 referunt.
1848 5147 2026 5202 Addit

378 5213 652 5287 Labhwus
681 5217 777 5271 die
797 5214 868 5287 26
896 5216 1136 5285 Aprilis,
1167 5218 1266 5286 qui
1292 5218 1417 5272 dies
1440 5218 1586 5272 idem
1633 5218 1756 5286 ipse
1779 5224 1891 5287 est,
1912 5230 2025 5287 quo

379 5286 441 5341 in
477 5286 898 5357 Martyrol0giis
941 5289 1122 5354 Bedze,
1150 5287 1387 5353 Babani,
1433 5290 1691 5355 Notkeri,
1723 5286 1941 5344 Adonis
1969 5294 2026 5343 et

380 5357 651 5424 Usuardi,
686 5357 1003 5412 Marcellini
1040 5364 1310 5414 memoria
1341 5359 1680 5416 celebratur.
1702 5359 2027 5415 Observan-

374 5428 515 5483 dum
537 5434 743 5491 tamen,
773 5428 921 5498 quod
946 5430 1339 5485 Diocletianus
1354 5438 1409 5485 et
1430 5432 1811 5486 Maximianus
1831 5432 2024 5487 eodem

376 5513 529 5555 anno
549 5499 859 5570 purpuram
876 5502 1266 5569 deposuerunt
1285 5502 1468 5570 primo
1484 5503 1578 5556 die
1592 5501 1849 5570 Aprilis:
1877 5503 2027 5557 unde

377 5571 463 5625 vel
514 5572 842 5636 dicendum,
895 5579 1026 5628 ante
1067 5574 1219 5627 diem
1265 5573 1516 5641 primum
1563 5572 1784 5641 Aprilis
1809 5573 2027 5629 obiisse

379 5643 799 5705 Marcellinum,
820 5642 1067 5699 velanno
1091 5641 1214 5699 303.
1243 5658 1354 5699 non
1373 5641 1497 5709 304,
1531 5643 1890 5699 occubuisse.
1921 5646 2026 5700 Pro

379 5713 926 5781 cujusdiﬁicultatis
951 5715 1240 5771 solutione
1257 5715 1501 5770 notanda
1523 5714 1839 5770 suntverba
1853 5730 2025 5771 vene-

381 5784 590 5839 rabilis
636 5785 816 5856 Bedze,
867 5785 1083 5854 quibus
1145 5793 1409 5842 testatur.
1457 5786 1853 5842 Marcellinum
1900 5792 2027 5856 post

382 5861 617 5910 mortem
649 5855 776 5911 dies
793 5855 881 5924 36,
908 5863 972 5912 ut
1001 5857 1061 5911 in
1085 5870 1216 5927 ms.,
1234 5857 1318 5913 vel
1349 5856 1419 5914 35
1438 5864 1499 5913 ut
1522 5857 1579 5913 in
1611 5858 1867 5915 editione
1887 5855 2023 5914 Vul-

2049 3185 2098 3247 C

2125 537 2221 608 via
2242 536 2482 592 Salaria.
2519 536 2886 594 Fieri’autem
2912 536 3118 608 potuit,
3154 556 3260 597 non
3297 536 3518 607 mortis,
3552 548 3646 602 sed
3678 561 3776 602 se—

2128 607 2375 688 pulturae
2403 611 2553 688 diem
2576 607 2923 688 adnotatum;
2942 610 3123 688 fuisse
3146 613 3204 666 in
3226 615 3654 688 Martyrologiis
3685 624 3777 672 :et

2129 681 2206 750 ita
2224 681 2537 750 contigisse
2583 682 2774 735 innuit
2818 682 2983 750 Beda,
3032 683 3168 737 dum
3213 681 3505 742 scribitad
3539 681 3605 742 “v1
3646 689 3766 743 Kal.

2126 748 2284 826 Maii,
2326 748 2598 826 Depositio
2646 752 2702 826 ε.
2734 748 3043 826 Marcellini
3064 770 3249 822 papae,
3281 763 3448 824 prout
3472 758 3530 811 in
3560 772 3775 826 supra—

2127 819 2303 895 citato
2328 819 2428 895 ms.
2449 823 2863 895 antiquissimo
2882 819 3115 894 legitur,
3140 819 3412 895 quamvis
3440 828 3499 881 in
3520 819 3774 883 editione

2126 890 2610 967 vulgatalegatur'
2628 890 3260 967 nataleLDepositionis
3292 898 3487 967 itaque
3514 899 3637 953 dies
3660 897 3775 954 fuit

2124 958 2196 1015 26
2220 958 2466 1036 Aprilis,
2492 978 2621 1036 cum
2656 965 2774 1032 jam
2803 962 2869 1020 l6
2899 958 3089 1020 Martii
3125 982 3326 1036 passus
3345 958 3513 1030 esset,
3542 970 3774 1025 Diocle-

2126 1035 2286 1110 tiano
2306 1035 2494 1090 adhuc
2526 1035 2859 1110 imperante,
2891 1043 2955 1110 ut
2984 1036 3090 1091 sub
3119 1051 3184 1092 eo
3210 1039 3529 1110 Marcellini
3554 1048 3774 1110 marty—

2128 1104 2296 1180 rium.
2316 1113 2466 1180 recte
2492 1105 2764 1180 collocari
2803 1108 3004 1180 possit.
3034 1110 3220 1178 Atque
3250 1109 3340 1164 his
3371 1110 3601 1179 quidem
3637 1104 3775 1180 prb-

2128 1173 2330 1231 bandis
2355 1176 2502 1247 (cum
2520 1173 2977 1253 _nu_lla_ampli_us
2999 1173 3238 1247 quaestio
3256 1173 3554 1250 superesse
3575 1173 3776 1253 possit)

2128 1256 2239 1318 non
2268 1255 2354 1301 est
2384 1248 2531 1318 quod
2565 1248 2795 1302 diutius
2829 1248 3226 1305 inhaereamus.
3264 1269 3290 1299 »

2132 1315 2282 1391 ‘__De_
2321 1315 2417 1372 die
2468 1324 2638 1387 atque
2682 1332 2831 1391 anno
2858 1334 2992 1391 quo
3042 1334 3351 1389 purpuram
3383 1323 3775 1391 deposuerunt

2125 1388 2519 1444 Diocletianus
2543 1396 2598 1443 et
2637 1389 3021 1444 Maximianus
3046 1388 3261 1446 diserte
3294 1388 3508 1448 ldatius
3533 1408 3598 1449 ex
3643 1395 3775 1450 edi-

2127 1460 2285 1514 tione
2308 1458 2602 1532 Scaligeri,
2632 1468 2697 1515 ut
2737 1460 3181 1518 Schelestratius
3210 1462 3489 1529 observat,
3519 1466 3773 1532 ejusdem

2126 1536 2296 1588 verba
2327 1531 2689 1599 producens:
2737 1552 2762 1582 ‹‹
2796 1532 3152 1588 Diocletiano
3198 1546 3256 1587 ix
3304 1542 3359 1589 et
3420 1531 3773 1591 Maximiano

2127 1615 2229 1658 VIII
2254 1602 2345 1658 his
2375 1615 2518 1657 coss.
2563 1604 2952 1670 deposuerunt
2994 1618 3303 1672 purpuram
3339 1605 3545 1673 privati
3587 1606 3771 1661 etfecti

2125 1672 2521 1731 Diocletianus
2545 1677 2600 1727 et
2623 1674 3007 1744 Maximianus
3026 1674 3120 1729 die
3141 1674 3265 1729 Kal.
3292 1672 3531 1744 Aprilis.
3565 1695 3591 1726 ››
3623 1679 3773 1732 luem

2126 1745 2381 1827 advertit
2404 1745 2689 1827 ltupertus
2743 1745 2800 1798 in
2834 1743 3053 1827 Besﬂoldi
3086 1743 3397 1827 §ynopsim
3440 1746 3771 1827 historica!!!
3854 1800 3859 1805 ,

2043 1821 2096 1882 Β
2128 1831 2253 1886 pag.
2275 1812 2399 1882 362,
2433 1815 2510 1870 ita
2532 1814 2790 1886 scribens
2823 1833 2834 1867 :
2872 1815 3054 1870 «Cum
3086 1812 3478 1873 Diocletianus
3503 1824 3558 1873 et
3584 1818 3775 1873 Maxi—

2129 1885 2357 1958 mianus
2383 1887 2576 1958 senior
2594 1885 2976 1958 abdicassent,
3014 1886 3188 1941 iidem
3230 1887 3500 1943 Kalendis
3534 1888 3768 1958 Aprilis,

2127 1956 2682 2038 utscribitldacius
2716 1955 2875 2038 (non
2901 1964 3049 2038 ante.
3074 1958 3312 2038 diem}!
3365 1958 3487 2038 Kal.
3517 1955 3674 2038 Maii,
3710 1968 3774 2015 ut

2124 2030 2354 2085 Colzius
2390 2034 2447 2081 et
2472 2026 2812 2095 Onuphrius
2862 2026 3245 2097 tradiderunt)
3295 2047 3320 2079 υ
3362 2036 3471 2085 etc.
3518 2032 3593 2085 De
3622 2044 3772 2085 anno

2124 2102 2297 2155 etiam
2330 2102 2574 2171 Zonaras
2628 2104 2870 2154 testatur
2897 2098 3041 2171 Hist.
3080 2098 3179 2154 lib.
3220 2112 3283 2166 ιι,
3334 2113 3459 2169 cap.
3488 2097 3543 2167 7,
3574 2115 3773 2171 nempe

2125 2184 2272 2226 coss.
2302 2168 2659 2224 Diocletiano
2699 2183 2750 2222 ix
2787 2176 2842 2224 et
2873 2169 3220 2225 Maximiano
3252 2185 3377 2226 Vill.
3408 2168 3556 2227 Male
3581 2168 3769 2227 autem

2125 2242 2579 2313 interpretantur
2616 2240 2876 2313 nonnulli
2923 2254 3052 2296 cum
3105 2241 3338 2298 Baluzio
3385 2242 3633 2313 (ingnot.
3697 2243 3767 2297 ad

2124 2311 2291 2367 Lact.
2334 2314 2399 2366 de
2446 2311 2715 2382 Mortibus
2754 2316 3180 2380 persecutorum,
3236 2325 3361 2382 pag.
3394 2311 3517 2369 389
3554 2314 3693 2368 torni
3723 2314 3769 2368 II

2124 2381 2462 2453 Miscellan.)
2499 2383 2707 2437 Zosimi
2743 2382 3139 2453 locum,quasi
3165 2381 3426 2439 ZoSimus
3445 2385 3768 2453 scripserit,

2125 2456 2375 2523 spatium
2414 2452 2791 2522 interceptum
2821 2467 2853 2507 a
2876 2452 3032 2508 ludis
3061 2454 3440 2510 saecularibus
3467 2454 3772 2510 celebratis

2129 2539 2227 2594 per
2252 2527 2307 2580 L.
2342 2524 2682 2594 Septimium
2740 2524 3005 2579 Severum
3038 2524 3250 2579 Libone
3304 2532 3361 2580 et
3389 2525 3587 2580 Cilone
3618 2538 3767 2580 coss.

2124 2591 2359 2666 (Christi
2382 2591 2506 2663 204)
2532 2608 2725 2666 usque
2760 2594 2826 2666 ad
2869 2595 3202 2663 praedictum
3228 2595 3591 2650 consulatum
3625 2597 3771 2650 Dio-

2126 2664 2359 2721 c1etiani
2400 2680 2455 2721 1x
2498 2671 2554 2720 et
2585 2664 2917 2719 Maximiani
2974 2678 3093 2732 vni,
3135 2673 3397 2721 constare
3425 2666 3594 2722 annis
3631 2680 3770 2722 cen-

2127 2744 2249 2793 tum
2296 2744 2353 2791 et
2402 2749 2535 2791 uno.
2584 2736 2797 2790 'I‘extus
2853 2735 3062 2789 Zosimi
3122 2741 3207 2790 est
3258 2738 3337 2792 ita
3379 2737 3703 2793 reddendus
3752 2756 3766 2791 :

2129 2828 2156 2859 «
2190 2810 2328 2861 Nam
2380 2820 2413 2862 a
2455 2805 2761 2878 consulatu
2809 2805 3027 2878 Cilonis
3069 2811 3126 2860 et
3154 2806 3410 2875 Libonis,
3459 2822 3572 2878 quo
3599 2808 3773 2864 Seve-

2126 2893 2227 2934 rus
2253 2878 2420 2933 ludos
2455 2876 2761 2932 saeculares
2784 2876 3072 2937 exhibuit,
3116 2892 3298 2947 usque
3326 2879 3395 2934 ad
3428 2876 3770 2947 Diocletiani

2126 2963 2186 3019 lx
2229 2955 2287 3019 et
2332 2947 2669 3002 Maximiani
2715 2959 2813 3000 Vlll
2864 2948 3122 3016 διέδραμεν
3160 2945 3226 3008 εις
3265 2945 3477 3010 ἐνιαντός
3521 2947 3642 3019 πρὸς
3670 2960 3772 3011 τοῖς

2126 3016 2316 3085 ἑκατὸν,
2370 3019 2681 3072 Labebatur
2725 3032 2906 3070 annus
2958 3033 3100 3071 unus
3132 3023 3258 3085 post
3296 3027 3528 3072 centum.
3561 3016 3597 3069 ⁷»
3625 3020 3774 3075 Sen-

2127 3105 2229 3145 sus
2258 3095 2448 3144 autem
2487 3093 2591 3154 est,
2630 3093 2692 3142 ut
2741 3101 2809 3141 ex
2843 3086 3123 3142 Palilibus
3162 3088 3299 3156 anni
3332 3087 3456 3156 304,
3489 3090 3688 3146 Cilone
3717 3096 3773 3145 et

2129 3159 2341 3215 Libone
2368 3173 2511 3213 coss.
2569 3158 2638 3213 ad
2668 3157 2873 3212 Palilia
2909 3158 3046 3212 anni
3076 3155 3200 3227 304,
3245 3155 3600 3216 Diocletiano
3627 3174 3684 3214 ix
3715 3166 3771 3216 et

2128 3231 2476 3285 Maximiano
2525 3241 2631 3281 VIII
2669 3242 2815 3282 coss.
2878 3228 3178 3296 completis
3203 3238 3432 3286 centum
3464 3233 3635 3286 annis
3676 3232 3771 3287 die

2127 3301 2420 3367 Palilium,
2434 3313 2502 3354 ex
2531 3311 2596 3353 ea
2615 3298 2719 3369 die
2733 3297 3030 3353 labebatur
3048 3312 3235 3355 annus
3250 3302 3471 3369 primus
3495 3302 3771 3357 inchoans

2131 3378 2257 3442 post
2278 3371 2652 3442 centesimum
2672 3368 3027 3442 absolutum.
3046 3368 3339 3442 Perperam
3369 3372 3549 3442 igitur
3571 3378 3771 3428 contra

2133 3439 2440 3511 utriusque
2464 3440 2772 3509 scriptoris
2794 3440 2957 3495 ﬁdem
2973 3439 3249 3496 differunt
3272 3439 3539 3498 Balu'zius
3558 3448 3616 3498 et
3636 3444 3769 3498 Her-

2130 3520 2324 3568 vartus
2347 3512 2763 3568 abdicationem
2813 3511 3042 3580 imperii
3085 3511 3427 3567 Diocletiani
3458 3514 3526 3568 ad
3556 3526 3768 3568 annum

2128 3582 2234 3641 305
2285 3590 2341 3638 et
2376 3584 2446 3640 ad
2504 3584 2658 3639 diem
2706 3582 3086 3638 Kalendarum
3143 3583 3301 3638 Maii.
3360 3583 3593 3639 Constat
3637 3597 3769 3640 vero

2128 3662 2408 3710 assertum
2432 3653 2842 3714 Schelestratii,
2865 3666 2996 3707 cum
3026 3654 3216 3709 ldacio
3243 3652 3492 3710 referens
3515 3655 3584 3709 ad
3616 3655 3768 3709 diem

2130 3726 2513 3781 Kalendarum
2562 3723 2851 3793 Aprilium
2903 3729 2960 3777 et
3017 3724 3087 3780 ad
3135 3737 3348 3780 annum
3380 3724 3504 3792 304,
3540 3725 3770 3780 Diocle-

2131 3797 2286 3852 tiano
2308 3809 2367 3851 1x
2390 3802 2446 3852 et
2471 3794 2817 3851 Maximiano
2845 3807 2948 3849 Vlll
2984 3808 3155 3863 coss.,
3189 3796 3433 3852 istorum
3462 3797 3774 3853 abdicatio-

2130 3882 2279 3924 nem.

2197 3937 2589 3995 Schelestratii
2641 3936 2830 3993 doctis
2867 3935 3368 3994 observationibus
3417 3939 3561 3994 hanc
3595 3953 3766 3995 unam

2128 4011 2335 4067 addere
2374 4009 2563 4076 liceat,
2595 4021 2811 4077 nempe,
2853 4021 2922 4062 ex
2957 4009 3049 4063 his
3101 4011 3463 4065 documentis
3518 4024 3614 4079 per
3642 4024 3767 4066 eum

2131 4080 2427 4151 productis
2463 4079 2878 4151 emendandum
2930 4092 3057 4135 esse
3104 4083 3370 4151 quintum
3428 4094 3653 4137 versum
3705 4082 3764 4135 in

2127 4150 2420 4222 Opusculo
2454 4152 2501 4206 Il
2530 4150 2907 4219 Bucheriano,
2947 4164 3121 4220 supra
3151 4151 3303 4207 edito
3339 4153 3490 4207 inter
3518 4152 3771 4222 Prolego-

2130 4237 2311 4291 mena,
2390 4222 2487 4278 ubi
2558 4228 2929 4277 recensentur
2994 4225 3350 4291 depositiones
3408 4226 3774 4292 episcoporum

2129 4308 2328 4363 nempe
2356 4307 2688 4348 summorum
2726 4296 3067 4361 pontiﬁcum.
3099 4295 3158 4348 In
3186 4295 3392 4363 quinto
3418 4308 3585 4349 versu
3613 4293 3773 4347 illius

2128 4366 2394 4435 opusculi
2431 4365 2640 4435 legitur
2673 4381 2699 4435 :7
2723 4384 2749 4414 «
2774 4364 3002 4420 Decimo
3049 4371 3244 4419 octavo
3268 4364 3391 4419 Kal.
3448 4363 3769 4431 Februarii,

2128 4434 2447 4492 Marcellini
2494 4434 2569 4490 in
2616 4434 2911 4490 Priscilla}.
2947 4454 2974 4483 ››
3008 4436 3409 4503 Reponendum
3453 4440 3539 4489 est
3577 4448 3643 4489 ex
3673 4435 3772 4488 in—

2128 4509 2308 4564 diciis
2338 4507 2446 4583 lo_c_i
2477 4520 2570 4583 _ac
2599 4506 2872 4583 temporis
2917 4518 3118 4583 nomen
3170 4506 3415 4583 Marcelli
3442 4518 3617 4583 papa,
3660 4517 3773 4559 au—

2132 4587 2285 4634 ctum
2328 4576 2545 4642 syllaba
2579 4574 2857 4642 postrema
2902 4574 2973 4629 ab
3010 4574 3367 4641 amanuensi,
3403 4581 3459 4628 et
3486 4576 3613 4630 dies
3652 4587 3768 4628 xvu

2135 4592 2285 4634 ctum
2328 4592 2355 4631 S
2397 4592 2545 4631 uana
2579 4592 2857 4642 pOSLrema
2902 4592 2973 4629 an
3010 4592 3367 4641 amanuensn,
3403 4592 3459 4628 ΘΙ.
3486 4592 3613 4630 (lies
3652 4592 3768 4628 XVII

2135 4650 2259 4705 Kal.
2288 4592 2581 4702 Feiiruarii
2625 4645 2748 4699 loco
2778 4658 2916 4698 xvm
2967 4650 3128 4698 aucta
3180 4644 3457 4699 similiter
3491 4651 3774 4713 postrema

2134 4720 2391 4785 unitate;
2423 4730 2550 4770 cum
2583 4728 2646 4770 ea
2675 4716 2771 4771 die
2796 4728 2911 4769 xvn
2959 4714 3084 4768 Kal.
3118 4714 3278 4769 Febr.
3312 4722 3577 4770 occurrat
3616 4728 3774 4770 mar-

2135 4792 2350 4858 tyrium
2378 4801 2445 4842 ac
2466 4786 2751 4858 depositio
2773 4785 3092 4858 Marcellini
3125 4785 3357 4854 papwad
3392 4792 3612 4858 cremet.
3642 4786 3772 4841 Pri—

2134 4856 2316 4917 scillae
2372 4860 2462 4912 via
2512 4856 2733 4929 Salaria
2778 4857 2836 4911 in
2879 4856 3167 4929 omnibus
3193 4857 3618 4929 Martyrologiis
3663 4876 3677 4925 ς
3717 4862 3773 4929 et

2134 4929 2453 4988 Marcellini
2494 4941 2644 4982 mors
2690 4926 3077 4983 demonstrata
3100 4926 3199 4997 isit
3251 4929 3464 4997 pariari
3510 4926 3653 4984 cum
3706 4926 3773 4982 46

2137 5002 2352 5069 Martii,
2399 4998 2686 5069 depositio
2735 5012 2867 5054 vero
2912 5012 3041 5053 cum
3089 4996 3160 5053 26
3211 4998 3451 5068 Aprilis,
3512 5012 3623 5070 qua
3668 5013 3774 5055 co-

2135 5075 2306 5130 litur.

2207 5145 2305 5199 His
2348 5142 2647 5212 productis
2695 5142 2763 5197 ad
2814 5141 2966 5197 diem
3035 5140 3295 5211 martyrii
3342 5141 3399 5195 S.
3448 5141 3769 5198 Marcellini

2132 5214 2651 5275 demonstrandam,
2708 5220 2956 5268 revertar
3013 5212 3083 5267 ad
3155 5224 3371 5266 annum
3426 5228 3438 5264 :
3493 5224 3626 5280 non,
3710 5220 3773 5269 ut

2132 5295 2321 5344 actum
2361 5299 2547 5355 agam,
2601 5292 2658 5340 et
2716 5285 2935 5355 iterato
2967 5282 3676 5355 demonstrempertinere
3699 5286 3769 5340 ad

2133 5358 2239 5415 304
2267 5352 2762 5413 ωνωᾟοῐηωιιηίε
2807 5354 3168 5420 Christianae,
3226 5352 3580 5409 Diocletiano
3628 5369 3685 5409 1x
3717 5360 3771 5410 et

2136 5429 2481 5486 Maximiano
2530 5440 2658 5488 Viti,
2699 5440 2872 5493 coss.,
2903 5426 3049 5494 quod
3074 5438 3105 5479 a
3135 5422 3541 5480 Schelestratio
3571 5425 3771 5481 obser—

2135 5508 2301 5557 vatur
2325 5499 2539 5554 ﬁrmari
2567 5510 2850 5554 consensu
2874 5496 3129 5552 omnium
3147 5496 3497 5562 scriptorum
3519 5501 3771 5553 veterum

2134 5587 2201 5628 ac
2233 5570 2611 5626 recentiorum
2641 5587 2656 5637 ς
2688 5568 2785 5623 sed
2836 5572 2898 5622 ut
2922 5566 3274 5621 considerem
3305 5569 3770 5635 supputationem

2134 5656 2370 5698 summa:
2444 5641 2501 5694 in
2549 5639 2722 5694 veteri
2790 5637 3057 5706 Catalogo
3123 5651 3223 5692 ms.
3286 5637 3496 5708 reginae
3556 5639 3771 5693 Suecize

2134 5716 2485 5770 observatam
2542 5724 2573 5764 a
2624 5708 3050 5773 Schelestratio,
3111 5722 3279 5773 quam
3321 5709 3493 5765 attuli
3539 5709 3594 5762 in
3628 5711 3771 5763 Pro-

2134 5782 2448 5856 l-gomenis
2498 5781 2648 5836 inter
2695 5782 3038 5856 documenta
3085 5779 3607 5856 sedisAMarcellini
3657 5779 3767 5856 col.

2133 5847 2223 5923 23",
2272 5866 2484 5910 annum
2539 5852 2799 5907 eumdem
2854 5847 3097 5905 miriﬁce
3130 5848 3484 5919 conﬁrmare,
3546 5850 3661 5904 imo
3714 5855 3771 5908 et
