4072 6176
337 353 359 410 4
370 353 475 414 475

1577 345 1936 400 ANASTASII
1975 343 2529 400 BIBLlOTllECARII

3620 341 3760 399 H76

333 477 662 532 universam
704 470 1456 542 Chronologiamﬂnostram
1497 468 1851 542 pontiﬁciam
1883 467 1992 542 ha—
2024 470 2082 528 A
2105 466 2241 521 dum
2268 479 2378 542 non
2411 472 2515 530 est,
2537 467 2690 542 quin
2723 481 2920 542 errore
2950 467 3324 542 librariorum
3355 467 3583 522 vacatio
3608 467 3764 521 sedis

331 553 534 602 etenus
587 543 952 614 explicatam.
1005 539 1068 596 in
1119 541 1239 614 illo,
1283 540 1710 614 igiturAcodice
1756 540 1873 593 haec
1905 539 1988 614 le:

337 622 602 689 guntur;
633 608 732 689 «ἋΔ
773 611 1043 689 Passione
1079 613 1267 689 D.__N._
1309 608 1440 666 Jesu
1470 611 1687 668 Christi
1715 608 1990 689 usquede

333 679 523 744 sedem
583 686 909 741 beatissimi
953 682 1271 739 Marcellini
1315 697 1470 752 papae
1517 689 1648 736 sunt
1696 683 1832 736 anni
1862 679 1989 746 276,

335 773 518 814 mens.
548 756 603 812 9.
635 776 660 807 »
692 757 820 810 Dixi
868 769 1152 810 annorum
1207 767 1486 808 summam
1541 753 1754 822 pariari
1795 759 1991 807 exacte

335 844 464 884 cum
521 827 912 898 Chronologia
948 825 1186 881 Victorii
1219 824 1581 898 Aquitaniet
1613 830 1829 898 nostra,
1865 836 1992 898 quae

335 901 396 956 in
445 899 728 970 opusculo
788 895 852 952 IV
902 903 960 970 et
1013 899 1069 970 in
1103 897 1254 951 notis
1283 897 1349 970 ad
1373 895 1988 970 catalogum_Liberia-

337 965 772 1027 num'ostendit
805 987 816 1022 :
851 989 876 1020 α
909 969 1239 1024 Passionem
1293 967 1544 1032 Domini,
1573 965 1643 1021 et
1692 965 1839 1020 duos
1886 977 1990 1033 ge-

336 1043 526 1098 minos
577 1039 844 1096 consules
897 1041 1181 1108 pertinere
1217 1038 1285 1092 ad
1341 1051 1554 1092 annum
1607 1050 1731 1108 sera:
1769 1037 1985 1108 Christi

332 1113 658 1168 communis
702 1110 792 1178 ‘28,
837 1105 1026 1165 {etatis
1079 1118 1270 1165 autem
1309 1109 1527 1164 Christi
1558 1107 1787 1164 Domini
1813 1105 1902 1174 33,
1932 1113 1988 1161 et

335 1185 659 1239 inchoatam
703 1181 886 1237 fuisse
941 1181 1085 1236 feria
1123 1180 1178 1245 5,
1238 1181 1331 1235 die
1371 1178 1443 1236 ‘25
1489 1181 1676 1234 Martii
1725 1179 1783 1233 in
1821 1179 1986 1233 horto

329 1253 719 1321 Gethsemani,
773 1262 829 1308 et
867 1252 1188 1308 absolutam
1246 1251 1305 1306 in
1364 1265 1534 1306 cruce
1585 1249 1730 1305 feria
1781 1249 1834 1318 6,
1889 1250 1985 1304 die

327 1323 400 1382 26
430 1327 620 1381 Martii
677 1325 936 1394 proxime
961 1331 1366 1392 consequente.
1388 1341 1428 1394 ί»

400 1398 539 1452 Nam
575 1388 746 1452 ann'is
779 1409 904 1450 mra:
939 1388 1168 1449 Christi
1187 1393 1435 1448 labentis
1473 1393 1532 1446 in
1579 1393 1844 1446 Passione
1891 1388 1979 1453 28,

329 1467 378 1522 si
402 1469 650 1523 addatur
679 1478 902 1521 summa
936 1465 1189 1520 indicata
1241 1477 1521 1519 annorum
1567 1460 1676 1518 276
1726 1463 1985 1532 provenit

327 1540 454 1594 dies
481 1537 553 1594 26
587 1539 772 1592 Martii
823 1537 961 1590 anni
997 1535 1243 1591 labentis
1273 1533 1378 1591 304
1408 1549 1534 1589 arra:
1571 1535 1791 1589 Christi
1819 1547 1984 1588 com-

333 1610 544 1665 munis.
614 1609 773 1664 Addo
818 1620 990 1670 nunc,
1055 1607 1165 1676 legi
1217 1615 1513 1676 oportere:
1566 1609 1656 1660 «A
1715 1607 1982 1676 Passione

325 1681 556 1735 Domini
603 1680 788 1734 nostri
838 1680 969 1734 Jesu
1022 1675 1583 1748 Christi’usqueiad
1619 1678 1806 1732 sedem
1842 1675 1982 1748 bea—

329 1752 543 1806 tissimi
572 1749 890 1805 Marcellini
936 1762 1092 1818 papa:
1117 1757 1251 1804 sunt
1295 1745 1431 1804 an’ni
1463 1746 1586 1809 976,
1621 1749 1761 1802 min.
1785 1748 1839 1801 d.
1870 1745 1976 1818 9.»

2111 544 2238 604 post
2267 537 2487 594 obitum
2534 539 2878 603 Marcellini,
2917 553 3044 610 quae
3077 539 3442 594 indicabatur
3472 553 3574 607 per
3600 552 3763 592 men-

2105 621 2196 662 ses
2219 622 2258 662 ll
2281 615 2336 664 et
2372 610 2498 664 dies
2524 623 2556 662 v
2608 624 2792 679 usque
2815 611 2882 666 ad
2937 611 3172 665 initium
3206 611 3434 678 imperii
3463 611 3532 664 ad
3571 610 3758 664 Maxi-

2108 680 2362 736 mianum
2404 683 2599 735 Daiam
2633 681 2897 736 translati
2925 683 3121 737 eodem
3155 695 3344 737 mense
3374 682 3528 736 Maio
3553 694 3586 734 a
3617 682 3760 734 Dio—

2103 751 2352 806 cletiano
2387 752 2480 806 his
2517 751 2762 807 fortasse
2791 758 2894 808 aut
2931 752 3237 808 similibus
3262 752 3476 818 verbis,
3511 765 3580 806 ετ
3611 765 3754 805 esss.

2103 834 2272 876 EPISC.
2319 836 2490 884 vsovn
2540 837 2608 877 AD
2666 836 2804 878 max.
2852 837 2976 878 ave.
3037 837 3202 878 usus.
3240 837 3298 878 ιι.
3362 837 3416 877 D.
3470 837 3550 888 v.,
3587 823 3642 878 id
3673 829 3756 876 est

2099 905 2146 946 er
2177 897 2409 948 cessavit
2452 897 2796 963 episcopatus
2831 911 3004 964 usque
3045 896 3121 948 ad
3175 897 3598 964 Maximianumr
3629 898 3754 949 Au—

2099 968 2318 1031 gustum
2348 981 2554 1019 menses
2606 966 2764 1028 duos,
2807 963 2924 1020 dies
2964 968 3227 1035 quinque,
3273 966 3552 1035 producta
3580 963 3755 1020 fuerit

2102 1048 2200 1106 per
2223 1048 2404 1091 annos
2426 1037 2640 1105 plures,
2665 1050 2908 1106 menses,
2933 1050 2997 1092 ac
3017 1037 3148 1094 dies
3173 1039 3233 1092 in
3254 1043 3755 1106 corrupttsexem-

2101 1105 2215 1178 plis
2244 1107 2628 1162 diversimode
2650 1109 3055 1178 transcriptos.

2167 1177 2495 1233 Cardinalis
2559 1179 2843 1234 Baronius
2911 1177 3283 1245 ’(observante
3344 1177 3752 1233 Scbelestratio

2095 1247 2350 1330 dissert.
2375 1248 2444 1330 2,_
2461 1262 2584 1319 cap.
2619 1251 2878 1330 _8,_num.
2925 1247 2978 1320 7)
3007 1249 3290 1330 Qnufrius
3347 1250 3667 1330 Panvinius
3695 1250 3751 1302 in

2099 1333 2200 1373 ms.
2235 1321 2486 1375 Historia
2517 1321 2928 1388 ecclesiastica,
2970 1327 3026 1377 et
3053 1334 3252 1376 omnes
3284 1322 3497 1390 passim
3543 1327 3753 1374 nostra:

2095 1391 2288 1462 aetatis
2327 1399 2612 1459 auctores,
2657 1393 2757 1462 qui
2813 1393 3113 1448 historiam
3171 1399 3271 1448 aut
3317 1391 3748 1461 cbronologiam

2099 1461 2452 1530 pontiﬁciam
2484 1461 2942 1529 illustraverunt,
2977 1463 3267 1518 consultis
3285 1463 3674 1520 documentis.
3699 1469 3751 1515 et

2098 1533 2192 1586 hic
2226 1535 2541 1602 productis.
2564 1533 2780 1604 quibus
2807 1548 2918 1589 non
2940 1535 3158 1590 modica
3187 1534 3471 1602 adjecisse
3503 1537 3642 1602 puto
3663 1533 3750 1587 his

2097 1605 2155 1658 in
2188 1605 2711 1661 observationibus.
2743 1605 2913 1660 hodie
2942 1612 3295 1674 compertum
3326 1604 3558 1669 habent,
3584 1617 3751 1657 vaca-

2093 1675 2306 1729 tionem
2336 1677 2492 1731 sedis
2537 1682 2664 1745 post
2693 1675 2916 1731 obitum
2943 1676 3262 1731 Marcellini
3289 1688 3400 1730 non
3431 1676 3620 1730 solum
3654 1688 3748 1728 ex-

2095 1755 2309 1800 tensam
2349 1759 2460 1802 non
2503 1746 2686 1802 fuisse
2733 1747 2884 1802 ultra
2934 1752 3112 1802 metas
3139 1747 3395 1812 ejusdem
3438 1747 3603 1806 anni,
3651 1746 3744 1798 sed

325 1822 454 1893 (hoc
483 1827 567 1878 est
621 1821 814 1876 minus
851 1816 1057 1893 diebus
1099 1819 1190 1893 A9.)
1235 1820 1542 1875 Ostensum
1573 1833 1702 1893 cum
1755 1821 1852 1893 sit,
1905 1817 1979 1872 ﬁ-
2009 1833 2060 1892 Β
2091 1818 2337 1893 desiisse
2369 1821 2637 1893 proxime
2674 1824 2798 1886 post
2823 1819 3088 1893 A_ugu_sta_
3115 1817 3368 1893 insignia
3398 1816 3746 1893 Maximiano

330 1891 455 1949 nem
487 1893 638 1949 sedis
680 1893 738 1946 Β.
795 1891 1110 1962 Marcellini
1163 1893 1417 1962 ejusdem
1455 1891 1727 1960 martyrio
1775 1891 1961 1960 signa-

329 1971 449 2019 tum
479 1975 602 2020 eSSe
643 1964 740 2018 die
798 1961 865 2018 46
896 1963 1131 2029 Martii;
1164 1961 1562 2032 c0nsequitur,
1617 1968 1682 2016 ut
1711 1963 1782 2032 ad
1816 1973 1980 2032 com-

331 2035 568 2104 plendos
619 2047 800 2089 annos
858 2033 1080 2104 solidos
1110 2050 1144 2086 α
1179 2029 1431 2088 ε-ἀδεὶόηρ
1483 2035 1691 2088 Domini
1713 2029 1838 2104 276,
1872 2031 1965 2085 de-

330 2102 658 2161 siderentur
715 2105 830 2158 dies
867 2103 902 2158 9
953 2111 1078 2173 post
1131 2105 1288 2159 illam
1333 2106 1483 2159 diem
1521 2104 1586 2158 46
1617 2103 1809 2158 Martii
1840 2102 1976 2156 anni

329 2174 456 2242 304,
490 2191 616 2246 quic
644 2176 867 2231 beatum
898 2175 1062 2230 ﬁnem
1097 2175 1514 2245 imposuitsetli
1543 2174 1799 2244 ejusdem
1833 2185 1984 2242 pon—

331 2247 512 2304 tiﬁcis
537 2261 603 2303 ac
629 2247 898 2316 martyris
930 2247 1275 2302 Marcellini.

469 2359 546 2411 De
581 2355 862 2409 vacatione
905 2354 1050 2408 sedis
1103 2359 1227 2422 post
1264 2355 1473 2408 obitum
1505 2355 1835 2416 Marcellini.

399 2461 586 2517 Codex
633 2460 925 2516 Anastasii
972 2459 1145 2516 refert
1170 2474 1336 2516 versu
1373 2457 1444 2516 20
1486 2464 1615 2529 post
1643 2462 1980 2530 martyrium

333 2534 391 2587 Β.
426 2532 742 2588 Marcellini
794 2546 1024 2588 vacasse
1077 2533 1380 2587 Romanam
1431 2532 1620 2586 sedem
1667 2548 1841 2586 annos
1875 2547 1977 2601 vn,

329 2619 535 2658 menses
573 2617 651 2670 Vl,
707 2603 819 2656 dies
863 2616 997 2671 xxv,
1040 2609 1393 2671 persequente
1439 2603 1768 2656 Diocletiano
1813 2603 1982 2657 Chri—

332 2677 560 2728 stianos.
593 2673 843 2727 Adnotat
889 2673 1352 2737 Schelestratius,
1385 2688 1416 2726 a
1437 2674 1794 2728 Diocletiano
1832 2688 1982 2742 pau—

333 2746 420 2799 cis
445 2743 652 2798 diebus
680 2751 807 2812 post
830 2742 1050 2812 obitum
1103 2743 1420 2798 Marcellini
1448 2744 1764 2810 depositam
1799 2743 1980 2799 fuisse

336 2811 692 2885 purpuram,
727 2819 780 2867 et
827 2811 1090 2881 iniectam
1137 2815 1291 2885 Daiei
1345 2813 1616 2868 Kalendis
1656 2815 1980 2868 Maii.Huic

325 2884 637 2956 purpuram
688 2885 1060 2956 Diocletianus
1116 2884 1306 2956 injecit
1355 2899 1531 2944 suam,
1583 2901 1694 2952 qua
1745 2901 1800 2938 se
1828 2889 1982 2940 caruit

329 2954 660 3029 (scribitis
707 2954 986 3029 Caecilius
1020 2955 1086 3008 de
1119 2955 1388 3008 Mortibus
1404 2964 1828 3029 persecutorum.
1863 2970 1977 3012 nu-

334 3024 488 3084 mero
517 3024 602 3096 49)
627 3030 678 3080 et
709 3027 912 3080 Diocles
965 3027 1163 3080 iterum
1210 3029 1392 3096 factus
1435 3033 1529 3079 est.
1565 3025 1781 3082 Auctor
1807 3029 1974 3082 Cata-

331 3099 445 3170 logi
479 3095 739 3170 seribens
763 3103 926 3152 astate
951 3097 1164 3170 Liberii
1189 3095 1438 3170 afﬁrmat
1466 3111 1718 3154 cessasse
1749 3101 1981 3168 episco-

2093 1887 2322 1956 collata,
2355 1895 2412 1944 et
2438 1890 2745 1956 imperium
2789 1903 2822 1944 a
2851 1887 3210 1944 Diocletiano
3237 1887 3593 1945 abdicatum.
3629 1887 3747 1941 ele—

2091 1960 2284 2014 ctione
2314 1960 2567 2015 Marcelli
2604 1974 2702 2030 per
2729 1960 2947 2015 clerum
2980 1961 3292 2014 Romanum
3321 1957 3572 2030 feliciter
3605 1957 3746 2030 inse-

2091 2037 2244 2084 cuta.
2299 2027 2618 2086 Panvinius
2667 2033 2888 2100 putavit
2928 2030 3171 2086 electum
3207 2029 3540 2085 Marcellum
3593 2027 3744 2082 diev

2091 2101 2215 2155 Kal.
2242 2101 2408 2156 .lulii.
2439 2117 2569 2157 cum
2611 2103 2831 2157 videret
2854 2102 3180 2171 attributes
3201 2101 3458 2171 ejusdem
3491 2100 3615 2154 sedi
3640 2113 3748 2154 an-

2094 2185 2197 2226 nos
2219 2185 2273 2236 v,
2303 2187 2522 2228 menses
2550 2187 2628 2240 vr,
2657 2173 2783 2228 dies
2827 2187 2948 2228 xxi.
2975 2173 3092 2228 Nos
3121 2169 3192 2228 34
3217 2169 3427 2228 diebus
3458 2171 3748 2226 maturius

2091 2244 2344 2309 ejusdem
2359 2245 2781 2300 ordinationem
2802 2245 3150 2310 statuimus;
3168 2257 3296 2299 cum
3327 2244 3386 2297 in
3421 2242 3673 2311 picturis
3691 2240 3743 2295 S.

2095 2315 2277 2368 Pauli.
2307 2316 2446 2370 anni
2477 2329 2538 2380 v,
2593 2329 2814 2370 menses
2859 2329 2959 2379 vn,
2993 2322 3049 2370 et
3109 2316 3166 2370 in
3193 2313 3454 2383 catalogo
3483 2311 3741 2366 Farfensi

2089 2385 2216 2466 dies
2264 2387 2434 2441 etiam
2486 2400 2641 2466 xxv,
2682 2393 2883 2456 praeter
2909 2387 3134 2466 eosdem
3185 2399 3366 2440 annos
3396 2391 3452 2438 et
3502 2397 3744 2451 menses,

2094 2459 2314 2531 integre
2348 2463 2717 2526 praeservatos
2751 2459 3200 2531 conspiciamus.

2161 2523 2298 2595 Quae
2321 2523 2508 2584 autem
2537 2541 2711 2584 causa
2743 2523 2940 2590 fuerit,
2973 2543 3080 2583 cur
3117 2527 3502 2595 descriptores
3525 2523 3742 2580 catalo-

2091 2612 2292 2667 gorum
2341 2599 2586 2669 aliquot,
2635 2606 2690 2654 et
2743 2600 2864 2668 ipse
2898 2599 3380 2653 Bibliothecarius
3427 2596 3744 2669 adjecerint

2089 2666 2374 2740 vacationi
2409 2666 2564 2726 sedis
2590 2675 2718 2740 post
2746 2666 3138 2725 Marcellinum
3167 2681 3349 2724 annos
3377 2681 3528 2737 quos
3543 2666 3747 2740 abstu—

2090 2737 2614 2798 leruntsuccessori
2646 2741 2927 2806 Marcello,
2953 2741 3252 2796 ostendere
3277 2739 3608 2794 conal~orin
3631 2739 3732 2791 No-

2090 2811 2168 2864 tis
2189 2813 2694 2884 chronologicisad
2716 2813 2988 2883 epocham
3004 2811 3258 2880 ejusdem
3280 2810 3538 2866 Marcelli
3563 2808 3746 2878 proxi-

2092 2895 2178 2936 me
2199 2891 2659 2954 consequentem.

2659 3005 2812 3046 NOTAE
2843 3002 3166 3045 HISTORICE.

2162 3101 2331 3155 Linea
2375 3096 2431 3154 7.
2457 3130 2528 3139 -
2556 3098 2712 3164 Quod
2748 3105 2799 3154 et
2842 3101 2993 3165 fecit,
3021 3103 3150 3162 etc.,
3199 3101 3250 3150 et
3285 3097 3610 3166 penitentia
3631 3095 3743 3148 du—

333 3167 526 3246 patum
551 3169 724 3246 annis
745 3181 821 3236 iv,
848 3168 1142 3224 mensibus
1167 3181 1246 3235 vi,
1267 3168 1476 3246 diebus
1517 3182 1648 3246 xxv.
1674 3167 1981 3246 Catalogus
2011 3182 2059 3246 ί]
2089 3181 2227 3246 ctus.
2259 3179 2369 3226 etc.
2399 3177 2500 3246 ;_et
2521 3170 2672 3246 linea
2702 3167 2788 3224 44.
2827 3201 2897 3212 -
2933 3171 3038 3246 Via
3066 3169 3289 3224 Salaria
3311 3170 3368 3220 in
3387 3172 3590 3220 cremet.
3613 3167 3744 3246 Pri.-

332 3241 440 3296 sub
468 3242 698 3295 Justino
723 3252 854 3294 ann.
889 3252 965 3306 νι,
990 3253 1164 3294 mens.
1193 3252 1271 3303 v1,
1303 3240 1360 3294 d.
1386 3253 1520 3294 xxv.
1555 3241 1616 3294 In
1649 3241 1785 3295 aliis
1817 3240 1972 3297 mem-

331 3312 534 3366 branis
561 3311 708 3366 sexti
741 3309 938 3366 saeculi
970 3309 1230 3377 habetur,
1279 3317 1329 3364 et
1372 3313 1598 3364 cessavit
1641 3316 1981 3382 episcopatus

329 3397 502 3437 annos
529 3395 632 3449 vn,
662 3397 734 3435 m.
769 3396 821 3442 v,
849 3382 964 3434 dies
1003 3393 1133 3436 xxv.
1168 3382 1291 3436 Haec
1317 3382 1626 3436 diversitas
1667 3384 1979 3438 lectionum

332 3453 552 3509 indicat
573 3453 720 3507 male
741 3458 1003 3506 vexatum
1035 3467 1062 3504 a
1094 3451 1356 3507 librariis
1380 3452 1564 3509 locum
1593 3453 1980 3509 Bibliotheca-

331 3525 404 3580 rii
437 3529 493 3578 et
517 3523 927 3594 catalogorum.
959 3522 1027 3594 Si
1061 3531 1309 3594 exstaret
1329 3524 1748 3594 autpgraphum
1783 3537 1980 3580 exem-

330 3596 456 3665 plar
473 3593 874 3664 antiquissimi
906 3593 1071 3648 illius
1091 3593 1334 3665 catalogi
1357 3593 1672 3662 Liberiani,
1693 3596 1788 3650 vix
1808 3597 1980 3652 aliter

331 3673 524 3736 putem
561 3667 618 3720 in
654 3678 720 3721 eo
748 3675 1034 3734 repertum
1081 3665 1154 3720 iri
1185 3667 1514 3736 ascriptum,
1567 3680 1738 3736 quam
1783 3681 1981 3722 cessa—

326 3735 477 3792 visse
503 3738 894 3806 episcopatum
926 3749 1110 3805 usque
1129 3735 1196 3790 ad
1223 3735 1629 3791 Maximianum
1656 3740 1978 3806 Augustum

327 3807 566 3879 (Daiam)
594 3821 692 3876 per
745 3821 985 3879 menses,
1010 3820 1076 3872 ιι,
1105 3807 1232 3861 dies
1275 3820 1328 3860 v.
1365 3809 1626 3862 Vidimus
1655 3811 1808 3864 enim
1845 3810 1980 3864 huic

329 3877 683 3934 Maximiano
731 3879 885 3949 Daiai
909 3877 1173 3944 injectam
1205 3879 1387 3933 fuisse
1413 3893 1748 3949 purpuram,
1780 3895 1890 3948 qua
1922 3893 1984 3935 se

331 3949 593 4015 exuebat,
627 3961 660 4002 a
683 3948 1036 4002 Diocletiano
1089 3961 1212 4003 sese
1256 3951 1496 4018 imperio
1535 3948 1834 4006 abdicante
1864 3950 1983 4004 Ka-

333 4021 522 4075 lendis
556 4019 712 4074 Maii.
767 4019 869 4074 Die
923 4032 1054 4074 vero
1079 4019 1382 4074 Dominica
1409 4023 1781 4088 xxiejusdem
1817 4035 1982 4076 men-

332 4091 413 4145 sis
443 4090 579 4144 Maii
629 4091 923 4144 ostendam
977 4089 1219 4145 electum
1268 4099 1326 4145 et
1382 4093 1711 4147 ordinatum
1745 4092 1981 4148 fuissea

330 4161 584 4216 Romano
629 4159 782 4214 clero
823 4173 1204 4216 successorem
1269 4163 1591 4217 Marcellini
1650 4164 1982 4219 Marcellum

331 4232 526 4287 eodem
551 4243 701 4303 anno
719 4226 845 4303 304.
868 4243 947 4303 ex
971 4244 1083 4303 aera
1115 4233 1434 4303 Marcellini
1463 4233 1651 4288 adhuc
1676 4235 1980 4303 spectabili

334 4301 1016 4376 inpi_cturis_l.eonianis
1049 4301 1304 4376 basilica:
1333 4304 1386 4357 S.
1422 4303 1608 4376 Pauli.
1629 4301 1743 4376 ubi
1771 4306 1984 4376 legitur

327 4370 754 4447 ξΙζΑΙΜιΑΑΝζκεΓ
802 4373 862 4447 γ,
907 4385 1086 4447 mens.
1125 4370 1263 4447 __\’ll.
1322 4373 1594 4447 Suppleta
1625 4375 1680 4428 in
1711 4370 1980 4447 catalogo

329 4443 585 4500 Farfensi
607 4444 706 4514 qui
733 4443 874 4513 legit
901 4444 1074 4497 etiam
1101 4443 1215 4498 dies
1246 4457 1376 4498 xxv.
1409 4446 1466 4499 Si
1493 4446 1643 4499 enim
1669 4443 1980 4501 conferati-

331 4523 428 4572 tur
459 4520 578 4586 haec
605 4521 864 4586 tempora
893 4528 1041 4586 cum
1080 4515 1176 4569 die
1210 4517 1491 4586 martyrii,
1527 4531 1653 4585 quae
1684 4525 1834 4573 certa
1868 4528 1951 4573 est

331 4561 1176 4656 η’ὲὶηρῖἑῖδἰειὶἶιιιι-ίῖἶιένιῖιᾶἷ
1207 4561 1766 4656 ᾦὲἆέιῖὀὴὲηῗαῖὶῖηἷῖ
1782 4561 1976 4644 Εἰὶαῖίῖ
2008 4564 2061 4624 D

328 4653 502 4712 miani
529 4656 656 4728 (hoc
676 4663 764 4729 est
787 4669 880 4710 an.
901 4653 1044 4726 340),
1071 4668 1134 4712 ιιι
1169 4653 1226 4710 in
1251 4672 1403 4713 num.
1438 4659 1689 4715 Marcelli
1711 4675 1980 4729 comper-

331 4735 450 4784 tum
487 4729 597 4790 ﬁet,
627 4728 919 4782 evidenter
955 4729 1282 4783 ostenditur
1309 4729 1602 4784 ordinatio
1633 4728 1886 4786 Marcelli
1923 4739 1979 4786 et

327 4799 705 4855 collocatioin
726 4800 969 4853 itomana
991 4800 1124 4854 sede
1151 4799 1348 4854 referri
1367 4801 1432 4855 ad
1448 4803 1598 4856 diem
1621 4803 1977 4858 Dominicam

323 4868 388 4928 21
422 4871 556 4925 Maii
590 4870 728 4924 anni
759 4866 885 4937 304,
933 4883 1060 4939 quae
1095 4871 1351 4926 distabat
1383 4872 1679 4928 mensibus
1701 4887 1742 4928 ll
1768 4881 1823 4928 et
1846 4875 1980 4930 die—

325 4941 499 5014 busv
530 4955 562 4996 a
594 4946 866 5014 martyrio
893 4941 1212 5014 Marcellini
1244 4943 1564 4998 decessoris
1581 4947 1695 5004 sui,
1721 4946 1978 5014 comple-

324 5019 385 5068 to
405 5013 500 5068 die
521 5026 613 5066 xvi
639 5012 831 5066 Martii
859 5013 1112 5080 ejusdem
1130 5025 1288 5072 anni,
1317 5019 1380 5068 ut
1403 5015 1573 5082 paulo
1599 5021 1730 5070 ante
1751 5012 1975 5072 ostendi

323 5097 452 5139 cum
507 5083 936 5147 Schelestratio,
988 5090 1044 5137 et
1077 5083 1381 5139 inchoabat
1428 5098 1610 5140 annos
1667 5099 1721 5154 v,
1761 5100 1978 5142 menses

323 5167 428 5222 vn,
465 5155 588 5210 dies
646 5167 780 5219 xxv,
833 5154 989 5208 sedis
1043 5155 1298 5222 ejusdem
1345 5162 1600 5211 assertos
1634 5157 1691 5210 in
1727 5159 1976 5226 picturis

325 5226 590 5280 Paulinis
614 5237 726 5296 qua
781 5231 938 5293 parte
976 5231 1114 5279 sunt
1147 5226 1488 5294 superstites
1519 5227 1578 5280 in
1605 5241 1840 5284 numero
1865 5243 1976 5284 an-

324 5309 529 5370 norum
557 5304 613 5370 et
638 5295 920 5370 mensium
945 5295 1136 5370 adhuc
1171 5304 1531 5370 praeservato,
1555 5303 1611 5352 et
1640 5300 1862 5370 integre
1884 5314 1976 5355 ex-

325 5368 543 5438 pressis
595 5367 652 5423 in
699 5367 960 5438 catalogo
992 5365 1268 5438 Farfensi,
1327 5369 1426 5438 qui
1459 5371 1631 5422 etiam
1672 5365 1971 5427 uulnerum

321 5436 547 5492 dierum
565 5450 677 5492 xxv
708 5436 954 5493 ﬁdeliter
977 5439 1238 5493 retinuit.
1259 5436 1387 5494 Haec
1412 5439 1563 5494 enim
1589 5455 1806 5496 summa
1833 5456 1974 5498 exa—

323 5514 412 5562 cte
437 5507 739 5576 colligitur
763 5523 830 5564 ex
857 5511 952 5564 die
983 5523 1079 5563 xxi
1101 5511 1236 5564 Maii
1268 5511 1405 5565 anni
1438 5509 1563 5566 304.
1597 5513 1665 5568 ad
1689 5515 1840 5569 diem
1873 5529 1970 5570 xv1

320 5578 581 5658 Januarii
621 5580 762 5658 anni
791 5577 918 5658 310,
969 5582 1108 5634 Cum
1154 5581 1346 5650 itaque
1381 5583 1972 5658 rationeschronolo-

323 5652 432 5720 gite
477 5653 670 5702 exacte
695 5652 1002 5726 parientur
1036 5658 1162 5726 tam
1187 5667 1336 5726 acum
1382 5655 1592 5726 epocha
1625 5657 1966 5726 decessoris,

321 5719 644 5802 quamcum
675 5719 770 5802 die
818 5723 1075 5790 martyrii
1121 5722 1350 5802 a_beato
1379 5719 1644 5802 Marcello
1698 5719 1966 5798 completi

321 5794 381 5870 in
408 5800 644 5870 numero
665 5800 962 5870 annorum,
1000 5794 1276 5870 mensium
1296 5809 1361 5849 ac
1378 5797 1602 5870 dierum
1629 5794 1966 5870 consignato

319 5864 379 5919 in
408 5858 676 5916 aenuinis
706 5858 1006 5914 documen
1040 5863 1355 5918 isl’nmana:
1375 5866 1579 5921 Eccles.’
1637 5882 1662 5921 ’ξ
1691 5858 1964 5926 dubitan-

2089 3244 2254 3296 scillae
2265 3259 2322 3296 in
2343 3243 2590 3295 cubiculo
2617 3242 2783 3306 claro,
2809 3241 2956 3310 quod
2980 3243 3094 3308 ipse
3134 3244 3557 3307 praeparaverat
3577 3239 3745 3310 pani-

2090 3321 2225 3380 tens,
2261 3314 2390 3366 dum
2438 3313 2744 3366 traheretur
2790 3309 2866 3365 aid
2892 3315 3206 3364 occisionem
3241 3313 3301 3362 in
3354 3313 3551 3376 crypta
3569 3309 3740 3380 juxta

2089 3385 2144 3440 S.
2188 3379 2608 3438 Crescentonem.
2657 3385 2783 3438 Haec
2817 3382 3104 3451 periocha,
3137 3393 3262 3450 qua:
3291 3393 3402 3434 non
3433 3380 3648 3450 legitur
3681 3379 3735 3451 in

2088 3457 2250 3510 Actis
2275 3454 2513 3510 concilii
2554 3449 2907 3520 Sinvessani,
2940 3465 3123 3521 neque
3155 3449 3212 3505 in
3245 3451 3438 3506 Gestis
3473 3449 3730 3521 martyrii

2091 3527 2238 3582 beati
2273 3526 2563 3590 pontiﬁcis
2585 3526 2924 3587 Marcellini,
2949 3520 3079 3578 cum
3107 3528 3325 3576 asserto
3342 3521 3598 3576 concilio
3625 3520 3737 3574 edi-

2090 3599 2168 3652 tis
2189 3611 2256 3651 ex
2279 3597 2499 3651 Isidoro
2530 3600 2835 3652 Mercatore
2858 3595 3008 3664 apud
3031 3595 3281 3650 Binium.
3315 3592 3531 3664 legitur
3555 3598 3736 3664 autem

2093 3669 2148 3722 in
2186 3669 2292 3723 hoc
2319 3667 2484 3722 Libro
2502 3667 2844 3734 Pontiﬁcali,
2877 3661 3009 3722 etin
3033 3666 3290 3734 catalogo
3317 3661 3731 3734 secundoquod

2092 3738 2341 3794 refertur
2362 3739 2427 3793 ad
2455 3745 2676 3794 aetatem
2707 3733 2916 3794 Felicis
2940 3749 3094 3806 papa:
3128 3737 3190 3790 ιν
3220 3733 3616 3806 etJustiniani
3644 3733 3740 3786 im-

2095 3811 2395 3880 peratoris.
2433 3810 2652 3864 indicat
2703 3805 2964 3880 eamdem,
2999 3805 3182 3880 fuisse
3235 3805 3474 3880 aliunde
3503 3805 3736 3880 desum-

2097 3874 2267 3952 ptam,
2299 3893 2468 3952 quam
2491 3894 2558 3935 ex
2588 3879 3004 3935 commentitiis
3036 3877 3179 3942 illis,
3208 3890 3307 3952 seu
3339 3877 3549 3930 vitiosa
3575 3874 3742 3952 farra-

2093 3947 2229 4023 gine
2284 3947 2518 4006 infartis
2574 3952 2723 4020 apud
2779 3953 3174 4023 Mercatorem.
3213 3947 3401 4023 Quare
3447 3960 3583 4000 cum
3611 3949 3740 4023 Acta

2092 4019 2427 4078 exstiterint
2475 4019 2813 4090 vetustiora,
2875 4035 3002 4091 qua:
3026 4021 3366 4089 pwnitentia’
3410 4019 3741 4091 memoriam

2095 4093 2362 4159 facerent,
2395 4092 2607 4148 inferre
2637 4094 2786 4164 quis,
2817 4090 3051 4164 poterit,
3103 4091 3323 4160 lapsum
3357 4101 3422 4164 ac
3455 4090 3743 4164 paeniten-

2093 4167 2230 4220 tiam
2262 4165 2409 4220 beati
2443 4165 2607 4220 illius
2636 4159 2948 4234 pontiﬁcis,
2979 4162 3114 4218 licet
3143 4159 3472 4234 Augustino
3505 4160 3740 4230 ignora-

2097 4244 2228 4294 tam.
2264 4237 2458 4291 haberi
2501 4232 2762 4305 oportere
2791 4247 3098 4305 consonam
3129 4232 3382 4305 veritati.

2163 4309 2236 4362 At
2269 4307 2410 4361 mihi
2464 4301 2615 4361 hunc
2667 4312 2885 4360 textum
2920 4303 3378 4370 Bibliothecarii,
3409 4307 3469 4356 et
3495 4301 3737 4370 catalogi

2093 4378 2329 4433 secundi
2357 4379 2638 4432 attentius
2658 4375 3051 4446 perpendenti,
3071 4383 3127 4430 et
3144 4374 3434 4446 variantes
3464 4372 3740 4446 lectiones

2091 4449 2159 4504 ad
2193 4450 2452 4504 eumdem
2502 4442 2720 4504 textu‘m
2759 4442 3059 4502 adnotatas
3104 4445 3176 4500 ab
3204 4443 3552 4509 editoribus,
3580 4442 3738 4497 aliud

2093 4519 2260 4589 plane
2283 4521 2574 4575 diversum
2606 4520 2834 4573 videtur
2857 4519 3248 4573 deducendum
3279 4535 3290 4567 :
3329 4528 3533 4589 nempe
3552 4514 3742 4589 origi-

2093 4587 2217 4646 nem
2269 4591 2607 4645 assertionis
2664 4589 2880 4658 lapsus,
2939 4594 3145 4658 quarto
3192 4595 3248 4641 et
3295 4587 3502 4656 quinto
3534 4587 3740 4658 saeculo

2094 4676 2331 4732 prorsus
2371 4662 2574 4732 ignoti,
2619 4657 2858 4716 fluxisse
2885 4657 3190 4714 exivitiosa
3220 4658 3543 4712 variatione
3565 4657 3741 4732 unius

2090 4727 2374 4788 dictionis
2397 4727 2486 4787 'in
2528 4732 2887 4788 breviatione
2944 4733 3213 4785 Actorum
3248 4731 3642 4796 genuinorum
3683 4727 3735 4780 Β.

2089 4804 2451 4859 Marcellini:
2486 4810 2542 4860 et
2588 4811 2864 4858 assertam
2917 4801 2996 4856 ibi
3033 4801 3426 4870 paenitentiam
3465 4813 3577 4853 non
3619 4811 3738 4853 esse

2091 4874 2441 4930 referendam
2462 4878 2528 4930 ad
2561 4875 2976 4937 Marcellinum,
3002 4885 3213 4940 quema
3233 4872 3394 4939 lapsu
3425 4871 3736 4940 immunem

2089 4951 2144 5002 et
2173 4947 2530 5001 innocentem
2573 4945 2970 5001 verosimilius
3008 4939 3409 5012 indicaverim,
3444 4942 3543 4995 sed
3589 4939 3737 4994 refe-

2090 5019 2320 5073 rendam
2368 5019 2436 5072 ad
2470 5017 2603 5072 illos
2633 5019 2992 5086 pmnitentes,
3041 5028 3185 5085 quos
3231 5012 3736 5086 athuriﬁcatione

2092 5089 2290 5158 impia,
2314 5089 2554 5157 ejusque
2583 5102 2615 5142 a
2639 5084 2806 5157 lapsu
2835 5084 3092 5158 expiare,
3143 5094 3201 5139 et
3226 5085 3296 5139 ad
3333 5084 3733 5158 pmnitentiam

2087 5153 2391 5214 admittere
2413 5153 2794 5214 constituerat
2813 5153 3183 5212 Marcellinus
3205 5169 3304 5226 per
3332 5153 3476 5209 festa
3504 5156 3738 5209 Pascha-

2091 5231 2170 5286 lia
2198 5245 2328 5286 cum
2362 5231 2665 5300 neOphytis
2711 5232 2780 5286 ad
2826 5228 3099 5298 baptismi
3127 5227 3370 5300 gratiam
3404 5226 3736 5300 percipien-

2085 5303 2214 5358 dam
2242 5297 2582 5358 accessu’ris.
2613 5303 2746 5360 Item
2789 5297 3039 5356 nitidius
3066 5297 3385 5368 explicabo,
3420 5297 3470 5352 si
3495 5299 3731 5352 varian-

2087 5379 2174 5429 tes
2204 5373 2478 5428 lectiones
2506 5380 2838 5442 repetantur
2857 5385 2925 5426 ex
2953 5378 3104 5426 tomo
3134 5370 3349 5438 ihujus
3370 5369 3655 5442 editionis
3677 5369 3729 5442 in

2082 5457 2146 5500 eo
2192 5458 2362 5500 versu
2411 5441 2632 5499 numeri
2669 5443 2986 5514 prtesentis,
3037 5443 3136 5496 ubi
3173 5442 3433 5514 legitnra
3468 5441 3732 5514 sepelivit

2082 5517 2176 5571 via
2200 5516 2420 5572 Salaria
2439 5517 2495 5570 in
2519 5511 2844 5572 cmmetcrio
2861 5514 3138 5569 Priscilla:
3163 5511 3522 5568 in‘cubiculo
3555 5512 3728 5573 claro,

2082 5589 2233 5658 quod
2271 5590 2392 5656 ipse
2433 5593 2848 5658 prteparaverat
2898 5587 3180 5658 paenitens
3223 5585 3364 5658 dum
3407 5583 3732 5658 traheretur

2079 5654 2145 5712 εἶά
2175 5654 2514 5714 occisionem
2544 5654 2599 5712 in
2633 5667 2850 5728 crypta.
2881 5654 2910 5704 ni
2937 5657 3054 5710 Alii
3084 5657 3311 5710 codices
3353 5654 3564 5728 habent
3589 5656 3730 5728 quod

2078 5733 2194 5798 ipse
2215 5738 2546 5799 prwcepcmt
2581 5727 3164 5800 pteu’imzs.rVelserus
3188 5741 3254 5782 ex
3286 5727 3592 5800 codicibus
3617 5727 3729 5800 Stt-

2079 5797 2255 5856 rianic
2285 5797 2658 5865 Collectionis
2705 5799 3110 5866 conciliorum,
3157 5805 3213 5852 et
3261 5811 3326 5852 cx
3386 5797 3728 5850 Barunianis

2075 5872 2503 5942 exemplaribus
2542 5871 2749 5928 lectum
2790 5872 3076 5939 observat,
3105 5869 3251 5938 quod
3293 5874 3404 5936 ipse
3453 5870 3728 5921 S.Petrus
