4040 6184
284 332 418 391 4477

1051 335 1367 391 HISTORIA
1406 337 1496 391 DE
1535 336 1711 390 VITIS
1747 335 1915 391 ROM.
1960 334 2157 389 PONT.
2196 365 2269 375 —
2311 337 2365 388 S.
2413 336 2906 390 MARCELLINUS.

3545 334 3568 393 4
3579 334 3683 393 478

269 457 617 522 praccperat.
656 452 1039 524 Intelligimus
1081 455 1276 525 itaque
1312 460 1575 510 vexatum
1624 454 1806 511 fuisse
1831 454 1919 509 lo-
1950 456 2004 512 A
2036 455 2339 524 paenitens.
2372 459 2427 509 et
2447 454 2639 510 cilicio
2660 453 2897 509 indutus
2921 454 2978 507 in
3001 454 3251 510 concilio
3276 469 3336 510 se
3364 456 3599 523 stiterit,
3628 463 3683 510 et

275 537 402 578 cum
434 537 501 579 ex
532 525 692 578 Artis
721 525 1106 581 diversimode
1129 525 1423 581 breviatis.
1458 527 1591 581 Cum
1633 540 1764 581 vero
1800 539 1924 580 me-

279 602 526 649 moretur
558 594 616 648 in
645 595 1067 664 exemplaribus
1094 597 1365 651 indicatis
1388 599 1442 653 S.
1476 599 1667 651 Petrus
1696 598 1924 652 electio-

277 679 398 720 nem
436 666 607 733 hujus
637 665 748 720 loci
787 669 1125 735 pracipiens,
1160 668 1285 723 sive
1305 670 1471 736 juxta
1496 669 1643 723 alios
1672 669 1916 733 codices,

266 752 597 806 praeparans
636 739 695 789 in
721 740 1004 791 camiterio
1034 739 1291 792 Priscilla
1317 742 1408 793 υἰα
1438 739 1701 805 Salaria;
1744 745 1800 793 et
1829 740 1920 793 si-

273 807 595 890 gniﬁcetur.
626 810 984 875 paenitentia;
1040 808 1338 890 legendum
1370 810 1640 890 arbitror,
1695 810 1848 890 quod
1871 814 1920 863 et

271 877 383 947 ipse
414 877 471 931 S.
511 879 693 930 Petrus
718 885 1127 948 praeparaverat
1155 882 1557 949 pauitantibus,
1585 877 1715 935 dum
1740 882 1916 934 trahe-

269 949 529 1020 returgad
570 951 884 1002 occisionem
914 952 973 1002 in
1001 956 1212 1020 crypta,
1244 958 1352 1005 etc.
1393 952 1685 1020 Quomodo
1728 958 1914 1006 autem

269 1024 391 1092 tum
413 1018 472 1092 _S.
529 1018 1331 1092 Petrus,gtumﬂMarcellinus
1368 1018 1507 1091 papa
1561 1036 1916 1092 praparave-

270 1091 389 1163 rint
413 1089 599 1163 locum
617 1090 1047 1163 paenitentibus
1074 1092 1130 1146 in
1162 1093 1353 1147 eadem
1372 1089 1580 1163 crypta
1602 1089 1914 1149 ca'meterii

271 1161 549 1215 Priscilla
565 1161 665 1235 _via
702 1161 939 1235 §alaria,
975 1162 1072 1217 ubi
1108 1170 1233 1231 post
1259 1161 1595 1235 martyrium
1624 1164 1915 1219 Marcelli-

270 1245 380 1286 nus
417 1231 679 1299 sepultus
705 1231 837 1297 fuit,
867 1233 979 1301 jam
1013 1246 1310 1302 exponam.

342 1303 610 1371 Repetere
647 1309 889 1373 oportet,
926 1306 1261 1374 martyrium
1310 1307 1366 1360 Β.
1408 1304 1728 1360 Marcellini
1762 1319 1916 1374 papa

266 1374 582 1445 contigisse
609 1374 763 1445 circa
790 1374 942 1445 diem
976 1372 1042 1430 46
1062 1372 1275 1443 Martii,
1311 1384 1376 1432 ut
1399 1389 1572 1445 supra
1598 1372 1915 1431 ostendi'in

265 1444 432 1516 Notis
485 1444 936 1516 chronolocgicis,
985 1447 1402 1516 depositionem
1449 1444 1581 1501 vero
1609 1446 1789 1502 fuisse
1817 1447 1918 1502 di-

265 1513 439 1588 latam
464 1514 670 1570 diebus
698 1513 874 1570 xxxvi
906 1513 1242 1587 (sive’etiam
1288 1517 1467 1588 xxxx)
1493 1518 1707 1587 quibus
1732 1519 1915 1586 jacuit

257 1586 431 1653 jussu
477 1592 902 1653 persecutorum
938 1588 1283 1656 insepultus,
1322 1596 1383 1644 ut
1411 1586 1478 1644 ex
1508 1586 1669 1644 Actis
1698 1603 1915 1643 memo—

264 1656 961 1729 rabatBibliothet-arius,
989 1672 1226 1728 eamque
1258 1662 1471 1729 pariari
1505 1661 1751 1729 cumdie
1778 1670 1909 1715 xxVI

261 1727 487 1795 Aprilis
510 1742 617 1795 qua
638 1729 870 1783 colitur.
897 1731 1099 1784 Eodem
1128 1727 1279 1785 anno
1299 1732 1514 1785 Christi
1547 1728 1673 1794 304,
1706 1732 1912 1785 Pascha

261 1797 667 1852 celebrandum
699 1805 821 1853 erat
849 1800 943 1854 die
979 1799 1014 1853 9
1037 1801 1276 1868 Aprilis.

260 1869 479 1938 quibus
518 1869 887 1925 Marcellinus
925 1871 1151 1925 delatus
1178 1873 1244 1925 ad
1280 1869 1536 1927 tribunal
1568 1872 1911 1927 Diocletiani

257 1938 484 2012 (utique
505 1947 630 2012 post
647 1940 928 1995 Kalendas
950 1943 1161 2007 Martii,
1188 1943 1402 2011 quibus
1423 1957 1482 1997 se
1497 1943 1743 2012 primum
1771 1956 1917 1999 con—

258 2010 519 2078 spiciend
534 2026 560 2063 u
574 2024 624 2084 m
651 2012 885 2084 dederat
909 2010 1218 2080 imperator
1231 2028 1296 2067 ex
1324 2010 1603 2069 diuturna
1625 2014 1863 2084 agritud
1877 2015 1919 2067 i-

257 2094 330 2155 pe
351 2094 461 2155 non
486 2082 635 2155 satis
650 2082 1040 2149 conﬁrmatus,
1065 2089 1130 2138 ut
1162 2084 1546 2155 intelligimus
1571 2098 1637 2138 ex
1664 2082 1718 2139 L.
1746 2085 1915 2139 Caci-

260 2150 344 2206 lio
365 2154 434 2225 de
451 2152 729 2225 Mortibus
744 2163 1170 2225 persecutorum
1204 2150 1915 2225 testcssynchrono)c0gi-

255 2223 495 2295 tandum
534 2223 621 2295 illi
653 2223 786 2290 fuit,
821 2238 934 2293 quo
965 2224 1088 2279 loco
1113 2226 1314 2281 tutiori
1343 2223 1550 2295 posset,
1576 2223 1912 2282 adveniente

256 2293 514 2367 Paschali
541 2293 703 2367 festo,
728 2295 1214 2351 administrarede
1227 2293 1380 2352 more
1399 2298 1744 2367 baptismum
1769 2306 1911 2353 cate-

255 2364 563 2435 chumenis
596 2365 652 2417 in
697 2370 839 2419 astu
891 2368 1328 2435 persecutionis.
1377 2364 1618 2423 Obl‘atus
1668 2369 1754 2423 illi
1802 2368 1909 2424 fuit

257 2434 511 2490 celebris
567 2435 667 2489 ille
722 2434 903 2491 locus
933 2438 1003 2493 ad
1050 2440 1438 2494 cameterium
1500 2440 1774 2495 Priscilla
1816 2441 1909 2494 via

257 2506 507 2571 Salaria,
544 2506 641 2560 ubi
691 2508 1082 2563 memorabant
1111 2524 1238 2565 cum
1272 2511 1694 2565 vetustioribus
1722 2512 1909 2566 docu—

256 2578 472 2651 mentis
516 2578 901 2651 apostolorum
963 2581 1279 2649 principem
1348 2581 1687 2650 baptizasse,
1741 2596 1906 2651 quem

250 2648 444 2703 locum
471 2651 641 2702 etiam
673 2648 1437 2718 appellaruntcameterium
1459 2652 1735 2706 Ostriani.
1760 2648 1910 2706 Cele-

249 2718 398 2791 bris,
431 2719 683 2788 inquam,
714 2720 1027 2775 habebatur
1048 2720 1227 2790 locus,
1255 2724 1387 2777 etin
1410 2724 1908 2791 persecutionibus

249 2790 438 2844 videri
485 2796 704 2858 poterat
750 2796 874 2845 tuto
911 2792 1233 2847 adeundus.
1280 2794 1335 2848 ld
1376 2790 1528 2848 enim
1561 2802 1787 2850 constat
1836 2808 1905 2849 ex

244 2860 655 2937 Actis‘Liberii
715 2875 888 2937 papa,
945 2876 1120 2937 quem
1165 2878 1195 2917 a
1243 2864 1579 2937 Constantio
1645 2866 1906 2937 Augusto

244 2937 302 2986 et
332 2931 655 3004 abArianis
681 2934 917 3001 perinde
948 2935 1252 3003 quasitum
1283 2936 1351 2990 ad
1382 2949 1595 3004 necem,
1622 2931 1763 2993 dum
1800 2951 1907 2992 ex—

247 3008 339 3056 tra
369 3001 993 3079 Urbem_se__recepiss_et
1022 3005 1078 3059 in
1109 3014 1338 3075 cryptas
1363 3007 1449 3062 via
1475 3001 1693 3063 Salaria
1724 3022 1904 3079 appe—

244 3078 404 3148 tente
436 3073 691 3148 Paschali
725 3072 885 3139 festo,
909 3076 1048 3131 Acta
1080 3072 1391 3148 ostendunt
1414 3079 1653 3135 collecto
1678 3072 1903 3148 presby-

2032 539 2237 607 ansam
2258 526 2484 607 dederit
2509 525 2948 607 _seris_posteris
2976 526 3230 607 ejusdem
3262 533 3450 607 errata
3474 535 3536 607 e_t_
3550 542 3682 607 _pa-

2034 597 2335 651 nitentiam
2366 596 2721 652 attribuendi
2748 596 3001 650 Romano
3026 597 3282 664 pontiﬁci
3312 598 3677 666 Marcellino;

2031 680 2102 722 an
2123 681 2313 722 revera
2332 669 2452 737 ipse
2474 666 2848 721 Marcellinus
2871 679 3009 734 papa
3025 667 3125 736 qui
3152 667 3409 721 humana
3443 668 3682 723 infirmi-

2031 740 2168 793 tatis
2197 739 2347 793 vices
2378 743 2646 807 expertus
2677 738 2732 791 in
2766 738 3159 805 persecutione
3187 739 3583 803 succubuerit,
3624 746 3681 794 et

2028 809 2227 879 divina
2246 810 2460 864 Christi
2485 809 2667 879 gratia
2696 808 2976 863 relevatus
3000 810 3096 869 sit,
3129 809 3265 863 dum
3290 808 3519 876 publica
3540 823 3682 864 con-

2030 877 2278 934 fessione
2309 877 2527 935 veniam
2559 878 2671 935 sibi
2716 879 3007 947 impetrari
3038 893 3067 933 a
3105 880 3217 934 Deo
3250 893 3348 948 per
3374 880 3679 935 Ecclesiam

2031 951 2285 1019 postulat
2323 952 2381 1005 in
2429 955 2783 1006 sacramento
2830 950 3217 1018 poenitentia;
3268 964 3399 1006 cum
3451 950 3684 1006 libratis

2028 1023 2301 1091 utrinque
2331 1022 2659 1077 rationibus
2685 1021 2978 1076 asserendi
3019 1034 3084 1074 ac
3114 1021 3357 1089 negandi
3385 1023 3543 1077 card.
3572 1021 3684 1077 Ba—

2028 1095 2229 1147 ronius
2247 1093 2433 1147 valide
2459 1098 2733 1160 proponat
2757 1091 3009 1159 ejusdem
3038 1091 3381 1146 innocentia
3401 1100 3683 1149 momenta

2028 1164 2341 1233 Augustini
2379 1163 2709 1218 testimonio
2730 1160 2986 1226 suffulta,
3013 1175 3195 1231 neque
3221 1175 3253 1216 a
3283 1162 3564 1218 Petiliano
3585 1164 3685 1219 Do-

2031 1238 2380 1288 natistarum
2403 1240 2637 1302 patrono
2654 1233 2935 1301 impetita,
2957 1234 3070 1287 nisi
3087 1233 3416 1301 calumniis,
3436 1248 3686 1289 commu-

2030 1303 2202 1373 nibus
2230 1305 2517 1371 Marcello,
2541 1304 2864 1364 Melchiadi,
2892 1317 2958 1358 ac
2980 1304 3277 1373 Silvestro,
3303 1319 3446 1373 quos
3462 1311 3685 1360 constat

2030 1372 2212 1430 fuisse
2242 1374 2311 1429 ab
2346 1376 2626 1445 imputato
2664 1375 2909 1429 crimine
2958 1372 3277 1432 immunes:
3323 1372 3526 1445 hisque
3558 1389 3648 1432 mo
3678 1404 3688 1414 -

2028 1446 2235 1500 mentis
2254 1447 2547 1514 productis
2564 1448 2620 1499 in
2646 1446 2916 1509 medium,
2941 1449 3193 1500 modeste
3209 1445 3472 1501 cohibeat
3492 1453 3687 1501 tantus

2026 1516 2339 1572 cardinalis
2368 1518 2439 1571 de
2477 1517 2712 1571 veritate
2752 1516 2908 1581 facti,
2949 1530 3015 1570 ac
3045 1517 3187 1571 vitio
3224 1518 3493 1572 Actorum
3535 1516 3683 1573 ferre

2026 1588 2399 1652 sententiam;
2423 1601 2531 1642 non
2556 1588 2737 1642 audeo
2766 1588 2914 1642 ultra
2940 1594 3117 1642 metas
3141 1586 3211 1641 ab
3241 1588 3365 1656 ipso
3393 1589 3685 1644 constitu—

2029 1668 2117 1729 tas
2160 1672 2482 1713 excurrere.
2518 1660 2832 1712 Contentus
2863 1672 2961 1712 ero
3016 1660 3070 1712 id
3094 1660 3402 1729 perficere,
3436 1661 3583 1729 quod
3614 1660 3680 1715 ad

2027 1727 2275 1783 oﬂlcium
2325 1730 2725 1785 commentarii
2759 1729 2937 1784 nostri
2975 1737 3028 1783 et
3055 1727 3515 1784 Observationum
3550 1744 3685 1799 per-

1311 1802 1497 1877 Quare
1522 1815 1631 1877 per
1645 1815 1741 1877 eos
1764 1802 1910 1877 dies,
1948 1818 2000 1877 Β
2028 1800 2195 1854 tinet.
2229 1813 2425 1877 nempe
2454 1800 2709 1877 indicare
2730 1798 3008 1867 quantula
3035 1801 3111 1854 sit
3137 1800 3225 1855 vis
3253 1802 3379 1877 ejus
3408 1798 3564 1856 vocis
3582 1806 3685 1877 aut

2030 1870 2331 1941 commatis
2389 1872 2536 1939 quod
2572 1875 2686 1937 ipse
2728 1876 3143 1939 praeparaverat
3172 1874 3477 1939 panitens:
3522 1872 3671 1941 quod

2030 1939 2276 1995 forsitan
2296 1942 2718 1997 inconsiderate
2740 1942 3151 2009 transcriptum
3178 1956 3244 1995 ex
3267 1942 3385 1996 alio
3410 1943 3486 1997 ita
3504 1939 3675 1997 enun-

2028 2013 2209 2066 tiante
2239 2014 2385 2081 quod
2413 2016 2527 2080 ipse
2550 2018 2961 2080 praparacerat
2984 2013 3384 2080 paenitentibus,
3421 2013 3671 2068 occasio-

2029 2096 2153 2137 nem
2184 2084 2321 2138 dare
2377 2084 2565 2152 potuit
2615 2082 2971 2138 attribuendi
3003 2083 3248 2138 aliorum
3282 2084 3570 2154 criminis,
3613 2097 3679 2139 ac

2029 2154 2399 2223 panitentia,
2454 2160 2649 2209 nostro
2684 2155 2938 2222 pontillci
2974 2154 3324 2209 Marcellino.

2099 2227 2393 2279 Paraverat
2437 2226 2638 2295 igitur,
2676 2227 2925 2280 instante
2956 2225 3213 2295 Paschali
3244 2224 3402 2280 festo.
3438 2225 3680 2281 Marcel—

2024 2294 2182 2351 linus
2215 2309 2357 2365 papa
2390 2294 2494 2351 hoc
2532 2298 2941 2359 cameterium,
2969 2294 3189 2350 celebre
3217 2297 3367 2364 apud
3394 2296 3587 2351 fideles
3612 2310 3676 2352 ex

2022 2365 2329 2435 baptismo,
2362 2381 2391 2421 a
2428 2367 2691 2436 principe
2727 2366 3117 2434 apostolorum
3169 2366 3436 2435 pluribus
3467 2366 3675 2422 ibidem

2020 2438 2445 2502 administrato,
2487 2439 2620 2493 dum
2660 2439 2862 2506 hospes
2895 2438 3167 2493 Pudentis
3201 2451 3267 2492 ac
3313 2438 3589 2493 Priscilla
3619 2439 3675 2493 in

2019 2508 2143 2574 ejus
2167 2520 2304 2579 agro
2353 2507 2703 2576 suburbano,
2739 2508 2975 2577 perinde
2998 2522 3064 2563 ac
3105 2509 3259 2563 domi
3296 2508 3448 2563 intra
3476 2508 3677 2564 Urbem

2019 2579 2088 2632 ad
2122 2579 2442 2648 Exquilias.
2470 2594 2569 2646 pro
2590 2587 2905 2647 temporum
2932 2581 3361 2648 Opportunitate
3387 2581 3682 2634 conversis

2021 2650 2090 2704 ad
2143 2650 2307 2704 ﬁdem
2358 2650 2611 2705 salutare
2656 2650 2874 2705 Christi
2926 2651 3212 2705 lavacrum
3261 2650 3679 2719 aperiebat:et

2024 2727 2245 2775 mature
2274 2721 2513 2776 collecto
2545 2720 2914 2791 presbyterio.
2940 2719 3208 2775 fortassis
3226 2724 3396 2776 etiam
3425 2722 3677 2776 concilio

2019 2792 2440 2915 Eroximiorum
2467 2792 2599 2845 Urbi
2623 2793 3045 2861 episcoporum.
3070 2805 3317 2848 canones
3341 2792 3683 2860 prascribc~

2057 2869 2117 2915 at
2141 2863 2491 2915 pauitantia
2514 2863 2695 2915 lapsis
2715 2863 2783 2915 ad
2807 2862 3072 2915 Ecclesia
3092 2876 3282 2915 pacem
3302 2864 3680 2915 admittendis

2057 2869 2117 2917 at
2141 2863 2491 2931 panitentia
2514 2863 2695 2932 lapsis
2715 2863 2783 2917 ad
2807 2862 3072 2917 Ecclesia
3092 2876 3282 2931 pacem
3302 2864 3680 2919 admittendis

2013 2934 2176 3001 juxta
2208 2934 2571 3003 singulorum
2608 2934 2985 3003 indigentiam
3029 2933 3086 2986 in
3123 2933 3379 3001 proximo
3411 2932 3554 2988 festo
3589 2936 3678 2988 Pa-

2017 3004 2222 3059 schali.
2266 3002 2407 3057 Dum
2444 3005 2562 3058 hac
2591 3002 2835 3071 pararet,
2865 3002 3132 3057 inventus
3161 3018 3193 3057 a
3214 3004 3679 3071 persecutoribus

2018 3075 2362 3143 producitur
2379 3074 2446 3128 ad
2470 3072 2724 3128 tribunal
2753 3073 3120 3143 Diocletiani,
3148 3080 3205 3127 et
3233 3074 3438 3128 ultimo
3459 3075 3674 3143 suppli-

246 3144 400 3235 telrio
426 3144 670 3235 consilia
697 3149 945 3227 agitasse
966 3161 1093 3235 cum
1112 3147 1264 3205 clero
1284 3150 1355 3204 de
1380 3141 1900 3235 baptismo'ibidein
1934 3174 1982 3235 Ο
2015 3141 2385 3235 cioarldictus
2409 3150 2640 3235 mortem
2658 3157 2759 3235 pro
2781 3143 3008 3197 Christo
3026 3141 3671 3235 fortiterxpla'tituecirca

246 3216 732 3289 administrando,
769 3218 845 3272 ita
878 3219 1211 3274 consulente
1245 3234 1358 3289 pra
1384 3216 1607 3275 cateris
1635 3221 1898 3283 Damaso,

245 3290 387 3339 tunc
449 3286 777 3355 presbytero
821 3294 879 3341 et
915 3290 1132 3342 vicario
1166 3286 1397 3344 Liberii.
1457 3292 1664 3345 Locum
1708 3298 1896 3345 autem

247 3356 610 3430 itaamplum
646 3358 701 3409 in
751 3357 1351 3430 eagcryptaWOstriani
1382 3362 1695 3415 cameterii
1721 3360 1901 3430 (parte

245 3426 489 3500 scilicet
529 3428 839 3500 eameterii
894 3426 1191 3500 Priscilla,
1233 3437 1298 3485 ut
1352 3431 1545 3486 videre
1587 3426 1896 3500 licet—apud

243 3496 594 3565 Aringhium
632 3498 815 3551 Roma
843 3498 1089 3553 subterr.
1122 3506 1275 3571 tomo
1304 3503 1373 3569 ll,
1406 3500 1508 3554 lib.
1547 3516 1624 3569 iv,
1656 3496 1901 3571 capf31)

245 3572 302 3620 et
328 3578 588 3633 capacem
630 3571 1028 3623 concurrentis
1056 3569 1236 3625 turba
1277 3571 1550 3632 ﬁdelium.
1593 3579 1658 3628 ut
1700 3569 1898 3630 iisdem

248 3636 310 3713 in
328 3636 486 3713 Actis
509 3635 721 3713 biberii
737 3639 991 3713 quinque
1012 3639 1305 3713 hominum
1323 3643 1505 3697 millia
1522 3643 1731 3699 ibidem
1758 3645 1902 3713 bap—

250 3708 421 3761 tizata
457 3706 638 3762 fuisse
676 3706 789 3763 uno
824 3710 879 3763 in
903 3706 1178 3766 Paschate
1205 3712 1494 3768 dicantur.
1553 3716 1682 3769 Erat
1726 3706 1897 3770 etiam

246 3790 421 3832 causa
456 3778 781 3855 Marcellino
810 3780 1450 3855 destinandiejusmodi
1485 3784 1669 3840 locum
1725 3800 1901 3855 capa-

251 3862 371 3903 cem
401 3850 470 3922 ad
500 3853 990 3919 congregrandum
1020 3854 1459 3922 presbyterium,
1484 3857 1604 3911 sive
1629 3850 1897 3914 etiamad

249 3919 531 3995 synodum
563 3923 960 3995 episcoporum
992 3919 1369 3993 colligendam
1402 3919 1746 3995 eproximis
1776 3930 1896 3985 sal-

247 3990 682 4067 tem_Ecclesi_is,
719 3998 781 4046 ut
800 3990 1184 4067 decommuni
1213 3990 1493 4051 sententia
1525 4005 1895 4067 statueretur,

246 4062 397 4138 quid
423 4068 571 4138 esset
607 4062 677 4138 in-
722 4065 981 4138 proximo
1001 4066 1284 4138 _Paschate
1325 4070 1703 4138 peragendum
1747 4062 1899 4127 circa

248 4131 638 4208 panitentiam
660 4132 842 4208 lapsis
861 4131 1377 4208 administrandam
1409 4131 1506 4208 per
1533 4142 1755 4196 eosdem
1778 4143 1900 4197 dies

251 4203 486 4271 majoris
533 4203 916 4269 hebdomada,
970 4205 1040 4261 de
1086 4221 1238 4263 more
1294 4203 1612 4266 destinatos
1662 4217 1781 4267 tum
1828 4215 1897 4269 ad

246 4273 1510 4353 baptismumeatcchumeniseonl’erendum,
1536 4289 1655 4336 tum
1684 4284 1750 4337 ad
1789 4299 1901 4353 pu-

249 4344 434 4423 blicos
486 4346 824 4423 panitentes
867 4348 1341 4423 reconciliandos,
1407 4344 1619 4422 eos'que
1670 4356 1729 4409 in
1773 4344 1901 4423 pri—

250 4416 381 4491 mis,
420 4418 520 4491 qui
575 4423 982 4491 tormentorum
1012 4420 1091 4481 vi,
1120 4427 1220 4474 aut
1254 4429 1403 4477 metu
1447 4416 1673 4491 perciti,
1706 4439 1736 4479 a
1767 4416 1896 4482 fidei

245 4487 591 4563 Christiana
622 4486 784 4563 cultu
830 4487 1173 4545 defecerant.
1198 4492 1321 4563 Hoc
1357 4486 1555 4563 nempe
1585 4486 1894 4551 concilium

249 4554 363 4610 fuit
400 4559 487 4625 (ex
530 4559 868 4636 peritiorum
909 4562 1298 4636 sententiajin
1349 4554 1546 4634 crypta
1571 4566 1894 4636 collectum,

248 4636 524 4696 prasente
547 4642 614 4706 ac
644 4630 982 4706 prasidente
1012 4633 1343 4706 Marcellino
1380 4630 1631 4691 Romano
1660 4630 1898 4706 pontiti-L

245 4710 345 4761 ce;
378 4712 489 4753 non
519 4700 744 4776 quidem
775 4702 834 4755 in
864 4709 1058 4776 crypta
1081 4704 1470 4773 Cleopatriensi
1492 4709 1639 4776 apud
1661 4700 1899 4765 Sinves—

247 4783 369 4823 sam
400 4776 481 4833 {ut
511 4770 696 4849 aliqui
718 4770 1042 4844 autumant)
1064 4770 1331 4849 vetustati
1358 4770 1587 4844 penitus
1607 4780 1818 4849 ignota,
1842 4787 1898 4837 et

249 4854 362 4914 quo
388 4843 653 4897 accedere
673 4851 728 4897 et
757 4856 1102 4914 congregare
1131 4843 1428 4914 ducentOs,
1480 4854 1580 4904 aut
1615 4843 1895 4907 trecentos

250 4911 548 4991 episcopos
572 4914 722 4968 intra
744 4911 1103 4991 diesixv'ille
1120 4930 1229 4991 non
1261 4911 1563 4991 poteratin
1588 4928 1730 4977 astu
1763 4936 1896 4991 per-

252 4984 571 5037 secutionis
610 4990 689 5061 _ut
755 4986 1008 5054 prudens
1063 4984 1312 5058 quisque
1364 4988 1533 5046 facile
1581 4984 1892 5061 intelligit;

249 5066 433 5135 neque
475 5055 822 5135 poenitentia
868 5070 1048 5135 causa
1084 5055 1477 5135 suscipienda
1505 5076 1535 5116 a
1569 5055 1896 5120 Marcellino

248 5127 576 5205 innocente.
597 5133 653 5179 et
675 5128 746 5181 ab
775 5127 1087 5205 impietatis
1118 5127 1359 5205 crimine
1396 5134 1561 5205 longe
1594 5135 1804 5198 alieno,
1837 5142 1898 5191 ct

242 5197 303 5271 ξ.
337 5196 695 5271 Augustinus
720 5211 751 5252 a
781 5200 1214 5271 cardnBaronio
1246 5204 1461 5259 relatus
1491 5196 1678 5261 monet
1706 5225 1721 5271 ς
1759 5196 1895 5261 Vide

244 5269 447 5321 Baron.
499 5270 574 5345 ad
614 5268 987 5345 uanum_3(_)2,
1042 5287 1191 5345 num.
1248 5271 1348 5329 96:
1393 5277 1489 5331 sed
1546 5268 1896 5345 prenitentia

245 5350 420 5418 causa
446 5351 514 5392 ex
535 5339 801 5418 _Ecclesia
825 5341 1184 5418 indulgentia
1204 5339 1719 5418 perMarcell'inum
1750 5362 1896 5418 pon-

247 5408 454 5487 tiﬁcem
481 5409 973 5487 administranda,
1000 5408 1054 5467 et
1078 5427 1144 5487 ex
1180 5408 1515 5485 disciplina,
1542 5432 1723 5487 nuper
1750 5408 1896 5474 con-

252 5480 474 5557 firmata
505 5479 613 5533 sub
640 5482 927 5557 Cornelio,
958 5483 1137 5552 lapsis
1161 5491 1270 5557 tam
1304 5479 1684 5557 laicis,'qua'm
1713 5490 1893 5544 cleri-

246 5553 369 5628 cis,
391 5552 504 5628 imo
530 5557 584 5628 et
610 5553 1005 5628 sacerdotibus
1034 5562 1090 5608 et
1118 5556 1427 5626 episcopis,
1471 5552 1715 5628 quorum
1744 5574 1895 5616 non—

250 5623 444 5677 nullos
475 5622 530 5675 in
559 5621 791 5676 immani
821 5623 920 5678 illa
953 5621 1349 5693 persecutione
1372 5621 1757 5691 thuriticasse,
1792 5639 1892 5687 aut

249 5707 442 5766 sacros
456 5694 682 5748 codices
701 5694 1011 5751 tradidisse
1028 5704 1253 5751 constat
1269 5713 1334 5753 ex
1348 5701 1562 5755 Cacilii
1584 5703 1836 5757 Lactanti
1850 5704 1886 5766 i,

247 5765 610 5845 aliorumque
631 5766 977 5845 scriptorum
1006 5769 1357 5845 testimonio.
1385 5772 1651 5827 Fueritne
1671 5774 1889 5845 aliquis

252 5841 400 5891 inter
430 5836 532 5891 hos
562 5837 791 5892 nomine
822 5838 1210 5912 Marcellinus,
1245 5844 1345 5912 qui
1383 5844 1624 5901 admissi
1654 5836 1888 5916 sceleris

1927 4528 1980 4587 D

2010 3216 2161 3269 diem
2199 3213 2265 3269 46
2302 3214 2387 3269 vel
2438 3212 2504 3267 49
2535 3214 2725 3268 Martii
2768 3227 2899 3268 cum
2930 3214 3129 3279 sociis,
3158 3228 3190 3269 a
3233 3214 3675 3272 Bibliothecario

2012 3292 2067 3340 et
2084 3284 2153 3339 ab
2175 3292 2406 3339 auctore
2429 3285 2683 3354 Catalogi
2714 3285 3063 3356 memoratis.
3090 3285 3338 3354 Corpora
3364 3293 3671 3356 martyrum

2010 3370 2139 3411 cum
2170 3356 2489 3423 jacuissent
2532 3370 2598 3410 ex
2620 3356 2790 3424 jussu
2820 3355 3105 3425 principis
3137 3356 3425 3425 insepulta
3458 3358 3515 3412 in
3551 3356 3674 3413 foro

2011 3428 2079 3482 ad
2107 3426 2426 3495 exemplum
2448 3427 2911 3481 Christianorum
2945 3427 3183 3495 perdies
3200 3425 3270 3482 36
3287 3428 3372 3483 vel
3396 3426 3484 3495 40,
3520 3429 3672 3483 intra

2012 3512 2156 3568 quos
2180 3497 2726 3568 contigitabdicatio
2749 3498 3091 3552 Diocletiani
3120 3498 3243 3553 Kal.
3272 3499 3513 3567 Aprilis,
3544 3513 3671 3556 mox

2010 3570 2183 3641 etiam
2234 3582 2497 3641 recessus
2531 3568 2617 3641 ab
2651 3568 2817 3641 Urbe,
2877 3575 3243 3641 posteaquam
3276 3570 3409 3641 ejus
3451 3570 3665 3641 collega

2013 3640 2395 3696 Maximianus
2417 3640 2728 3695 Herculeus
2748 3639 2841 3693 die
2859 3636 3127 3695 Palilium
3142 3636 3204 3693 21
3234 3636 3489 3707 ejusdem
3516 3636 3675 3696 men-

2010 3711 2095 3765 sis
2142 3710 2362 3779 Aprilis
2411 3712 2652 3779 imperio
2699 3710 2974 3765 similiter
3031 3717 3326 3780 cesserat;
3369 3712 3671 3780 praefectus

2014 3781 2146 3836 Urbi
2179 3782 2424 3851 novique
2447 3782 2741 3851 principes
2763 3782 2977 3852 ominis
3007 3794 3179 3836 causa
3212 3784 3446 3852 purgari
3483 3783 3666 3838 forum

2010 3853 2107 3908 die
2128 3852 2306 3907 natali
2329 3852 2496 3907 Urbis
2517 3860 2572 3907 et
2596 3853 2824 3920 imperii
2840 3851 2930 3906 sui
2953 3864 3064 3907 non
3081 3852 3373 3908 illibenter
3392 3853 3674 3922 accipien-

2012 3931 2117 3991 tes,
2150 3930 2211 3978 ut
2254 3936 2352 3992 par
2372 3930 2458 3977 est
2483 3924 2732 3987 credere,
2774 3924 2945 3977 tacite
2975 3924 3358 3991 permiserunt
3386 3925 3668 3990 Marcello,

2014 4002 2077 4050 ut
2109 3995 2388 4064 reliquias
2412 4008 2687 4049 casorum
2727 3994 3044 4064 colligeret,
3072 4001 3129 4049 et
3156 3996 3309 4049 intra
3337 3995 3665 4051 arenarium

2011 4067 2275 4121 ccnderet
2310 4066 2368 4119 in
2418 4065 2744 4121 cameterio
2776 4066 3073 4127 Priscilla,
3114 4073 3216 4121 aut
3244 4072 3396 4121 certe
3427 4080 3539 4121 non
3568 4081 3661 4122 ve~

2013 4143 2276 4193 tuerunt.
2318 4138 2471 4189 llanc
2500 4137 2704 4191 seriem
2733 4143 3023 4206 gestorum
3049 4150 3116 4191 ex
3145 4137 3399 4192 indicata
3431 4137 3542 4193 loci
3573 4138 3667 4193 de-

2014 4209 2361 4279 signatione,
2394 4214 2449 4263 et
2481 4208 2630 4262 Petri
2674 4209 2904 4262 nomine
2946 4208 3003 4279 in
3034 4207 3338 4278 aliquibus
3367 4208 3671 4264 codicibus

2015 4278 2346 4343 memorato,
2379 4292 2480 4333 nec
2512 4292 2623 4334 non
2649 4291 2716 4333 ex
2749 4278 3042 4333 Paschalis
3073 4279 3203 4333 festi
3228 4280 3466 4345 vicinia,
3489 4286 3544 4334 et
3568 4293 3669 4334 ve-

2011 4352 2154 4405 teris
2189 4350 2455 4405 Ecclesia
2481 4350 2796 4418 disciplina
2837 4349 2946 4403 sub
2989 4350 3256 4409 Cornelio
3286 4357 3539 4405 recenter
3565 4350 3669 4404 [ir-

2013 4431 2160 4477 mata
2197 4423 2500 4478 occasione
2538 4420 2917 4476 dissidiorum
2959 4434 3088 4475 cum
3119 4420 3372 4474 Ecclesia
3401 4419 3668 4474 Africana

2010 4494 2079 4547 de
2102 4493 2299 4561 lapsis,
2334 4492 2601 4547 videmur
2641 4505 2805 4560 posse
2837 4493 3024 4561 tutius
3057 4491 3348 4557 colligere.
3385 4499 3664 4558 quantum

2010 4559 2291 4631 conjicere
2322 4563 2457 4617 licet
2484 4576 2551 4616 ex
2587 4559 2818 4617 cenciso
2852 4559 3066 4615 indicio
3090 4567 3348 4631 actorum
3381 4573 3477 4625 per
3504 4567 3666 4616 cata—

2011 4630 2172 4703 IOgos
2208 4634 2614 4688 breviatorum.
2654 4634 2851 4703 Hostes
2892 4644 3024 4685 vero
3058 4630 3329 4703 Ecclesia
3376 4631 3662 4698 Romana,

2012 4702 2322 4775 praesertim
2367 4704 2432 4769 ii,
2475 4702 3027 4775 quiDonatistarum
3054 4702 3250 4756 haresi
3278 4702 3664 4775 patrocinium

2006 4771 2529 4839 accommodarunt,
2564 4771 2777 4827 frustra
2807 4772 2996 4827 conati
3028 4779 3167 4827 sunt
3214 4774 3559 4827 calumniam
3584 4774 3665 4828 in-

2009 4854 2228 4903 tentare
2258 4845 2709 4900 thurilicationis
2736 4858 2801 4898 ac
2821 4843 3157 4898 traditionis
3188 4845 3405 4898 nostris
3427 4845 3666 4898 sanctis-

2006 4918 2177 4973 simis
2210 4914 2585 4987 pontiﬁcibus
2610 4914 2961 4973 Marcellino.
3012 4914 3302 4981 Marcello,
3334 4915 3660 4982 Melchiadi,

2006 4990 2294 5051 Silvestro,
2344 4994 2484 5042 teste
2531 4987 2875 5057 Augustino.
2906 4987 3214 5057 Cnmvero
3256 4999 3355 5054 per
3392 4992 3662 5055 quartum

2006 5069 2064 5117 et
2100 5062 2371 5130 quintum
2419 5056 2693 5113 saculum
2723 5056 3161 5130 accusatoribus
3196 5057 3457 5130 hasisset
3486 5069 3660 5126 aqua,

2010 5127 2193 5200 neque
2223 5130 2574 5200 calumniam
2622 5133 3043 5200 promoverent,
3070 5127 3140 5181 ab
3165 5129 3512 5197 Augustino,
3547 5135 3604 5181 et
3627 5142 3662 5183 a

2008 5198 2237 5273 publica
2255 5201 2520 5273 Ecclesia
2542 5198 2689 5254 fama
2708 5200 2852 5273 satis
2877 5198 3110 5273 depulsa
3122 5213 3195 5267 m,
3220 5199 3405 5253 visum
3428 5205 3518 5273 est
3538 5205 3663 5273 post

2004 5268 2245 5330 alterum
2305 5271 2577 5327 saculum
2644 5270 3070 5326 transformatis
3132 5277 3390 5325 actorum
3447 5268 3661 5325 tabulls

2004 5344 2401 5400 Marcellinum
2454 5342 2723 5397 exhibere
2782 5341 3002 5410 lapsum
3055 5354 3122 5395 ac
3180 5340 3546 5410 panitentem
3598 5341 3660 5395 in

2004 5415 2256 5472 concilio
2276 5416 2656 5469 ducentorum
2686 5419 2787 5468 aut
2819 5419 3203 5467 trecentorum
3232 5413 3655 5480 episcOporum,

2005 5502 2151 5557 quos
2181 5489 2329 5540 intra
2381 5497 2591 5557 paucos
2621 5485 2748 5539 dies
2773 5498 2803 5538 a
2836 5483 3119 5557 Kalendis,
3140 5483 3332 5557 Martii
3365 5489 3496 5557 ante
3525 5484 3659 5557 ldus

2004 5553 2257 5627 ejusdem
2294 5556 2509 5610 mensis
2550 5557 2607 5609 in
2656 5555 3051 5623 persecutione
3083 5553 3347 5609 Ecclesia
3371 5554 3660 5627 citissime

2002 5624 2377 5699 congregasse
2427 5626 2709 5699 dicendus
2738 5631 2948 5699 esset;
3002 5639 3131 5679 cum
3165 5630 3350 5699 tamen
3399 5624 3504 5699 3_t8
3531 5626 3657 5699 _Pa-

2002 5695 2377 5767 tres'in'pace
2410 5698 2671 5752 Ecclesia
2702 5698 2904 5751 Nicaa
2928 5698 3298 5751 convenerint
3325 5696 3502 5751 multo
3528 5695 3656 5750 len-

2002 5775 2142 5835 tius,
2178 5771 2313 5826 licet
2341 5771 2510 5839 equis
2556 5768 2783 5837 publice
2808 5768 3117 5839 dispositis
3145 5767 3229 5822 uti
3256 5767 3467 5839 eisdem
3523 5780 3657 5834 per—

2003 5846 2254 5899 mitteret
2279 5838 2604 5911 imperator,
2632 5839 2875 5896 Eusebio
2892 5847 3034 5896 teste
3054 5838 3157 5894 lib.
3192 5851 3255 5894 lll
3275 5838 3343 5893 de
3369 5839 3492 5892 Vita
3508 5852 3651 5891 cons.
