4072 6176
417 300 441 357 4
452 301 556 360 479

1644 297 2014 355 ANASTASII
2054 297 2607 354 BIBLIOTHECARU

3701 299 3835 358 4480

414 441 540 497 cap.
573 426 629 492 6,
661 428 730 483 ad
761 429 868 484 iter
899 428 1166 484 celeriter
1200 425 1641 497 conficiendum.
1690 423 1782 497 Ad
1813 427 2069 497 cryptam
2094 423 2152 481 A
2179 420 2510 497 colaigpapze
2538 423 2653 479 [ad
2685 423 3017 497 Michaelem
3040 424 3452 497 imperatorem
3495 424 3836 479 Constanti-

412 493 547 574 vero
566 500 1043 574 Cleopatrensem,
1066 500 1248 555 nullis
1268 496 1630 574 geographis,
1651 493 2072 574 aut_historicis

412 570 677 639 Ecclesia:
700 565 913 639 notam,
944 572 1051 626 hoc
1072 565 1896 639 tercentum"viraleconcilium
1926 565 2072 618 scri-

415 638 576 697 bitur
616 644 853 710 impune
893 636 1275 696 Celebratum:
1313 640 1589 710 solusque
1631 636 2001 710 Marcellinus
2041 647 2072 688 e

417 718 574 769 tanto
593 709 821 788 Patrum
838 725 1075 788 numero
1091 714 1161 788 ad
1179 709 1438 766 tribunal
1459 709 1742 777 principis
1767 713 2066 788 evocatus:

414 797 541 853 quae
566 785 857 853 adjuncta,
892 784 1106 838 rationi
1134 796 1326 837 eorum
1375 777 2072 853 tempo_rum__nimis_dis—

413 849 572 922 s'ona,
602 849 797 909 vereor
827 849 885 909 ut
911 858 1304 923 superstructa
1326 852 1447 907 sint
1479 851 1657 906 unius
1684 849 1964 923 dictionis
1989 861 2074 902 er-

413 920 567 999 rato,
585 925 656 980 ab
684 926 969 999 imperitis
988 920 1449 999 descriptoribus
1466 922 1737 999 Actorum
1758 920 2071 999 oscitanter

411 991 686 1063 admiSSO,
726 991 862 1050 dum
899 996 999 1050 illa
1029 991 1200 1051 verba
1231 1000 1471 1062 mutant,
1497 1007 1623 1062 quae
1654 992 1712 1046 in
1740 991 1916 1057 Actis,
1950 991 2070 1063 sive

415 1070 474 1121 in
505 1067 782 1137 catalogis
846 1066 1199 1137 legebantur,
1246 1066 1489 1137 sepultus
1540 1069 1619 1116 est
1664 1065 1723 1115 in
1776 1062 2069 1137 cwmctcrio

410 1138 675 1191 Priscillae
716 1140 774 1190 in
801 1136 1046 1192 cubiculo
1089 1139 1256 1199 claro,
1298 1136 1445 1204 quod
1499 1136 1614 1202 ipse
1659 1136 2071 1202 praeparaverat

407 1209 818 1276 paenitentibus,
863 1208 996 1263 licet
1021 1208 1124 1263 alii
1159 1208 1461 1278 legendum
1492 1211 1747 1278 asserent
1781 1205 2069 1278 quodipse

401 1273 886 1347 praeparaverats.
919 1282 1121 1343 Petrus,
1154 1273 1304 1334 ut‘in
1324 1277 1691 1347 variantibus
1719 1273 2067 1347 lectionibus

409 1345 615 1404 Binius
640 1350 954 1404 adnotavit.
990 1352 1188 1404 Verum
1214 1348 1357 1402 nihil
1388 1355 1595 1402 temere
1611 1345 1916 1399 afﬁrmans.
1947 1346 2067 1398 sive

412 1420 534 1488 ipse
590 1422 891 1489 paenitens,
944 1421 1063 1475 sive
1092 1420 1230 1474 aliis
1262 1417 1677 1487 paenitentibus
1729 1415 2064 1471 cubiculum

413 1488 840 1560 praeparaverit,
876 1492 1227 1559 conjecturis
1255 1491 1483 1544 modum
1514 1489 1764 1557 impono,
1811 1493 1866 1541 et
1914 1488 2066 1560 intra

409 1557 695 1617 cancellos
720 1562 951 1617 Baronii
986 1557 1265 1616 lubenter
1296 1561 1460 1614 sisto.
1497 1562 1575 1613 Ex
1610 1560 1713 1613 hoc
1743 1557 2066 1613 coemeterio

408 1633 689 1687 Priscilla:
739 1646 950 1693 cortus
974 1632 1127 1687 beati
1161 1632 1478 1687 Marcellini
1511 1644 1665 1699 papa
1692 1643 1757 1684 ac
1798 1629 2066 1698 martyris

408 1718 537 1759 cum
568 1703 706 1758 aliis
739 1703 1025 1772 pluribus,
1058 1712 1113 1758 et
1146 1704 1374 1772 quidem
1405 1701 1738 1756 illustribus
1772 1701 1829 1753 in
1880 1700 2067 1753 Fastis

407 1774 695 1841 Ecclesiae,
742 1771 947 1843 nempe
986 1771 1270 1841 Marcello,
1322 1772 1607 1837 Priscilla,
1653 1771 1917 1838 Praxede,
1949 1772 2067 1843 Eu-

408 1846 705 1915 dentiana,
733 1846 785 1900 S.
837 1841 943 1901 Leo
971 1859 1112 1915 papa
1139 1846 1263 1912 ejus
1296 1845 1551 1898 nominis
1591 1849 1835 1911 quartus
1867 1844 1924 1915 in
1952 1841 2067 1895 Ur-

409 1916 532 1971 bem
558 1914 861 1972 transtulit
893 1914 1077 1986 primo
1102 1917 1170 1970 ad
1204 1915 1443 1970 titulum
1473 1915 1565 1969 SS.
1599 1915 1856 1986 Quatuor
1884 1914 2067 1986 Coro-

409 1995 696 2047 natorum.
718 1988 870 2043 unde
895 1984 1253 2057 postmodum
1282 1987 1430 2041 inter
1442 1986 1590 2039 alias
1612 1984 1784 2057 Urbis
1793 1984 2066 2057 ecclesias

405 2058 594 2114 divisa
619 2064 756 2114 sunt
784 2054 943 2113 sacra
966 2060 1201 2130 pignora
1227 2076 1239 2112 :
1276 2065 1605 2130 nostraeque
1619 2055 1878 2130 basilicae
1893 2054 2068 2130 Libe-

411 2131 588 2184 riana:
618 2130 866 2200 contigit
901 2126 1225 2185 venerabile
1254 2135 1429 2200 caput
1463 2126 1973 2200 beatiMarcellini
2013 2130 2068 2178 et

409 2199 709 2256 brachium
746 2196 1023 2272 obtinere,
1059 2215 1185 2271 quia
1230 2196 1443 2254 ibidem
1491 2198 1738 2253 maxima
1788 2196 2070 2267 religione

409 2278 801 2327 asservantur.

1086 2377 1404 2434 CIACONII.

485 2486 656 2541 Linea
681 2483 732 2540 l.
786 2514 860 2524 —
892 2485 1250 2539 Marcellinus
1298 2486 1517 2537 natione
1556 2484 1846 2539 Romanus.
1896 2482 2074 2536 Penes

405 2556 636 2612 Graecos
669 2558 727 2611 in
762 2555 1096 2610 nominibus
1126 2555 1272 2610 facta
1300 2553 1586 2621 confusio,
1612 2560 1876 2622 putantes
1904 2566 2074 2608 eum-

412 2627 538 2681 dem
572 2640 696 2682 esse
727 2626 1122 2680 Marcellinum
1174 2640 1302 2680 cum
1341 2625 1630 2679 Marcello.
1661 2625 1846 2692 Atque
1888 2625 2072 2678 Euse—

416 2696 552 2752 bius
579 2701 638 2749 iu
669 2697 865 2750 Chron.
905 2702 955 2748 et
995 2698 1138 2749 Hist.
1174 2696 1277 2749 lib.
1310 2709 1385 2753 vx.
1435 2709 1557 2763 cap.
1604 2694 1690 2753 16.
1741 2695 2071 2762 μιξειθνίθηε

411 2767 767 2832 Marcellum,
801 2765 1199 2820 Marcellinum
1243 2773 1463 2819 tantum
1498 2766 1859 2820 adnumerat.
1890 2764 2067 2833 Quem

406 2851 657 2893 errorem
701 2837 891 2891 caeteri
925 2836 1105 2891 secuti
1134 2849 1259 2891 esse
1298 2836 1585 2904 videntur,
1622 2842 1684 2890 ut
1710 2835 2068 2904 Nicephorus

404 2908 658 2964 Calistus
682 2910 825 2961 Hist.
864 2906 964 2962 lib.
991 2920 1070 2974 v1,
1098 2920 1221 2976 cap.
1255 2903 1345 2974 34,
1377 2911 1435 2961 et
1462 2906 1822 2975 Nii-ephorus
1852 2903 2065 2974 episco-

407 2994 516 3049 pus
543 2982 604 3033 in
634 2979 829 3034 Chron.
865 2977 1052 3032 Latini
1086 2975 1274 3033 autem
1310 2990 1421 3032 non
1456 2978 1557 3042 ita,
1593 2984 1655 3031 ut
1679 2975 1921 3045 Optatus
1951 2978 2068 3031 Mi-

407 3048 695 3119 levitanus
714 3055 903 3103 contra
922 3050 1171 3102 Parmen.
1192 3055 1247 3104 et
1278 3053 1512 3103 sanctus
1532 3048 1894 3119 Augustinus
1916 3050 2062 3118 epis.

2183 494 2573 563 nopolitanum
2599 495 2969 551 conﬁrmata:
3005 495 3075 550 ab
3108 494 3172 550 ea
3208 496 3546 551 nullatenus
3585 497 3837 551 receden-

2180 565 2340 633 dum,
2361 566 2511 635 quod
2536 566 2608 635 ab
2630 566 2769 621 aliis
2801 568 3177 635 icompertum
3203 566 3399 622 fuerit.

2255 633 2423 691 Linea
2490 633 2577 691 43.
2609 666 2679 676 ——
2730 633 3025 692 Marcellus
3067 639 3346 707 presbyter
3405 638 3626 704 collegit
3683 642 3835 690 noctu

2182 722 2424 775 corpora,
2473 708 2700 763 scilicet
2729 709 2881 764 Petri
2907 710 3154 779 apostoli
3178 709 3366 778 jussu,
3414 709 3519 779 qui
3564 708 3753 763 eidem
3781 708 3833 762 in

2181 780 2400 834 somnis
2428 780 2716 849 apparuit.

2836 884 3169 942 SOMMIER.

2254 991 2390 1046 Line
2416 987 2471 1045 7.
2504 1021 2573 1030 —
2600 991 2753 1057 Quod
2796 996 2847 1045 et
2874 994 3038 1058 fecit:
3068 999 3120 1047 et
3161 999 3286 1061 post
3323 1007 3528 1061 paucos
3569 992 3691 1045 dies
3717 1007 3836 1061 par—

2179 1066 2426 1144 nitentia.
2458 1063 2673 1124 ductus,
2716 1069 2821 1144 etc.
2856 1065 3105 1144 ‘Lapsus,
3151 1066 3250 1144 qui
3284 1064 3613 1144 contigisse
3659 1061 3838 1144 fertur

2178 1132 2507 1187 Marcellino
2543 1147 2716 1202 papae,
2747 1133 3002 1189 declarat
3042 1132 3293 1202 profecto
3318 1132 3575 1190 hominis
3600 1134 3836 1188 inﬁrmi-

2179 1209 2371 1276 tatem,
2400 1218 2464 1258 ac
2487 1203 2667 1259 labem
2691 1204 3005 1259 voluntatis
3027 1206 3443 1276 Singularium:
3477 1204 3632 1259 nihil
3653 1212 3835 1258 tamen

2180 1272 2357 1328 infert
2378 1276 2700 1343 prarjudicii
2720 1276 3049 1344 apostolicae
3067 1272 3221 1331 sedis
3236 1277 3475 1331 dotibus
3491 1283 3595 1330 aut
3616 1276 3835 1344 pontiﬁ-

2178 1346 2263 1399 cis
2288 1347 2643 1400 auctoritati.
2678 1349 2754 1400 De
2781 1349 2956 1416 lapsu,
2992 1350 3089 1416 qui
3117 1348 3461 1401 tribuebatur
3492 1347 3831 1411 Marcellino,

2181 1416 2261 1487 ita
2286 1416 2492 1471 scribit
2514 1417 2784 1472 Nicolaus
2805 1420 2822 1471 l
2844 1419 2913 1473 ad
2942 1422 3337 1487 imperatorem
3356 1418 3837 1486 ConstantinOpo-

2178 1486 2423 1541 litanum
2503 1488 2874 1558 (Michaelem).
2948 1511 2974 1539 α
3024 1486 3296 1558 Tempore
3351 1489 3706 1543 Diocletiani
3784 1494 3835 1541 et

2180 1559 2511 1613 Maximiani
2536 1562 2926 1629 Augustorum
2949 1560 3317 1615 Marcellinus
3340 1561 3658 1629 episcopus
3679 1558 3837 1615 urbis

2176 1629 2385 1696 Romae,
2413 1630 2511 1698 qui
2549 1636 2739 1698 postea
2769 1632 3021 1700 insignis
3054 1638 3268 1700 martyr
3290 1630 3528 1686 effectus
3558 1637 3670 1695 est,
3700 1629 3835 1684 adeo

2176 1701 2513 1769 compulsus
2533 1707 2619 1755 est
2648 1714 2681 1754 a
2716 1703 2978 1771 paganis,
3006 1708 3071 1757 ut
3114 1703 3171 1756 in
3207 1702 3481 1771 templum
3510 1715 3715 1755 eorum
3746 1702 3833 1754 in-

2098 1779 2150 1840 Β
2178 1783 2426 1836 gressus,
2462 1784 2634 1841 grana
2660 1771 2854 1827 thuris
2879 1786 3052 1842 super
3078 1787 3290 1841 prunas
3306 1774 3633 1841 projiceret.
3663 1772 3835 1839 Cujus

2177 1843 2259 1896 rei
2289 1843 2495 1912 gratia.
2530 1842 2770 1897 collecto
2804 1857 3239 1899 numerosorum
3261 1844 3517 1898 concilio
3545 1844 3837 1911 episcOpo-

2180 1927 2327 1977 rum,
2374 1921 2428 1968 et
2483 1914 2868 1981 inquisitione
2909 1914 3073 1977 facta,
3127 1916 3232 1969 hoc
3275 1928 3335 1969 se
3377 1915 3529 1969 idem
3576 1912 3831 1982 pontifex

2176 1984 2363 2054 egisse
2397 1983 2692 2039 confessus
2724 1992 2829 2039 est.
2863 1985 3073 2040 Nullus
3101 1993 3289 2039 tamen
3334 1998 3537 2040 eorum
3585 1983 3833 2053 proferre

2178 2054 2236 2108 in
2280 2068 2408 2109 eum
2458 2056 2799 2109 sententiam
2858 2070 3037 2111 ausus
3075 2064 3204 2124 est;
3244 2069 3375 2110 cum
3408 2057 3459 2110 ei
3517 2056 3835 2123 saepissime

2176 2138 2372 2180 omnes
2399 2125 2764 2194 perhiberent
2785 2144 2796 2179 :
2821 2128 2941 2182 Tuo
2959 2140 3055 2182 ore
3066 2128 3263 2196 judica
3282 2141 3516 2181 causam
3533 2134 3719 2194 tuam,
3733 2138 3834 2179 non

2180 2206 2376 2252 nostro
2396 2197 2642 2265 judicio.
2664 2196 2730 2251 Et
2756 2197 2962 2253 iterum
2989 2217 3000 2252 :
3024 2198 3173 2265 Noli,
3196 2199 3384 2264 aiunt,
3403 2199 3605 2253 audiri
3638 2200 3698 2251 in
3720 2212 3836 2251 nos-

2182 2267 2522 2340 trojudicio,
2544 2269 2640 2323 sed
2653 2268 2931 2340 colligein
2951 2270 3083 2324 sinu
3098 2276 3197 2324 tuo
3215 2282 3443 2324 causam
3461 2276 3645 2324 tuam.
3667 2272 3729 2321 Et
3746 2269 3837 2321 ite-

2182 2353 2309 2393 rum
2333 2338 2553 2393 dicunt:
2578 2340 2766 2393 Prima
2786 2338 2950 2395 sedes
2970 2353 3077 2395 non
3094 2341 3438 2408 judicatura
3465 2352 3833 2409 quoquam.»

2251 2409 2596 2478 Concilium,
2642 2410 2711 2465 de
2754 2424 2868 2479 quo
2918 2411 3179 2481 loquitur
3245 2411 3361 2465 haec
3416 2411 3696 2478 epistola,
3755 2415 3837 2463 est

2182 2480 2606 2544 Sinvessanum,
2659 2482 2829 2548 cujus
2855 2494 2924 2536 ex
2970 2483 3130 2536 Actis
3175 2481 3417 2537 deduxit
3452 2482 3740 2536 Nicolaus
3775 2494 3833 2534 ea

2183 2565 2309 2621 quae
2361 2550 2576 2620 profert
2603 2552 2673 2606 de
2714 2552 3065 2619 Marcellino,
3097 2559 3204 2607 etc.
3238 2552 3597 2607 Breviarium
3626 2552 3836 2607 Roma-

2183 2636 2319 2677 num
2349 2623 2586 2691 perinde
2611 2622 2962 2692 comprobat,
2989 2637 3022 2678 a
3078 2623 3329 2679 Romana
3375 2623 3641 2678 Ecclesia
3670 2623 3837 2690 hujus

2182 2693 2441 2748 historiai
2465 2694 2757 2748 veritatem
2806 2695 3153 2764 recognosci.

2252 2765 2351 2817 llis
2385 2769 2569 2818 tamen
2602 2776 2713 2818 non
2749 2766 3009 2833 permoti,
3039 2765 3361 2835 complures
3386 2779 3417 2820 e
3441 2764 3837 2833 scriptoribus

2180 2834 2597 2890 recentioribus
2623 2835 2899 2903 rejiciuut
2922 2834 3181 2892 eamdem
3206 2837 3534 2891 historiam.
3563 2836 3659 2891 his
3692 2850 3838 2905 pra:-

2178 2907 2375 2960 sertim
2394 2920 2462 2960 ex
2480 2906 2703 2970 causis;
2725 2913 2844 2960 tum
2864 2908 3013 2976 quod
3032 2908 3259 2977 antiqui
3284 2908 3625 2976 scriptores,
3651 2908 3837 2974 iisque

2177 2976 2533 3046 temporibus
2562 2977 2832 3046 proximi,
2866 2978 2964 3047 qui
2993 2979 3063 3033 de
3094 2976 3424 3033 Marcellino
3457 2978 3644 3033 locuti
3678 2986 3831 3039 sunt,

2178 3048 2461 3103 nihiltale
2489 3049 2561 3103 de
2584 3049 2706 3116 ipso
2724 3055 2998 3115 narrant;
3033 3055 3154 3104 tum
3182 3051 3330 3117 quod
3360 3049 3659 3104 Eusebius
3687 3048 3831 3102 nihil

408 3118 891 3210 “augerique,
925 3119 1182 3210 quiupari
1210 3119 1608 3210 consensione
1633 3118 1943 3210 utrumque
1976 3134 2064 3188 po-
2094 3128 2141 3189 C
2176 3120 2408 3210 penitus
2432 3133 2497 3210 e9
2518 3120 2588 3201 de
2614 3118 3057 3210 factoi‘neino‘ret
3078 3140 3092 3187 ς
3112 3125 3237 3210 tum
3263 3121 3414 3189 quod
3437 3120 3833 3210 Theodoretus

406 3194 749 3318 nMunt:]{’ost
766 3190 987 3257 Caium,
1020 3190 1413 3246 Marcellinum
1444 3209 1458 3259 ;
1489 3196 1614 3259 post
1644 3190 2060 3258 Marcellinum,

467 3277 590 3318 arce
642 3276 758 3318 um.

404 3266 758 3319 Marcellum.

476 3336 649 3389 Linea
677 3333 731 3388 6.
757 3363 831 3372 —
874 3334 949 3385 De
981 3348 1092 3400 qua
1122 3336 1171 3385 et
1208 3334 1324 3399 ipse
1361 3332 1714 3385 Marcellinus
1739 3332 1815 3385 ad
1842 3334 2065 3400 sacriﬁ—

404 3408 546 3459 cium
584 3406 778 3458 ductus
821 3409 917 3468 est,
969 3408 1030 3456 ut
1071 3404 1429 3471 thuriﬁcuret,
1470 3404 1619 3471 quod
1647 3408 1698 3455 et
1738 3405 1887 3468 fecit.
1939 3405 2058 3458 Non

408 3476 731 3531 mirandum
757 3475 805 3529 si
836 3473 1208 3528 Marcellinus
1233 3472 1486 3541 pontifex
1509 3474 1830 3542 tyrannicis
1851 3476 2059 3529 instruv

406 3550 615 3602 mentis
649 3546 875 3613 cedens,
907 3551 1123 3599 terrore
1153 3544 1395 3613 pavidus
1440 3544 1601 3599 tidem
1639 3544 1857 3598 Christi
1889 3546 2059 3600 corde

410 3621 684 3683 retinens,
712 3617 972 3672 exterius
1002 3614 1297 3686 abnegarit
1324 3632 1335 3667 :
1370 3629 1631 3670 reversus
1658 3615 1725 3669 ad
1760 3628 1840 3677 se,
1873 3629 2059 3686 agno-

404 3691 558 3745 vitet
587 3686 1098 3758 planxitdelictum
1124 3700 1315 3741 suum.
1340 3687 1413 3740 Ea
1430 3688 1500 3742 de
1520 3700 1578 3740 re
1599 3686 1850 3758 synodus
1874 3699 2055 3741 CLxxx

405 3756 829 3829 episcoporum,
884 3756 1340 3829 presbyterorum
1378 3771 1535 3829 axx,
1586 3765 1643 3811 et
1676 3756 2053 3829 diaconorum

404 3826 900 3886 trium'Sinvessa
951 3826 1092 3882 urbe
1120 3828 1460 3897 Campania,
1509 3841 1661 3882 nunc
1690 3827 1858 3897 vulgo
1897 3828 2056 3882 Sessa

402 3902 582 3969 dicta,
611 3904 970 3969 congregata,
1000 3898 1067 3951 ad
1096 3911 1263 3967 quam
1287 3898 1658 3953 Marcellinus
1689 3901 1845 3952 venit
1874 3913 2056 3969 squa-

405 3972 582 4040 lidus,
634 3970 853 4040 cilicio;
877 3969 1139 4033 indutus,
1189 3976 1360 4038 caput
1397 3970 1589 4023 cinere
1630 3981 1918 4038 aspersus,
1954 3970 2054 4025 ubi

407 4038 678 4111 lacrymis
724 4038 999 4109 profusis,
1045 4040 1259 4111 peccati
1292 4040 1533 4095 admissi
1562 4044 1897 4108 gravitatem
1944 4055 2057 4109 pu-

403 4110 572 4180 blice,
604 4110 903 4181 palamque
923 4110 1221 4165 confessus
1251 4117 1355 4165 est.
1390 4111 1597 4165 Nullus
1630 4117 1817 4164 tamen
1858 4124 2054 4165 eorum

406 4181 661 4251 proferre
684 4181 742 4233 in
772 4193 901 4234 eum
932 4182 1296 4251 sententiam,
1326 4188 1431 4251 aut
1453 4181 1724 4235 damnare
1746 4194 1923 4235 ausus
1948 4188 2052 4248 est,

404 4250 534 4308 cum
590 4251 849 4306 dicerent
908 4264 1123 4317 omnes,
1187 4264 1250 4304 ea
1314 4250 1489 4305 ferme
1536 4253 1760 4305 ratione
1829 4252 2054 4306 Petrum

404 4335 686 4394 peccasse,
721 4335 785 4376 ac
807 4320 1005 4394 flendo
1020 4327 1310 4394 peccatum
1336 4322 1534 4394 luisse.
1566 4322 1671 4394 Sed
1699 4322 1892 4394 cuncti
1920 4337 2058 4394 prai-

403 4391 559 4450 claro
588 4405 823 4449 summa:
852 4392 1163 4461 pontificiae
1187 4391 1495 4461 dignitatis
1539 4391 1870 4447 testimonio
1896 4393 2050 4459 dato.

406 4480 519 4522 una
542 4478 676 4521 voce
698 4464 1055 4519 clamarunt:
1100 4463 1219 4517 Tuo
1250 4476 1346 4517 ore
1385 4463 1583 4530 judica
1610 4474 1836 4517 causam
1872 4469 2048 4531 tuam,

406 4551 514 4591 non
545 4542 740 4592 nostro
764 4534 1030 4603 judicio;
1056 4534 1327 4603 quoniam
1354 4546 1422 4588 ex
1455 4539 1529 4593 te.
1561 4533 1858 4603 inquiunt,
1884 4535 2054 4602 justi-

404 4608 687 4675 ﬁcaberis,
746 4613 848 4660 aut
897 4618 964 4659 ex
1008 4618 1106 4660 Ore
1164 4612 1263 4660 tuo
1321 4604 1812 4659 condemnaberis.
1867 4607 2053 4660 Prima

404 4693 651 4760 namque
674 4678 833 4760 sedes
854 4692 881 4728 a
919 4676 1141 4760 nemine
1162 4676 1779 4760 judicatur..nl)amnati
1808 4685 1945 4757 sunt
1978 4686 2054 4758 la_-

403 4764 529 4804 men
559 4746 623 4803 in
654 4747 846 4802 eadem
868 4748 1084 4815 synodo
1109 4746 1419 4817 presbyteri
1455 4746 1542 4800 illi
1574 4754 1631 4800 et
1656 4747 1909 4814 diaconi,
1950 4749 2049 4817 qui

402 4833 585 4890 usque
610 4819 678 4873 ad
708 4817 979 4886 templum
1018 4819 1195 4890 Vestae
1226 4815 1461 4890 fuerunt
1486 4818 1769 4890 comitati,
1806 4815 2051 4890 moxque

399 4887 530 4947 eum
563 4889 964 4951 deseruerunt,
1006 4895 1063 4942 et
1093 4889 1160 4944 ad
1192 4887 1489 4943 ecclesiam
1535 4888 1845 4957 venientes,
1882 4887 2048 4945 illam

400 4971 577 5041 atque
590 4962 641 5015 si
670 4960 972 5041 vidissent,
999 4960 1625 5041 quod‘suspicaren’tur,
1651 4969 2046 5041 'accusassent.

400 5029 496 5088 De'
533 5030 850 5087 Marcellini
886 5029 1268 5098 paenitentia!
1317 5036 1450 5084 tom.
1492 5029 1711 5084 Concil.
1743 5035 1798 5084 et
1849 5032 1907 5086 in
1943 5033 2050 5086 de-

401 5105 577 5159 cretis
609 5102 895 5157 memoria:
929 5101 1214 5170 proditum
1246 5108 1332 5155 est
1360 5114 1393 5155 a
1436 5101 1733 5156 Gratiano.
1779 5102 1874 5156 Est
1924 5103 2051 5157 Au-

402 5176 696 5245 gustinus,
716 5174 789 5245 de
810 5172 983 5245 unico
1013 5170 1280 5245 baptism.
1307 5179 1491 5226 contr.
1524 5171 1789 5245 Petilian:
1807 5186 1933 5245 cap.
1959 5171 2047 5242 46,

398 5241 453 5300 ét
482 5241 889 5300 contr.'litter.
927 5242 1088 5296 Petil.
1126 5241 1226 5296 lib.
1265 5255 1326 5309 ll,
1359 5256 1481 5311 cap.
1519 5241 1609 5308 92,
1645 5243 1743 5311 qui
1770 5241 2050 5300 Marcelli?

400 5330 536 5371 num
571 5315 937 5371 thurificasse
985 5320 1149 5383 negat
1198 5313 1477 5384 Petiliano
1525 5313 1578 5368 id
1633 5313 1870 5368 minime
1909 5330 2049 5384 pro-

399 5386 582 5441 banti.
621 5385 904 5442 Eusebius
934 5384 1032 5439 lib.
1068 5382 1122 5451 v,
1154 5398 1278 5453 cap.
1307 5382 1394 5453 ‘26,
1429 5397 1539 5439 non
1578 5388 1733 5438 novit
1762 5385 1886 5453 ejus
1910 5382 2049 5456 lap-

398 5472 547 5524 sum,
573 5458 668 5512 sed
699 5457 1033 5528 martyrium
1060 5462 1299 5528 tantum.
1321 5456 1423 5510 Sed
1451 5456 1521 5510 de
1541 5456 1857 5510 Marcellini
1883 5456 2046 5527 lapsu

399 5529 682 5582 sententia
712 5542 808 5582 ore
850 5526 1110 5582 omnium
1150 5526 1463 5594 diﬁamata,
1496 5533 1552 5581 et
1595 5528 1884 5582 communi
1916 5526 2046 5585 om-

402 5599 560 5652 nium
594 5600 969 5652 consensione
1015 5598 1254 5665 credita,
1290 5605 1462 5665 atque
1508 5600 1564 5651 in
1606 5598 1866 5667 antiquis
1913 5615 2042 5657 cum

400 5671 665 5741 Romanae
696 5668 981 5734 Ecclesiae,
1005 5675 1123 5723 tum
1155 5670 1732 5741 aliorumgauctorum
1759 5679 2046 5741 martyro-

397 5738 594 5809 logiis,
648 5750 749 5791 nec
800 5750 909 5791 non
952 5740 1009 5792 in
1059 5739 1350 5793 Breviario
1396 5738 1646 5792 Romano
1696 5738 1938 5809 recepta.
1989 5752 2047 5799 et

394 5810 612 5882 absque
641 5810 1025 5864 controversia
1062 5809 1196 5878 ulla,
1238 5815 1293 5865 et
1321 5815 1556 5879 retenta,
1586 5815 1641 5864 et
1668 5810 1911 5878 epistola
1937 5814 2045 5867 Ni-

2087 4501 2137 4560 D

2174 3190 2426 3260 elogium
2462 3191 2597 3245 huic
2630 3190 2887 3259 pontiﬁci
2919 3197 3151 3255 attexat,
3182 3198 3451 3259 tanquam
3484 3192 3535 3244 ei
3572 3192 3678 3260 qui
3707 3192 3832 3260 glo-

2177 3262 2277 3315 riae
2306 3261 2618 3329 plurimum
2640 3262 2883 3329 adeptus
2900 3260 3077 3315 fuerit
3101 3268 3355 3330 tempore
3382 3262 3827 3329 persecutionis,

2170 3335 2349 3384 virum
2374 3334 2763 3401 persecutionis
2799 3333 3125 3400 temporibus
3144 3348 3346 3398 magna
3364 3333 3545 3401 gloria
3564 3333 3829 3384 nobilita-

2173 3406 2283 3455 tum
2308 3403 2428 3471 (lib.
2459 3416 2474 3456 ι
2500 3417 2623 3471 cap.
2657 3401 2707 3457 3.
2743 3402 2882 3457 Vide
2906 3403 3103 3457 Euseb.
3135 3401 3188 3457 2.
3214 3416 3335 3471 cap.
3372 3400 3478 3472 42).
3502 3403 3825 3463 Obsertant,

2172 3487 2362 3528 revera
2379 3473 2618 3528 Petilian
2629 3489 2659 3528 υ
2672 3488 2716 3526 m
2736 3475 3090 3528 Donatistam
3104 3474 3335 3527 voluisse
3347 3475 3639 3526 obtrudere
3659 3473 3831 3541 quii-

2158 3547 2317 3613 piam
2359 3546 2534 3598 simile
2584 3545 2649 3597 de
2702 3546 3035 3609 Marcellino,
3099 3561 3162 3598 ac
3211 3545 3277 3597 de
3322 3546 3607 3613 aliquibus
3647 3547 3823 3613 ipsius

2158 3616 2496 3683 presbyteris
2516 3656 2530 3684 ,
2572 3616 2668 3670 sed
2695 3628 2723 3671 a
2758 3616 2810 3668 S.
2842 3617 3165 3681 Augustino
3193 3615 3499 3678 declarari,
3534 3616 3681 3671 hanc
3706 3628 3826 3669 esse

2166 3686 2515 3741 calumniam
2542 3687 2780 3741 omnino
2812 3685 3249 3741 incredibilem:
3300 3706 3325 3735 α
3360 3686 3511 3755 Quid
3546 3700 3686 3753 ergo
3711 3688 3823 3753 jam

2164 3770 2309 3826 Opus
2326 3764 2430 3825 est,
2461 3764 2523 3812 ut
2544 3758 2941 3826 episcoporum
2969 3758 3228 3812 Romana:
3251 3757 3540 3819 Ecclesiae,
3564 3770 3710 3826 quos
3741 3759 3825 3810 in-

2166 3828 2551 3883 credibilibus
2578 3828 2894 3883 calumniis
2923 3828 3237 3884 insectatus
3269 3835 3377 3895 est,
3403 3828 3631 3895 objecta
3659 3827 3732 3881 ab
3760 3840 3823 3881 eo

2166 3899 2413 3953 crimina
2448 3899 2747 3954 diluamus
2771 3898 2799 3951 ‘l
2845 3900 3233 3964 Marcellinus,
3268 3905 3324 3953 et
3349 3898 3671 3968 presbyteri
3702 3900 3823 3966 ejus

2166 3970 2480 4035 Meltiades,
2499 3971 2820 4029 Marcellus,
2835 3970 3192 4032 etSilvester,
3207 3969 3822 4024 traditioniscodicum

2166 4040 2523 4107 divinorum,
2547 4046 2601 4095 et
2630 4041 3092 4096 thurilicationis
3111 4041 3180 4095 ab
3204 4054 3271 4095 eo
3292 4041 3541 4095 crimine
3560 4054 3822 4109 arguun-

2169 4117 2282 4166 tur.
2333 4112 2435 4166 Sed
2493 4113 2756 4181 nunquid
2803 4110 2930 4166 ideo
2978 4112 3148 4166 etiam
3203 4112 3677 4167 convincuntur?
3728 4116 3821 4164 aut

2166 4183 2413 4237 convicti
2446 4182 2645 4251 aliqua
2681 4183 3155 4238 documentorum
3190 4183 3459 4237 ﬁrmitate
3490 4187 3823 4236 monstran-

2166 4259 2263 4307 tur
2283 4254 2310 4305 ‘I
2334 4255 2459 4322 Ipse
2491 4254 2817 4324 sceleratos.
2849 4259 2904 4307 et
2944 4254 3253 4324 sacrilegos
3282 4251 3462 4307 fuisse
3482 4253 3634 4307 dicit
3663 4269 3676 4303 :
3712 4253 3820 4321 Ego

2169 4324 2500 4378 innocentes
2534 4322 2718 4379 fuisse
2749 4325 3080 4391 respondeo,
3114 4343 3139 4371 υ
3162 4322 3282 4379 'etc.
3311 4324 3386 4394 (S.
3415 4326 3543 4393 Aug
3570 4324 3636 4377 de
3662 4326 3818 4376 unico

2163 4395 2299 4463 Bap.
2340 4401 2538 4449 contra
2568 4395 2857 4463 Petilian,
2886 4409 3009 4464 cap.
3044 4394 3135 4450 46.

2238 4465 2527 4533 llejiciunt
2572 4467 2741 4520 etiam
2793 4472 3069 4521 assertam
3100 4466 3424 4532 historiam,
3467 4465 3705 4520 relatam
3747 4464 3815 4519 ad

2164 4537 2476 4591 concilium
2503 4537 2938 4591 Sinvessanum:
2977 4537 3125 4607 quod
3154 4537 3511 4591 contendunt
3539 4550 3667 4592 esse
3695 4548 3820 4589 con.

2163 4607 2363 4661 cilium
2392 4608 2868 4677 supposititium:
2900 4623 3026 4663 cum
3056 4610 3253 4662 dicant
3280 4608 3607 4661 Sinvessam
3634 4607 3814 4661 locum

2163 4691 2285 4732 esse
2310 4678 2738 4748 imaginarium,
2768 4680 2935 4746 cujus
2963 4691 3060 4732 nec
3084 4680 3229 4744 vola,
3257 4691 3356 4732 nec
3388 4679 3700 4745 vestigium
3726 4690 3819 4730 re-

2165 4755 2382 4817 pertum
2399 4751 2466 4803 ad
2480 4750 2587 4803 huc
2617 4747 2731 4804 fuit
2754 4751 2903 4818 apud
2932 4749 3110 4803 ullum
3128 4764 3195 4802 ex
3208 4750 3390 4817 script
3409 4750 3620 4803 oribus
3638 4750 3817 4802 sacris

2161 4827 2262 4874 aut
2309 4818 2582 4887 profanis.
2624 4819 2859 4875 Addunt
2888 4833 3011 4875 esse
3058 4820 3419 4885 incredibile,
3474 4821 3630 4888 quod
3664 4821 3815 4871 Mar-

2160 4890 2429 4957 cellinus,
2463 4891 2735 4945 smviente
2767 4891 3163 4959 persecutione
3192 4892 3448 4945 omnium
3482 4890 3818 4945 crudelissi-

2163 4973 2273 5029 ma,
2294 4974 2608 5016 convocare
2636 4964 2889 5030 potuerit
2912 4961 2980 5016 ad
3013 4962 3327 5017 concilium
3370 4966 3661 5017 trecentos
3685 4962 3814 5030 epi-

2162 5045 2384 5101 scopos,
2417 5039 2524 5087 etc.

2230 5104 2471 5157 Libratis
2498 5105 2758 5172 utrinque
2811 5104 3120 5159 rationibus
3165 5104 3559 5158 asseerentium
3605 5120 3670 5156 ac
3716 5120 3814 5155 ne-

2159 5176 2426 5241 gantium,
2462 5190 2600 5242 quas
2654 5176 2805 5228 card.
2841 5176 3130 5239 Baronius,
3174 5182 3227 5228 et
3248 5180 3371 5242 post
3419 5174 3584 5227 illum
3628 5174 3812 5243 plures

2158 5260 2482 5311 congessere,
2507 5248 2589 5298 ita
2614 5247 2827 5300 domum
2851 5247 3125 5301 concludit
3141 5260 3271 5300 suas
3296 5245 3700 5299 observationes
3729 5246 3811 5297 rir

2157 5317 2235 5370 cla
2244 5317 2367 5369 riss.
2404 5315 2684 5371 Sommier.

2228 5388 2433 5469 Veram
2460 5389 2789 5469 ξιιὲίξιιηίιμθ
2813 5390 3037 5469 tandem
3079 5387 3812 5469 scutariiwa‘Iiecaaics—

2157 5463 2247 5513 cat
2270 5458 2340 5513 de
2366 5456 2500 5513 facti
2526 5456 2791 5529 historia,
2811 5460 3115 5530 intelliget,
3142 5458 3291 5513 nihil
3312 5456 3442 5513 inde
3462 5456 3665 5513 vitiari
3684 5460 3811 5513 doc-

2157 5530 2369 5585 trinam
2414 5530 2718 5602 religionis
2740 5548 2762 5602 ,7
2803 5545 2928 5600 qua:
2960 5544 3086 5602 non
3118 5532 3284 5585 docet
3338 5530 3646 5585 ministros
3674 5542 3810 5583 suos

2156 5614 2279 5657 esse
2327 5601 2723 5670 impecc’abilrs
2751 5601 2806 5656 in
2848 5601 3183 5669 particulari
3219 5602 3539 5656 (nconomia
3568 5614 3807 5655 suarum

2160 5674 2520 5741 propriarum
2556 5676 2889 5740 actionum;
2918 5675 3012 5727 sed
3044 5674 3211 5727 docet
3240 5673 3462 5726 eosdem
3504 5673 3809 5726 ministros

2156 5756 2292 5799 suos
2314 5756 2346 5798 a
2370 5744 2570 5798 divino
2598 5745 2822 5812 Spiritu
2850 5744 3096 5798 animari
3129 5751 3184 5797 et
3213 5744 3530 5799 sustentari
3557 5745 3616 5797 in
3650 5744 3810 5813 regi-

2159 5815 2309 5868 mine
2342 5816 2689 5870 universalis
2719 5816 3001 5871 Ecclesiae.
3031 5814 3517 5884 Distinguendum
3542 5823 3629 5869 est
3653 5816 3803 5883 quod
