4072 6176
473 333 616 394 4488

1695 320 2054 380 ANASTASII
2087 317 2633 377 BIBLIOTHECARII

3742 311 3867 372 M84

1768 449 2051 512 VARIE
2089 442 2552 510 LECTIONES

745 544 918 618 Apud
947 544 1265 600 Fabrottum
1297 556 1363 597 ear:
1390 539 1568 596 codice
1596 538 1835 594 Freheri.

543 659 709 715 Num.
753 613 844 725 34,
881 654 981 725 an,
1019 649 1233 725 2,3.1,
1276 661 1496 704 menses
1540 643 1598 725 7_._
1644 643 1822 725 ams
1864 649 1928 725 βε
1956 613 2020 725 9,
2049 644 2110 710 B,

474 731 596 786 loca
633 726 725 784 25.
773 717 873 780 tiri.
925 721 1011 787 44,
1055 717 1169 788 AB,
1217 725 1508 776 eruerunt.
1557 720 1656 773 lin.
1705 717 1790 786 45,
1838 718 1952 780 AB,
1998 717 2118 771 Lu—

474 802 605 857 cina
635 800 828 856 vidua.
865 799 961 851 lin.
996 792 1081 864 48,
1113 796 1185 860 A,
1220 793 1477 860 servivit,
1511 792 1572 857 B,
1607 789 2006 846 conﬁtebatur.

709 908 797 960 Ea.-
823 903 1002 960 codice
1028 903 1210 970 Regio,
1246 901 1526 956 Μαιανίηο
1555 902 1605 952 et
1637 899 1882 953 Thuano.

490 1073 494 1076 .
548 1018 672 1072 Lin.
709 1012 764 1078 2,
811 1008 1167 1081 temporibus
1211 1005 1482 1081 Maxentii
1518 1019 1562 1081 a_
1583 1019 1737 1062 cons.
1786 1006 2033 1081 MaxJV
2061 1008 2117 1060 et

470 1087 703 1147 Maximi
733 1097 913 1154 usque
930 1079 1068 1152 post
1092 1079 1474 1154 consulatum.
1507 1079 1668 1145 Maz.,
1704 1083 1874 1154 temp.
1899 1080 2117 1154 Maxen-

473 1162 544 1217 tii
592 1159 662 1214 IV
713 1163 767 1213 et
819 1150 1120 1210 Maximini
1173 1164 1354 1220 usque
1406 1155 1533 1217 post
1582 1150 1964 1205 consulatum.
2012 1151 2112 1203 lin.

471 1232 525 1298 5,
559 1230 933 1286 cimiterium.
972 1228 1069 1298 lin.
1100 1221 1156 1292 7,
1194 1228 1526 1291 martyrum.
1567 1222 1670 1276 Hic
1709 1227 2000 1298 coartatus
2030 1225 2116 1298 est

469 1292 525 1360 et
555 1308 747 1358 tentus
775 1299 960 1369 (Μαι,
999 1297 1090 1351 hic
1116 1298 1422 1369 coronatus
1451 1298 1536 1369 est
1561 1298 1616 1348 et
1637 1292 1848 1369 tentus)
1871 1308 1935 1369 e_o
1961 1293 2112 1369 quod

470 1361 784 1432 Ecclesiam
811 1361 1105 1426 ordinaret
1134 1379 1316 1433 comp.
1347 1365 1446 1417 lin.
1480 1361 1562 1430 44,
1591 1370 1646 1418 et
1669 1361 1856 1419 derid.
1891 1361 1992 1417 lin;
2026 1361 2110 1430 42,

475 1448 535 1501 in
567 1442 832 1500 catabulo
877 1440 995 1506 (M.,
1035 1439 1092 1493 in
1125 1434 1402 1502 catabolo)
1430 1437 1530 1503 qui
1562 1435 1620 1490 d.
1665 1450 1734 1491 m.
1769 1435 1844 1506 d.
1875 1435 2114 1491 serviret

471 1519 531 1573 in
577 1504 904 1572 catabulum
947 1510 1066 1579 (M.,
1116 1509 1172 1564 in
1223 1506 1592 1576 cacabolum).
1635 1507 1735 1562 lin.
1789 1504 1873 1572 43,
1923 1521 2113 1562 mense

471 1594 659 1644 autem
693 1584 728 1640 9
773 1587 1052 1638 venerunt
1089 1580 1285 1635 clerici
1329 1579 1455 1647 ejus
1492 1581 1700 1641 omnis,
1747 1584 1802 1633 et
1836 1583 2113 1634 eruerunt

469 1673 599 1716 eum
649 1662 820 1713 noctu
865 1651 1126 1710 catabulo
1174 1650 1357 1721 (Mue,
1405 1649 1475 1721 de
1521 1649 1820 1721 cacabolo).
1873 1651 1972 1703 lin.
2023 1649 2108 1719 45,

470 1731 687 1788 Lucina
723 1727 915 1793 vidua,
958 1737 1102 1793 quae,
1142 1724 1243 1776 lin.
1288 1719 1372 1793 49,
1422 1720 1628 1776 iterum
1677 1719 1862 1793 paleas
1905 1723 2104 1777 sterni.

469 1806 545 1858 sic
567 1807 808 1870 uterque.
840 1792 938 1851 lin.
961 1792 1481 1870 20,‘(23[§b_llii._l_i.f.,
1513 1792 1786 1870 cacaboli.
1824 1794 1978 1860 ibid,
2006 1794 2105 1864 qui

471 1875 642 1930 etiam
679 1863 739 1927 i'n
770 1883 880 1926 ser.
917 1870 1015 1924 lin.
1044 1864 1134 1930 2.3,
1169 1864 1328 1920 Febr.
1364 1863 1466 1918 Hic
1496 1865 1788 1919 ordinavit
1819 1879 1916 1933 per
1945 1863 2108 1921 men-

467 1909 739 2002 ξὲἱιῗὸέὲἶ
770 1909 1414 2006 missamissa.
1439 1909 1788 2008 ἐᾷἰῖίέἰὲῖᾆξ
1809 1909 2112 2008 ἕιῖἰεέῗᾘὲιι
2137 1909 2190 1971 Β

465 2019 690 2075 diversa
723 2014 843 2070 loca
873 2009 962 2080 2i,
991 2016 1047 2065 et
1076 2005 1320 2066 cessavit
1357 2007 1532 2077 episc.
1567 2007 1690 2064 dies
1717 2005 1806 2064 20.
1845 2005 1978 2064 Heio
2007 2005 2111 2064 de-

469 2091 602 2145 sinit
637 2089 765 2144 Vita
792 2083 1056 2139 Marcelli.

908 2192 996 2246 Ea:
1024 2189 1199 2245 codice
1231 2188 1456 2243 Thuano
1485 2187 1672 2243 altera.

541 2304 667 2358 Lin.
687 2298 743 2367 2,
775 2312 994 2355 menses
1012 2294 1068 2351 7.
1093 2298 1193 2351 lin.
1215 2293 1270 2363 2,
1297 2293 1350 2365 3,
1386 2298 1636 2364 tempore
1657 2297 1927 2367 Maxentii
1950 2311 2106 2354 cons.

473 2377 619 2432 Max.
654 2366 806 2429 lV'et
844 2369 1077 2424 Maximi
1124 2381 1308 2437 usque
1354 2366 1793 2437 prteconsulatu.
1832 2371 1932 2424 Hic
1977 2370 2114 2427 fecit

469 2445 819 2502 cimiterium
850 2442 940 2496 via
965 2440 1079 2496 Sal.
1113 2436 1291 2506 lini7,
1319 2436 1390 2493 25
1413 2438 1599 2506 presb.
1626 2439 1683 2493 in
1712 2455 1770 2494 u.
1795 2443 1858 2495 R.
1883 2443 2107 2498 etdiac.

467 2517 504 2574 2
532 2531 631 2588 per
661 2527 907 2588 mensem
937 2511 1293 2588 Decembrem
1323 2527 1338 2581 ς
1369 2509 1463 2588 hic
1491 2515 1782 2588 coartatus
1812 2517 1866 2588 et
1886 2518 2109 2588 _tentus,

469 2582 714 2658 eo'quod
745 2585 1019 2658 ecclesias
1044 2583 1366 2658 _ordinare_t,
1401 2587 1456 2658 et
1486 2594 1666 2650 comp.
1703 2583 1803 2637 lin.
1843 2582 1924 2658 44,
1961 2587 2110 2656 quod

471 2653 694 2730 semper
722 2663 874 2714 cont.
905 2654 1280 2723 diridensque
1307 2653 1364 2708 d.
1398 2657 1454 2708 et
1479 2659 1820 2723 praeceptum
1846 2657 1919 2711 M.
1943 2653 1998 2712 d2
2028 2665 2114 2715 est

2139 537 2196 596 Α
2230 533 2288 586 in
2327 531 2677 588 catabulum.
2715 532 2815 588 lin.
2852 527 2937 586 43.
2971 530 3211 586 Domino
3241 529 3575 586 deserviens
3605 541 3722 584 non
3751 541 3868 584 ces-

2225 603 2402 658 sabat.
2441 606 2521 656 lin
2570 601 2654 671 44,
2702 609 2757 660 et
2786 609 3069 658 exuerunt
3117 608 3277 658 nocte
3314 602 3383 657 de
3413 601 3720 671 catabulo.
3759 603 3871 654 Ma-

2225 681 2388 730 trona
2433 675 2690 744 quaedam
2743 676 2972 730 nomine
3017 676 3229 744 Lucina
3274 673 3469 738 vidua,
3521 687 3651 742 quae
3683 670 3739 744 if.
3780 673 3870 724 lin.

2225 744 2311 813 46,
2339 742 2597 813 suscepit
2624 748 2680 816 Β,
2717 747 2924 802 virum.
2959 747 3056 798 lin.
3094 742 3176 814 48,
3205 745 3434 800 Christo
3464 743 3865 816 conﬁtebatur.

2223 819 2336 872 Hoc
2378 818 2639 873 auditum
2671 815 2704 873 a
2736 818 3042 873 Maxentio.
3096 817 3192 870 lin.
3243 832 3378 886 seq.,
3424 823 3481 870 et
3505 817 3695 885 jussit
3729 823 3794 870 ut
3824 815 3871 868 in

2222 890 2342 1015 ead.
2379 892 2518 1015 elccl.
2550 890 2758 946 iterum
2805 888 2994 960 paleas
3020 888 3221 960 sterni,
3254 895 3309 944 et
3349 887 3428 943 ib.
3461 889 3564 942 lin.
3597 887 3693 957 24,
3727 891 3874 941 ami-

2224 974 2254 1015 c
2285 973 2316 1015 ο
2347 974 2398 1015 οι
2432 1002 2444 1015 .

2224 965 2316 1016 cto
2347 962 2444 1015 cil.

2488 1049 2658 1120 Apud
2695 1050 3034 1104 Holstenium
3061 1055 3111 1105 et
3139 1049 3608 1107 Schclestratiu—m.

2296 1139 2421 1193 Lin.
2459 1137 2514 1208 2,
2546 1141 2691 1194 Flor.
2725 1141 2853 1201 duo,
2891 1140 3018 1193 Vat.
3050 1144 3100 1194 et
3137 1140 3310 1201 Cass.,
3347 1152 3568 1194 menses
3596 1135 3652 1193 7.
3708 1140 3810 1192 lin.
3848 1138 3880 1195 3

2221 1212 2384 1264 verba
2400 1212 2666 1266 Constant
2680 1212 2720 1265 ii
2740 1218 2796 1267 et
2811 1210 3029 1267 Galerii
3048 1217 3103 1267 et
3119 1227 3218 1265 om.
3241 1212 3385 1264 Flor.
3406 1213 3502 1264 lin.
3525 1212 3682 1276 ead,
3707 1212 3879 1276 Cass.,

2221 1293 2253 1334 a
2284 1283 2609 1338 consulatu.
2645 1285 2744 1336 lin.
2778 1281 2830 1348 3,
2860 1280 2911 1348 4,
2947 1283 3092 1336 Flor.
3124 1299 3249 1348 sec.,
3287 1296 3467 1353 usque
3538 1289 3654 1338 ost.
3693 1283 3796 1336 (in.
3829 1282 3879 1346 5,

2221 1354 2386 1409 Flor..
2425 1355 2705 1409 instituit.
2750 1356 2849 1408 lin.
2879 1351 2936 1409 7.
2977 1357 3103 1409 Vat.
3139 1367 3272 1408 xxv.
3319 1355 3420 1407 lin.
3468 1298 3550 1409 ἅ.
3611 1355 3800 1408 Vatic.
3835 1360 3879 1407 et

2221 1354 2386 1421 Flor.,
2425 1355 2705 1410 instituit.
2750 1356 2849 1408 lin.
2879 1351 2936 1416 7,
2977 1357 3103 1410 Vat.
3139 1367 3272 1408 xxv.
3319 1351 3420 1407 liii.
3468 1351 3550 1422 44,
3611 1355 3800 1408 Vatic.
3835 1360 3880 1407 et

2221 1425 2387 1495 Flor.,
2436 1431 2730 1482 eruerunt.
2783 1427 2881 1480 lin.
2934 1424 3021 1495 45,
3066 1428 3212 1480 Flor.
3252 1425 3444 1492 vidua,
3493 1439 3623 1495 quae
3671 1424 3880 1480 fuerat.

2225 1496 2325 1552 lin.
2371 1497 2455 1567 46,
2508 1500 2565 1553 In
2612 1500 2844 1554 domum
2889 1511 3072 1568 suam,
3122 1509 3290 1567 quam
3341 1502 3396 1550 et
3443 1497 3699 1563 nomine,
3751 1504 3879 1567 etc.,

2223 1569 2304 1621 ita
2366 1572 2490 1626 Vat.
2542 1570 2640 1624 lin.
2695 1569 2778 1639 48,
2825 1570 2968 1625 Flor.
3016 1577 3067 1623 et
3125 1571 3274 1635 Vat.,
3322 1568 3729 1639 confitebatur.
3784 1570 3881 1623 (in.

2220 1640 2366 1767 Sadk,
2398 1642 2558 1768 lFlor.
2608 1657 2712 1697 sec.
2761 1637 2962 1696 Omittit
3007 1642 3236 1696 iterum.
3287 1641 3389 1694 lin.
3433 1637 3524 1710 22,
3573 1641 3726 1693 Flor.
3772 1655 3870 1695 sec.

2259 1724 2274 1765 ι
2361 1727 2390 1768 a
2423 1752 2436 1766 .

2218 1723 2274 1765 v1
2310 1714 2436 1768 Kal.

2545 1783 2717 1853 Apud
2747 1785 2971 1838 Peniam
3001 1799 3068 1837 ea:
3096 1784 3272 1838 codice
3301 1783 3550 1838 Cavensi.

2289 1876 2415 1930 Lin.
2436 1871 2490 1941 2,
2517 1874 2666 1928 sedit
2685 1886 2818 1928 ann.
2842 1887 2896 1938 v,
2924 1887 2996 1928 m.
3025 1887 3127 1941 vn,
3151 1872 3358 1928 diebus
3380 1886 3503 1926 xxx.
3526 1872 3667 1928 Fuit
3692 1879 3876 1928 autem

2220 1945 2576 2016 temporibus
2633 1945 2904 2000 Maxentii
2947 1958 2977 1999 a
3025 1945 3328 2000 consulatu
3379 1945 3661 2016 Maxentii
3710 1946 3779 1998 Π
3826 1953 3876 2000 et

2219 2013 2452 2074 Max—imi
2483 2030 2664 2086 usque
2699 2023 2823 2085 post
2847 2016 3231 2073 consulatum.
3258 2017 3355 2069 lin.
3383 2013 3439 2082 5,
3471 2014 3877 2086 fecitcymite—

2220 2091 2370 2146 rium
2405 2089 2496 2143 via
2526 2085 2760 2154 salaria,
2795 2095 2851 2142 et
2884 2101 2994 2142 xxv
3026 2088 3247 2153 titulos,
3282 2094 3389 2142 etc.
3425 2088 3527 2140 lin.
3564 2085 3749 2155 40,’et
3782 2101 3875 2143 sa-

2221 2160 2463 2218 criﬁciis
2499 2159 2834 2214 humiliaret
2877 2159 3294 2214 demoniorum.
3328 2156 3436 2225 Qui
3472 2172 3702 2226 semper
3740 2172 3876 2213 con-

2222 2239 2539 2300 tempnens,
2562 2231 2830 2285 deridens
2851 2229 3004 2284 dicta
3026 2237 3081 2285 et
3105 2236 3377 2300 praecepta
3401 2231 3708 2296 Maxentii,
3732 2231 3876 2284 dam-

2224 2310 2392 2358 natus
2422 2309 2508 2357 est
2538 2302 2592 2356 in
2626 2301 2884 2357 catabolo
2913 2319 2926 2355 :
2962 2304 3059 2358 qui
3094 2301 3228 2356 dum
3267 2301 3465 2356 multis
3508 2301 3723 2356 diebus
3752 2315 3876 2356 ser-

2222 2375 2370 2431 viret
2393 2375 2448 2428 in
2471 2372 2813 2443 catabolum.
2842 2374 2940 2427 lin.
2969 2372 3054 2443 4i,
3083 2379 3336 2427 matrona
3360 2372 3625 2442 quaedam
3652 2373 3876 2428 nomine

2223 2447 2436 2501 Lucina
2493 2446 2588 2497 lin.
2627 2441 2709 2512 49,
2743 2445 2949 2500 iterum
2984 2441 3217 2514 plancas
3247 2441 3518 2506 externit,
3553 2450 3613 2499 et
3643 2444 3871 2498 ibidem.

2223 2519 2322 2572 lin.
2368 2517 2456 2584 2t),
2506 2516 2606 2586 qui
2653 2515 2881 2586 tandem
2917 2518 2973 2570 in
3019 2517 3258 2571 servitio
3304 2514 3654 2586 animalium
3697 2515 3876 2570 nudus

2222 2588 2434 2644 amicto
2467 2583 2666 2644 cilicio
2703 2585 3012 2644 defunctus
3045 2593 3151 2644 est.
3185 2588 3288 2642 lin.
3319 2583 3408 2658 23,
3440 2583 3536 2658 2i,
3565 2587 3876 2658 dampnata

2224 2667 2330 2716 est.

1788 2754 2032 2817 NOTE
2077 2758 2545 2823 VARIORUM.

1039 2835 1043 2840 ’
1064 2837 1507 2894 ALTASERRJE.

541 2933 714 2989 Linea
745 2926 830 2998 44,
863 2925 946 2984 42.
974 2931 1378 2998 —,Damnalus
1403 2927 1567 2998 estin
1595 2927 1924 2985 catabulum.
1957 2933 2113 2989 Mar-

467 3003 650 3062 cellus
670 3017 702 3059 a
733 2997 1017 3056 Maxentio
1040 2997 1346 3054 damnatus
1375 3002 1462 3052 est
1485 2997 1541 3052 in
1565 2998 1914 3056 catabulum.
1942 3003 2116 3060 Cata—

468 3077 669 3134 hulum
693 3075 752 3130 in
777 3071 918 3129 urbe
942 3076 1064 3127 erat
1087 3069 1378 3144 stabulum
1396 3071 1808 3144 iumentorum,
1831 3088 1956 3144 quae
1978 3078 2109 3132 usui

468 3154 632 3206 erant
675 3147 743 3202 ad
785 3144 1038 3200 vehenda
1083 3153 1256 3198 onera
1288 3140 1535 3213 publica.
1587 3143 1660 3213 De
1693 3158 1805 3213 quo
1847 3140 2110 3204 Anastas.

467 3219 604 3276 infr.
655 3217 844 3273 tribus
893 3214 1054 3274 locis.
1114 3209 1296 3268 Linea
1336 3209 1419 3266 42.
1469 3241 1541 3252 —
1577 3209 1725 3268 Cum'
1754 3217 1941 3272 multis
1988 3219 2115 3273 die-

467 3293 564 3346 bus
605 3292 832 3345 seruiret
872 3290 932 3340 in
975 3285 1246 3340 catabulo.
1298 3284 1365 3338 Et
1409 3283 1578 3354 paulo
1619 3293 1744 3354 post
1782 3286 1887 3342 lin.
1925 3286 2008 3344 44.
2040 3320 2116 3332 —

463 3365 726 3419 Emerunt
754 3375 875 3415 eum
912 3358 979 3412 de
1012 3356 1282 3410 catabulo.
1324 3355 1391 3410 Et
1435 3370 1639 3411 rursus
1680 3357 1784 3412 lin.
1826 3356 1909 3414 49.
1942 3391 2015 3402 —
2041 3364 2112 3417 Et

454 3436 628 3504 jussit
667 3436 726 3486 in
762 3431 948 3504 eadem
984 3428 1226 3504 Ecclesia
1260 3429 1457 3481 iterum
1488 3429 1721 3496 plancas
1755 3435 2013 3504 ettgsterni,
2050 3437 2112 3488 ut

465 3499 667 3560 ibidem
684 3501 948 3574 animalia
965 3499 1210 3554 catabuli
1219 3504 1781 3574 congregatastarent.
1801 3502 1865 3556 Et
1880 3505 2104 3574 Papias:

466 3575 809 3640 Catabulum,
845 3573 1106 3644 clausura
1135 3570 1478 3644 animalium,
1513 3571 1610 3624 ubi
1637 3571 1868 3640 desuper
1894 3570 2112 3644 aliquid

453 3648 686 3718 jacitu-r.
713 3646 847 3702 [nde
870 3641 1276 3718 Catabulenses
1300 3641 1466 3718 dicti,
1491 3644 1593 3718 qui
1617 3657 1792 3718 pinnae
1817 3641 2111 3718 causa—in-

463 3711 787 3780 serviebam
816 3714 1102 3771 catabulo.
1137 3715 1213 3768 De
1245 3712 1459 3783 quibus
1491 3712 1529 3767 l.
1563 3711 1597 3768 9
1620 3711 1679 3768 (Ζ.
1706 3715 1805 3769 Th.
1841 3717 1904 3770 de
1925 3718 2112 3772 Pisto-

462 3792 567 3846 rib.
603 3795 654 3845 et
683 3787 1028 3844 Catabulens.
1071 3785 1139 3839 Et
1175 3784 1499 3840 Cassiodor.
1550 3798 1610 3839 nt
1645 3786 1774 3840 Var.
1810 3785 1895 3855 46,
1927 3795 1982 3844 et
2009 3789 2108 3844 lib.

467 3863 706 3930 ivepist
734 3856 820 3914 47.
854 3856 1198 3930 Catabulum
1221 3861 1330 3930 ‘est
1358 3855 1550 3930 equile
1573 3857 1822 3930 regium,
1855 3860 1928 3914 ad.
1959 3862 2109 3930 quod

467 3925 746 4004 martyres
787 3927 1049 4004 damnari
1096 3925 1374 4004 solebant.
1402 3925 1625 4004 I'Euseb.
1671 3925 2103 4004 vm,_'cap.'22:

462 3994 648 4065 ³Ὀπωξ
697 4001 749 4054 τὲ
806 3999 1070 4071 βασιλικῶν
1125 3998 1288 4049 ἳππων
1333 3994 1535 4069 ἐνόχους
1579 3994 2112 4071 κπαραστῖσειξπατα-

467 4076 680 4127 δίκασεν.
726 4070 1016 4139 Regiorum
1056 4084 1314 4140 equorum
1352 4084 1494 4140 curae
1538 4070 1795 4130 obnoxios
1833 4073 2112 4140 judicavit

465 4145 698 4201 Cedren.
758 4138 819 4198 in
874 4140 1232 4212 Nicephoro;
1280 4138 1414 4194 Ἀπό
1455 4147 1678 4212 γενικῶν,
1738 4138 1847 4194 καῖ
1879 4143 2120 4201 ἀπελθὼν,

468 4213 515 4269 έν
537 4221 609 4280 τῷ
632 4213 933 4280 καταϐολιῳ.
962 4214 1151 4280 Inepte
1174 4211 1396 4266 Platina
1426 4211 1757 4270 catabulum
1781 4221 1966 4272 vocat.
1993 4217 2112 4273 Cu-

461 4266 700 4359 ᾖέιέὶλδ,
729 4283 851 4341 obs.
883 4266 937 4339 5.

1142 4351 1434 4408 BENCINI.

2223 2847 2594 2903 ecclesiarum
2625 2844 2908 2915 inductio,
2938 2845 3032 2902 sed
3062 2844 3133 2901 ob
3161 2845 3296 2902 ilsco
3321 2844 3615 2916 applicata
3645 2844 3769 2901 loca
3795 2859 3876 2901 sa-

2223 2932 2339 2985 cra,
2366 2925 2422 2974 et
2448 2918 2722 2973 basilicas
2748 2918 2805 2972 in
2837 2917 2983 2973 Urbe
3012 2923 3322 2982 exstantes,
3360 2927 3421 2972 ut
3449 2931 3631 2986 supra
3667 2917 3874 2987 proba-

2224 2997 2345 3045 tum
2373 2998 2478 3059 est,
2512 3003 2648 3046 nova
2679 3002 2710 3045 a
2734 2989 2998 3045 Marcello
3025 2989 3369 3044 substitutio
3403 2989 3646 3043 inducta
3680 2995 3875 3044 orato-

2225 3062 2443 3117 riorum
2471 3063 2528 3115 in
2549 3060 2820 3116 domibus
2843 3062 3081 3130 privatis
3098 3060 3491 3126 existentium,
3515 3074 3650 3129 quae.
3671 3061 3730 3115 in
3752 3062 3879 3115 titu-

2224 3132 2330 3198 los,
2365 3133 2486 3187 sive
2510 3131 2782 3187 ecclesias
2814 3132 3162 3202 presbyteris
3195 3132 3546 3200 preepositis,
3579 3139 3759 3199 prout
3790 3144 3873 3200 pa-

2224 3203 2472 3331 gebattlilr
2494 3202 2914 3274 persecutionis
2931 3204 3389 3273 circumstantia,
3413 3210 3876 3258 consecrantura

2277 3289 2405 3330 arce
2456 3289 2510 3331 o.

2220 3277 2510 3332 Marcello.

2292 3364 2466 3420 Linea
2489 3362 2543 3420 6.
2568 3393 2640 3405 —
2661 3365 2888 3435 Propter
2918 3364 3261 3434 baptismum.
3295 3363 3597 3432 Ecclesiis,
3633 3377 3742 3420 seu
3774 3376 3870 3434 pa—

2222 3435 2467 3492 rietibus
2496 3438 2710 3494 eversis
2738 3437 2795 3490 in
2826 3437 2928 3491 hac
2953 3437 3366 3505 persecutione,
3394 3436 3714 3492 utdixerat
3743 3437 3874 3490 Lac-

2222 3507 2463 3576 tantius,
2488 3514 2544 3562 et
2562 3507 2895 3563 substitutis
2917 3509 3208 3569 oratoriis,
3236 3508 3388 3562 inter
3406 3507 3510 3562 hos
3531 3507 3874 3562 domesticos

2224 3577 2391 3643 lares,
2428 3579 2525 3634 ubi
2555 3585 2717 3634 erant
2745 3580 2861 3634 haec
2885 3581 3159 3644 Oratoria,
3193 3577 3523 3634 facultatem
3554 3579 3725 3633 dedit
3755 3578 3876 3646 bap-

2223 3649 2463 3717 tizandi,
2493 3656 2557 3705 ut
2585 3649 2910 3705 consuleret
2951 3649 3393 3706 necessitatibus
3421 3649 3739 3711 Fidelium,
3767 3650 3875 3704 sive

2221 3720 2468 3776 aliorum
2498 3725 2597 3791 qui
2623 3720 3119 3778 convertebantur.
3149 3721 3392 3790 Speciali
3418 3734 3624 3790 nempe
3651 3722 3876 3790 deputa-

2223 3792 2398 3860 tione,
2432 3792 2696 3862 eligendo
2721 3794 3006 3862 prazcipue
3027 3794 3277 3849 oratoria
3298 3793 3642 3859 domestica,
3673 3801 3740 3848 ut
3763 3793 3874 3847 loco

2220 3863 2603 3919 Ecclesiarum
2631 3863 2992 3920 haberentur.
3016 3865 3158 3919 Hinc
3177 3863 3389 3920 Lucina
3407 3863 3632 3919 obtulit
3647 3865 3872 3918 domum

2222 3949 2404 3990 suam.
2438 3934 2523 3989 An
2555 3949 2686 3991 vero
2717 3936 2833 3992 haec
2864 3933 3107 3992 facultas
3129 3935 3319 3992 titulis
3345 3934 3570 3990 tributa
3593 3934 3874 4004 baptisma

2225 4006 2597 4061 ministrandi
2643 4005 2820 4062 fuerit
2864 4008 3182 4075 ordinaria,
3221 4007 3676 4076 disceptandum
3723 4006 3874 4061 vide-

2223 4081 2341 4144 tur,
2381 4091 2507 4133 cum
2541 4076 2679 4132 olim
2713 4091 2824 4134 non
2860 4078 2973 4133 nisi
3011 4079 3067 4133 in
3099 4077 3337 4133 ecclesia
3368 4078 3441 4132 ab
3470 4078 3758 4148 episc0po
3782 4076 3874 4148 die

2226 4154 2376 4204 recta
2422 4149 2538 4203 haec
2582 4149 2907 4205 ministeria
2950 4149 3394 4214 celebrarentur,
3443 4147 3514 4202 et
3541 4149 3615 4202 ad
3669 4147 3872 4204 Zosimi

2224 4223 2476 4290 tempora
2501 4220 2579 4275 ita
2611 4219 2969 4276 observatum
2996 4227 3099 4276 est.
3127 4220 3417 4276 Censenda
3445 4220 3647 4290 itaque
3669 4228 3760 4274 est
3778 4233 3875 4275 ex-

2223 4291 2611 4346 traordinaria
2640 4293 2955 4360 concessio,
2978 4306 3107 4347 cum
3136 4298 3320 4348 status
3345 4291 3680 4346 dirutarum
3703 4291 3875 4345 eccle-

2225 4361 2465 4434 siarum,
2511 4366 2611 4418 aut
2642 4362 2775 4419 ﬁsco
2818 4363 3176 4426 addictarum
3217 4364 3491 4434 exigeret,
3524 4368 3594 4418 ut
3625 4376 3660 4418 a
3696 4361 3872 4432 priori

539 4425 785 4507 Linca‘5.
805 4456 879 4507 -:
902 4424 1110 4507 Titulos
1133 4426 1194 4507 in
1219 4425 2113 4507 Urbe.constituit._Diocletiantea
2138 4446 2191 4507 ι)
2224 4424 2536 4503 disciplina
2566 4424 2926 4504 dispensaret
2955 4435 3277 4491 Marcellus.

470 4498 1113 4588 γενεθριηξωςρίεὲιξὲε,
1132 4495 1418 4588 atere
1450 4497 1662 4588 me.
1678 4497 1830 4588 19°:
1846 4509 2115 4588 aerata

470 4567 594 4644 ipsa
619 4571 943 4644 cmmeteria
984 4567 1371 4644 ﬁsco_addixit
1394 4585 1412 4644 _:
1444 4573 1500 4623 et
1516 4569 1941 4644 Aquidemtama
1975 4567 2114 4629 mi-

469 4639 578 4716 que
598 4642 1006 4716 destructione,
1032 4645 1096 4696 ut
1113 4639 1485 4716 Constantius
1513 4640 1570 4696 in
1598 4641 1808 4698 Galliis
1829 4657 2018 4716 agens,
2041 4651 2115 4701 et-

467 4711 517 4772 s'i
535 4731 566 4772 a
586 4713 1042 4786 persecutionum
1061 4711 1281 4786 saevitia
1292 4711 1890 4786 judicescoercuerit,‘
1906 4716 2115 4772 nihilo-

471 4783 668 4855 minus
693 4783 966 4855 impedire
989 4783 1315 4851 nequiverit
1334 4783 1706 4855 ecclesiarum,
1727 4783 2112 4843 devastionem

469 4851 957 4922 Lactantio'teste,
990 4855 1060 4909 de
1102 4855 1268 4908 Mort.
1318 4867 1528 4922 persec.
1561 4869 1612 4909 c.
1648 4852 1734 4910 45.
1771 4877 1797 4908 α
1829 4858 2114 4914 Constan-

473 4933 592 4986 tius
632 4941 701 4984 ne
733 4925 1045 4998 dissentire
1072 4937 1103 4978 a
1146 4925 1423 4998 majorum
1473 4927 1770 4998 prieceptis
1798 4929 2108 4998 videretur,

472 4998 891 5066 conventicula,
926 4996 982 5050 id
1015 5000 1100 5050 est
1132 4996 1398 5064 parietes,
1431 4997 1532 5065 qui
1567 4998 1794 5054 restitui
1833 4996 2108 5067 poterant,

469 5072 628 5129 dirui
662 5083 866 5140 passus
894 5074 1234 5140 estgverum
1275 5067 1591 5122 autemDei
1627 5069 1921 5138 templum,
1961 5071 2109 5140 quod

472 5151 556 5200 est
589 5136 1026 5198 in'hominibus
1067 5136 1356 5192 incolume
1395 5140 1660 5193 servavit.
1693 5158 1718 5189 υ
1746 5136 1811 5195 In
1843 5136 2114 5198 domibus

467 5228 622 5285 ergo,
650 5217 733 5279 et,
761 5218 823 5266 ut
854 5223 1001 5285 reor,
1027 5209 1082 5263 in
1115 5208 1464 5285 privatorum
1487 5210 1762 5285 oratoriis
1786 5212 1875 5284 (de
1900 5213 2115 5285 quibus

472 5278 645 5355 supra
682 5278 1009 5355 actumest)
1038 5278 1548 5355 commodioribus,
1595 5279 1694 5336 ubi
1741 5278 2116 5341 servabantur

473 5350 781 5426 martyrum
803 5350 1075 5426 cadavera
1097 5350 1299 5426 titulos
1319 5350 1467 5405 alios
1487 5355 1839 5426 consecravit
1863 5373 1878 5422 ;
1901 5361 1955 5409 et
1976 5357 2113 5412 dum

474 5427 591 5483 hac
616 5422 964 5496 disponeret,
999 5422 1069 5478 ab
1111 5423 1451 5488 imperatore
1490 5425 2013 5493 comprehenditur,
2052 5434 2115 5483 ut

473 5512 602 5553 mox
640 5498 878 5553 dicitur.
924 5496 1026 5548 Hic
1064 5498 1371 5547 coarctatus
1405 5498 1505 5567 est,
1551 5499 1599 5548 et
1643 5500 1841 5562 tentus,
1873 5513 1930 5551 eo
1970 5499 2115 5567 quod

470 5569 763 5622 Ecclesium
787 5567 1090 5620 ordinaret.
1120 5567 1184 5618 Et
1209 5578 1337 5619 cum
1366 5563 1543 5620 alium
1572 5567 1808 5622 titulum
1835 5563 2114 5636 deputas—

473 5643 582 5708 set,
610 5638 705 5690 ubi
728 5638 834 5703 die,
870 5643 1156 5705 noctuque,
1191 5636 1427 5704 hymnis.
1451 5641 1501 5690 et
1524 5640 1862 5708 orationibus
1896 5642 2115 5696 Domino

468 5713 594 5766 Iesu
620 5707 829 5762 Christo
849 5709 1258 5777 conﬁtebantur,
1287 5713 1349 5763 ut
1375 5721 1502 5762 mox
1531 5707 1822 5771 subditur.
1851 5717 1905 5766 et
1927 5712 2114 5768 denuo

473 5777 764 5838 exturbati
795 5779 1086 5848 pontiﬁcis
1118 5781 1494 5848 propositum.
1528 5778 1684 5835 Unde
1707 5794 1846 5837 nova
1875 5782 1992 5838 haec
2019 5784 2117 5839 in-

478 5851 712 5911 stitutio
742 5847 1048 5907 titulorum
1088 5863 1200 5904 non
1225 5847 1318 5905 est
1344 5850 1623 5906 censenda
1665 5852 1850 5922 prima
1881 5854 1939 5908 in
1973 5854 2117 5911 Urbe

2297 4507 2369 4559 Et
2391 4507 2767 4574 pwnitentiam
2802 4507 3115 4560 multorum.
3158 4508 3235 4561 Ne
3265 4506 3400 4561 dum
3432 4505 3503 4560 de
3532 4505 3876 4560 Sacramen—

2226 4576 2329 4650 tali
2373 4576 2736 4650 absolutione
2782 4577 2837 4650 id
2882 4577 3323 4650 intelligendum
3372 4577 3566 4650 venit,
3595 4590 3794 4632 verum
3821 4581 3874 4629 et

2224 4648 2294 4704 de
2355 4647 2727 4720 deputatione
2786 4647 3107 4720 lapsorum'
3159 4650 3226 4705 ad
3293 4648 3646 4704 exercendas
3717 4653 3873 4720 actus

2226 4719 2600 4788 paenitentiae,
2662 4725 2725 4775 ut
2782 4717 2873 4775 iis
2914 4720 3152 4786 exactis,
3208 4720 3465 4776 ecclesiae
3518 4717 3870 4774 reconcilia-

2227 4796 2444 4846 rentur.
2475 4791 2771 4844 Multorum
2799 4792 3178 4861 erantlapsus
3207 4791 3263 4846 in
3290 4790 3718 4861 persecutione,
3744 4801 3874 4861 quo-

2225 4875 2352 4917 rum
2397 4862 2676 4930 jacturam
2730 4862 2898 4916 deﬂet
2940 4860 3180 4931 Optatus
3223 4860 3372 4918 libro
3412 4875 3452 4927 ι,
3495 4870 3552 4916 et
3588 4875 3690 4930 pro
3735 4860 3872 4929 ipsis

2223 4933 2394 4987 etiam
2441 4932 2783 5001 adjuvandis
2827 4932 3173 5003 presbyteris
3209 4935 3496 4989 concessit
3540 4931 3869 4987 facultatem

2226 5004 2738 5072 reconciliationis,
2777 5019 2898 5074 quae
2930 5004 3065 5059 olim
3102 5010 3386 5060 reservata
3423 5009 3548 5059 erat
3578 5004 3869 5074 episcopo,

2227 5088 2327 5130 nec
2356 5073 2600 5130 dabatur
2631 5073 2976 5144 presbyteris
3008 5076 3122 5130 nisi
3159 5076 3216 5130 in
3243 5089 3382 5131 casu
3414 5073 3784 5130 necessitatis
3807 5087 3869 5127 ex

2223 5146 2536 5214 episcopali
2580 5146 2965 5214 concessione,
3015 5154 3076 5202 ut
3105 5147 3344 5201 habetur
3371 5147 3429 5201 in
3457 5146 3660 5201 codice
3694 5157 3872 5199 cano-

2225 5229 2363 5272 num
2389 5216 2659 5288 Ecplesia:
2685 5216 2987 5286 Africanae,
3023 5216 3119 5273 ubi
3157 5217 3371 5288 legitur
3401 5223 3540 5272 tom.
3570 5219 3592 5272 Ι
3623 5215 3869 5280 Concil.,

2226 5301 2352 5358 pag.
2382 5283 2524 5342 870:
2563 5287 2895 5358 «Aurelius
2923 5283 3410 5358 episcopusdixit
3437 5307 3450 5343 :
3482 5288 3542 5344 Si
3574 5288 3868 5356 quispiam

2227 5357 2286 5413 in
2307 5357 2575 5428 periculo
2601 5357 2774 5414 fuerit
2805 5357 3178 5428 constitutus,
3205 5373 3260 5415 et
3285 5373 3344 5415 se
3372 5359 3745 5428 reconciliari
3774 5359 3874 5412 di-

2223 5427 2375 5485 vinis
2399 5428 2682 5485 altaribus
2717 5431 2981 5500 petierit:
3010 5431 3067 5485 Si
3092 5427 3400 5500 episcopus
3430 5429 3640 5484 absens
3671 5427 3872 5491 fuerit,

2223 5500 2390 5557 debet
2423 5501 2622 5571 utique
2654 5501 2943 5571 presbyter
2980 5503 3276 5558 consulere
3306 5503 3667 5571 episcopum,
3698 5508 3759 5554 et
3789 5501 3876 5555 sic

2227 5572 2666 5641 periclitantem,
2695 5574 2818 5642 ejus
2842 5580 3118 5643 praecepto
3146 5573 3594 5643 reconciliare.»
3625 5571 3880 5641 ltigidis-

2227 5644 2372 5698 sima
2400 5648 2537 5700 tunc
2558 5651 2678 5700 erat
2701 5642 3169 5713 disciplinacum
3198 5645 3376 5714 lapsis
3403 5642 3686 5714 adhibita,
3721 5657 3885 5712 pne-

2225 5716 2394 5785 cipue
2426 5716 2524 5786 qui
2559 5715 2864 5771 traditores
2895 5713 3395 5787 nuncupabantur.
3429 5713 3595 5787 Unde,
3620 5714 3679 5768 in
3710 5715 3886 5769 Actis

2228 5795 2540 5856 martyrum
2571 5787 2776 5844 Donati
2805 5793 2863 5842 et
2890 5786 3203 5857 sociorum,
3237 5786 3440 5857 fideles.
3459 5786 3678 5857 sapius
3705 5798 3888 5842 com-

2227 5855 2531 5915 monebant
2570 5859 2714 5928 (post
2736 5857 2940 5930 Optati
2973 5875 3155 5931 opera,
3191 5855 3331 5933 pag.
3370 5855 3502 5932 402)
3523 5855 3605 5914 ζα
3631 5857 3694 5914 Si
3740 5857 3896 5930 quis
