  <div class='ocr_page' id='page_1' title='image "/cluster/home/n/w/nwhite01/storage/ocr_20150623/127/hvd.32044054759881/748.png"; bbox 0 0 4072 6176; ppageno 0'>
   <div class='ocr_carea' id='block_1_1' title="bbox 196 309 341 369">
    <p class='ocr_par' dir='ltr' id='par_1_1' title="bbox 196 309 341 369">
     <span class='ocr_line' id='line_1_1' title="bbox 196 309 341 369; baseline -0.007 0"><span class='ocrx_word' id='word_1_1' title='bbox 196 309 341 369; x_wconf 67' lang='grc'><strong>4485</strong></span> 
     </span>
    </p>
   </div>
   <div class='ocr_carea' id='block_1_2' title="bbox 1013 315 2793 386">
    <p class='ocr_par' dir='ltr' id='par_1_2' title="bbox 1013 315 2793 386">
     <span class='ocr_line' id='line_1_2' title="bbox 1013 315 2793 386; baseline 0.007 -15"><span class='ocrx_word' id='word_1_2' title='bbox 1013 315 1330 374; x_wconf 81' lang='lat' dir='ltr'><strong>HISTORIA</strong></span> <span class='ocrx_word' id='word_1_3' title='bbox 1368 319 1460 375; x_wconf 86' lang='lat' dir='ltr'><strong>DE</strong></span> <span class='ocrx_word' id='word_1_4' title='bbox 1495 319 1670 376; x_wconf 85' lang='lat' dir='ltr'><strong>VITIS</strong></span> <span class='ocrx_word' id='word_1_5' title='bbox 1708 318 1878 377; x_wconf 84' lang='lat' dir='ltr'><strong>ROM.</strong></span> <span class='ocrx_word' id='word_1_6' title='bbox 1925 319 2124 377; x_wconf 77' lang='lat' dir='ltr'><strong>PONT.</strong></span> <span class='ocrx_word' id='word_1_7' title='bbox 2165 353 2235 366; x_wconf 89' lang='lat'><strong>—-</strong></span> <span class='ocrx_word' id='word_1_8' title='bbox 2270 326 2326 385; x_wconf 91' lang='lat' dir='ltr'><strong>S.</strong></span> <span class='ocrx_word' id='word_1_9' title='bbox 2369 327 2793 386; x_wconf 81' lang='lat' dir='ltr'><strong>MARCELLUS.</strong></span> 
     </span>
    </p>
   </div>
   <div class='ocr_carea' id='block_1_3' title="bbox 3462 333 3601 397">
    <p class='ocr_par' dir='ltr' id='par_1_3' title="bbox 3462 333 3601 397">
     <span class='ocr_line' id='line_1_3' title="bbox 3462 333 3601 397; baseline 0.036 -5"><span class='ocrx_word' id='word_1_10' title='bbox 3462 333 3601 397; x_wconf 67' lang='grc'><strong>4486</strong></span> 
     </span>
    </p>
   </div>
   <div class='ocr_carea' id='block_1_4' title="bbox 197 435 3602 519">
    <p class='ocr_par' dir='ltr' id='par_1_4' title="bbox 197 435 3602 519">
     <span class='ocr_line' id='line_1_4' title="bbox 197 435 3602 519; baseline 0.006 -27"><span class='ocrx_word' id='word_1_11' title='bbox 197 435 1160 519; x_wconf 36' lang='lat' dir='ltr'><strong>traditoribus.communicaverit,</strong></span> <span class='ocrx_word' id='word_1_12' title='bbox 1203 440 1502 497; x_wconf 91' lang='lat' dir='ltr'><strong>nobiscum</strong></span> <span class='ocrx_word' id='word_1_13' title='bbox 1542 446 1757 512; x_wconf 89' lang='lat' dir='ltr'><strong>partem</strong></span> <span class='ocrx_word' id='word_1_14' title='bbox 1791 442 1850 498; x_wconf 90' lang='lat' dir='ltr'><strong>in</strong></span> <span class='ocrx_word' id='word_1_15' title='bbox 1871 441 1930 502; x_wconf 92' lang='lat' dir='ltr'><strong>A</strong></span> <span class='ocrx_word' id='word_1_16' title='bbox 1961 447 2081 499; x_wconf 92' lang='lat' dir='ltr'><strong>tum</strong></span> <span class='ocrx_word' id='word_1_17' title='bbox 2115 452 2436 519; x_wconf 78' lang='lat' dir='ltr'><strong>martyrem,</strong></span> <span class='ocrx_word' id='word_1_18' title='bbox 2473 455 2536 505; x_wconf 95' lang='lat' dir='ltr'><strong>ut</strong></span> <span class='ocrx_word' id='word_1_19' title='bbox 2569 455 2890 507; x_wconf 82' lang='lat' dir='ltr'><strong>occurreret</strong></span> <span class='ocrx_word' id='word_1_20' title='bbox 2930 453 3241 512; x_wconf 86' lang='lat' dir='ltr'><strong>calumniis</strong></span> <span class='ocrx_word' id='word_1_21' title='bbox 3268 457 3602 514; x_wconf 85' lang='lat' dir='ltr'><strong>Donatista-</strong></span> 
     </span>
    </p>
   </div>
   <div class='ocr_carea' id='block_1_5' title="bbox 197 508 1244 579">
    <p class='ocr_par' dir='ltr' id='par_1_5' title="bbox 197 508 1244 579">
     <span class='ocr_line' id='line_1_5' title="bbox 197 508 1244 579; baseline -0.004 -14"><span class='ocrx_word' id='word_1_22' title='bbox 197 509 396 579; x_wconf 83' lang='lat' dir='ltr'><strong>regnis</strong></span> <span class='ocrx_word' id='word_1_23' title='bbox 420 508 752 579; x_wconf 61' lang='lat' dir='ltr'><strong>ctglestihus</strong></span> <span class='ocrx_word' id='word_1_24' title='bbox 775 523 885 566; x_wconf 91' lang='lat' dir='ltr'><strong>non</strong></span> <span class='ocrx_word' id='word_1_25' title='bbox 932 508 1182 567; x_wconf 77' lang='lat' dir='ltr'><strong>habebit.</strong></span> <span class='ocrx_word' id='word_1_26' title='bbox 1218 529 1244 561; x_wconf 81' lang='lat'>»</span> 
     </span>
    </p>
   </div>
   <div class='ocr_carea' id='block_1_6' title="bbox 267 575 1849 653">
    <p class='ocr_par' dir='ltr' id='par_1_6' title="bbox 267 575 1849 653">
     <span class='ocr_line' id='line_1_6' title="bbox 267 575 1849 653; baseline 0.004 -19"><span class='ocrx_word' id='word_1_27' title='bbox 267 575 443 653; x_wconf 77' lang='lat' dir='ltr'><strong>Linea</strong></span> <span class='ocrx_word' id='word_1_28' title='bbox 555 609 627 653; x_wconf 53' lang='grc' dir='ltr'><strong>-έ-</strong></span> <span class='ocrx_word' id='word_1_29' title='bbox 670 582 743 634; x_wconf 89' lang='lat' dir='ltr'><strong>Et</strong></span> <span class='ocrx_word' id='word_1_30' title='bbox 769 587 994 651; x_wconf 77' lang='lat' dir='ltr'><strong>propter</strong></span> <span class='ocrx_word' id='word_1_31' title='bbox 1019 584 1332 652; x_wconf 81' lang='lat' dir='ltr'><strong>sepulturas</strong></span> <span class='ocrx_word' id='word_1_32' title='bbox 1360 589 1686 653; x_wconf 83' lang='lat' dir='ltr'><strong>martyrum.</strong></span> <span class='ocrx_word' id='word_1_33' title='bbox 1709 585 1849 641; x_wconf 87' lang='lat' dir='ltr'><strong>Cum</strong></span> 
     </span>
    </p>
   </div>
   <div class='ocr_carea' id='block_1_7' title="bbox 197 651 1852 727">
    <p class='ocr_par' dir='ltr' id='par_1_7' title="bbox 197 651 1852 727">
     <span class='ocr_line' id='line_1_7' title="bbox 197 651 1852 727; baseline 0.004 -21"><span class='ocrx_word' id='word_1_34' title='bbox 197 651 546 727; x_wconf 81' lang='lat' dir='ltr'><strong>presbyteris</strong></span> <span class='ocrx_word' id='word_1_35' title='bbox 567 652 994 727; x_wconf 82' lang='lat' dir='ltr'><strong>demandaverit</strong></span> <span class='ocrx_word' id='word_1_36' title='bbox 1009 651 1203 710; x_wconf 82' lang='lat' dir='ltr'><strong>curam</strong></span> <span class='ocrx_word' id='word_1_37' title='bbox 1223 669 1323 725; x_wconf 90' lang='lat' dir='ltr'><strong>pro</strong></span> <span class='ocrx_word' id='word_1_38' title='bbox 1339 651 1649 727; x_wconf 83' lang='lat' dir='ltr'><strong>martyrum</strong></span> <span class='ocrx_word' id='word_1_39' title='bbox 1668 656 1852 727; x_wconf 82' lang='lat' dir='ltr'><strong>sepul-</strong></span> 
     </span>
    </p>
   </div>
   <div class='ocr_carea' id='block_1_8' title="bbox 197 722 1851 792">
    <p class='ocr_par' dir='ltr' id='par_1_8' title="bbox 197 722 1851 792">
     <span class='ocr_line' id='line_1_8' title="bbox 197 722 1851 792; baseline 0.004 -15"><span class='ocrx_word' id='word_1_40' title='bbox 197 724 370 788; x_wconf 90' lang='lat' dir='ltr'><strong>turis,</strong></span> <span class='ocrx_word' id='word_1_41' title='bbox 389 722 605 792; x_wconf 88' lang='lat' dir='ltr'><strong>quibus</strong></span> <span class='ocrx_word' id='word_1_42' title='bbox 626 724 831 780; x_wconf 76' lang='lat' dir='ltr'><strong>titulos</strong></span> <span class='ocrx_word' id='word_1_43' title='bbox 845 722 1851 792; x_wconf 71' lang='lat' dir='ltr'><strong>commisit,exinderoberaturfacta</strong></span> 
     </span>
    </p>
   </div>
   <div class='ocr_carea' id='block_1_9' title="bbox 193 795 1852 870">
    <p class='ocr_par' dir='ltr' id='par_1_9' title="bbox 193 795 1852 870">
     <span class='ocr_line' id='line_1_9' title="bbox 193 795 1852 870; baseline 0.002 -20"><span class='ocrx_word' id='word_1_44' title='bbox 193 795 467 864; x_wconf 87' lang='lat' dir='ltr'><strong>superius</strong></span> <span class='ocrx_word' id='word_1_45' title='bbox 511 796 926 870; x_wconf 82' lang='lat' dir='ltr'><strong>conjecturain</strong></span> <span class='ocrx_word' id='word_1_46' title='bbox 970 797 1341 867; x_wconf 87' lang='lat' dir='ltr'><strong>Eutychiano,</strong></span> <span class='ocrx_word' id='word_1_47' title='bbox 1377 801 1527 870; x_wconf 91' lang='lat' dir='ltr'><strong>quod</strong></span> <span class='ocrx_word' id='word_1_48' title='bbox 1561 799 1852 869; x_wconf 83' lang='lat' dir='ltr'><strong>presbyter</strong></span> 
     </span>
    </p>
   </div>
   <div class='ocr_carea' id='block_1_10' title="bbox 195 866 1851 941">
    <p class='ocr_par' dir='ltr' id='par_1_10' title="bbox 195 866 1851 941">
     <span class='ocr_line' id='line_1_10' title="bbox 195 866 1851 941; baseline 0.004 -21"><span class='ocrx_word' id='word_1_49' title='bbox 195 873 510 936; x_wconf 76' lang='lat' dir='ltr'><strong>martyrum</strong></span> <span class='ocrx_word' id='word_1_50' title='bbox 531 866 983 941; x_wconf 80' lang='lat' dir='ltr'><strong>sollicitudinem</strong></span> <span class='ocrx_word' id='word_1_51' title='bbox 1014 866 1282 941; x_wconf 81' lang='lat' dir='ltr'><strong>retineret</strong></span> <span class='ocrx_word' id='word_1_52' title='bbox 1302 866 1610 940; x_wconf 78' lang='lat' dir='ltr'><strong>sepeliendi</strong></span> <span class='ocrx_word' id='word_1_53' title='bbox 1634 866 1851 941; x_wconf 81' lang='lat' dir='ltr'><strong>marty-</strong></span> 
     </span>
    </p>
   </div>
   <div class='ocr_carea' id='block_1_11' title="bbox 192 938 1850 1010">
    <p class='ocr_par' dir='ltr' id='par_1_11' title="bbox 192 938 1850 1010">
     <span class='ocr_line' id='line_1_11' title="bbox 192 938 1850 1010; baseline 0.004 -18"><span class='ocrx_word' id='word_1_54' title='bbox 192 950 619 1010; x_wconf 86' lang='lat' dir='ltr'><strong>rumcorpora.</strong></span> <span class='ocrx_word' id='word_1_55' title='bbox 651 941 708 1010; x_wconf 88' lang='lat' dir='ltr'><strong>ln</strong></span> <span class='ocrx_word' id='word_1_56' title='bbox 742 938 845 994; x_wconf 87' lang='lat' dir='ltr'><strong>hac</strong></span> <span class='ocrx_word' id='word_1_57' title='bbox 867 953 996 995; x_wconf 91' lang='lat' dir='ltr'><strong>vero</strong></span> <span class='ocrx_word' id='word_1_58' title='bbox 1016 938 1420 997; x_wconf 72' lang='lat' dir='ltr'><strong>Diocletianzea</strong></span> <span class='ocrx_word' id='word_1_59' title='bbox 1456 938 1850 1010; x_wconf 85' lang='lat' dir='ltr'><strong>persecutione</strong></span> 
     </span>
    </p>
   </div>
   <div class='ocr_carea' id='block_1_12' title="bbox 195 1008 1851 1083">
    <p class='ocr_par' dir='ltr' id='par_1_12' title="bbox 195 1008 1851 1083">
     <span class='ocr_line' id='line_1_12' title="bbox 195 1008 1851 1083; baseline 0.004 -20"><span class='ocrx_word' id='word_1_60' title='bbox 195 1008 517 1083; x_wconf 89' lang='lat' dir='ltr'><strong>inhibitum</strong></span> <span class='ocrx_word' id='word_1_61' title='bbox 539 1009 890 1083; x_wconf 74' lang='lat' dir='ltr'><strong>Christianis</strong></span> <span class='ocrx_word' id='word_1_62' title='bbox 909 1025 1148 1080; x_wconf 89' lang='lat' dir='ltr'><strong>corpora</strong></span> <span class='ocrx_word' id='word_1_63' title='bbox 1178 1008 1487 1083; x_wconf 83' lang='lat' dir='ltr'><strong>martyrum</strong></span> <span class='ocrx_word' id='word_1_64' title='bbox 1518 1014 1774 1083; x_wconf 83' lang='lat' dir='ltr'><strong>sepeliri,</strong></span> <span class='ocrx_word' id='word_1_65' title='bbox 1794 1018 1851 1070; x_wconf 87' lang='lat' dir='ltr'><strong>et</strong></span> 
     </span>
    </p>
   </div>
   <div class='ocr_carea' id='block_1_13' title="bbox 193 1080 1848 1154">
    <p class='ocr_par' dir='ltr' id='par_1_13' title="bbox 193 1080 1848 1154">
     <span class='ocr_line' id='line_1_13' title="bbox 193 1080 1848 1154; baseline 0.004 -20"><span class='ocrx_word' id='word_1_66' title='bbox 193 1081 425 1154; x_wconf 87' lang='lat' dir='ltr'><strong>quidem</strong></span> <span class='ocrx_word' id='word_1_67' title='bbox 468 1094 628 1150; x_wconf 72' lang='lat' dir='ltr'><strong>paena</strong></span> <span class='ocrx_word' id='word_1_68' title='bbox 676 1080 955 1138; x_wconf 91' lang='lat' dir='ltr'><strong>bonorum</strong></span> <span class='ocrx_word' id='word_1_69' title='bbox 994 1080 1460 1154; x_wconf 83' lang='lat' dir='ltr'><strong>proscriptionis.</strong></span> <span class='ocrx_word' id='word_1_70' title='bbox 1512 1080 1662 1141; x_wconf 87' lang='lat' dir='ltr'><strong>Infra</strong></span> <span class='ocrx_word' id='word_1_71' title='bbox 1694 1080 1848 1141; x_wconf 88' lang='lat' dir='ltr'><strong>enim</strong></span> 
     </span>
    </p>
   </div>
   <div class='ocr_carea' id='block_1_14' title="bbox 188 1153 1850 1222">
    <p class='ocr_par' dir='ltr' id='par_1_14' title="bbox 188 1153 1850 1222">
     <span class='ocr_line' id='line_1_14' title="bbox 188 1153 1850 1222; baseline 0.004 -16"><span class='ocrx_word' id='word_1_72' title='bbox 188 1153 431 1217; x_wconf 91' lang='lat' dir='ltr'><strong>dicitur,</strong></span> <span class='ocrx_word' id='word_1_73' title='bbox 465 1155 738 1222; x_wconf 83' lang='lat' dir='ltr'><strong>martyrio</strong></span> <span class='ocrx_word' id='word_1_74' title='bbox 759 1154 814 1208; x_wconf 92' lang='lat' dir='ltr'><strong>S.</strong></span> <span class='ocrx_word' id='word_1_75' title='bbox 845 1154 1172 1210; x_wconf 91' lang='lat' dir='ltr'><strong>Marcellum</strong></span> <span class='ocrx_word' id='word_1_76' title='bbox 1197 1153 1556 1212; x_wconf 34' lang='lat' dir='ltr'><strong>c&#39;oronatum-</strong></span> <span class='ocrx_word' id='word_1_77' title='bbox 1597 1177 1632 1214; x_wconf 79' lang='grc' dir='ltr'><strong>α,</strong></span> <span class='ocrx_word' id='word_1_78' title='bbox 1656 1157 1850 1212; x_wconf 91' lang='lat' dir='ltr'><strong>Colle-</strong></span> 
     </span>
    </p>
   </div>
   <div class='ocr_carea' id='block_1_15' title="bbox 190 1223 1851 1295">
    <p class='ocr_par' dir='ltr' id='par_1_15' title="bbox 190 1223 1851 1295">
     <span class='ocr_line' id='line_1_15' title="bbox 190 1223 1851 1295; baseline 0.004 -18"><span class='ocrx_word' id='word_1_79' title='bbox 190 1225 277 1294; x_wconf 87' lang='lat' dir='ltr'><strong>git</strong></span> <span class='ocrx_word' id='word_1_80' title='bbox 309 1223 469 1278; x_wconf 89' lang='lat' dir='ltr'><strong>beata</strong></span> <span class='ocrx_word' id='word_1_81' title='bbox 502 1225 738 1292; x_wconf 88' lang='lat' dir='ltr'><strong>Lucina,</strong></span> <span class='ocrx_word' id='word_1_82' title='bbox 781 1231 838 1280; x_wconf 89' lang='lat' dir='ltr'><strong>et</strong></span> <span class='ocrx_word' id='word_1_83' title='bbox 861 1225 1165 1295; x_wconf 84' lang='lat' dir='ltr'><strong>sepelivit;</strong></span> <span class='ocrx_word' id='word_1_84' title='bbox 1196 1246 1220 1278; x_wconf 76' lang='lat' dir='ltr'><strong>n</strong></span> <span class='ocrx_word' id='word_1_85' title='bbox 1245 1234 1300 1282; x_wconf 90' lang='lat' dir='ltr'><strong>et</strong></span> <span class='ocrx_word' id='word_1_86' title='bbox 1325 1228 1632 1284; x_wconf 88' lang='lat' dir='ltr'><strong>subditur:</strong></span> <span class='ocrx_word' id='word_1_87' title='bbox 1671 1249 1696 1280; x_wconf 83' lang='lat'>«</span> <span class='ocrx_word' id='word_1_88' title='bbox 1733 1231 1851 1283; x_wconf 74' lang='lat' dir='ltr'><strong>Lu—</strong></span> 
     </span>
    </p>
   </div>
   <div class='ocr_carea' id='block_1_16' title="bbox 189 1296 1850 1369">
    <p class='ocr_par' dir='ltr' id='par_1_16' title="bbox 189 1296 1850 1369">
     <span class='ocr_line' id='line_1_16' title="bbox 189 1296 1850 1369; baseline 0.004 -21"><span class='ocrx_word' id='word_1_89' title='bbox 189 1297 322 1369; x_wconf 75' lang='lat' dir='ltr'><strong>cina</strong></span> <span class='ocrx_word' id='word_1_90' title='bbox 355 1307 489 1369; x_wconf 56' lang='lat' dir='ltr'><strong>vero</strong></span> <span class='ocrx_word' id='word_1_91' title='bbox 519 1296 939 1369; x_wconf 84' lang='lat' dir='ltr'><strong>proscriptione</strong></span> <span class='ocrx_word' id='word_1_92' title='bbox 967 1298 1232 1369; x_wconf 89' lang='lat' dir='ltr'><strong>damnata</strong></span> <span class='ocrx_word' id='word_1_93' title='bbox 1264 1306 1368 1355; x_wconf 89' lang='lat' dir='ltr'><strong>est.</strong></span> <span class='ocrx_word' id='word_1_94' title='bbox 1402 1319 1426 1349; x_wconf 70' lang='grc' dir='ltr'><strong><em>υ</em></strong></span> <span class='ocrx_word' id='word_1_95' title='bbox 1462 1302 1603 1354; x_wconf 89' lang='lat' dir='ltr'><strong>Hinc</strong></span> <span class='ocrx_word' id='word_1_96' title='bbox 1627 1301 1685 1354; x_wconf 93' lang='lat' dir='ltr'><strong>in</strong></span> <span class='ocrx_word' id='word_1_97' title='bbox 1716 1312 1850 1369; x_wconf 89' lang='lat' dir='ltr'><strong>qua-</strong></span> 
     </span>
    </p>
   </div>
   <div class='ocr_carea' id='block_1_17' title="bbox 192 1365 1844 1440">
    <p class='ocr_par' dir='ltr' id='par_1_17' title="bbox 192 1365 1844 1440">
     <span class='ocr_line' id='line_1_17' title="bbox 192 1365 1844 1440; baseline 0.003 -21"><span class='ocrx_word' id='word_1_98' title='bbox 192 1365 336 1440; x_wconf 85' lang='lat' dir='ltr'><strong>libet</strong></span> <span class='ocrx_word' id='word_1_99' title='bbox 364 1366 619 1440; x_wconf 75' lang='lat' dir='ltr'><strong>Ecclesia</strong></span> <span class='ocrx_word' id='word_1_100' title='bbox 648 1367 1071 1437; x_wconf 83' lang='lat' dir='ltr'><strong>multiplicatur</strong></span> <span class='ocrx_word' id='word_1_101' title='bbox 1103 1368 1384 1426; x_wconf 90' lang='lat' dir='ltr'><strong>fossorum</strong></span> <span class='ocrx_word' id='word_1_102' title='bbox 1416 1385 1708 1432; x_wconf 84' lang='lat' dir='ltr'><strong>numerus,</strong></span> <span class='ocrx_word' id='word_1_103' title='bbox 1734 1365 1844 1440; x_wconf 55' lang='lat' dir='ltr'><strong>&#39;qui</strong></span> 
     </span>
    </p>
   </div>
   <div class='ocr_carea' id='block_1_18' title="bbox 192 1437 1848 1510">
    <p class='ocr_par' dir='ltr' id='par_1_18' title="bbox 192 1437 1848 1510">
     <span class='ocr_line' id='line_1_18' title="bbox 192 1437 1848 1510; baseline 0.003 -19"><span class='ocrx_word' id='word_1_104' title='bbox 192 1439 250 1492; x_wconf 95' lang='lat' dir='ltr'><strong>in</strong></span> <span class='ocrx_word' id='word_1_105' title='bbox 281 1437 539 1510; x_wconf 86' lang='lat' dir='ltr'><strong>indiculo</strong></span> <span class='ocrx_word' id='word_1_106' title='bbox 566 1439 847 1510; x_wconf 87' lang='lat' dir='ltr'><strong>cujusque</strong></span> <span class='ocrx_word' id='word_1_107' title='bbox 871 1440 1153 1508; x_wconf 68' lang='lat' dir='ltr'><strong>Ecclesiae,</strong></span> <span class='ocrx_word' id='word_1_108' title='bbox 1178 1442 1276 1497; x_wconf 93' lang='lat' dir='ltr'><strong>ubi</strong></span> <span class='ocrx_word' id='word_1_109' title='bbox 1302 1456 1574 1497; x_wconf 90' lang='lat' dir='ltr'><strong>numerus</strong></span> <span class='ocrx_word' id='word_1_110' title='bbox 1599 1437 1848 1496; x_wconf 81' lang='lat' dir='ltr'><strong>clerico—</strong></span> 
     </span>
    </p>
   </div>
   <div class='ocr_carea' id='block_1_19' title="bbox 191 1508 1837 1583">
    <p class='ocr_par' dir='ltr' id='par_1_19' title="bbox 191 1508 1837 1583">
     <span class='ocr_line' id='line_1_19' title="bbox 191 1508 1837 1583; baseline 0.004 -21"><span class='ocrx_word' id='word_1_111' title='bbox 191 1523 352 1583; x_wconf 61' lang='lat' dir='ltr'><strong>rum</strong></span> <span class='ocrx_word' id='word_1_112' title='bbox 379 1508 702 1583; x_wconf 83' lang='lat' dir='ltr'><strong>notabatur,</strong></span> <span class='ocrx_word' id='word_1_113' title='bbox 735 1508 908 1583; x_wconf 75' lang='lat' dir='ltr'><strong>etiam</strong></span> <span class='ocrx_word' id='word_1_114' title='bbox 961 1510 1210 1568; x_wconf 89' lang='lat' dir='ltr'><strong>fossores</strong></span> <span class='ocrx_word' id='word_1_115' title='bbox 1249 1514 1509 1568; x_wconf 74' lang='lat' dir='ltr'><strong>recensiti</strong></span> <span class='ocrx_word' id='word_1_116' title='bbox 1539 1513 1837 1583; x_wconf 86' lang='lat' dir='ltr'><strong>leguntur.</strong></span> 
     </span>
    </p>
   </div>
   <div class='ocr_carea' id='block_1_20' title="bbox 189 1580 1848 1654">
    <p class='ocr_par' dir='ltr' id='par_1_20' title="bbox 189 1580 1848 1654">
     <span class='ocr_line' id='line_1_20' title="bbox 189 1580 1848 1654; baseline 0.004 -21"><span class='ocrx_word' id='word_1_117' title='bbox 189 1580 415 1654; x_wconf 73' lang='lat' dir='ltr'><strong>Etenim</strong></span> <span class='ocrx_word' id='word_1_118' title='bbox 440 1580 503 1654; x_wconf 93' lang='lat' dir='ltr'><strong>_in</strong></span> <span class='ocrx_word' id='word_1_119' title='bbox 531 1581 784 1654; x_wconf 73' lang='lat' dir='ltr'><strong>Ecclesia</strong></span> <span class='ocrx_word' id='word_1_120' title='bbox 804 1582 1074 1638; x_wconf 83' lang='lat' dir='ltr'><strong>Africana</strong></span> <span class='ocrx_word' id='word_1_121' title='bbox 1102 1589 1353 1654; x_wconf 88' lang='lat' dir='ltr'><strong>tempore</strong></span> <span class='ocrx_word' id='word_1_122' title='bbox 1383 1586 1555 1654; x_wconf 88' lang='lat' dir='ltr'><strong>hujus</strong></span> <span class='ocrx_word' id='word_1_123' title='bbox 1589 1580 1848 1654; x_wconf 81' lang='lat' dir='ltr'><strong>persecu-</strong></span> 
     </span>
    </p>
   </div>
   <div class='ocr_carea' id='block_1_21' title="bbox 189 1651 1842 1720">
    <p class='ocr_par' dir='ltr' id='par_1_21' title="bbox 189 1651 1842 1720">
     <span class='ocr_line' id='line_1_21' title="bbox 189 1651 1842 1720; baseline 0.003 -15"><span class='ocrx_word' id='word_1_124' title='bbox 189 1651 374 1706; x_wconf 90' lang='lat' dir='ltr'><strong>tionis</strong></span> <span class='ocrx_word' id='word_1_125' title='bbox 402 1651 596 1720; x_wconf 90' lang='lat' dir='ltr'><strong>plures</strong></span> <span class='ocrx_word' id='word_1_126' title='bbox 625 1651 804 1709; x_wconf 91' lang='lat' dir='ltr'><strong>fuisse</strong></span> <span class='ocrx_word' id='word_1_127' title='bbox 825 1654 1031 1710; x_wconf 89' lang='lat' dir='ltr'><strong>docent</strong></span> <span class='ocrx_word' id='word_1_128' title='bbox 1060 1655 1198 1710; x_wconf 82' lang='lat' dir='ltr'><strong>Acta</strong></span> <span class='ocrx_word' id='word_1_129' title='bbox 1223 1651 1842 1720; x_wconf 52' lang='lat' dir='ltr'><strong>Felicis,&#39;ubi&#39;indicu-</strong></span> 
     </span>
    </p>
   </div>
   <div class='ocr_carea' id='block_1_22' title="bbox 189 1722 1844 1798">
    <p class='ocr_par' dir='ltr' id='par_1_22' title="bbox 189 1722 1844 1798">
     <span class='ocr_line' id='line_1_22' title="bbox 189 1722 1844 1798; baseline 0.002 -20"><span class='ocrx_word' id='word_1_130' title='bbox 189 1722 285 1798; x_wconf 89' lang='lat' dir='ltr'><strong>l_us</strong></span> <span class='ocrx_word' id='word_1_131' title='bbox 316 1724 392 1798; x_wconf 77' lang='lat' dir='ltr'><strong>ita</strong></span> <span class='ocrx_word' id='word_1_132' title='bbox 417 1725 567 1798; x_wconf 86' lang='lat' dir='ltr'><strong>apud</strong></span> <span class='ocrx_word' id='word_1_133' title='bbox 613 1723 879 1798; x_wconf 76' lang='lat' dir='ltr'><strong>Optatum</strong></span> <span class='ocrx_word' id='word_1_134' title='bbox 925 1739 1050 1798; x_wconf 78' lang='lat' dir='ltr'><strong>pag.</strong></span> <span class='ocrx_word' id='word_1_135' title='bbox 1084 1724 1154 1781; x_wconf 82' lang='lat'><strong>92</strong></span> <span class='ocrx_word' id='word_1_136' title='bbox 1188 1726 1510 1796; x_wconf 84' lang='lat' dir='ltr'><strong>profertur:</strong></span> <span class='ocrx_word' id='word_1_137' title='bbox 1545 1747 1571 1778; x_wconf 80' lang='grc' dir='ltr'><strong>α</strong></span> <span class='ocrx_word' id='word_1_138' title='bbox 1603 1727 1844 1798; x_wconf 85' lang='lat' dir='ltr'><strong>sedente</strong></span> 
     </span>
    </p>
   </div>
   <div class='ocr_carea' id='block_1_23' title="bbox 189 1794 1841 1864">
    <p class='ocr_par' dir='ltr' id='par_1_23' title="bbox 189 1794 1841 1864">
     <span class='ocr_line' id='line_1_23' title="bbox 189 1794 1841 1864; baseline 0.003 -17"><span class='ocrx_word' id='word_1_139' title='bbox 189 1794 370 1848; x_wconf 88' lang='lat' dir='ltr'><strong>Paulo</strong></span> <span class='ocrx_word' id='word_1_140' title='bbox 419 1796 709 1864; x_wconf 88' lang='lat' dir='ltr'><strong>episc0po,</strong></span> <span class='ocrx_word' id='word_1_141' title='bbox 744 1794 1024 1852; x_wconf 59' lang='lat' dir='ltr'><strong>Montano&#39;</strong></span> <span class='ocrx_word' id='word_1_142' title='bbox 1041 1804 1096 1852; x_wconf 92' lang='lat' dir='ltr'><strong>et</strong></span> <span class='ocrx_word' id='word_1_143' title='bbox 1127 1794 1373 1864; x_wconf 80' lang='lat' dir='ltr'><strong>Victore,</strong></span> <span class='ocrx_word' id='word_1_144' title='bbox 1423 1797 1744 1853; x_wconf 82' lang='lat' dir='ltr'><strong>Deusatilio</strong></span> <span class='ocrx_word' id='word_1_145' title='bbox 1785 1802 1841 1852; x_wconf 91' lang='lat' dir='ltr'><strong>et</strong></span> 
     </span>
    </p>
   </div>
   <div class='ocr_carea' id='block_1_24' title="bbox 188 1866 1843 1937">
    <p class='ocr_par' dir='ltr' id='par_1_24' title="bbox 188 1866 1843 1937">
     <span class='ocr_line' id='line_1_24' title="bbox 188 1866 1843 1937; baseline 0.002 -17"><span class='ocrx_word' id='word_1_146' title='bbox 188 1866 464 1920; x_wconf 86' lang='lat' dir='ltr'><strong>Memorio</strong></span> <span class='ocrx_word' id='word_1_147' title='bbox 499 1866 844 1937; x_wconf 87' lang='lat' dir='ltr'><strong>presbyteris</strong></span> <span class='ocrx_word' id='word_1_148' title='bbox 872 1887 883 1922; x_wconf 88' lang='lat'><strong>:</strong></span> <span class='ocrx_word' id='word_1_149' title='bbox 918 1874 1141 1924; x_wconf 87' lang='lat' dir='ltr'><strong>astante</strong></span> <span class='ocrx_word' id='word_1_150' title='bbox 1168 1873 1341 1926; x_wconf 88' lang='lat' dir='ltr'><strong>Marte</strong></span> <span class='ocrx_word' id='word_1_151' title='bbox 1369 1883 1498 1925; x_wconf 92' lang='lat' dir='ltr'><strong>cum</strong></span> <span class='ocrx_word' id='word_1_152' title='bbox 1527 1869 1688 1924; x_wconf 85' lang='lat' dir='ltr'><strong>Helio</strong></span> <span class='ocrx_word' id='word_1_153' title='bbox 1707 1868 1843 1924; x_wconf 89' lang='lat' dir='ltr'><strong>dia-</strong></span> 
     </span>
    </p>
   </div>
   <div class='ocr_carea' id='block_1_25' title="bbox 188 1939 1844 2008">
    <p class='ocr_par' dir='ltr' id='par_1_25' title="bbox 188 1939 1844 2008">
     <span class='ocr_line' id='line_1_25' title="bbox 188 1939 1844 2008; baseline 0.002 -16"><span class='ocrx_word' id='word_1_154' title='bbox 188 1950 365 1992; x_wconf 92' lang='lat' dir='ltr'><strong>cono:</strong></span> <span class='ocrx_word' id='word_1_155' title='bbox 404 1939 701 2008; x_wconf 87' lang='lat' dir='ltr'><strong>Marculio,</strong></span> <span class='ocrx_word' id='word_1_156' title='bbox 724 1939 1010 2000; x_wconf 78' lang='lat' dir='ltr'><strong>Catulino.</strong></span> <span class='ocrx_word' id='word_1_157' title='bbox 1044 1940 1274 1998; x_wconf 89' lang='lat' dir='ltr'><strong>Silvano</strong></span> <span class='ocrx_word' id='word_1_158' title='bbox 1305 1947 1360 1997; x_wconf 90' lang='lat' dir='ltr'><strong>et</strong></span> <span class='ocrx_word' id='word_1_159' title='bbox 1383 1943 1591 1996; x_wconf 88' lang='lat' dir='ltr'><strong>Caroso</strong></span> <span class='ocrx_word' id='word_1_160' title='bbox 1612 1940 1844 1996; x_wconf 88' lang='lat' dir='ltr'><strong>subdia-</strong></span> 
     </span>
    </p>
   </div>
   <div class='ocr_carea' id='block_1_26' title="bbox 188 2009 1844 2082">
    <p class='ocr_par' dir='ltr' id='par_1_26' title="bbox 188 2009 1844 2082">
     <span class='ocr_line' id='line_1_26' title="bbox 188 2009 1844 2082; baseline 0.001 -19"><span class='ocrx_word' id='word_1_161' title='bbox 188 2009 354 2082; x_wconf 88' lang='lat' dir='ltr'><strong>conis</strong></span> <span class='ocrx_word' id='word_1_162' title='bbox 384 2026 396 2061; x_wconf 92' lang='lat'><strong>:</strong></span> <span class='ocrx_word' id='word_1_163' title='bbox 431 2010 723 2082; x_wconf 84' lang='lat' dir='ltr'><strong>Januario,</strong></span> <span class='ocrx_word' id='word_1_164' title='bbox 760 2011 1023 2079; x_wconf 79' lang='lat' dir='ltr'><strong>Maraleo,</strong></span> <span class='ocrx_word' id='word_1_165' title='bbox 1059 2013 1390 2082; x_wconf 82' lang='lat' dir='ltr'><strong>Fructuoso,</strong></span> <span class='ocrx_word' id='word_1_166' title='bbox 1427 2013 1700 2082; x_wconf 88' lang='lat' dir='ltr'><strong>Miggino,</strong></span> <span class='ocrx_word' id='word_1_167' title='bbox 1734 2013 1844 2065; x_wconf 79' lang='lat' dir='ltr'><strong>Sa-</strong></span> 
     </span>
    </p>
   </div>
   <div class='ocr_carea' id='block_1_27' title="bbox 190 2081 1840 2149">
    <p class='ocr_par' dir='ltr' id='par_1_27' title="bbox 190 2081 1840 2149">
     <span class='ocr_line' id='line_1_27' title="bbox 190 2081 1840 2149; baseline 0.002 -16"><span class='ocrx_word' id='word_1_168' title='bbox 190 2081 451 2149; x_wconf 92' lang='lat' dir='ltr'><strong>turnino,</strong></span> <span class='ocrx_word' id='word_1_169' title='bbox 480 2081 733 2137; x_wconf 87' lang='lat' dir='ltr'><strong>Victorio</strong></span> <span class='ocrx_word' id='word_1_170' title='bbox 759 2088 814 2136; x_wconf 90' lang='lat' dir='ltr'><strong>et</strong></span> <span class='ocrx_word' id='word_1_171' title='bbox 843 2083 1066 2138; x_wconf 72' lang='lat' dir='ltr'><strong>caeteris</strong></span> <span class='ocrx_word' id='word_1_172' title='bbox 1093 2082 1437 2139; x_wconf 79' lang='lat' dir='ltr'><strong>fossoribus.</strong></span> <span class='ocrx_word' id='word_1_173' title='bbox 1463 2102 1488 2132; x_wconf 78' lang='grc'>»</span> <span class='ocrx_word' id='word_1_174' title='bbox 1516 2081 1602 2138; x_wconf 81' lang='lat' dir='ltr'><strong>De</strong></span> <span class='ocrx_word' id='word_1_175' title='bbox 1636 2083 1840 2138; x_wconf 91' lang='lat' dir='ltr'><strong>horum</strong></span> 
     </span>
    </p>
   </div>
   <div class='ocr_carea' id='block_1_28' title="bbox 190 2149 1828 2224">
    <p class='ocr_par' dir='ltr' id='par_1_28' title="bbox 190 2149 1828 2224">
     <span class='ocr_line' id='line_1_28' title="bbox 190 2149 1828 2224; baseline 0.001 -18"><span class='ocrx_word' id='word_1_176' title='bbox 190 2149 379 2206; x_wconf 81' lang='lat' dir='ltr'><strong>ofﬁcio</strong></span> <span class='ocrx_word' id='word_1_177' title='bbox 401 2152 515 2222; x_wconf 83' lang='lat' dir='ltr'><strong>agit</strong></span> <span class='ocrx_word' id='word_1_178' title='bbox 540 2159 742 2209; x_wconf 86' lang='lat' dir='ltr'><strong>auctor</strong></span> <span class='ocrx_word' id='word_1_179' title='bbox 771 2155 1058 2208; x_wconf 83' lang='lat' dir='ltr'><strong>Tractatus</strong></span> <span class='ocrx_word' id='word_1_180' title='bbox 1093 2155 1158 2208; x_wconf 88' lang='lat' dir='ltr'><strong>de</strong></span> <span class='ocrx_word' id='word_1_181' title='bbox 1185 2160 1383 2224; x_wconf 85' lang='lat' dir='ltr'><strong>septem</strong></span> <span class='ocrx_word' id='word_1_182' title='bbox 1424 2155 1690 2222; x_wconf 79' lang='lat' dir='ltr'><strong>gradibus</strong></span> <span class='ocrx_word' id='word_1_183' title='bbox 1731 2155 1828 2208; x_wconf 85' lang='lat' dir='ltr'><strong>Ee-</strong></span> 
     </span>
    </p>
   </div>
   <div class='ocr_carea' id='block_1_29' title="bbox 186 2224 1841 2296">
    <p class='ocr_par' dir='ltr' id='par_1_29' title="bbox 186 2224 1841 2296">
     <span class='ocr_line' id='line_1_29' title="bbox 186 2224 1841 2296; baseline 0.002 -20"><span class='ocrx_word' id='word_1_184' title='bbox 186 2224 364 2276; x_wconf 77' lang='lat' dir='ltr'><strong>clesiae</strong></span> <span class='ocrx_word' id='word_1_185' title='bbox 393 2224 466 2296; x_wconf 81' lang='lat' dir='ltr'><strong>ad</strong></span> <span class='ocrx_word' id='word_1_186' title='bbox 494 2226 766 2293; x_wconf 82' lang='lat' dir='ltr'><strong>Ruﬁnum,</strong></span> <span class='ocrx_word' id='word_1_187' title='bbox 819 2225 919 2296; x_wconf 87' lang='lat' dir='ltr'><strong>qui</strong></span> <span class='ocrx_word' id='word_1_188' title='bbox 955 2225 1194 2282; x_wconf 86' lang='lat' dir='ltr'><strong>habetur</strong></span> <span class='ocrx_word' id='word_1_189' title='bbox 1226 2228 1375 2282; x_wconf 91' lang='lat' dir='ltr'><strong>inter</strong></span> <span class='ocrx_word' id='word_1_190' title='bbox 1405 2239 1573 2293; x_wconf 82' lang='lat' dir='ltr'><strong>Opera</strong></span> <span class='ocrx_word' id='word_1_191' title='bbox 1611 2226 1668 2281; x_wconf 91' lang='lat' dir='ltr'><strong>S.</strong></span> <span class='ocrx_word' id='word_1_192' title='bbox 1703 2226 1841 2280; x_wconf 87' lang='lat' dir='ltr'><strong>Hie—</strong></span> 
     </span>
    </p>
   </div>
   <div class='ocr_carea' id='block_1_30' title="bbox 189 2294 1842 2364">
    <p class='ocr_par' dir='ltr' id='par_1_30' title="bbox 189 2294 1842 2364">
     <span class='ocr_line' id='line_1_30' title="bbox 189 2294 1842 2364; baseline 0.001 -16"><span class='ocrx_word' id='word_1_193' title='bbox 189 2294 435 2363; x_wconf 90' lang='lat' dir='ltr'><strong>ronymi.</strong></span> <span class='ocrx_word' id='word_1_194' title='bbox 467 2296 596 2350; x_wconf 87' lang='lat' dir='ltr'><strong>Erat</strong></span> <span class='ocrx_word' id='word_1_195' title='bbox 619 2294 940 2351; x_wconf 81' lang='lat' dir='ltr'><strong>necessaria</strong></span> <span class='ocrx_word' id='word_1_196' title='bbox 969 2297 1086 2352; x_wconf 86' lang='lat' dir='ltr'><strong>haec</strong></span> <span class='ocrx_word' id='word_1_197' title='bbox 1111 2299 1326 2364; x_wconf 88' lang='lat' dir='ltr'><strong>cautio,</strong></span> <span class='ocrx_word' id='word_1_198' title='bbox 1357 2311 1486 2352; x_wconf 90' lang='lat' dir='ltr'><strong>cum</strong></span> <span class='ocrx_word' id='word_1_199' title='bbox 1517 2296 1842 2353; x_wconf 71' lang='lat' dir='ltr'><strong>cmmeteria</strong></span> 
     </span>
    </p>
   </div>
   <div class='ocr_carea' id='block_1_31' title="bbox 186 2366 1842 2436">
    <p class='ocr_par' dir='ltr' id='par_1_31' title="bbox 186 2366 1842 2436">
     <span class='ocr_line' id='line_1_31' title="bbox 186 2366 1842 2436; baseline 0.001 -16"><span class='ocrx_word' id='word_1_200' title='bbox 186 2366 648 2436; x_wconf 89' lang='lat' dir='ltr'><strong>Christianorum</strong></span> <span class='ocrx_word' id='word_1_201' title='bbox 677 2366 923 2422; x_wconf 80' lang='lat' dir='ltr'><strong>fuissent</strong></span> <span class='ocrx_word' id='word_1_202' title='bbox 942 2367 1076 2424; x_wconf 89' lang='lat' dir='ltr'><strong>fisco</strong></span> <span class='ocrx_word' id='word_1_203' title='bbox 1095 2369 1442 2436; x_wconf 90' lang='lat' dir='ltr'><strong>adjudicata.</strong></span> <span class='ocrx_word' id='word_1_204' title='bbox 1475 2370 1585 2424; x_wconf 84' lang='lat' dir='ltr'><strong>Hos</strong></span> <span class='ocrx_word' id='word_1_205' title='bbox 1613 2382 1740 2423; x_wconf 88' lang='lat' dir='ltr'><strong>vero</strong></span> <span class='ocrx_word' id='word_1_206' title='bbox 1769 2368 1842 2422; x_wconf 89' lang='lat' dir='ltr'><strong>ti-</strong></span> 
     </span>
    </p>
   </div>
   <div class='ocr_carea' id='block_1_32' title="bbox 191 2435 1841 2522">
    <p class='ocr_par' dir='ltr' id='par_1_32' title="bbox 191 2435 1841 2522">
     <span class='ocr_line' id='line_1_32' title="bbox 191 2435 1841 2522; baseline 0.002 -31"><span class='ocrx_word' id='word_1_207' title='bbox 191 2435 348 2522; x_wconf 65' lang='lat' dir='ltr'><strong>tplos</strong></span> <span class='ocrx_word' id='word_1_208' title='bbox 369 2439 530 2522; x_wconf 73' lang='lat' dir='ltr'><strong>quasi</strong></span> <span class='ocrx_word' id='word_1_209' title='bbox 553 2438 803 2522; x_wconf 41' lang='lat' dir='ltr'><strong>(inimceses.</strong></span> <span class='ocrx_word' id='word_1_210' title='bbox 825 2440 1104 2522; x_wconf 75' lang='lat' dir='ltr'><strong>instituit,</strong></span> <span class='ocrx_word' id='word_1_211' title='bbox 1128 2435 1372 2522; x_wconf 73' lang='lat' dir='ltr'><strong>sequens</strong></span> <span class='ocrx_word' id='word_1_212' title='bbox 1390 2440 1648 2522; x_wconf 73' lang='lat' dir='ltr'><strong>ordinem</strong></span> <span class='ocrx_word' id='word_1_213' title='bbox 1666 2452 1841 2522; x_wconf 78' lang='lat' dir='ltr'><strong>quem</strong></span> 
     </span>
    </p>
   </div>
   <div class='ocr_carea' id='block_1_33' title="bbox 197 2507 1838 2579">
    <p class='ocr_par' dir='ltr' id='par_1_33' title="bbox 197 2507 1838 2579">
     <span class='ocr_line' id='line_1_33' title="bbox 197 2507 1838 2579; baseline 0.001 -17"><span class='ocrx_word' id='word_1_214' title='bbox 197 2507 528 2563; x_wconf 85' lang='lat' dir='ltr'><strong>decreverat</strong></span> <span class='ocrx_word' id='word_1_215' title='bbox 570 2510 884 2579; x_wconf 88' lang='lat' dir='ltr'><strong>Dionysius</strong></span> <span class='ocrx_word' id='word_1_216' title='bbox 931 2512 988 2564; x_wconf 91' lang='lat' dir='ltr'><strong>in</strong></span> <span class='ocrx_word' id='word_1_217' title='bbox 1019 2507 1393 2567; x_wconf 81' lang='lat' dir='ltr'><strong>basilicarum</strong></span> <span class='ocrx_word' id='word_1_218' title='bbox 1451 2507 1838 2578; x_wconf 88' lang='lat' dir='ltr'><strong>restitutione,</strong></span> 
     </span>
    </p>
   </div>
   <div class='ocr_carea' id='block_1_34' title="bbox 194 2579 1843 2652">
    <p class='ocr_par' dir='ltr' id='par_1_34' title="bbox 194 2579 1843 2652">
     <span class='ocr_line' id='line_1_34' title="bbox 194 2579 1843 2652; baseline 0.001 -18"><span class='ocrx_word' id='word_1_219' title='bbox 194 2579 416 2652; x_wconf 88' lang='lat' dir='ltr'><strong>quibus</strong></span> <span class='ocrx_word' id='word_1_220' title='bbox 458 2580 760 2636; x_wconf 89' lang='lat' dir='ltr'><strong>Marcellus</strong></span> <span class='ocrx_word' id='word_1_221' title='bbox 807 2581 999 2637; x_wconf 90' lang='lat' dir='ltr'><strong>eodem</strong></span> <span class='ocrx_word' id='word_1_222' title='bbox 1051 2595 1222 2652; x_wconf 87' lang='lat' dir='ltr'><strong>scepo</strong></span> <span class='ocrx_word' id='word_1_223' title='bbox 1277 2581 1587 2638; x_wconf 87' lang='lat' dir='ltr'><strong>substituit</strong></span> <span class='ocrx_word' id='word_1_224' title='bbox 1622 2583 1843 2652; x_wconf 88' lang='lat' dir='ltr'><strong>privata</strong></span> 
     </span>
    </p>
   </div>
   <div class='ocr_carea' id='block_1_35' title="bbox 193 2651 478 2706">
    <p class='ocr_par' dir='ltr' id='par_1_35' title="bbox 193 2651 478 2706">
     <span class='ocr_line' id='line_1_35' title="bbox 193 2651 478 2706; baseline -0.004 -1"><span class='ocrx_word' id='word_1_225' title='bbox 193 2651 452 2706; x_wconf 87' lang='lat' dir='ltr'><strong>oratoria</strong></span> <span class='ocrx_word' id='word_1_226' title='bbox 465 2690 478 2704; x_wconf 94' lang='lat'><strong>.</strong></span> 
     </span>
    </p>
   </div>
   <div class='ocr_carea' id='block_1_36' title="bbox 275 2720 1844 2792">
    <p class='ocr_par' dir='ltr' id='par_1_36' title="bbox 275 2720 1844 2792">
     <span class='ocr_line' id='line_1_36' title="bbox 275 2720 1844 2792; baseline 0.001 -16"><span class='ocrx_word' id='word_1_227' title='bbox 275 2723 444 2778; x_wconf 87' lang='lat' dir='ltr'><strong>Linea</strong></span> <span class='ocrx_word' id='word_1_228' title='bbox 491 2720 545 2777; x_wconf 90' lang='lat'><strong>9.</strong></span> <span class='ocrx_word' id='word_1_229' title='bbox 577 2752 649 2763; x_wconf 97' lang='lat'><strong><em>—</em></strong></span> <span class='ocrx_word' id='word_1_230' title='bbox 677 2723 776 2778; x_wconf 84' lang='lat' dir='ltr'><strong>Hic</strong></span> <span class='ocrx_word' id='word_1_231' title='bbox 799 2729 1104 2779; x_wconf 84' lang='lat' dir='ltr'><strong>coarctatus</strong></span> <span class='ocrx_word' id='word_1_232' title='bbox 1157 2729 1235 2780; x_wconf 81' lang='lat' dir='ltr'><strong>est</strong></span> <span class='ocrx_word' id='word_1_233' title='bbox 1279 2729 1331 2779; x_wconf 87' lang='lat' dir='ltr'><strong>et</strong></span> <span class='ocrx_word' id='word_1_234' title='bbox 1361 2729 1561 2786; x_wconf 86' lang='lat' dir='ltr'><strong>tentus,</strong></span> <span class='ocrx_word' id='word_1_235' title='bbox 1611 2739 1669 2778; x_wconf 88' lang='lat' dir='ltr'><strong>eo</strong></span> <span class='ocrx_word' id='word_1_236' title='bbox 1699 2722 1844 2792; x_wconf 86' lang='lat' dir='ltr'><strong>quod</strong></span> 
     </span>
    </p>
   </div>
   <div class='ocr_carea' id='block_1_37' title="bbox 197 2793 1843 2864">
    <p class='ocr_par' dir='ltr' id='par_1_37' title="bbox 197 2793 1843 2864">
     <span class='ocr_line' id='line_1_37' title="bbox 197 2793 1843 2864; baseline 0.001 -18"><span class='ocrx_word' id='word_1_237' title='bbox 197 2793 492 2848; x_wconf 81' lang='lat' dir='ltr'><strong>Ecclesium</strong></span> <span class='ocrx_word' id='word_1_238' title='bbox 519 2795 822 2857; x_wconf 78' lang='lat' dir='ltr'><strong>ordinaret,</strong></span> <span class='ocrx_word' id='word_1_239' title='bbox 849 2796 1257 2864; x_wconf 84' lang='lat' dir='ltr'><strong>comprehensus</strong></span> <span class='ocrx_word' id='word_1_240' title='bbox 1281 2813 1315 2850; x_wconf 90' lang='lat' dir='ltr'><strong>a</strong></span> <span class='ocrx_word' id='word_1_241' title='bbox 1347 2797 1641 2850; x_wconf 69' lang='lat' dir='ltr'><strong>Maxentio.</strong></span> <span class='ocrx_word' id='word_1_242' title='bbox 1671 2797 1843 2849; x_wconf 88' lang='lat' dir='ltr'><strong>Inter-</strong></span> 
     </span>
    </p>
   </div>
   <div class='ocr_carea' id='block_1_38' title="bbox 193 2866 1842 2936">
    <p class='ocr_par' dir='ltr' id='par_1_38' title="bbox 193 2866 1842 2936">
     <span class='ocr_line' id='line_1_38' title="bbox 193 2866 1842 2936; baseline 0.001 -17"><span class='ocrx_word' id='word_1_243' title='bbox 193 2866 561 2936; x_wconf 86' lang='lat' dir='ltr'><strong>pungendum</strong></span> <span class='ocrx_word' id='word_1_244' title='bbox 593 2867 702 2920; x_wconf 92' lang='lat' dir='ltr'><strong>sic.</strong></span> <span class='ocrx_word' id='word_1_245' title='bbox 757 2869 853 2921; x_wconf 84' lang='lat' dir='ltr'><strong>Hic</strong></span> <span class='ocrx_word' id='word_1_246' title='bbox 881 2872 1255 2922; x_wconf 81' lang='lat' dir='ltr'><strong>coarctat-us...</strong></span> <span class='ocrx_word' id='word_1_247' title='bbox 1288 2883 1344 2921; x_wconf 81' lang='lat' dir='ltr'><strong>eo</strong></span> <span class='ocrx_word' id='word_1_248' title='bbox 1377 2867 1520 2936; x_wconf 90' lang='lat' dir='ltr'><strong>quod</strong></span> <span class='ocrx_word' id='word_1_249' title='bbox 1548 2867 1842 2920; x_wconf 78' lang='lat' dir='ltr'><strong>Ecclesium</strong></span> 
     </span>
    </p>
   </div>
   <div class='ocr_carea' id='block_1_39' title="bbox 189 2935 1841 3006">
    <p class='ocr_par' dir='ltr' id='par_1_39' title="bbox 189 2935 1841 3006">
     <span class='ocr_line' id='line_1_39' title="bbox 189 2935 1841 3006; baseline 0.002 -17"><span class='ocrx_word' id='word_1_250' title='bbox 189 2935 491 2990; x_wconf 78' lang='lat' dir='ltr'><strong>ordinaret.</strong></span> <span class='ocrx_word' id='word_1_251' title='bbox 551 2936 971 3006; x_wconf 84' lang='lat' dir='ltr'><strong>Comprehensus</strong></span> <span class='ocrx_word' id='word_1_252' title='bbox 999 2955 1034 2992; x_wconf 92' lang='lat' dir='ltr'><strong>a</strong></span> <span class='ocrx_word' id='word_1_253' title='bbox 1074 2935 1525 3004; x_wconf 49' lang='grc' dir='ltr'><strong>Μαωρηιίοίθῐε.</strong></span> <span class='ocrx_word' id='word_1_254' title='bbox 1559 2939 1640 2992; x_wconf 87' lang='lat' dir='ltr'><strong>Ita</strong></span> <span class='ocrx_word' id='word_1_255' title='bbox 1679 2944 1841 3006; x_wconf 84' lang='lat' dir='ltr'><strong>cata-</strong></span> 
     </span>
    </p>
   </div>
   <div class='ocr_carea' id='block_1_40' title="bbox 191 3005 1834 3077">
    <p class='ocr_par' dir='ltr' id='par_1_40' title="bbox 191 3005 1834 3077">
     <span class='ocr_line' id='line_1_40' title="bbox 191 3005 1834 3077; baseline 0.001 -16"><span class='ocrx_word' id='word_1_256' title='bbox 191 3007 311 3077; x_wconf 85' lang='lat' dir='ltr'><strong>logi</strong></span> <span class='ocrx_word' id='word_1_257' title='bbox 346 3007 598 3064; x_wconf 83' lang='lat' dir='ltr'><strong>Holsten.</strong></span> <span class='ocrx_word' id='word_1_258' title='bbox 631 3005 687 3063; x_wconf 88' lang='lat' dir='ltr'><strong>et</strong></span> <span class='ocrx_word' id='word_1_259' title='bbox 711 3008 958 3064; x_wconf 92' lang='lat' dir='ltr'><strong>Scheles.</strong></span> <span class='ocrx_word' id='word_1_260' title='bbox 1011 3010 1136 3065; x_wconf 91' lang='lat' dir='ltr'><strong>Pari</strong></span> <span class='ocrx_word' id='word_1_261' title='bbox 1193 3011 1432 3076; x_wconf 84' lang='lat' dir='ltr'><strong>ratione,</strong></span> <span class='ocrx_word' id='word_1_262' title='bbox 1487 3013 1543 3066; x_wconf 89' lang='lat' dir='ltr'><strong>et</strong></span> <span class='ocrx_word' id='word_1_263' title='bbox 1568 3005 1834 3076; x_wconf 89' lang='lat' dir='ltr'><strong>formula,</strong></span> 
     </span>
    </p>
   </div>
   <div class='ocr_carea' id='block_1_41' title="bbox 190 3078 1838 3151">
    <p class='ocr_par' dir='ltr' id='par_1_41' title="bbox 190 3078 1838 3151">
     <span class='ocr_line' id='line_1_41' title="bbox 190 3078 1838 3151; baseline 0 -18"><span class='ocrx_word' id='word_1_264' title='bbox 190 3083 248 3133; x_wconf 90' lang='lat' dir='ltr'><strong>et</strong></span> <span class='ocrx_word' id='word_1_265' title='bbox 303 3078 768 3151; x_wconf 87' lang='lat' dir='ltr'><strong>interpunctione</strong></span> <span class='ocrx_word' id='word_1_266' title='bbox 811 3082 997 3136; x_wconf 88' lang='lat' dir='ltr'><strong>utitur</strong></span> <span class='ocrx_word' id='word_1_267' title='bbox 1035 3083 1093 3136; x_wconf 93' lang='lat' dir='ltr'><strong>in</strong></span> <span class='ocrx_word' id='word_1_268' title='bbox 1122 3081 1425 3151; x_wconf 84' lang='lat' dir='ltr'><strong>Stephano.</strong></span> <span class='ocrx_word' id='word_1_269' title='bbox 1467 3101 1494 3130; x_wconf 87' lang='lat'><strong>«</strong></span> <span class='ocrx_word' id='word_1_270' title='bbox 1525 3081 1660 3136; x_wconf 90' lang='lat' dir='ltr'><strong>Suis</strong></span> <span class='ocrx_word' id='word_1_271' title='bbox 1689 3086 1838 3134; x_wconf 90' lang='lat' dir='ltr'><strong>tem-</strong></span> 
     </span>
    </p>
   </div>
   <div class='ocr_carea' id='block_1_42' title="bbox 193 3149 1837 3222">
    <p class='ocr_par' dir='ltr' id='par_1_42' title="bbox 193 3149 1837 3222">
     <span class='ocr_line' id='line_1_42' title="bbox 193 3149 1837 3222; baseline 0 -18"><span class='ocrx_word' id='word_1_272' title='bbox 193 3149 434 3219; x_wconf 90' lang='lat' dir='ltr'><strong>poribus</strong></span> <span class='ocrx_word' id='word_1_273' title='bbox 464 3151 674 3208; x_wconf 81' lang='lat' dir='ltr'><strong>exsilio</strong></span> <span class='ocrx_word' id='word_1_274' title='bbox 700 3157 788 3207; x_wconf 90' lang='lat' dir='ltr'><strong>est</strong></span> <span class='ocrx_word' id='word_1_275' title='bbox 816 3151 1172 3222; x_wconf 85' lang='lat' dir='ltr'><strong>deportatus,</strong></span> <span class='ocrx_word' id='word_1_276' title='bbox 1200 3149 1390 3222; x_wconf 88' lang='lat' dir='ltr'><strong>postea</strong></span> <span class='ocrx_word' id='word_1_277' title='bbox 1430 3157 1574 3207; x_wconf 91' lang='lat' dir='ltr'><strong>nutu</strong></span> <span class='ocrx_word' id='word_1_278' title='bbox 1606 3151 1705 3206; x_wconf 89' lang='lat' dir='ltr'><strong>Dei</strong></span> <span class='ocrx_word' id='word_1_279' title='bbox 1740 3163 1837 3222; x_wconf 48' lang='lat' dir='ltr'><strong>re:-</strong></span> 
     </span>
    </p>
   </div>
   <div class='ocr_carea' id='block_1_43' title="bbox 193 3216 1836 3291">
    <p class='ocr_par' dir='ltr' id='par_1_43' title="bbox 193 3216 1836 3291">
     <span class='ocr_line' id='line_1_43' title="bbox 193 3216 1836 3291; baseline 0.001 -18"><span class='ocrx_word' id='word_1_280' title='bbox 193 3216 398 3276; x_wconf 81' lang='lat' dir='ltr'><strong>versus</strong></span> <span class='ocrx_word' id='word_1_281' title='bbox 431 3228 515 3276; x_wconf 91' lang='lat' dir='ltr'><strong>est</strong></span> <span class='ocrx_word' id='word_1_282' title='bbox 554 3223 623 3277; x_wconf 89' lang='lat' dir='ltr'><strong>ad</strong></span> <span class='ocrx_word' id='word_1_283' title='bbox 659 3216 965 3278; x_wconf 77' lang='lat' dir='ltr'><strong>Ecclesiam</strong></span> <span class='ocrx_word' id='word_1_284' title='bbox 997 3216 1322 3279; x_wconf 83' lang='lat' dir='ltr'><strong>incolumis.</strong></span> <span class='ocrx_word' id='word_1_285' title='bbox 1360 3224 1428 3276; x_wconf 88' lang='lat' dir='ltr'><strong>Et</strong></span> <span class='ocrx_word' id='word_1_286' title='bbox 1461 3227 1586 3291; x_wconf 90' lang='lat' dir='ltr'><strong>post</strong></span> <span class='ocrx_word' id='word_1_287' title='bbox 1617 3216 1836 3291; x_wconf 6' lang='lat' dir='ltr'><strong>diesg34</strong></span> 
     </span>
    </p>
   </div>
   <div class='ocr_carea' id='block_1_44' title="bbox 194 3289 1835 3350">
    <p class='ocr_par' dir='ltr' id='par_1_44' title="bbox 194 3289 1835 3350">
     <span class='ocr_line' id='line_1_44' title="bbox 194 3289 1835 3350; baseline -0.001 -4"><span class='ocrx_word' id='word_1_288' title='bbox 194 3297 388 3347; x_wconf 90' lang='lat' dir='ltr'><strong>tentus</strong></span> <span class='ocrx_word' id='word_1_289' title='bbox 411 3305 443 3346; x_wconf 90' lang='lat' dir='ltr'><strong>a</strong></span> <span class='ocrx_word' id='word_1_290' title='bbox 481 3293 826 3350; x_wconf 57' lang='lat' dir='ltr'><strong>Maximiano</strong></span> <span class='ocrx_word' id='word_1_291' title='bbox 856 3295 1068 3350; x_wconf 88' lang='lat' dir='ltr'><strong>missus</strong></span> <span class='ocrx_word' id='word_1_292' title='bbox 1109 3301 1196 3349; x_wconf 91' lang='lat' dir='ltr'><strong>est</strong></span> <span class='ocrx_word' id='word_1_293' title='bbox 1237 3296 1295 3348; x_wconf 92' lang='lat' dir='ltr'><strong>in</strong></span> <span class='ocrx_word' id='word_1_294' title='bbox 1326 3289 1631 3349; x_wconf 87' lang='lat' dir='ltr'><strong>carcerem.</strong></span> <span class='ocrx_word' id='word_1_295' title='bbox 1661 3310 1686 3341; x_wconf 80' lang='lat'>»</span> <span class='ocrx_word' id='word_1_296' title='bbox 1721 3289 1835 3345; x_wconf 88' lang='lat' dir='ltr'><strong>Ne—</strong></span> 
     </span>
    </p>
   </div>
   <div class='ocr_carea' id='block_1_45' title="bbox 191 3361 1837 3434">
    <p class='ocr_par' dir='ltr' id='par_1_45' title="bbox 191 3361 1837 3434">
     <span class='ocr_line' id='line_1_45' title="bbox 191 3361 1837 3434; baseline -0.001 -16"><span class='ocrx_word' id='word_1_297' title='bbox 191 3363 516 3421; x_wconf 84' lang='lat' dir='ltr'><strong>cessitatem</strong></span> <span class='ocrx_word' id='word_1_298' title='bbox 542 3364 1030 3434; x_wconf 88' lang='lat' dir='ltr'><strong>interpunctionis</strong></span> <span class='ocrx_word' id='word_1_299' title='bbox 1071 3371 1272 3434; x_wconf 77' lang='lat' dir='ltr'><strong>praeter</strong></span> <span class='ocrx_word' id='word_1_300' title='bbox 1297 3364 1563 3431; x_wconf 90' lang='lat' dir='ltr'><strong>adducta,</strong></span> <span class='ocrx_word' id='word_1_301' title='bbox 1595 3361 1837 3432; x_wconf 89' lang='lat' dir='ltr'><strong>probant</strong></span> 
     </span>
    </p>
   </div>
   <div class='ocr_carea' id='block_1_46' title="bbox 189 3435 1833 3506">
    <p class='ocr_par' dir='ltr' id='par_1_46' title="bbox 189 3435 1833 3506">
     <span class='ocr_line' id='line_1_46' title="bbox 189 3435 1833 3506; baseline -0.001 -18"><span class='ocrx_word' id='word_1_302' title='bbox 189 3435 367 3506; x_wconf 85' lang='lat' dir='ltr'><strong>etiam</strong></span> <span class='ocrx_word' id='word_1_303' title='bbox 397 3448 580 3490; x_wconf 92' lang='lat' dir='ltr'><strong>mores</strong></span> <span class='ocrx_word' id='word_1_304' title='bbox 601 3443 736 3506; x_wconf 89' lang='lat' dir='ltr'><strong>tunc</strong></span> <span class='ocrx_word' id='word_1_305' title='bbox 783 3437 1017 3506; x_wconf 89' lang='lat' dir='ltr'><strong>recepti,</strong></span> <span class='ocrx_word' id='word_1_306' title='bbox 1047 3442 1112 3492; x_wconf 93' lang='lat' dir='ltr'><strong>ut</strong></span> <span class='ocrx_word' id='word_1_307' title='bbox 1144 3440 1482 3506; x_wconf 87' lang='lat' dir='ltr'><strong>notarentur</strong></span> <span class='ocrx_word' id='word_1_308' title='bbox 1521 3442 1833 3504; x_wconf 89' lang='lat' dir='ltr'><strong>martyrum</strong></span> 
     </span>
    </p>
   </div>
   <div class='ocr_carea' id='block_1_47' title="bbox 189 3505 1836 3578">
    <p class='ocr_par' dir='ltr' id='par_1_47' title="bbox 189 3505 1836 3578">
     <span class='ocr_line' id='line_1_47' title="bbox 189 3505 1836 3578; baseline 0 -19"><span class='ocrx_word' id='word_1_309' title='bbox 189 3505 455 3578; x_wconf 71' lang='lat' dir='ltr'><strong>gloriosa:</strong></span> <span class='ocrx_word' id='word_1_310' title='bbox 505 3505 923 3578; x_wconf 63' lang='lat' dir='ltr'><strong>confessiones,</strong></span> <span class='ocrx_word' id='word_1_311' title='bbox 973 3513 1036 3562; x_wconf 92' lang='lat' dir='ltr'><strong>ut</strong></span> <span class='ocrx_word' id='word_1_312' title='bbox 1079 3517 1250 3577; x_wconf 86' lang='lat' dir='ltr'><strong>supra</strong></span> <span class='ocrx_word' id='word_1_313' title='bbox 1293 3505 1589 3578; x_wconf 89' lang='lat' dir='ltr'><strong>probatum</strong></span> <span class='ocrx_word' id='word_1_314' title='bbox 1633 3511 1740 3571; x_wconf 91' lang='lat' dir='ltr'><strong>est,</strong></span> <span class='ocrx_word' id='word_1_315' title='bbox 1771 3510 1836 3578; x_wconf 80' lang='lat' dir='ltr'><strong>et</strong></span> 
     </span>
    </p>
   </div>
   <div class='ocr_carea' id='block_1_48' title="bbox 190 3575 1831 3660">
    <p class='ocr_par' dir='ltr' id='par_1_48' title="bbox 190 3575 1831 3660">
     <span class='ocr_line' id='line_1_48' title="bbox 190 3575 1831 3660; baseline -0.001 -29"><span class='ocrx_word' id='word_1_316' title='bbox 190 3576 339 3660; x_wconf 79' lang='lat' dir='ltr'><strong>pond</strong></span> <span class='ocrx_word' id='word_1_317' title='bbox 353 3591 418 3660; x_wconf 69' lang='lat' dir='ltr'><strong>us</strong></span> <span class='ocrx_word' id='word_1_318' title='bbox 431 3577 770 3660; x_wconf 85' lang='lat' dir='ltr'><strong>multiplicis</strong></span> <span class='ocrx_word' id='word_1_319' title='bbox 781 3577 1100 3660; x_wconf 86' lang='lat' dir='ltr'><strong>confession</strong></span> <span class='ocrx_word' id='word_1_320' title='bbox 1113 3575 1428 3660; x_wconf 67' lang='lat' dir='ltr'><strong>iSpaudunt</strong></span> <span class='ocrx_word' id='word_1_321' title='bbox 1442 3576 1606 3660; x_wconf 82' lang='lat' dir='ltr'><strong>verba</strong></span> <span class='ocrx_word' id='word_1_322' title='bbox 1621 3575 1831 3660; x_wconf 81' lang='lat' dir='ltr'><strong>Pontii,</strong></span> 
     </span>
    </p>
   </div>
   <div class='ocr_carea' id='block_1_49' title="bbox 186 3647 1836 3718">
    <p class='ocr_par' dir='ltr' id='par_1_49' title="bbox 186 3647 1836 3718">
     <span class='ocr_line' id='line_1_49' title="bbox 186 3647 1836 3718; baseline 0.001 -17"><span class='ocrx_word' id='word_1_323' title='bbox 186 3647 325 3702; x_wconf 93' lang='lat' dir='ltr'><strong>dum</strong></span> <span class='ocrx_word' id='word_1_324' title='bbox 356 3647 622 3717; x_wconf 86' lang='lat' dir='ltr'><strong>Cypriani</strong></span> <span class='ocrx_word' id='word_1_325' title='bbox 647 3663 931 3704; x_wconf 83' lang='lat' dir='ltr'><strong>secessum</strong></span> <span class='ocrx_word' id='word_1_326' title='bbox 954 3647 1186 3704; x_wconf 43' lang='lat' dir='ltr'><strong>tuetur.‘</strong></span> <span class='ocrx_word' id='word_1_327' title='bbox 1205 3669 1231 3700; x_wconf 74' lang='grc' dir='ltr'><strong>σ</strong></span> <span class='ocrx_word' id='word_1_328' title='bbox 1249 3648 1388 3718; x_wconf 90' lang='lat' dir='ltr'><strong>Quis</strong></span> <span class='ocrx_word' id='word_1_329' title='bbox 1411 3652 1684 3717; x_wconf 88' lang='lat' dir='ltr'><strong>martyres</strong></span> <span class='ocrx_word' id='word_1_330' title='bbox 1703 3651 1836 3702; x_wconf 90' lang='lat' dir='ltr'><strong>tan—</strong></span> 
     </span>
    </p>
   </div>
   <div class='ocr_carea' id='block_1_50' title="bbox 190 3719 1834 3791">
    <p class='ocr_par' dir='ltr' id='par_1_50' title="bbox 190 3719 1834 3791">
     <span class='ocr_line' id='line_1_50' title="bbox 190 3719 1834 3791; baseline 0.001 -19"><span class='ocrx_word' id='word_1_331' title='bbox 190 3723 281 3791; x_wconf 92' lang='lat' dir='ltr'><strong>tos</strong></span> <span class='ocrx_word' id='word_1_332' title='bbox 311 3719 706 3776; x_wconf 85' lang='lat' dir='ltr'><strong>exhortatione</strong></span> <span class='ocrx_word' id='word_1_333' title='bbox 735 3721 933 3791; x_wconf 84' lang='lat' dir='ltr'><strong>divini</strong></span> <span class='ocrx_word' id='word_1_334' title='bbox 952 3720 1234 3776; x_wconf 90' lang='lat' dir='ltr'><strong>sermonis</strong></span> <span class='ocrx_word' id='word_1_335' title='bbox 1262 3720 1551 3791; x_wconf 85' lang='lat' dir='ltr'><strong>erigeret?</strong></span> <span class='ocrx_word' id='word_1_336' title='bbox 1571 3720 1704 3788; x_wconf 89' lang='lat' dir='ltr'><strong>quis</strong></span> <span class='ocrx_word' id='word_1_337' title='bbox 1729 3719 1834 3791; x_wconf 90' lang='lat' dir='ltr'><strong>de-</strong></span> 
     </span>
    </p>
   </div>
   <div class='ocr_carea' id='block_1_51' title="bbox 191 3790 1833 3858">
    <p class='ocr_par' dir='ltr' id='par_1_51' title="bbox 191 3790 1833 3858">
     <span class='ocr_line' id='line_1_51' title="bbox 191 3790 1833 3858; baseline 0.001 -15"><span class='ocrx_word' id='word_1_338' title='bbox 191 3790 369 3858; x_wconf 89' lang='lat' dir='ltr'><strong>nique</strong></span> <span class='ocrx_word' id='word_1_339' title='bbox 407 3796 489 3845; x_wconf 88' lang='lat' dir='ltr'><strong>tot</strong></span> <span class='ocrx_word' id='word_1_340' title='bbox 516 3791 870 3848; x_wconf 89' lang='lat' dir='ltr'><strong>confessores</strong></span> <span class='ocrx_word' id='word_1_341' title='bbox 912 3790 1186 3848; x_wconf 89' lang='lat' dir='ltr'><strong>frontium</strong></span> <span class='ocrx_word' id='word_1_342' title='bbox 1232 3790 1550 3847; x_wconf 88' lang='lat' dir='ltr'><strong>notatarum</strong></span> <span class='ocrx_word' id='word_1_343' title='bbox 1585 3790 1833 3846; x_wconf 91' lang='lat' dir='ltr'><strong>secunda</strong></span> 
     </span>
    </p>
   </div>
   <div class='ocr_carea' id='block_1_52' title="bbox 192 3861 1834 3934">
    <p class='ocr_par' dir='ltr' id='par_1_52' title="bbox 192 3861 1834 3934">
     <span class='ocr_line' id='line_1_52' title="bbox 192 3861 1834 3934; baseline 0.001 -20"><span class='ocrx_word' id='word_1_344' title='bbox 192 3861 578 3934; x_wconf 86' lang='lat' dir='ltr'><strong>inscriptione</strong></span> <span class='ocrx_word' id='word_1_345' title='bbox 599 3863 876 3934; x_wconf 85' lang='lat' dir='ltr'><strong>signatos,</strong></span> <span class='ocrx_word' id='word_1_346' title='bbox 905 3869 960 3918; x_wconf 91' lang='lat' dir='ltr'><strong>et</strong></span> <span class='ocrx_word' id='word_1_347' title='bbox 993 3864 1062 3919; x_wconf 90' lang='lat' dir='ltr'><strong>ad</strong></span> <span class='ocrx_word' id='word_1_348' title='bbox 1089 3863 1407 3932; x_wconf 87' lang='lat' dir='ltr'><strong>exemplum</strong></span> <span class='ocrx_word' id='word_1_349' title='bbox 1437 3861 1698 3934; x_wconf 85' lang='lat' dir='ltr'><strong>martyrii</strong></span> <span class='ocrx_word' id='word_1_350' title='bbox 1726 3875 1834 3916; x_wconf 88' lang='lat' dir='ltr'><strong>su—</strong></span> 
     </span>
    </p>
   </div>
   <div class='ocr_carea' id='block_1_53' title="bbox 195 3932 1834 4000">
    <p class='ocr_par' dir='ltr' id='par_1_53' title="bbox 195 3932 1834 4000">
     <span class='ocr_line' id='line_1_53' title="bbox 195 3932 1834 4000; baseline 0.001 -15"><span class='ocrx_word' id='word_1_351' title='bbox 195 3932 462 4000; x_wconf 89' lang='lat' dir='ltr'><strong>perstites</strong></span> <span class='ocrx_word' id='word_1_352' title='bbox 493 3932 807 3990; x_wconf 76' lang='lat' dir='ltr'><strong>reservatos</strong></span> <span class='ocrx_word' id='word_1_353' title='bbox 836 3935 1120 3990; x_wconf 91' lang='lat' dir='ltr'><strong>incentivo</strong></span> <span class='ocrx_word' id='word_1_354' title='bbox 1143 3933 1292 3990; x_wconf 69' lang='lat' dir='ltr'><strong>tuba:</strong></span> <span class='ocrx_word' id='word_1_355' title='bbox 1331 3933 1582 3991; x_wconf 60' lang='lat' dir='ltr'><strong>celestis</strong></span> <span class='ocrx_word' id='word_1_356' title='bbox 1605 3933 1834 3988; x_wconf 89' lang='lat' dir='ltr'><strong>anima—</strong></span> 
     </span>
    </p>
   </div>
   <div class='ocr_carea' id='block_1_54' title="bbox 193 4002 1835 4077">
    <p class='ocr_par' dir='ltr' id='par_1_54' title="bbox 193 4002 1835 4077">
     <span class='ocr_line' id='line_1_54' title="bbox 193 4002 1835 4077; baseline 0.001 -21"><span class='ocrx_word' id='word_1_357' title='bbox 193 4009 278 4077; x_wconf 84' lang='lat' dir='ltr'><strong>ret</strong></span> <span class='ocrx_word' id='word_1_358' title='bbox 289 4002 325 4077; x_wconf 79' lang='lat'><strong>_‘?_</strong></span> <span class='ocrx_word' id='word_1_359' title='bbox 354 4021 379 4052; x_wconf 80' lang='grc'><strong><em>››</em></strong></span> <span class='ocrx_word' id='word_1_360' title='bbox 412 4004 549 4077; x_wconf 78' lang='lat' dir='ltr'><strong>Tres</strong></span> <span class='ocrx_word' id='word_1_361' title='bbox 581 4005 774 4077; x_wconf 86' lang='lat' dir='ltr'><strong>itaque</strong></span> <span class='ocrx_word' id='word_1_362' title='bbox 806 4005 951 4060; x_wconf 92' lang='lat' dir='ltr'><strong>liber</strong></span> <span class='ocrx_word' id='word_1_363' title='bbox 984 4005 1336 4060; x_wconf 87' lang='lat' dir='ltr'><strong>Pontificalis</strong></span> <span class='ocrx_word' id='word_1_364' title='bbox 1363 4007 1647 4077; x_wconf 87' lang='lat' dir='ltr'><strong>gloriosas</strong></span> <span class='ocrx_word' id='word_1_365' title='bbox 1671 4005 1835 4077; x_wconf 80' lang='lat' dir='ltr'><strong>Mar-</strong></span> 
     </span>
    </p>
   </div>
   <div class='ocr_carea' id='block_1_55' title="bbox 192 4073 1834 4147">
    <p class='ocr_par' dir='ltr' id='par_1_55' title="bbox 192 4073 1834 4147">
     <span class='ocr_line' id='line_1_55' title="bbox 192 4073 1834 4147; baseline 0 -18"><span class='ocrx_word' id='word_1_366' title='bbox 192 4073 329 4147; x_wconf 83' lang='lat' dir='ltr'><strong>celli</strong></span> <span class='ocrx_word' id='word_1_367' title='bbox 391 4073 781 4147; x_wconf 83' lang='lat' dir='ltr'><strong>confessiones</strong></span> <span class='ocrx_word' id='word_1_368' title='bbox 835 4082 1105 4132; x_wconf 89' lang='lat' dir='ltr'><strong>recenset.</strong></span> <span class='ocrx_word' id='word_1_369' title='bbox 1142 4073 1414 4147; x_wconf 82' lang='lat' dir='ltr'><strong>Priorem,</strong></span> <span class='ocrx_word' id='word_1_370' title='bbox 1447 4083 1509 4134; x_wconf 90' lang='lat' dir='ltr'><strong>ut</strong></span> <span class='ocrx_word' id='word_1_371' title='bbox 1554 4075 1834 4132; x_wconf 90' lang='lat' dir='ltr'><strong>credibile</strong></span> 
     </span>
    </p>
   </div>
   <div class='ocr_carea' id='block_1_56' title="bbox 192 4145 1830 4216">
    <p class='ocr_par' dir='ltr' id='par_1_56' title="bbox 192 4145 1830 4216">
     <span class='ocr_line' id='line_1_56' title="bbox 192 4145 1830 4216; baseline 0.002 -18"><span class='ocrx_word' id='word_1_372' title='bbox 192 4145 443 4214; x_wconf 88' lang='lat' dir='ltr'><strong>videtur,</strong></span> <span class='ocrx_word' id='word_1_373' title='bbox 481 4146 780 4202; x_wconf 89' lang='lat' dir='ltr'><strong>Marcellus</strong></span> <span class='ocrx_word' id='word_1_374' title='bbox 811 4161 1013 4216; x_wconf 89' lang='lat' dir='ltr'><strong>passus</strong></span> <span class='ocrx_word' id='word_1_375' title='bbox 1060 4153 1200 4216; x_wconf 87' lang='lat' dir='ltr'><strong>erat,</strong></span> <span class='ocrx_word' id='word_1_376' title='bbox 1249 4162 1377 4203; x_wconf 93' lang='lat' dir='ltr'><strong>cum</strong></span> <span class='ocrx_word' id='word_1_377' title='bbox 1405 4145 1548 4205; x_wconf 87' lang='lat' dir='ltr'><strong>sede</strong></span> <span class='ocrx_word' id='word_1_378' title='bbox 1577 4152 1830 4210; x_wconf 87' lang='lat' dir='ltr'><strong>vacante,</strong></span> 
     </span>
    </p>
   </div>
   <div class='ocr_carea' id='block_1_57' title="bbox 182 4217 1836 4288">
    <p class='ocr_par' dir='ltr' id='par_1_57' title="bbox 182 4217 1836 4288">
     <span class='ocr_line' id='line_1_57' title="bbox 182 4217 1836 4288; baseline 0.002 -20"><span class='ocrx_word' id='word_1_379' title='bbox 182 4217 357 4288; x_wconf 79' lang='lat' dir='ltr'><strong>juxta</strong></span> <span class='ocrx_word' id='word_1_380' title='bbox 391 4223 730 4286; x_wconf 64' lang='lat' dir='ltr'><strong>praeceptum</strong></span> <span class='ocrx_word' id='word_1_381' title='bbox 761 4219 1100 4287; x_wconf 84' lang='lat' dir='ltr'><strong>Marcellini,</strong></span> <span class='ocrx_word' id='word_1_382' title='bbox 1128 4220 1384 4288; x_wconf 88' lang='lat' dir='ltr'><strong>suscepit</strong></span> <span class='ocrx_word' id='word_1_383' title='bbox 1414 4232 1607 4276; x_wconf 91' lang='lat' dir='ltr'><strong>curam</strong></span> <span class='ocrx_word' id='word_1_384' title='bbox 1635 4217 1836 4273; x_wconf 84' lang='lat' dir='ltr'><strong>Eccle-</strong></span> 
     </span>
    </p>
   </div>
   <div class='ocr_carea' id='block_1_58' title="bbox 187 4287 1834 4359">
    <p class='ocr_par' dir='ltr' id='par_1_58' title="bbox 187 4287 1834 4359">
     <span class='ocr_line' id='line_1_58' title="bbox 187 4287 1834 4359; baseline 0.001 -18"><span class='ocrx_word' id='word_1_385' title='bbox 187 4287 326 4341; x_wconf 64' lang='lat' dir='ltr'><strong>sise:</strong></span> <span class='ocrx_word' id='word_1_386' title='bbox 384 4292 612 4359; x_wconf 88' lang='lat' dir='ltr'><strong>etcum</strong></span> <span class='ocrx_word' id='word_1_387' title='bbox 643 4289 859 4344; x_wconf 85' lang='lat' dir='ltr'><strong>videret</strong></span> <span class='ocrx_word' id='word_1_388' title='bbox 908 4289 1044 4345; x_wconf 88' lang='lat' dir='ltr'><strong>fisco</strong></span> <span class='ocrx_word' id='word_1_389' title='bbox 1087 4287 1412 4359; x_wconf 80' lang='lat' dir='ltr'><strong>adjudieari</strong></span> <span class='ocrx_word' id='word_1_390' title='bbox 1455 4289 1728 4345; x_wconf 84' lang='lat' dir='ltr'><strong>basilicas</strong></span> <span class='ocrx_word' id='word_1_391' title='bbox 1778 4291 1834 4344; x_wconf 91' lang='lat' dir='ltr'><strong>et</strong></span> 
     </span>
    </p>
   </div>
   <div class='ocr_carea' id='block_1_59' title="bbox 186 4358 1838 4431">
    <p class='ocr_par' dir='ltr' id='par_1_59' title="bbox 186 4358 1838 4431">
     <span class='ocr_line' id='line_1_59' title="bbox 186 4358 1838 4431; baseline 0.002 -19"><span class='ocrx_word' id='word_1_392' title='bbox 186 4358 536 4428; x_wconf 69' lang='lat' dir='ltr'><strong>caemeteria,</strong></span> <span class='ocrx_word' id='word_1_393' title='bbox 570 4360 859 4415; x_wconf 89' lang='lat' dir='ltr'><strong>ordinavit</strong></span> <span class='ocrx_word' id='word_1_394' title='bbox 887 4359 958 4415; x_wconf 71' lang='lat'><strong>25</strong></span> <span class='ocrx_word' id='word_1_395' title='bbox 988 4358 1210 4427; x_wconf 83' lang='lat' dir='ltr'><strong>titulos,</strong></span> <span class='ocrx_word' id='word_1_396' title='bbox 1240 4367 1295 4415; x_wconf 90' lang='lat' dir='ltr'><strong>et</strong></span> <span class='ocrx_word' id='word_1_397' title='bbox 1320 4367 1456 4416; x_wconf 91' lang='lat' dir='ltr'><strong>tunc</strong></span> <span class='ocrx_word' id='word_1_398' title='bbox 1480 4363 1664 4431; x_wconf 90' lang='lat' dir='ltr'><strong>primo</strong></span> <span class='ocrx_word' id='word_1_399' title='bbox 1689 4373 1838 4415; x_wconf 89' lang='lat' dir='ltr'><strong>com-</strong></span> 
     </span>
    </p>
   </div>
   <div class='ocr_carea' id='block_1_60' title="bbox 190 4431 1834 4502">
    <p class='ocr_par' dir='ltr' id='par_1_60' title="bbox 190 4431 1834 4502">
     <span class='ocr_line' id='line_1_60' title="bbox 190 4431 1834 4502; baseline 0.001 -19"><span class='ocrx_word' id='word_1_400' title='bbox 190 4431 787 4502; x_wconf 11' lang='lat' dir='ltr'><strong>prehensus,_gexsilio</strong></span> <span class='ocrx_word' id='word_1_401' title='bbox 831 4432 1128 4488; x_wconf 89' lang='lat' dir='ltr'><strong>multatur.</strong></span> <span class='ocrx_word' id='word_1_402' title='bbox 1157 4433 1292 4501; x_wconf 74' lang='lat' dir='ltr'><strong>Qua:</strong></span> <span class='ocrx_word' id='word_1_403' title='bbox 1321 4433 1477 4501; x_wconf 92' lang='lat' dir='ltr'><strong>prior</strong></span> <span class='ocrx_word' id='word_1_404' title='bbox 1505 4433 1694 4502; x_wconf 89' lang='lat' dir='ltr'><strong>passio</strong></span> <span class='ocrx_word' id='word_1_405' title='bbox 1729 4444 1834 4485; x_wconf 81' lang='lat' dir='ltr'><strong>ex-</strong></span> 
     </span>
    </p>
   </div>
   <div class='ocr_carea' id='block_1_61' title="bbox 187 4500 1836 4570">
    <p class='ocr_par' dir='ltr' id='par_1_61' title="bbox 187 4500 1836 4570">
     <span class='ocr_line' id='line_1_61' title="bbox 187 4500 1836 4570; baseline 0.002 -17"><span class='ocrx_word' id='word_1_406' title='bbox 187 4500 468 4570; x_wconf 87' lang='lat' dir='ltr'><strong>primitur</strong></span> <span class='ocrx_word' id='word_1_407' title='bbox 503 4500 624 4556; x_wconf 91' lang='lat' dir='ltr'><strong>illis</strong></span> <span class='ocrx_word' id='word_1_408' title='bbox 658 4501 879 4558; x_wconf 92' lang='lat' dir='ltr'><strong>verbis:</strong></span> <span class='ocrx_word' id='word_1_409' title='bbox 939 4523 964 4554; x_wconf 82' lang='lat'>«</span> <span class='ocrx_word' id='word_1_410' title='bbox 1006 4503 1106 4558; x_wconf 87' lang='lat' dir='ltr'><strong>Hic</strong></span> <span class='ocrx_word' id='word_1_411' title='bbox 1153 4500 1476 4560; x_wconf 85' lang='lat' dir='ltr'><strong>cearetatus</strong></span> <span class='ocrx_word' id='word_1_412' title='bbox 1505 4500 1591 4558; x_wconf 85' lang='lat' dir='ltr'><strong>est</strong></span> <span class='ocrx_word' id='word_1_413' title='bbox 1619 4507 1675 4558; x_wconf 91' lang='lat' dir='ltr'><strong>et</strong></span> <span class='ocrx_word' id='word_1_414' title='bbox 1704 4507 1836 4556; x_wconf 89' lang='lat' dir='ltr'><strong>ten—</strong></span> 
     </span>
    </p>
   </div>
   <div class='ocr_carea' id='block_1_62' title="bbox 185 4573 1834 4644">
    <p class='ocr_par' dir='ltr' id='par_1_62' title="bbox 185 4573 1834 4644">
     <span class='ocr_line' id='line_1_62' title="bbox 185 4573 1834 4644; baseline 0.001 -19"><span class='ocrx_word' id='word_1_415' title='bbox 185 4582 402 4644; x_wconf 88' lang='lat' dir='ltr'><strong>tus,_eo</strong></span> <span class='ocrx_word' id='word_1_416' title='bbox 425 4573 572 4644; x_wconf 92' lang='lat' dir='ltr'><strong>quod</strong></span> <span class='ocrx_word' id='word_1_417' title='bbox 601 4573 909 4629; x_wconf 88' lang='lat' dir='ltr'><strong>Ecclesiam</strong></span> <span class='ocrx_word' id='word_1_418' title='bbox 930 4575 1241 4630; x_wconf 90' lang='lat' dir='ltr'><strong>ordinaret.</strong></span> <span class='ocrx_word' id='word_1_419' title='bbox 1268 4591 1292 4624; x_wconf 72' lang='grc' dir='ltr'><strong>ι)</strong></span> <span class='ocrx_word' id='word_1_420' title='bbox 1327 4575 1642 4644; x_wconf 88' lang='lat' dir='ltr'><strong>dispersam</strong></span> <span class='ocrx_word' id='word_1_421' title='bbox 1665 4573 1834 4628; x_wconf 92' lang='lat' dir='ltr'><strong>initio</strong></span> 
     </span>
    </p>
   </div>
   <div class='ocr_carea' id='block_1_63' title="bbox 186 4641 1834 4714">
    <p class='ocr_par' dir='ltr' id='par_1_63' title="bbox 186 4641 1834 4714">
     <span class='ocr_line' id='line_1_63' title="bbox 186 4641 1834 4714; baseline 0.001 -18"><span class='ocrx_word' id='word_1_422' title='bbox 186 4641 332 4696; x_wconf 90' lang='lat' dir='ltr'><strong>anni</strong></span> <span class='ocrx_word' id='word_1_423' title='bbox 364 4643 577 4710; x_wconf 91' lang='lat' dir='ltr'><strong>prioris</strong></span> <span class='ocrx_word' id='word_1_424' title='bbox 607 4646 1026 4713; x_wconf 84' lang='lat' dir='ltr'><strong>persecutionis</strong></span> <span class='ocrx_word' id='word_1_425' title='bbox 1049 4641 1485 4713; x_wconf 70' lang='lat' dir='ltr'><strong>Diocletianteie,</strong></span> <span class='ocrx_word' id='word_1_426' title='bbox 1514 4643 1742 4714; x_wconf 88' lang='lat' dir='ltr'><strong>quando</strong></span> <span class='ocrx_word' id='word_1_427' title='bbox 1766 4657 1834 4698; x_wconf 81' lang='lat' dir='ltr'><strong>ex</strong></span> 
     </span>
    </p>
   </div>
   <div class='ocr_carea' id='block_1_64' title="bbox 182 4714 1834 4786">
    <p class='ocr_par' dir='ltr' id='par_1_64' title="bbox 182 4714 1834 4786">
     <span class='ocr_line' id='line_1_64' title="bbox 182 4714 1834 4786; baseline 0 -17"><span class='ocrx_word' id='word_1_428' title='bbox 182 4714 509 4786; x_wconf 79' lang='lat' dir='ltr'><strong>decessoris</strong></span> <span class='ocrx_word' id='word_1_429' title='bbox 525 4722 800 4786; x_wconf 67' lang='lat' dir='ltr'><strong>praecepto</strong></span> <span class='ocrx_word' id='word_1_430' title='bbox 813 4730 1006 4772; x_wconf 87' lang='lat' dir='ltr'><strong>curam</strong></span> <span class='ocrx_word' id='word_1_431' title='bbox 1021 4719 1273 4786; x_wconf 88' lang='lat' dir='ltr'><strong>ejusdem</strong></span> <span class='ocrx_word' id='word_1_432' title='bbox 1289 4717 1561 4786; x_wconf 90' lang='lat' dir='ltr'><strong>suscepit.</strong></span> <span class='ocrx_word' id='word_1_433' title='bbox 1579 4715 1834 4770; x_wconf 89' lang='lat' dir='ltr'><strong>Secunda</strong></span> 
     </span>
    </p>
   </div>
   <div class='ocr_carea' id='block_1_65' title="bbox 187 4783 1836 4858">
    <p class='ocr_par' dir='ltr' id='par_1_65' title="bbox 187 4783 1836 4858">
     <span class='ocr_line' id='line_1_65' title="bbox 187 4783 1836 4858; baseline 0.002 -21"><span class='ocrx_word' id='word_1_434' title='bbox 187 4783 478 4840; x_wconf 90' lang='lat' dir='ltr'><strong>confessio</strong></span> <span class='ocrx_word' id='word_1_435' title='bbox 507 4786 661 4858; x_wconf 75' lang='lat' dir='ltr'><strong>edita</strong></span> <span class='ocrx_word' id='word_1_436' title='bbox 692 4783 778 4842; x_wconf 85' lang='lat' dir='ltr'><strong>est</strong></span> <span class='ocrx_word' id='word_1_437' title='bbox 805 4787 913 4842; x_wconf 92' lang='lat' dir='ltr'><strong>sub</strong></span> <span class='ocrx_word' id='word_1_438' title='bbox 948 4783 1247 4858; x_wconf 61' lang='lat' dir='ltr'><strong>Maientio,</strong></span> <span class='ocrx_word' id='word_1_439' title='bbox 1274 4789 1373 4858; x_wconf 91' lang='lat' dir='ltr'><strong>qui</strong></span> <span class='ocrx_word' id='word_1_440' title='bbox 1403 4783 1631 4843; x_wconf 83' lang='lat' dir='ltr'><strong>Romam</strong></span> <span class='ocrx_word' id='word_1_441' title='bbox 1663 4798 1836 4840; x_wconf 89' lang='lat' dir='ltr'><strong>vene—</strong></span> 
     </span>
    </p>
   </div>
   <div class='ocr_carea' id='block_1_66' title="bbox 186 4855 1834 4928">
    <p class='ocr_par' dir='ltr' id='par_1_66' title="bbox 186 4855 1834 4928">
     <span class='ocr_line' id='line_1_66' title="bbox 186 4855 1834 4928; baseline 0.001 -19"><span class='ocrx_word' id='word_1_442' title='bbox 186 4861 280 4910; x_wconf 90' lang='lat' dir='ltr'><strong>rat</strong></span> <span class='ocrx_word' id='word_1_443' title='bbox 319 4868 468 4928; x_wconf 16' lang='lat' dir='ltr'><strong>ann‘o</strong></span> <span class='ocrx_word' id='word_1_444' title='bbox 507 4855 628 4928; x_wconf 79' lang='lat'><strong>306,</strong></span> <span class='ocrx_word' id='word_1_445' title='bbox 663 4871 790 4913; x_wconf 92' lang='lat' dir='ltr'><strong>cum</strong></span> <span class='ocrx_word' id='word_1_446' title='bbox 829 4865 977 4914; x_wconf 89' lang='lat' dir='ltr'><strong>esset</strong></span> <span class='ocrx_word' id='word_1_447' title='bbox 1023 4855 1307 4928; x_wconf 69' lang='lat' dir='ltr'><strong>pontifex,</strong></span> <span class='ocrx_word' id='word_1_448' title='bbox 1336 4866 1390 4915; x_wconf 91' lang='lat' dir='ltr'><strong>et</strong></span> <span class='ocrx_word' id='word_1_449' title='bbox 1425 4860 1492 4913; x_wconf 87' lang='lat' dir='ltr'><strong>ad</strong></span> <span class='ocrx_word' id='word_1_450' title='bbox 1529 4859 1672 4912; x_wconf 89' lang='lat' dir='ltr'><strong>hanc</strong></span> <span class='ocrx_word' id='word_1_451' title='bbox 1699 4870 1834 4925; x_wconf 89' lang='lat' dir='ltr'><strong>spe-</strong></span> 
     </span>
    </p>
   </div>
   <div class='ocr_carea' id='block_1_67' title="bbox 183 4925 1834 5000">
    <p class='ocr_par' dir='ltr' id='par_1_67' title="bbox 183 4925 1834 5000">
     <span class='ocr_line' id='line_1_67' title="bbox 183 4925 1834 5000; baseline 0.001 -19"><span class='ocrx_word' id='word_1_452' title='bbox 183 4931 350 4981; x_wconf 89' lang='lat' dir='ltr'><strong>ctant</strong></span> <span class='ocrx_word' id='word_1_453' title='bbox 378 4925 478 4980; x_wconf 91' lang='lat' dir='ltr'><strong>illa</strong></span> <span class='ocrx_word' id='word_1_454' title='bbox 506 4927 693 4983; x_wconf 92' lang='lat' dir='ltr'><strong>verba.</strong></span> <span class='ocrx_word' id='word_1_455' title='bbox 721 4948 747 4980; x_wconf 80' lang='grc' dir='ltr'><strong>α</strong></span> <span class='ocrx_word' id='word_1_456' title='bbox 778 4925 1233 5000; x_wconf 83' lang='lat' dir='ltr'><strong>Comprehensus</strong></span> <span class='ocrx_word' id='word_1_457' title='bbox 1259 4925 1291 4986; x_wconf 85' lang='lat' dir='ltr'><strong>a</strong></span> <span class='ocrx_word' id='word_1_458' title='bbox 1320 4929 1626 4994; x_wconf 85' lang='lat' dir='ltr'><strong>Maxentio,</strong></span> <span class='ocrx_word' id='word_1_459' title='bbox 1655 4933 1718 4982; x_wconf 92' lang='lat' dir='ltr'><strong>ut</strong></span> <span class='ocrx_word' id='word_1_460' title='bbox 1747 4940 1834 4982; x_wconf 89' lang='lat' dir='ltr'><strong>ne-</strong></span> 
     </span>
    </p>
   </div>
   <div class='ocr_carea' id='block_1_68' title="bbox 181 4999 1832 5070">
    <p class='ocr_par' dir='ltr' id='par_1_68' title="bbox 181 4999 1832 5070">
     <span class='ocr_line' id='line_1_68' title="bbox 181 4999 1832 5070; baseline 0.001 -19"><span class='ocrx_word' id='word_1_461' title='bbox 181 5002 351 5070; x_wconf 66' lang='lat' dir='ltr'><strong>garet</strong></span> <span class='ocrx_word' id='word_1_462' title='bbox 379 5010 439 5052; x_wconf 92' lang='lat' dir='ltr'><strong>se</strong></span> <span class='ocrx_word' id='word_1_463' title='bbox 485 5011 607 5054; x_wconf 91' lang='lat' dir='ltr'><strong>esse</strong></span> <span class='ocrx_word' id='word_1_464' title='bbox 647 4999 1000 5070; x_wconf 89' lang='lat' dir='ltr'><strong>episcopum.</strong></span> <span class='ocrx_word' id='word_1_465' title='bbox 1036 5021 1060 5051; x_wconf 73' lang='grc' dir='ltr'><strong><em>υ</em></strong></span> <span class='ocrx_word' id='word_1_466' title='bbox 1111 5005 1185 5057; x_wconf 89' lang='lat' dir='ltr'><strong>Eo</strong></span> <span class='ocrx_word' id='word_1_467' title='bbox 1214 5003 1366 5057; x_wconf 91' lang='lat' dir='ltr'><strong>enim</strong></span> <span class='ocrx_word' id='word_1_468' title='bbox 1399 5009 1650 5070; x_wconf 91' lang='lat' dir='ltr'><strong>tempore</strong></span> <span class='ocrx_word' id='word_1_469' title='bbox 1691 5011 1832 5070; x_wconf 78' lang='lat' dir='ltr'><strong>nova</strong></span> 
     </span>
    </p>
   </div>
   <div class='ocr_carea' id='block_1_69' title="bbox 181 5069 1832 5142">
    <p class='ocr_par' dir='ltr' id='par_1_69' title="bbox 181 5069 1832 5142">
     <span class='ocr_line' id='line_1_69' title="bbox 181 5069 1832 5142; baseline 0.001 -20"><span class='ocrx_word' id='word_1_470' title='bbox 181 5069 421 5142; x_wconf 87' lang='lat' dir='ltr'><strong>vulgata</strong></span> <span class='ocrx_word' id='word_1_471' title='bbox 438 5076 579 5142; x_wconf 70' lang='lat' dir='ltr'><strong>sunt</strong></span> <span class='ocrx_word' id='word_1_472' title='bbox 599 5070 782 5126; x_wconf 91' lang='lat' dir='ltr'><strong>edicta</strong></span> <span class='ocrx_word' id='word_1_473' title='bbox 807 5069 1079 5128; x_wconf 84' lang='lat' dir='ltr'><strong>adversus</strong></span> <span class='ocrx_word' id='word_1_474' title='bbox 1108 5072 1420 5142; x_wconf 80' lang='lat' dir='ltr'><strong>episcenos,</strong></span> <span class='ocrx_word' id='word_1_475' title='bbox 1451 5069 1709 5140; x_wconf 38' lang='lat' dir='ltr'><strong>ut’supra</strong></span> <span class='ocrx_word' id='word_1_476' title='bbox 1738 5069 1832 5123; x_wconf 90' lang='lat' dir='ltr'><strong>vi—</strong></span> 
     </span>
    </p>
   </div>
   <div class='ocr_carea' id='block_1_70' title="bbox 179 5140 1832 5212">
    <p class='ocr_par' dir='ltr' id='par_1_70' title="bbox 179 5140 1832 5212">
     <span class='ocr_line' id='line_1_70' title="bbox 179 5140 1832 5212; baseline 0.001 -18"><span class='ocrx_word' id='word_1_477' title='bbox 179 5140 404 5212; x_wconf 88' lang='lat' dir='ltr'><strong>dimus.</strong></span> <span class='ocrx_word' id='word_1_478' title='bbox 435 5140 625 5196; x_wconf 90' lang='lat' dir='ltr'><strong>Tertia</strong></span> <span class='ocrx_word' id='word_1_479' title='bbox 654 5155 784 5198; x_wconf 92' lang='lat' dir='ltr'><strong>vero</strong></span> <span class='ocrx_word' id='word_1_480' title='bbox 814 5143 1098 5212; x_wconf 89' lang='lat' dir='ltr'><strong>descripta</strong></span> <span class='ocrx_word' id='word_1_481' title='bbox 1127 5143 1250 5199; x_wconf 88' lang='lat' dir='ltr'><strong>illis</strong></span> <span class='ocrx_word' id='word_1_482' title='bbox 1268 5140 1484 5199; x_wconf 88' lang='lat' dir='ltr'><strong>verbis:</strong></span> <span class='ocrx_word' id='word_1_483' title='bbox 1518 5164 1543 5193; x_wconf 84' lang='grc' dir='ltr'><em>α</em></span> <span class='ocrx_word' id='word_1_484' title='bbox 1567 5143 1681 5197; x_wconf 85' lang='lat' dir='ltr'><strong>Hoc</strong></span> <span class='ocrx_word' id='word_1_485' title='bbox 1719 5154 1832 5196; x_wconf 87' lang='lat' dir='ltr'><strong>au-</strong></span> 
     </span>
    </p>
   </div>
   <div class='ocr_carea' id='block_1_71' title="bbox 178 5211 1833 5276">
    <p class='ocr_par' dir='ltr' id='par_1_71' title="bbox 178 5211 1833 5276">
     <span class='ocr_line' id='line_1_71' title="bbox 178 5211 1833 5276; baseline 0 -10"><span class='ocrx_word' id='word_1_486' title='bbox 178 5211 312 5266; x_wconf 88' lang='lat' dir='ltr'><strong>dito</strong></span> <span class='ocrx_word' id='word_1_487' title='bbox 340 5212 664 5267; x_wconf 86' lang='lat' dir='ltr'><strong>Maxentius</strong></span> <span class='ocrx_word' id='word_1_488' title='bbox 697 5213 878 5276; x_wconf 83' lang='lat' dir='ltr'><strong>misit,</strong></span> <span class='ocrx_word' id='word_1_489' title='bbox 907 5221 961 5268; x_wconf 92' lang='lat' dir='ltr'><strong>et</strong></span> <span class='ocrx_word' id='word_1_490' title='bbox 988 5211 1174 5269; x_wconf 89' lang='lat' dir='ltr'><strong>tenuit</strong></span> <span class='ocrx_word' id='word_1_491' title='bbox 1206 5216 1409 5270; x_wconf 89' lang='lat' dir='ltr'><strong>iterum</strong></span> <span class='ocrx_word' id='word_1_492' title='bbox 1445 5215 1668 5270; x_wconf 88' lang='lat' dir='ltr'><strong>beatum</strong></span> <span class='ocrx_word' id='word_1_493' title='bbox 1695 5215 1833 5267; x_wconf 85' lang='lat' dir='ltr'><strong>Mar-</strong></span> 
     </span>
    </p>
   </div>
   <div class='ocr_carea' id='block_1_72' title="bbox 179 5281 1829 5354">
    <p class='ocr_par' dir='ltr' id='par_1_72' title="bbox 179 5281 1829 5354">
     <span class='ocr_line' id='line_1_72' title="bbox 179 5281 1829 5354; baseline 0.001 -18"><span class='ocrx_word' id='word_1_494' title='bbox 179 5281 421 5337; x_wconf 91' lang='lat' dir='ltr'><strong>cellum.</strong></span> <span class='ocrx_word' id='word_1_495' title='bbox 457 5302 482 5332; x_wconf 74' lang='lat' dir='ltr'><strong>n</strong></span> <span class='ocrx_word' id='word_1_496' title='bbox 519 5282 652 5338; x_wconf 87' lang='lat' dir='ltr'><strong>Tria</strong></span> <span class='ocrx_word' id='word_1_497' title='bbox 685 5284 802 5339; x_wconf 68' lang='lat' dir='ltr'><strong>haec</strong></span> <span class='ocrx_word' id='word_1_498' title='bbox 831 5285 1283 5341; x_wconf 89' lang='lat' dir='ltr'><strong>discriminanda</strong></span> <span class='ocrx_word' id='word_1_499' title='bbox 1316 5287 1514 5341; x_wconf 88' lang='lat' dir='ltr'><strong>suadet</strong></span> <span class='ocrx_word' id='word_1_500' title='bbox 1547 5282 1829 5354; x_wconf 87' lang='lat' dir='ltr'><strong>particula</strong></span> 
     </span>
    </p>
   </div>
   <div class='ocr_carea' id='block_1_73' title="bbox 181 5355 1829 5423">
    <p class='ocr_par' dir='ltr' id='par_1_73' title="bbox 181 5355 1829 5423">
     <span class='ocr_line' id='line_1_73' title="bbox 181 5355 1829 5423; baseline 0.001 -16"><span class='ocrx_word' id='word_1_501' title='bbox 181 5356 406 5417; x_wconf 84' lang='lat' dir='ltr'><strong>iterum,</strong></span> <span class='ocrx_word' id='word_1_502' title='bbox 455 5369 582 5423; x_wconf 73' lang='lat' dir='ltr'><strong>qua:</strong></span> <span class='ocrx_word' id='word_1_503' title='bbox 606 5355 837 5410; x_wconf 88' lang='lat' dir='ltr'><strong>denotat</strong></span> <span class='ocrx_word' id='word_1_504' title='bbox 864 5357 1214 5411; x_wconf 80' lang='lat' dir='ltr'><strong>Maxentium</strong></span> <span class='ocrx_word' id='word_1_505' title='bbox 1248 5357 1472 5411; x_wconf 89' lang='lat' dir='ltr'><strong>duabus</strong></span> <span class='ocrx_word' id='word_1_506' title='bbox 1503 5356 1728 5410; x_wconf 85' lang='lat' dir='ltr'><strong>vicibus</strong></span> <span class='ocrx_word' id='word_1_507' title='bbox 1770 5355 1829 5409; x_wconf 93' lang='lat' dir='ltr'><strong>in</strong></span> 
     </span>
    </p>
   </div>
   <div class='ocr_carea' id='block_1_74' title="bbox 177 5424 1831 5494">
    <p class='ocr_par' dir='ltr' id='par_1_74' title="bbox 177 5424 1831 5494">
     <span class='ocr_line' id='line_1_74' title="bbox 177 5424 1831 5494; baseline -0.001 -14"><span class='ocrx_word' id='word_1_508' title='bbox 177 5425 240 5480; x_wconf 91' lang='lat' dir='ltr'><strong>S.</strong></span> <span class='ocrx_word' id='word_1_509' title='bbox 268 5424 599 5480; x_wconf 84' lang='lat' dir='ltr'><strong>Marcellum</strong></span> <span class='ocrx_word' id='word_1_510' title='bbox 645 5425 968 5480; x_wconf 85' lang='lat' dir='ltr'><strong>exarsisse:</strong></span> <span class='ocrx_word' id='word_1_511' title='bbox 1010 5429 1166 5494; x_wconf 89' lang='lat' dir='ltr'><strong>prior</strong></span> <span class='ocrx_word' id='word_1_512' title='bbox 1195 5441 1325 5482; x_wconf 88' lang='lat' dir='ltr'><strong>vero</strong></span> <span class='ocrx_word' id='word_1_513' title='bbox 1368 5426 1652 5482; x_wconf 88' lang='lat' dir='ltr'><strong>confessio</strong></span> <span class='ocrx_word' id='word_1_514' title='bbox 1683 5424 1831 5479; x_wconf 90' lang='lat' dir='ltr'><strong>facta</strong></span> 
     </span>
    </p>
   </div>
   <div class='ocr_carea' id='block_1_75' title="bbox 180 5495 1835 5565">
    <p class='ocr_par' dir='ltr' id='par_1_75' title="bbox 180 5495 1835 5565">
     <span class='ocr_line' id='line_1_75' title="bbox 180 5495 1835 5565; baseline -0.001 -14"><span class='ocrx_word' id='word_1_515' title='bbox 180 5503 322 5551; x_wconf 90' lang='lat' dir='ltr'><strong>ante</strong></span> <span class='ocrx_word' id='word_1_516' title='bbox 346 5495 622 5551; x_wconf 78' lang='lat' dir='ltr'><strong>Maxentii</strong></span> <span class='ocrx_word' id='word_1_517' title='bbox 655 5496 711 5548; x_wconf 93' lang='lat' dir='ltr'><strong>in</strong></span> <span class='ocrx_word' id='word_1_518' title='bbox 746 5495 946 5549; x_wconf 91' lang='lat' dir='ltr'><strong>Urbem</strong></span> <span class='ocrx_word' id='word_1_519' title='bbox 975 5499 1301 5565; x_wconf 90' lang='lat' dir='ltr'><strong>adventum,</strong></span> <span class='ocrx_word' id='word_1_520' title='bbox 1325 5509 1392 5551; x_wconf 85' lang='lat' dir='ltr'><strong>ex</strong></span> <span class='ocrx_word' id='word_1_521' title='bbox 1423 5497 1687 5552; x_wconf 86' lang='lat' dir='ltr'><strong>Judicum</strong></span> <span class='ocrx_word' id='word_1_522' title='bbox 1715 5496 1835 5562; x_wconf 87' lang='lat' dir='ltr'><strong>jus-</strong></span> 
     </span>
    </p>
   </div>
   <div class='ocr_carea' id='block_1_76' title="bbox 179 5565 1830 5636">
    <p class='ocr_par' dir='ltr' id='par_1_76' title="bbox 179 5565 1830 5636">
     <span class='ocr_line' id='line_1_76' title="bbox 179 5565 1830 5636; baseline -0.001 -15"><span class='ocrx_word' id='word_1_523' title='bbox 179 5567 374 5636; x_wconf 90' lang='lat' dir='ltr'><strong>sione,</strong></span> <span class='ocrx_word' id='word_1_524' title='bbox 405 5568 505 5636; x_wconf 92' lang='lat' dir='ltr'><strong>qui</strong></span> <span class='ocrx_word' id='word_1_525' title='bbox 538 5565 929 5636; x_wconf 90' lang='lat' dir='ltr'><strong>Marcellinum</strong></span> <span class='ocrx_word' id='word_1_526' title='bbox 961 5567 1170 5635; x_wconf 91' lang='lat' dir='ltr'><strong>capitis</strong></span> <span class='ocrx_word' id='word_1_527' title='bbox 1193 5568 1473 5622; x_wconf 92' lang='lat' dir='ltr'><strong>sententia</strong></span> <span class='ocrx_word' id='word_1_528' title='bbox 1501 5567 1830 5632; x_wconf 81' lang='lat' dir='ltr'><strong>multarunt,</strong></span> 
     </span>
    </p>
   </div>
   <div class='ocr_carea' id='block_1_77' title="bbox 179 5635 1833 5706">
    <p class='ocr_par' dir='ltr' id='par_1_77' title="bbox 179 5635 1833 5706">
     <span class='ocr_line' id='line_1_77' title="bbox 179 5635 1833 5706; baseline 0 -14"><span class='ocrx_word' id='word_1_529' title='bbox 179 5642 243 5692; x_wconf 89' lang='lat' dir='ltr'><strong>et</strong></span> <span class='ocrx_word' id='word_1_530' title='bbox 273 5635 405 5692; x_wconf 89' lang='lat' dir='ltr'><strong>cum</strong></span> <span class='ocrx_word' id='word_1_531' title='bbox 424 5635 628 5693; x_wconf 80' lang='lat' dir='ltr'><strong>adhuc</strong></span> <span class='ocrx_word' id='word_1_532' title='bbox 657 5635 946 5706; x_wconf 88' lang='lat' dir='ltr'><strong>presbyter</strong></span> <span class='ocrx_word' id='word_1_533' title='bbox 975 5637 1274 5694; x_wconf 88' lang='lat' dir='ltr'><strong>Marcellus</strong></span> <span class='ocrx_word' id='word_1_534' title='bbox 1305 5644 1472 5693; x_wconf 82' lang='lat' dir='ltr'><strong>esset.</strong></span> <span class='ocrx_word' id='word_1_535' title='bbox 1506 5636 1833 5692; x_wconf 79' lang='lat' dir='ltr'><strong>Necessaria</strong></span> 
     </span>
    </p>
   </div>
   <div class='ocr_carea' id='block_1_78' title="bbox 182 5708 1836 5778">
    <p class='ocr_par' dir='ltr' id='par_1_78' title="bbox 182 5708 1836 5778">
     <span class='ocr_line' id='line_1_78' title="bbox 182 5708 1836 5778; baseline -0.001 -15"><span class='ocrx_word' id='word_1_536' title='bbox 182 5708 311 5764; x_wconf 69' lang='lat' dir='ltr'><strong>haec</strong></span> <span class='ocrx_word' id='word_1_537' title='bbox 337 5709 558 5777; x_wconf 89' lang='lat' dir='ltr'><strong>putavit</strong></span> <span class='ocrx_word' id='word_1_538' title='bbox 576 5709 916 5778; x_wconf 91' lang='lat' dir='ltr'><strong>compilator</strong></span> <span class='ocrx_word' id='word_1_539' title='bbox 931 5717 1216 5778; x_wconf 83' lang='lat' dir='ltr'><strong>gestorum</strong></span> <span class='ocrx_word' id='word_1_540' title='bbox 1241 5711 1534 5778; x_wconf 85' lang='lat' dir='ltr'><strong>adnotare,</strong></span> <span class='ocrx_word' id='word_1_541' title='bbox 1559 5716 1620 5765; x_wconf 90' lang='lat' dir='ltr'><strong>ut</strong></span> <span class='ocrx_word' id='word_1_542' title='bbox 1637 5713 1836 5763; x_wconf 86' lang='lat' dir='ltr'><strong>osten-</strong></span> 
     </span>
    </p>
   </div>
   <div class='ocr_carea' id='block_1_79' title="bbox 181 5779 1836 5851">
    <p class='ocr_par' dir='ltr' id='par_1_79' title="bbox 181 5779 1836 5851">
     <span class='ocr_line' id='line_1_79' title="bbox 181 5779 1836 5851; baseline 0.001 -17"><span class='ocrx_word' id='word_1_543' title='bbox 181 5780 696 5851; x_wconf 85' lang='lat' dir='ltr'><strong>deretMarcellum</strong></span> <span class='ocrx_word' id='word_1_544' title='bbox 722 5787 854 5836; x_wconf 86' lang='lat' dir='ltr'><strong>ante</strong></span> <span class='ocrx_word' id='word_1_545' title='bbox 882 5783 1294 5851; x_wconf 81' lang='lat' dir='ltr'><strong>pontificatum,</strong></span> <span class='ocrx_word' id='word_1_546' title='bbox 1323 5786 1378 5838; x_wconf 91' lang='lat' dir='ltr'><strong>et</strong></span> <span class='ocrx_word' id='word_1_547' title='bbox 1407 5781 1464 5836; x_wconf 93' lang='lat' dir='ltr'><strong>in</strong></span> <span class='ocrx_word' id='word_1_548' title='bbox 1499 5781 1622 5849; x_wconf 90' lang='lat' dir='ltr'><strong>ipso</strong></span> <span class='ocrx_word' id='word_1_549' title='bbox 1655 5779 1836 5849; x_wconf 88' lang='lat' dir='ltr'><strong>ponti-</strong></span> 
     </span>
    </p>
   </div>
   <div class='ocr_carea' id='block_1_80' title="bbox 183 5849 1835 5926">
    <p class='ocr_par' dir='ltr' id='par_1_80' title="bbox 183 5849 1835 5926">
     <span class='ocr_line' id='line_1_80' title="bbox 183 5849 1835 5926; baseline 0.002 -18"><span class='ocrx_word' id='word_1_550' title='bbox 183 5849 368 5910; x_wconf 78' lang='lat' dir='ltr'><strong>ficatu</strong></span> <span class='ocrx_word' id='word_1_551' title='bbox 393 5863 587 5910; x_wconf 82' lang='lat' dir='ltr'><strong>verum</strong></span> <span class='ocrx_word' id='word_1_552' title='bbox 618 5849 1001 5914; x_wconf 79' lang='lat' dir='ltr'><strong>confessorem</strong></span> <span class='ocrx_word' id='word_1_553' title='bbox 1031 5852 1235 5926; x_wconf 89' lang='lat' dir='ltr'><strong>fuisse,</strong></span> <span class='ocrx_word' id='word_1_554' title='bbox 1272 5858 1328 5912; x_wconf 90' lang='lat' dir='ltr'><strong>et</strong></span> <span class='ocrx_word' id='word_1_555' title='bbox 1355 5851 1564 5912; x_wconf 87' lang='lat' dir='ltr'><strong>deinde</strong></span> <span class='ocrx_word' id='word_1_556' title='bbox 1587 5864 1835 5912; x_wconf 87' lang='lat' dir='ltr'><strong>corona-</strong></span> 
     </span>
    </p>
   </div>
   <div class='ocr_carea' id='block_1_81' title="bbox 1963 520 3602 597">
    <p class='ocr_par' dir='ltr' id='par_1_81' title="bbox 1963 520 3602 597">
     <span class='ocr_line' id='line_1_81' title="bbox 1963 520 3602 597; baseline 0.009 -27"><span class='ocrx_word' id='word_1_557' title='bbox 1963 520 2232 597; x_wconf 79' lang='lat' dir='ltr'><strong>rum,_qui</strong></span> <span class='ocrx_word' id='word_1_558' title='bbox 2267 521 2679 597; x_wconf 71' lang='lat' dir='ltr'><strong>Marcellinum,</strong></span> <span class='ocrx_word' id='word_1_559' title='bbox 2708 523 3064 597; x_wconf 79' lang='lat' dir='ltr'><strong>Marcellum,</strong></span> <span class='ocrx_word' id='word_1_560' title='bbox 3101 528 3425 597; x_wconf 85' lang='lat' dir='ltr'><strong>Eusebium,</strong></span> <span class='ocrx_word' id='word_1_561' title='bbox 3456 529 3602 584; x_wconf 89' lang='lat' dir='ltr'><strong>Mel-</strong></span> 
     </span>
    </p>
   </div>
   <div class='ocr_carea' id='block_1_82' title="bbox 1959 586 3601 668">
    <p class='ocr_par' dir='ltr' id='par_1_82' title="bbox 1959 586 3601 668">
     <span class='ocr_line' id='line_1_82' title="bbox 1959 586 3601 668; baseline 0.009 -28"><span class='ocrx_word' id='word_1_562' title='bbox 1959 586 2241 668; x_wconf 75' lang='lat' dir='ltr'><strong>chiadem,</strong></span> <span class='ocrx_word' id='word_1_563' title='bbox 2257 586 2678 668; x_wconf 51' lang='lat' dir='ltr'><strong>etSylv&#39;estrum&#39;</strong></span> <span class='ocrx_word' id='word_1_564' title='bbox 2704 594 3005 668; x_wconf 88' lang='lat' dir='ltr'><strong>illegitime</strong></span> <span class='ocrx_word' id='word_1_565' title='bbox 3025 586 3147 652; x_wconf 77' lang='lat' dir='ltr'><strong>e5se</strong></span> <span class='ocrx_word' id='word_1_566' title='bbox 3168 586 3482 668; x_wconf 84' lang='lat' dir='ltr'><strong>ordinatos,</strong></span> <span class='ocrx_word' id='word_1_567' title='bbox 3501 606 3601 655; x_wconf 87' lang='lat' dir='ltr'><strong>ut-</strong></span> 
     </span>
    </p>
   </div>
   <div class='ocr_carea' id='block_1_83' title="bbox 1963 661 3601 737">
    <p class='ocr_par' dir='ltr' id='par_1_83' title="bbox 1963 661 3601 737">
     <span class='ocr_line' id='line_1_83' title="bbox 1963 661 3601 737; baseline 0.009 -25"><span class='ocrx_word' id='word_1_568' title='bbox 1963 664 2090 737; x_wconf 90' lang='lat' dir='ltr'><strong>pot_e</strong></span> <span class='ocrx_word' id='word_1_569' title='bbox 2104 661 2185 737; x_wconf 85' lang='lat' dir='ltr'><strong>vel</strong></span> <span class='ocrx_word' id='word_1_570' title='bbox 2204 661 2412 737; x_wconf 83' lang='lat' dir='ltr'><strong>lapsos,</strong></span> <span class='ocrx_word' id='word_1_571' title='bbox 2430 665 2512 720; x_wconf 90' lang='lat' dir='ltr'><strong>vel</strong></span> <span class='ocrx_word' id='word_1_572' title='bbox 2528 679 2556 719; x_wconf 91' lang='lat' dir='ltr'><strong>a</strong></span> <span class='ocrx_word' id='word_1_573' title='bbox 2576 667 2752 736; x_wconf 85' lang='lat' dir='ltr'><strong>lapsis</strong></span> <span class='ocrx_word' id='word_1_574' title='bbox 2765 661 3061 723; x_wconf 71' lang='lat' dir='ltr'><strong>ordinatos</strong></span> <span class='ocrx_word' id='word_1_575' title='bbox 3075 661 3601 737; x_wconf 62' lang='lat' dir='ltr'><strong>calumniaban&#39;tur,</strong></span> 
     </span>
    </p>
   </div>
   <div class='ocr_carea' id='block_1_84' title="bbox 1962 732 3604 811">
    <p class='ocr_par' dir='ltr' id='par_1_84' title="bbox 1962 732 3604 811">
     <span class='ocr_line' id='line_1_84' title="bbox 1962 732 3604 811; baseline 0.008 -27"><span class='ocrx_word' id='word_1_576' title='bbox 1962 732 2309 811; x_wconf 65' lang='lat' dir='ltr'><strong>utEcclesiae</strong></span> <span class='ocrx_word' id='word_1_577' title='bbox 2334 732 2596 811; x_wconf 63' lang='lat' dir='ltr'><strong>Bemanae</strong></span> <span class='ocrx_word' id='word_1_578' title='bbox 2626 732 2998 811; x_wconf 83' lang='lat' dir='ltr'><strong>defectionem</strong></span> <span class='ocrx_word' id='word_1_579' title='bbox 3031 740 3260 808; x_wconf 85' lang='lat' dir='ltr'><strong>populis</strong></span> <span class='ocrx_word' id='word_1_580' title='bbox 3297 732 3604 797; x_wconf 84' lang='lat' dir='ltr'><strong>schismate</strong></span> 
     </span>
    </p>
   </div>
   <div class='ocr_carea' id='block_1_85' title="bbox 1964 805 3600 880">
    <p class='ocr_par' dir='ltr' id='par_1_85' title="bbox 1964 805 3600 880">
     <span class='ocr_line' id='line_1_85' title="bbox 1964 805 3600 880; baseline 0.008 -26"><span class='ocrx_word' id='word_1_581' title='bbox 1964 805 2212 880; x_wconf 80' lang='lat' dir='ltr'><strong>irretitis</strong></span> <span class='ocrx_word' id='word_1_582' title='bbox 2228 808 2554 876; x_wconf 89' lang='lat' dir='ltr'><strong>suaderent,</strong></span> <span class='ocrx_word' id='word_1_583' title='bbox 2577 815 2634 864; x_wconf 92' lang='lat' dir='ltr'><strong>et</strong></span> <span class='ocrx_word' id='word_1_584' title='bbox 2653 805 3260 880; x_wconf 80' lang='lat' dir='ltr'><strong>pseudoepiscopatum</strong></span> <span class='ocrx_word' id='word_1_585' title='bbox 3289 813 3600 868; x_wconf 79' lang='lat' dir='ltr'><strong>Romanum</strong></span> 
     </span>
    </p>
   </div>
   <div class='ocr_carea' id='block_1_86' title="bbox 1958 871 3603 954">
    <p class='ocr_par' dir='ltr' id='par_1_86' title="bbox 1958 871 3603 954">
     <span class='ocr_line' id='line_1_86' title="bbox 1958 871 3603 954; baseline 0.008 -29"><span class='ocrx_word' id='word_1_586' title='bbox 1958 871 2205 954; x_wconf 79' lang='lat' dir='ltr'><strong>ab__ipsis</strong></span> <span class='ocrx_word' id='word_1_587' title='bbox 2233 871 2856 954; x_wconf 75' lang='lat' dir='ltr'><strong>usurpatumlegitime</strong></span> <span class='ocrx_word' id='word_1_588' title='bbox 2890 871 3120 954; x_wconf 78' lang='lat' dir='ltr'><strong>retineri</strong></span> <span class='ocrx_word' id='word_1_589' title='bbox 3168 883 3316 952; x_wconf 91' lang='lat' dir='ltr'><strong>plebi</strong></span> <span class='ocrx_word' id='word_1_590' title='bbox 3358 884 3603 938; x_wconf 82' lang='lat' dir='ltr'><strong>credula:</strong></span> 
     </span>
    </p>
   </div>
   <div class='ocr_carea' id='block_1_87' title="bbox 1963 946 3605 1026">
    <p class='ocr_par' dir='ltr' id='par_1_87' title="bbox 1963 946 3605 1026">
     <span class='ocr_line' id='line_1_87' title="bbox 1963 946 3605 1026; baseline 0.007 -28"><span class='ocrx_word' id='word_1_591' title='bbox 1963 946 2318 1026; x_wconf 78' lang='lat' dir='ltr'><strong>intimarent,</strong></span> <span class='ocrx_word' id='word_1_592' title='bbox 2356 946 2920 1026; x_wconf 78' lang='lat' dir='ltr'><strong>uteisubderentur,</strong></span> <span class='ocrx_word' id='word_1_593' title='bbox 2948 960 3002 1007; x_wconf 91' lang='lat' dir='ltr'><strong>et</strong></span> <span class='ocrx_word' id='word_1_594' title='bbox 3035 946 3358 1025; x_wconf 77' lang='lat' dir='ltr'><strong>refugerent</strong></span> <span class='ocrx_word' id='word_1_595' title='bbox 3384 961 3605 1010; x_wconf 85' lang='lat' dir='ltr'><strong>senten-</strong></span> 
     </span>
    </p>
   </div>
   <div class='ocr_carea' id='block_1_88' title="bbox 1961 1021 3602 1093">
    <p class='ocr_par' dir='ltr' id='par_1_88' title="bbox 1961 1021 3602 1093">
     <span class='ocr_line' id='line_1_88' title="bbox 1961 1021 3602 1093; baseline 0.007 -24"><span class='ocrx_word' id='word_1_596' title='bbox 1961 1021 2071 1071; x_wconf 91' lang='lat' dir='ltr'><strong>tias</strong></span> <span class='ocrx_word' id='word_1_597' title='bbox 2093 1031 2122 1072; x_wconf 89' lang='lat' dir='ltr'><strong>a</strong></span> <span class='ocrx_word' id='word_1_598' title='bbox 2150 1022 2282 1077; x_wconf 90' lang='lat' dir='ltr'><strong>sede</strong></span> <span class='ocrx_word' id='word_1_599' title='bbox 2302 1023 2614 1092; x_wconf 88' lang='lat' dir='ltr'><strong>apostolica</strong></span> <span class='ocrx_word' id='word_1_600' title='bbox 2650 1025 2705 1078; x_wconf 94' lang='lat' dir='ltr'><strong>in</strong></span> <span class='ocrx_word' id='word_1_601' title='bbox 2741 1024 2896 1093; x_wconf 88' lang='lat' dir='ltr'><strong>ipsos</strong></span> <span class='ocrx_word' id='word_1_602' title='bbox 2924 1021 3192 1079; x_wconf 52' lang='lat' dir='ltr'><strong>emissas:</strong></span> <span class='ocrx_word' id='word_1_603' title='bbox 3224 1028 3465 1081; x_wconf 89' lang='lat' dir='ltr'><strong>Sanctus</strong></span> <span class='ocrx_word' id='word_1_604' title='bbox 3488 1028 3602 1081; x_wconf 88' lang='lat' dir='ltr'><strong>Da—</strong></span> 
     </span>
    </p>
   </div>
   <div class='ocr_carea' id='block_1_89' title="bbox 1961 1095 3602 1168">
    <p class='ocr_par' dir='ltr' id='par_1_89' title="bbox 1961 1095 3602 1168">
     <span class='ocr_line' id='line_1_89' title="bbox 1961 1095 3602 1168; baseline 0.006 -28"><span class='ocrx_word' id='word_1_605' title='bbox 1961 1101 2154 1168; x_wconf 79' lang='lat' dir='ltr'><strong>masus</strong></span> <span class='ocrx_word' id='word_1_606' title='bbox 2197 1102 2492 1168; x_wconf 79' lang='lat' dir='ltr'><strong>prepterea</strong></span> <span class='ocrx_word' id='word_1_607' title='bbox 2537 1095 2785 1151; x_wconf 90' lang='lat' dir='ltr'><strong>breviter</strong></span> <span class='ocrx_word' id='word_1_608' title='bbox 2816 1096 2933 1151; x_wconf 66' lang='lat' dir='ltr'><strong>haec</strong></span> <span class='ocrx_word' id='word_1_609' title='bbox 2967 1097 3024 1151; x_wconf 93' lang='lat' dir='ltr'><strong>in</strong></span> <span class='ocrx_word' id='word_1_610' title='bbox 3052 1097 3362 1167; x_wconf 89' lang='lat' dir='ltr'><strong>sepulcrali</strong></span> <span class='ocrx_word' id='word_1_611' title='bbox 3413 1097 3602 1168; x_wconf 87' lang='lat' dir='ltr'><strong>lapide</strong></span> 
     </span>
    </p>
   </div>
   <div class='ocr_carea' id='block_1_90' title="bbox 1960 1162 2402 1220">
    <p class='ocr_par' dir='ltr' id='par_1_90' title="bbox 1960 1162 2402 1220">
     <span class='ocr_line' id='line_1_90' title="bbox 1960 1162 2402 1220; baseline 0.018 -8"><span class='ocrx_word' id='word_1_612' title='bbox 1960 1162 2147 1217; x_wconf 89' lang='lat' dir='ltr'><strong>notari</strong></span> <span class='ocrx_word' id='word_1_613' title='bbox 2177 1164 2361 1220; x_wconf 91' lang='lat' dir='ltr'><strong>voluit</strong></span> <span class='ocrx_word' id='word_1_614' title='bbox 2390 1183 2402 1220; x_wconf 90' lang='lat'><strong>:</strong></span> 
     </span>
    </p>
   </div>
   <div class='ocr_carea' id='block_1_91' title="bbox 2175 1304 3337 1370">
    <p class='ocr_par' dir='ltr' id='par_1_91' title="bbox 2175 1304 3337 1370">
     <span class='ocr_line' id='line_1_91' title="bbox 2175 1304 3337 1370; baseline 0.006 -18"><span class='ocrx_word' id='word_1_615' title='bbox 2175 1304 2448 1370; x_wconf 67' lang='lat' dir='ltr'><strong>Yeridicus</strong></span> <span class='ocrx_word' id='word_1_616' title='bbox 2468 1309 2653 1370; x_wconf 88' lang='lat' dir='ltr'><strong>rector,</strong></span> <span class='ocrx_word' id='word_1_617' title='bbox 2682 1307 2838 1369; x_wconf 85' lang='lat' dir='ltr'><strong>lapsis</strong></span> <span class='ocrx_word' id='word_1_618' title='bbox 2863 1309 2949 1370; x_wconf 91' lang='lat' dir='ltr'><strong>qui</strong></span> <span class='ocrx_word' id='word_1_619' title='bbox 2980 1309 3194 1358; x_wconf 88' lang='lat' dir='ltr'><strong>crimina</strong></span> <span class='ocrx_word' id='word_1_620' title='bbox 3221 1309 3337 1360; x_wconf 87' lang='lat' dir='ltr'><strong>flere</strong></span> 
     </span>
    </p>
   </div>
   <div class='ocr_carea' id='block_1_92' title="bbox 2176 1367 3474 1426">
    <p class='ocr_par' dir='ltr' id='par_1_92' title="bbox 2176 1367 3474 1426">
     <span class='ocr_line' id='line_1_92' title="bbox 2176 1367 3474 1426; baseline 0.005 -12"><span class='ocrx_word' id='word_1_621' title='bbox 2176 1367 2416 1416; x_wconf 67' lang='lat' dir='ltr'><strong>Pl‘iPdiXit</strong></span> <span class='ocrx_word' id='word_1_622' title='bbox 2445 1369 2664 1426; x_wconf 79' lang='lat' dir='ltr'><strong>miseris,</strong></span> <span class='ocrx_word' id='word_1_623' title='bbox 2693 1367 3040 1418; x_wconf 47' lang='lat' dir='ltr'><strong>fu&#39;itombibus</strong></span> <span class='ocrx_word' id='word_1_624' title='bbox 3073 1373 3232 1420; x_wconf 88' lang='lat' dir='ltr'><strong>hostis</strong></span> <span class='ocrx_word' id='word_1_625' title='bbox 3253 1387 3474 1422; x_wconf 86' lang='lat' dir='ltr'><strong>amarus.</strong></span> 
     </span>
    </p>
   </div>
   <div class='ocr_carea' id='block_1_93' title="bbox 2177 1429 3537 1498">
    <p class='ocr_par' dir='ltr' id='par_1_93' title="bbox 2177 1429 3537 1498">
     <span class='ocr_line' id='line_1_93' title="bbox 2177 1429 3537 1498; baseline 0.005 -22"><span class='ocrx_word' id='word_1_626' title='bbox 2177 1429 2636 1498; x_wconf 51' lang='lat' dir='ltr'><strong>[liuc_furor,_l1inc</strong></span> <span class='ocrx_word' id='word_1_627' title='bbox 2653 1433 2826 1498; x_wconf 78' lang='lat' dir='ltr'><strong>odium</strong></span> <span class='ocrx_word' id='word_1_628' title='bbox 2846 1435 3092 1498; x_wconf 82' lang='lat' dir='ltr'><strong>sequitur,</strong></span> <span class='ocrx_word' id='word_1_629' title='bbox 3112 1436 3386 1496; x_wconf 86' lang='lat' dir='ltr'><strong>discordia,</strong></span> <span class='ocrx_word' id='word_1_630' title='bbox 3405 1437 3537 1498; x_wconf 79' lang='lat' dir='ltr'><strong>lites,</strong></span> 
     </span>
    </p>
   </div>
   <div class='ocr_carea' id='block_1_94' title="bbox 2175 1493 3260 1555">
    <p class='ocr_par' dir='ltr' id='par_1_94' title="bbox 2175 1493 3260 1555">
     <span class='ocr_line' id='line_1_94' title="bbox 2175 1493 3260 1555; baseline 0.005 -15"><span class='ocrx_word' id='word_1_631' title='bbox 2175 1493 2389 1555; x_wconf 75' lang='lat' dir='ltr'><strong>Seditio,</strong></span> <span class='ocrx_word' id='word_1_632' title='bbox 2409 1495 2573 1541; x_wconf 47' lang='lat' dir='ltr'><strong>caedes</strong></span> <span class='ocrx_word' id='word_1_633' title='bbox 2595 1509 2604 1540; x_wconf 91' lang='lat'><strong>:</strong></span> <span class='ocrx_word' id='word_1_634' title='bbox 2625 1495 2892 1542; x_wconf 81' lang='lat' dir='ltr'><strong>solvuntur</strong></span> <span class='ocrx_word' id='word_1_635' title='bbox 2909 1493 3098 1544; x_wconf 74' lang='lat' dir='ltr'><strong>fcedera</strong></span> <span class='ocrx_word' id='word_1_636' title='bbox 3125 1499 3260 1555; x_wconf 85' lang='lat' dir='ltr'><strong>pacis</strong></span> 
     </span>
    </p>
   </div>
   <div class='ocr_carea' id='block_1_95' title="bbox 2174 1554 3474 1622">
    <p class='ocr_par' dir='ltr' id='par_1_95' title="bbox 2174 1554 3474 1622">
     <span class='ocr_line' id='line_1_95' title="bbox 2174 1554 3474 1622; baseline 0.006 -21"><span class='ocrx_word' id='word_1_637' title='bbox 2174 1554 2378 1622; x_wconf 66' lang='lat' dir='ltr'><strong>grimen</strong></span> <span class='ocrx_word' id='word_1_638' title='bbox 2399 1556 2462 1602; x_wconf 92' lang='lat' dir='ltr'><strong>ob</strong></span> <span class='ocrx_word' id='word_1_639' title='bbox 2483 1557 2709 1622; x_wconf 74' lang='lat' dir='ltr'><strong>alterius,</strong></span> <span class='ocrx_word' id='word_1_640' title='bbox 2730 1557 2987 1622; x_wconf 81' lang='lat' dir='ltr'><strong>Christum</strong></span> <span class='ocrx_word' id='word_1_641' title='bbox 3007 1562 3089 1620; x_wconf 87' lang='lat' dir='ltr'><strong>qui</strong></span> <span class='ocrx_word' id='word_1_642' title='bbox 3113 1554 3234 1618; x_wconf 85' lang='lat' dir='ltr'><strong>pace</strong></span> <span class='ocrx_word' id='word_1_643' title='bbox 3253 1562 3474 1622; x_wconf 82' lang='lat' dir='ltr'><strong>negavit,</strong></span> 
     </span>
    </p>
   </div>
   <div class='ocr_carea' id='block_1_96' title="bbox 2173 1615 3338 1682">
    <p class='ocr_par' dir='ltr' id='par_1_96' title="bbox 2173 1615 3338 1682">
     <span class='ocr_line' id='line_1_96' title="bbox 2173 1615 3338 1682; baseline 0.007 -19"><span class='ocrx_word' id='word_1_644' title='bbox 2173 1615 2386 1682; x_wconf 60' lang='lat' dir='ltr'><strong>Finibus</strong></span> <span class='ocrx_word' id='word_1_645' title='bbox 2418 1619 2661 1682; x_wconf 81' lang='lat' dir='ltr'><strong>expulsus</strong></span> <span class='ocrx_word' id='word_1_646' title='bbox 2687 1621 2868 1667; x_wconf 67' lang='lat' dir='ltr'><strong>Patriae</strong></span> <span class='ocrx_word' id='word_1_647' title='bbox 2891 1615 3086 1668; x_wconf 78' lang='lat' dir='ltr'><strong>feritate</strong></span> <span class='ocrx_word' id='word_1_648' title='bbox 3114 1615 3338 1682; x_wconf 56' lang='lat' dir='ltr'><strong>tyranni:</strong></span> 
     </span>
    </p>
   </div>
   <div class='ocr_carea' id='block_1_97' title="bbox 2173 1679 3512 1745">
    <p class='ocr_par' dir='ltr' id='par_1_97' title="bbox 2173 1679 3512 1745">
     <span class='ocr_line' id='line_1_97' title="bbox 2173 1679 3512 1745; baseline 0.006 -19"><span class='ocrx_word' id='word_1_649' title='bbox 2173 1679 2297 1745; x_wconf 55' lang='lat' dir='ltr'><strong>litae</strong></span> <span class='ocrx_word' id='word_1_650' title='bbox 2326 1680 2546 1745; x_wconf 71' lang='lat' dir='ltr'><strong>breviter</strong></span> <span class='ocrx_word' id='word_1_651' title='bbox 2579 1681 2827 1745; x_wconf 84' lang='lat' dir='ltr'><strong>Damasus</strong></span> <span class='ocrx_word' id='word_1_652' title='bbox 2846 1679 3285 1745; x_wconf 78' lang='lat' dir='ltr'><strong>voluitcomperta</strong></span> <span class='ocrx_word' id='word_1_653' title='bbox 3300 1687 3512 1744; x_wconf 86' lang='lat' dir='ltr'><strong>referre,</strong></span> 
     </span>
    </p>
   </div>
   <div class='ocr_carea' id='block_1_98' title="bbox 2172 1740 3533 1810">
    <p class='ocr_par' dir='ltr' id='par_1_98' title="bbox 2172 1740 3533 1810">
     <span class='ocr_line' id='line_1_98' title="bbox 2172 1740 3533 1810; baseline 0.004 -21"><span class='ocrx_word' id='word_1_654' title='bbox 2172 1740 2407 1790; x_wconf 88' lang='lat' dir='ltr'><strong>Marcelli</strong></span> <span class='ocrx_word' id='word_1_655' title='bbox 2429 1744 2718 1805; x_wconf 87' lang='lat' dir='ltr'><strong>utpopulus</strong></span> <span class='ocrx_word' id='word_1_656' title='bbox 2737 1745 2978 1794; x_wconf 86' lang='lat' dir='ltr'><strong>meritum</strong></span> <span class='ocrx_word' id='word_1_657' title='bbox 3005 1740 3320 1807; x_wconf 78' lang='lat' dir='ltr'><strong>cognoscere</strong></span> <span class='ocrx_word' id='word_1_658' title='bbox 3345 1740 3533 1810; x_wconf 79' lang='lat' dir='ltr'><strong>possit.</strong></span> 
     </span>
    </p>
   </div>
   <div class='ocr_carea' id='block_1_99' title="bbox 1877 1826 3600 1930">
    <p class='ocr_par' dir='ltr' id='par_1_99' title="bbox 1877 1826 3600 1930">
     <span class='ocr_line' id='line_1_99' title="bbox 1877 1826 3600 1930; baseline 0.006 -11"><span class='ocrx_word' id='word_1_659' title='bbox 1877 1826 1924 1886; x_wconf 78' lang='grc' dir='ltr'>Β</span> <span class='ocrx_word' id='word_1_660' title='bbox 1953 1865 2078 1920; x_wconf 84' lang='lat' dir='ltr'><strong>Haec</strong></span> <span class='ocrx_word' id='word_1_661' title='bbox 2125 1878 2257 1921; x_wconf 91' lang='lat' dir='ltr'><strong>vero</strong></span> <span class='ocrx_word' id='word_1_662' title='bbox 2301 1871 2433 1920; x_wconf 91' lang='lat' dir='ltr'><strong>ante</strong></span> <span class='ocrx_word' id='word_1_663' title='bbox 2474 1866 2623 1921; x_wconf 89' lang='lat' dir='ltr'><strong>dicta</strong></span> <span class='ocrx_word' id='word_1_664' title='bbox 2670 1865 2957 1924; x_wconf 87' lang='lat' dir='ltr'><strong>roborant.</strong></span> <span class='ocrx_word' id='word_1_665' title='bbox 2995 1868 3064 1924; x_wconf 88' lang='lat' dir='ltr'><strong>Ut</strong></span> <span class='ocrx_word' id='word_1_666' title='bbox 3095 1870 3245 1925; x_wconf 92' lang='lat' dir='ltr'><strong>enim</strong></span> <span class='ocrx_word' id='word_1_667' title='bbox 3275 1873 3600 1930; x_wconf 90' lang='lat' dir='ltr'><strong>ostenderet</strong></span> 
     </span>
    </p>
   </div>
   <div class='ocr_carea' id='block_1_100' title="bbox 1953 1936 3601 2010">
    <p class='ocr_par' dir='ltr' id='par_1_100' title="bbox 1953 1936 3601 2010">
     <span class='ocr_line' id='line_1_100' title="bbox 1953 1936 3601 2010; baseline 0.007 -20"><span class='ocrx_word' id='word_1_668' title='bbox 1953 1939 2250 2010; x_wconf 79' lang='lat' dir='ltr'><strong>Damasus,</strong></span> <span class='ocrx_word' id='word_1_669' title='bbox 2282 1951 2390 2010; x_wconf 88' lang='lat' dir='ltr'><strong>non</strong></span> <span class='ocrx_word' id='word_1_670' title='bbox 2417 1936 2640 2006; x_wconf 87' lang='lat' dir='ltr'><strong>lapsum</strong></span> <span class='ocrx_word' id='word_1_671' title='bbox 2673 1940 3022 2010; x_wconf 81' lang='lat' dir='ltr'><strong>Marcellum,</strong></span> <span class='ocrx_word' id='word_1_672' title='bbox 3057 1941 3169 1997; x_wconf 92' lang='lat' dir='ltr'><strong>imo</strong></span> <span class='ocrx_word' id='word_1_673' title='bbox 3199 1942 3376 2010; x_wconf 90' lang='lat' dir='ltr'><strong>lapsis</strong></span> <span class='ocrx_word' id='word_1_674' title='bbox 3406 1946 3601 2000; x_wconf 86' lang='lat' dir='ltr'><strong>omni-</strong></span> 
     </span>
    </p>
   </div>
   <div class='ocr_carea' id='block_1_101' title="bbox 1952 2008 3600 2083">
    <p class='ocr_par' dir='ltr' id='par_1_101' title="bbox 1952 2008 3600 2083">
     <span class='ocr_line' id='line_1_101' title="bbox 1952 2008 3600 2083; baseline 0.006 -21"><span class='ocrx_word' id='word_1_675' title='bbox 1952 2008 2060 2083; x_wconf 85' lang='lat' dir='ltr'><strong>bus</strong></span> <span class='ocrx_word' id='word_1_676' title='bbox 2087 2021 2276 2063; x_wconf 89' lang='lat' dir='ltr'><strong>amare</strong></span> <span class='ocrx_word' id='word_1_677' title='bbox 2308 2009 2444 2083; x_wconf 77' lang='lat' dir='ltr'><strong>flere</strong></span> <span class='ocrx_word' id='word_1_678' title='bbox 2478 2011 2724 2064; x_wconf 91' lang='lat' dir='ltr'><strong>crimina</strong></span> <span class='ocrx_word' id='word_1_679' title='bbox 2770 2008 3108 2079; x_wconf 58' lang='lat' dir='ltr'><strong>Apostas&#39;im,</strong></span> <span class='ocrx_word' id='word_1_680' title='bbox 3153 2008 3508 2083; x_wconf 84' lang='lat' dir='ltr'><strong>traditionis,</strong></span> <span class='ocrx_word' id='word_1_681' title='bbox 3545 2020 3600 2072; x_wconf 92' lang='lat' dir='ltr'><strong>et</strong></span> 
     </span>
    </p>
   </div>
   <div class='ocr_carea' id='block_1_102' title="bbox 1953 2079 3599 2152">
    <p class='ocr_par' dir='ltr' id='par_1_102' title="bbox 1953 2079 3599 2152">
     <span class='ocr_line' id='line_1_102' title="bbox 1953 2079 3599 2152; baseline 0.005 -17"><span class='ocrx_word' id='word_1_682' title='bbox 1953 2081 2196 2152; x_wconf 88' lang='lat' dir='ltr'><strong>reliqua,</strong></span> <span class='ocrx_word' id='word_1_683' title='bbox 2226 2079 2568 2135; x_wconf 88' lang='lat' dir='ltr'><strong>crudelitate</strong></span> <span class='ocrx_word' id='word_1_684' title='bbox 2597 2089 2649 2135; x_wconf 91' lang='lat' dir='ltr'><strong>et</strong></span> <span class='ocrx_word' id='word_1_685' title='bbox 2693 2083 2912 2137; x_wconf 69' lang='lat' dir='ltr'><strong>sazvitia</strong></span> <span class='ocrx_word' id='word_1_686' title='bbox 2946 2091 3370 2152; x_wconf 89' lang='lat' dir='ltr'><strong>persecutorum</strong></span> <span class='ocrx_word' id='word_1_687' title='bbox 3404 2079 3599 2143; x_wconf 79' lang='lat' dir='ltr'><strong>etl‘ecta</strong></span> 
     </span>
    </p>
   </div>
   <div class='ocr_carea' id='block_1_103' title="bbox 1953 2151 3597 2225">
    <p class='ocr_par' dir='ltr' id='par_1_103' title="bbox 1953 2151 3597 2225">
     <span class='ocr_line' id='line_1_103' title="bbox 1953 2151 3597 2225; baseline 0.006 -21"><span class='ocrx_word' id='word_1_688' title='bbox 1953 2151 2308 2225; x_wconf 70' lang='lat' dir='ltr'><strong>prazdixisse,</strong></span> <span class='ocrx_word' id='word_1_689' title='bbox 2345 2159 2653 2225; x_wconf 85' lang='lat' dir='ltr'><strong>propterea</strong></span> <span class='ocrx_word' id='word_1_690' title='bbox 2686 2153 2874 2225; x_wconf 84' lang='lat' dir='ltr'><strong>priora</strong></span> <span class='ocrx_word' id='word_1_691' title='bbox 2899 2151 3153 2210; x_wconf 84' lang='lat' dir='ltr'><strong>carmina</strong></span> <span class='ocrx_word' id='word_1_692' title='bbox 3185 2159 3394 2225; x_wconf 91' lang='lat' dir='ltr'><strong>posuit.</strong></span> <span class='ocrx_word' id='word_1_693' title='bbox 3419 2158 3597 2214; x_wconf 93' lang='lat' dir='ltr'><strong>Coin-</strong></span> 
     </span>
    </p>
   </div>
   <div class='ocr_carea' id='block_1_104' title="bbox 1951 2222 3598 2300">
    <p class='ocr_par' dir='ltr' id='par_1_104' title="bbox 1951 2222 3598 2300">
     <span class='ocr_line' id='line_1_104' title="bbox 1951 2222 3598 2300; baseline 0.006 -23"><span class='ocrx_word' id='word_1_694' title='bbox 1951 2222 2312 2300; x_wconf 79' lang='lat' dir='ltr'><strong>ciduntvero</strong></span> <span class='ocrx_word' id='word_1_695' title='bbox 2345 2222 2461 2300; x_wconf 69' lang='lat' dir='ltr'><strong>lucc</strong></span> <span class='ocrx_word' id='word_1_696' title='bbox 2491 2237 2619 2278; x_wconf 92' lang='lat' dir='ltr'><strong>cum</strong></span> <span class='ocrx_word' id='word_1_697' title='bbox 2649 2223 3061 2300; x_wconf 85' lang='lat' dir='ltr'><strong>substitutione</strong></span> <span class='ocrx_word' id='word_1_698' title='bbox 3090 2222 3415 2300; x_wconf 84' lang='lat' dir='ltr'><strong>titulorum,</strong></span> <span class='ocrx_word' id='word_1_699' title='bbox 3453 2245 3598 2300; x_wconf 88' lang='lat' dir='ltr'><strong>quos</strong></span> 
     </span>
    </p>
   </div>
   <div class='ocr_carea' id='block_1_105' title="bbox 1949 2294 3595 2365">
    <p class='ocr_par' dir='ltr' id='par_1_105' title="bbox 1949 2294 3595 2365">
     <span class='ocr_line' id='line_1_105' title="bbox 1949 2294 3595 2365; baseline 0.007 -20"><span class='ocrx_word' id='word_1_700' title='bbox 1949 2294 2023 2346; x_wconf 87' lang='lat' dir='ltr'><strong>ad</strong></span> <span class='ocrx_word' id='word_1_701' title='bbox 2042 2295 2335 2347; x_wconf 87' lang='lat' dir='ltr'><strong>multorum</strong></span> <span class='ocrx_word' id='word_1_702' title='bbox 2366 2294 2550 2363; x_wconf 87' lang='lat' dir='ltr'><strong>lapsus</strong></span> <span class='ocrx_word' id='word_1_703' title='bbox 2570 2295 2959 2363; x_wconf 74' lang='lat' dir='ltr'><strong>paenitentiam</strong></span> <span class='ocrx_word' id='word_1_704' title='bbox 2987 2299 3257 2365; x_wconf 80' lang='lat' dir='ltr'><strong>agendam</strong></span> <span class='ocrx_word' id='word_1_705' title='bbox 3286 2294 3595 2356; x_wconf 80' lang='lat' dir='ltr'><strong>ordinavit.</strong></span> 
     </span>
    </p>
   </div>
   <div class='ocr_carea' id='block_1_106' title="bbox 1952 2366 3597 2440">
    <p class='ocr_par' dir='ltr' id='par_1_106' title="bbox 1952 2366 3597 2440">
     <span class='ocr_line' id='line_1_106' title="bbox 1952 2366 3597 2440; baseline 0.005 -22"><span class='ocrx_word' id='word_1_706' title='bbox 1952 2366 2188 2440; x_wconf 88' lang='lat' dir='ltr'><strong>Insuper</strong></span> <span class='ocrx_word' id='word_1_707' title='bbox 2211 2378 2276 2440; x_wconf 84' lang='lat' dir='ltr'><strong>eo</strong></span> <span class='ocrx_word' id='word_1_708' title='bbox 2303 2371 2553 2440; x_wconf 89' lang='lat' dir='ltr'><strong>tempore</strong></span> <span class='ocrx_word' id='word_1_709' title='bbox 2575 2381 2686 2436; x_wconf 91' lang='lat' dir='ltr'><strong>quo</strong></span> <span class='ocrx_word' id='word_1_710' title='bbox 2712 2366 2828 2422; x_wconf 76' lang='lat' dir='ltr'><strong>haec</strong></span> <span class='ocrx_word' id='word_1_711' title='bbox 2849 2369 3239 2440; x_wconf 86' lang='lat' dir='ltr'><strong>actitabantur</strong></span> <span class='ocrx_word' id='word_1_712' title='bbox 3255 2372 3478 2436; x_wconf 81' lang='lat' dir='ltr'><strong>feritate</strong></span> <span class='ocrx_word' id='word_1_713' title='bbox 3502 2377 3597 2440; x_wconf 81' lang='lat' dir='ltr'><strong>ty—</strong></span> 
     </span>
    </p>
   </div>
   <div class='ocr_carea' id='block_1_107' title="bbox 1950 2437 3596 2508">
    <p class='ocr_par' dir='ltr' id='par_1_107' title="bbox 1950 2437 3596 2508">
     <span class='ocr_line' id='line_1_107' title="bbox 1950 2437 3596 2508; baseline 0.007 -21"><span class='ocrx_word' id='word_1_714' title='bbox 1950 2437 2116 2508; x_wconf 79' lang='lat' dir='ltr'><strong>ranni</strong></span> <span class='ocrx_word' id='word_1_715' title='bbox 2143 2437 2344 2503; x_wconf 78' lang='lat' dir='ltr'><strong>ﬁnibus</strong></span> <span class='ocrx_word' id='word_1_716' title='bbox 2371 2439 2565 2505; x_wconf 69' lang='lat' dir='ltr'><strong>patriae</strong></span> <span class='ocrx_word' id='word_1_717' title='bbox 2599 2452 2710 2491; x_wconf 84' lang='lat' dir='ltr'><strong>esse</strong></span> <span class='ocrx_word' id='word_1_718' title='bbox 2751 2439 3054 2508; x_wconf 63' lang='lat' dir='ltr'><strong>expulsum.</strong></span> <span class='ocrx_word' id='word_1_719' title='bbox 3090 2442 3232 2496; x_wconf 90' lang='lat' dir='ltr'><strong>Dum</strong></span> <span class='ocrx_word' id='word_1_720' title='bbox 3264 2456 3394 2498; x_wconf 85' lang='lat' dir='ltr'><strong>vero</strong></span> <span class='ocrx_word' id='word_1_721' title='bbox 3432 2437 3596 2498; x_wconf 50' lang='lat' dir='ltr'><strong>exs&#39;iu</strong></span> 
     </span>
    </p>
   </div>
   <div class='ocr_carea' id='block_1_108' title="bbox 1953 2507 3598 2579">
    <p class='ocr_par' dir='ltr' id='par_1_108' title="bbox 1953 2507 3598 2579">
     <span class='ocr_line' id='line_1_108' title="bbox 1953 2507 3598 2579; baseline 0.004 -17"><span class='ocrx_word' id='word_1_722' title='bbox 1953 2507 2098 2579; x_wconf 86' lang='lat' dir='ltr'><strong>lium</strong></span> <span class='ocrx_word' id='word_1_723' title='bbox 2127 2507 2379 2562; x_wconf 88' lang='lat' dir='ltr'><strong>evenerit</strong></span> <span class='ocrx_word' id='word_1_724' title='bbox 2404 2525 2419 2575; x_wconf 84' lang='lat'><strong>;</strong></span> <span class='ocrx_word' id='word_1_725' title='bbox 2446 2521 2574 2562; x_wconf 91' lang='lat' dir='ltr'><strong>cum</strong></span> <span class='ocrx_word' id='word_1_726' title='bbox 2607 2507 2896 2579; x_wconf 87' lang='lat' dir='ltr'><strong>presbyter</strong></span> <span class='ocrx_word' id='word_1_727' title='bbox 2916 2512 3047 2566; x_wconf 90' lang='lat' dir='ltr'><strong>sede</strong></span> <span class='ocrx_word' id='word_1_728' title='bbox 3065 2518 3298 2568; x_wconf 83' lang='lat' dir='ltr'><strong>vacante</strong></span> <span class='ocrx_word' id='word_1_729' title='bbox 3315 2513 3598 2569; x_wconf 78' lang='lat' dir='ltr'><strong>ordinaret</strong></span> 
     </span>
    </p>
   </div>
   <div class='ocr_carea' id='block_1_109' title="bbox 1951 2578 3599 2650">
    <p class='ocr_par' dir='ltr' id='par_1_109' title="bbox 1951 2578 3599 2650">
     <span class='ocr_line' id='line_1_109' title="bbox 1951 2578 3599 2650; baseline 0.005 -18"><span class='ocrx_word' id='word_1_730' title='bbox 1951 2578 2243 2643; x_wconf 81' lang='lat' dir='ltr'><strong>ecclesiam,</strong></span> <span class='ocrx_word' id='word_1_731' title='bbox 2268 2579 2754 2650; x_wconf 10' lang='lat' dir='ltr'><strong>acipmnitentiam</strong></span> <span class='ocrx_word' id='word_1_732' title='bbox 2781 2578 2968 2648; x_wconf 89' lang='lat' dir='ltr'><strong>lapsis</strong></span> <span class='ocrx_word' id='word_1_733' title='bbox 3000 2584 3346 2650; x_wconf 69' lang='lat' dir='ltr'><strong>prmdiceret,</strong></span> <span class='ocrx_word' id='word_1_734' title='bbox 3371 2585 3599 2640; x_wconf 89' lang='lat' dir='ltr'><strong>consti-</strong></span> 
     </span>
    </p>
   </div>
   <div class='ocr_carea' id='block_1_110' title="bbox 1951 2649 3596 2724">
    <p class='ocr_par' dir='ltr' id='par_1_110' title="bbox 1951 2649 3596 2724">
     <span class='ocr_line' id='line_1_110' title="bbox 1951 2649 3596 2724; baseline 0.005 -21"><span class='ocrx_word' id='word_1_735' title='bbox 1951 2650 2164 2724; x_wconf 83' lang='lat' dir='ltr'><strong>tuendo</strong></span> <span class='ocrx_word' id='word_1_736' title='bbox 2211 2649 2567 2724; x_wconf 79' lang='lat' dir='ltr'><strong>presbyteros</strong></span> <span class='ocrx_word' id='word_1_737' title='bbox 2604 2651 2672 2705; x_wconf 93' lang='lat' dir='ltr'><strong>ad</strong></span> <span class='ocrx_word' id='word_1_738' title='bbox 2706 2664 2826 2724; x_wconf 90' lang='lat' dir='ltr'><strong>eam</strong></span> <span class='ocrx_word' id='word_1_739' title='bbox 2874 2649 3282 2724; x_wconf 80' lang='lat' dir='ltr'><strong>indicandam:</strong></span> <span class='ocrx_word' id='word_1_740' title='bbox 3344 2669 3441 2724; x_wconf 89' lang='lat' dir='ltr'><strong>per</strong></span> <span class='ocrx_word' id='word_1_741' title='bbox 3491 2655 3596 2711; x_wconf 92' lang='lat' dir='ltr'><strong>hoc</strong></span> 
     </span>
    </p>
   </div>
   <div class='ocr_carea' id='block_1_111' title="bbox 1952 2720 3596 2783">
    <p class='ocr_par' dir='ltr' id='par_1_111' title="bbox 1952 2720 3596 2783">
     <span class='ocr_line' id='line_1_111' title="bbox 1952 2720 3596 2783; baseline 0.004 -9"><span class='ocrx_word' id='word_1_742' title='bbox 1952 2721 2250 2775; x_wconf 90' lang='lat' dir='ltr'><strong>ostendere</strong></span> <span class='ocrx_word' id='word_1_743' title='bbox 2282 2720 2403 2776; x_wconf 91' lang='lat' dir='ltr'><strong>vult</strong></span> <span class='ocrx_word' id='word_1_744' title='bbox 2435 2723 2727 2783; x_wconf 88' lang='lat' dir='ltr'><strong>Damasus,</strong></span> <span class='ocrx_word' id='word_1_745' title='bbox 2757 2723 3084 2778; x_wconf 90' lang='lat' dir='ltr'><strong>Marcellum</strong></span> <span class='ocrx_word' id='word_1_746' title='bbox 3125 2731 3256 2779; x_wconf 91' lang='lat' dir='ltr'><strong>ante</strong></span> <span class='ocrx_word' id='word_1_747' title='bbox 3288 2720 3596 2783; x_wconf 82' lang='lat' dir='ltr'><strong>pontiﬁca-</strong></span> 
     </span>
    </p>
   </div>
   <div class='ocr_carea' id='block_1_112' title="bbox 1954 2791 3594 2861">
    <p class='ocr_par' dir='ltr' id='par_1_112' title="bbox 1954 2791 3594 2861">
     <span class='ocr_line' id='line_1_112' title="bbox 1954 2791 3594 2861; baseline 0.005 -16"><span class='ocrx_word' id='word_1_748' title='bbox 1954 2796 2074 2846; x_wconf 90' lang='lat' dir='ltr'><strong>tum</strong></span> <span class='ocrx_word' id='word_1_749' title='bbox 2101 2791 2170 2846; x_wconf 92' lang='lat' dir='ltr'><strong>de</strong></span> <span class='ocrx_word' id='word_1_750' title='bbox 2211 2791 2500 2860; x_wconf 90' lang='lat' dir='ltr'><strong>lapsorum</strong></span> <span class='ocrx_word' id='word_1_751' title='bbox 2543 2792 2878 2861; x_wconf 71' lang='lat' dir='ltr'><strong>pmnitentia</strong></span> <span class='ocrx_word' id='word_1_752' title='bbox 2923 2793 3244 2850; x_wconf 91' lang='lat' dir='ltr'><strong>sollicitum</strong></span> <span class='ocrx_word' id='word_1_753' title='bbox 3278 2791 3476 2852; x_wconf 84' lang='lat' dir='ltr'><strong>fuisse.</strong></span> <span class='ocrx_word' id='word_1_754' title='bbox 3515 2798 3594 2855; x_wconf 89' lang='lat' dir='ltr'><strong>Eo</strong></span> 
     </span>
    </p>
   </div>
   <div class='ocr_carea' id='block_1_113' title="bbox 1951 2861 3589 2932">
    <p class='ocr_par' dir='ltr' id='par_1_113' title="bbox 1951 2861 3589 2932">
     <span class='ocr_line' id='line_1_113' title="bbox 1951 2861 3589 2932; baseline 0.005 -16"><span class='ocrx_word' id='word_1_755' title='bbox 1951 2863 2103 2917; x_wconf 92' lang='lat' dir='ltr'><strong>enim</strong></span> <span class='ocrx_word' id='word_1_756' title='bbox 2131 2867 2402 2932; x_wconf 85' lang='lat' dir='ltr'><strong>tempore,</strong></span> <span class='ocrx_word' id='word_1_757' title='bbox 2434 2876 2584 2918; x_wconf 90' lang='lat' dir='ltr'><strong>anno</strong></span> <span class='ocrx_word' id='word_1_758' title='bbox 2612 2877 2810 2930; x_wconf 90' lang='lat' dir='ltr'><strong>nempe</strong></span> <span class='ocrx_word' id='word_1_759' title='bbox 2838 2861 2962 2931; x_wconf 83' lang='lat'><strong>305,</strong></span> <span class='ocrx_word' id='word_1_760' title='bbox 2991 2865 3248 2920; x_wconf 92' lang='lat' dir='ltr'><strong>Cirtense</strong></span> <span class='ocrx_word' id='word_1_761' title='bbox 3277 2867 3589 2924; x_wconf 91' lang='lat' dir='ltr'><strong>concilium</strong></span> 
     </span>
    </p>
   </div>
   <div class='ocr_carea' id='block_1_114' title="bbox 1953 2932 3592 3008">
    <p class='ocr_par' dir='ltr' id='par_1_114' title="bbox 1953 2932 3592 3008">
     <span class='ocr_line' id='line_1_114' title="bbox 1953 2932 3592 3008; baseline 0.004 -21"><span class='ocrx_word' id='word_1_762' title='bbox 1953 2932 2211 3008; x_wconf 83' lang='lat' dir='ltr'><strong>habitum</strong></span> <span class='ocrx_word' id='word_1_763' title='bbox 2237 2939 2343 3008; x_wconf 83' lang='lat' dir='ltr'><strong>est,</strong></span> <span class='ocrx_word' id='word_1_764' title='bbox 2363 2946 2476 3004; x_wconf 91' lang='lat' dir='ltr'><strong>quo</strong></span> <span class='ocrx_word' id='word_1_765' title='bbox 2501 2933 2557 2986; x_wconf 92' lang='lat' dir='ltr'><strong>in</strong></span> <span class='ocrx_word' id='word_1_766' title='bbox 2582 2934 2829 2988; x_wconf 72' lang='lat' dir='ltr'><strong>concilio</strong></span> <span class='ocrx_word' id='word_1_767' title='bbox 2857 2948 3210 3008; x_wconf 71' lang='lat' dir='ltr'><strong>praeprOpera</strong></span> <span class='ocrx_word' id='word_1_768' title='bbox 3231 2937 3592 3008; x_wconf 83' lang='lat' dir='ltr'><strong>indulgentia</strong></span> 
     </span>
    </p>
   </div>
   <div class='ocr_carea' id='block_1_115' title="bbox 1951 3003 3595 3078">
    <p class='ocr_par' dir='ltr' id='par_1_115' title="bbox 1951 3003 3595 3078">
     <span class='ocr_line' id='line_1_115' title="bbox 1951 3003 3595 3078; baseline 0.004 -20"><span class='ocrx_word' id='word_1_769' title='bbox 1951 3003 2128 3072; x_wconf 86' lang='lat' dir='ltr'><strong>lapsis</strong></span> <span class='ocrx_word' id='word_1_770' title='bbox 2157 3004 2317 3059; x_wconf 92' lang='lat' dir='ltr'><strong>venia</strong></span> <span class='ocrx_word' id='word_1_771' title='bbox 2347 3003 2745 3078; x_wconf 70' lang='lat' dir='ltr'><strong>cencessaest,</strong></span> <span class='ocrx_word' id='word_1_772' title='bbox 2764 3009 2821 3078; x_wconf 84' lang='lat' dir='ltr'><strong>et</strong></span> <span class='ocrx_word' id='word_1_773' title='bbox 2836 3005 3124 3060; x_wconf 89' lang='lat' dir='ltr'><strong>decretum</strong></span> <span class='ocrx_word' id='word_1_774' title='bbox 3150 3003 3439 3078; x_wconf 79' lang='lat' dir='ltr'><strong>lapsorum</strong></span> <span class='ocrx_word' id='word_1_775' title='bbox 3461 3010 3595 3078; x_wconf 91' lang='lat' dir='ltr'><strong>epi-</strong></span> 
     </span>
    </p>
   </div>
   <div class='ocr_carea' id='block_1_116' title="bbox 1947 3072 3592 3143">
    <p class='ocr_par' dir='ltr' id='par_1_116' title="bbox 1947 3072 3592 3143">
     <span class='ocr_line' id='line_1_116' title="bbox 1947 3072 3592 3143; baseline 0.005 -15"><span class='ocrx_word' id='word_1_776' title='bbox 1947 3087 2247 3143; x_wconf 89' lang='lat' dir='ltr'><strong>scoporum</strong></span> <span class='ocrx_word' id='word_1_777' title='bbox 2279 3074 2468 3143; x_wconf 90' lang='lat' dir='ltr'><strong>priora</strong></span> <span class='ocrx_word' id='word_1_778' title='bbox 2497 3074 2659 3128; x_wconf 89' lang='lat' dir='ltr'><strong>dedit</strong></span> <span class='ocrx_word' id='word_1_779' title='bbox 2686 3072 3054 3130; x_wconf 91' lang='lat' dir='ltr'><strong>fundamenta</strong></span> <span class='ocrx_word' id='word_1_780' title='bbox 3083 3072 3382 3132; x_wconf 83' lang='lat' dir='ltr'><strong>schismati</strong></span> <span class='ocrx_word' id='word_1_781' title='bbox 3415 3072 3592 3136; x_wconf 79' lang='lat' dir='ltr'><strong>Dona-</strong></span> 
     </span>
    </p>
   </div>
   <div class='ocr_carea' id='block_1_117' title="bbox 1866 3144 3584 3226">
    <p class='ocr_par' dir='ltr' id='par_1_117' title="bbox 1866 3144 3584 3226">
     <span class='ocr_line' id='line_1_117' title="bbox 1866 3144 3584 3226; baseline 0.004 -27"><span class='ocrx_word' id='word_1_782' title='bbox 1866 3160 1915 3226; x_wconf 71' lang='grc' dir='ltr'>Ο</span> <span class='ocrx_word' id='word_1_783' title='bbox 1947 3145 2330 3226; x_wconf 70' lang='lat' dir='ltr'><strong>tistarum,_ut</strong></span> <span class='ocrx_word' id='word_1_784' title='bbox 2365 3144 2685 3226; x_wconf 76' lang='lat' dir='ltr'><strong>pbservavit</strong></span> <span class='ocrx_word' id='word_1_785' title='bbox 2721 3144 3117 3226; x_wconf 80' lang='lat' dir='ltr'><strong>Op_tatus,_lib.</strong></span> <span class='ocrx_word' id='word_1_786' title='bbox 3157 3160 3222 3226; x_wconf 71' lang='lat' dir='ltr'><strong>tt,</strong></span> <span class='ocrx_word' id='word_1_787' title='bbox 3251 3161 3376 3218; x_wconf 88' lang='lat' dir='ltr'><strong>pag.</strong></span> <span class='ocrx_word' id='word_1_788' title='bbox 3413 3148 3495 3218; x_wconf 74' lang='grc'><strong>16,</strong></span> <span class='ocrx_word' id='word_1_789' title='bbox 3527 3151 3584 3206; x_wconf 91' lang='lat' dir='ltr'><strong>in</strong></span> 
     </span>
    </p>
   </div>
   <div class='ocr_carea' id='block_1_118' title="bbox 1946 3215 3590 3284">
    <p class='ocr_par' dir='ltr' id='par_1_118' title="bbox 1946 3215 3590 3284">
     <span class='ocr_line' id='line_1_118' title="bbox 1946 3215 3590 3284; baseline 0.004 -14"><span class='ocrx_word' id='word_1_790' title='bbox 1946 3230 2058 3284; x_wconf 90' lang='lat' dir='ltr'><strong>quo</strong></span> <span class='ocrx_word' id='word_1_791' title='bbox 2082 3215 2332 3271; x_wconf 91' lang='lat' dir='ltr'><strong>concilio</strong></span> <span class='ocrx_word' id='word_1_792' title='bbox 2364 3215 2513 3269; x_wconf 91' lang='lat' dir='ltr'><strong>inter</strong></span> <span class='ocrx_word' id='word_1_793' title='bbox 2545 3215 2763 3282; x_wconf 90' lang='lat' dir='ltr'><strong>priores</strong></span> <span class='ocrx_word' id='word_1_794' title='bbox 2791 3216 3004 3271; x_wconf 90' lang='lat' dir='ltr'><strong>decreti</strong></span> <span class='ocrx_word' id='word_1_795' title='bbox 3031 3215 3360 3274; x_wconf 75' lang='lat' dir='ltr'><strong>conditores</strong></span> <span class='ocrx_word' id='word_1_796' title='bbox 3387 3215 3590 3276; x_wconf 88' lang='lat' dir='ltr'><strong>recen-</strong></span> 
     </span>
    </p>
   </div>
   <div class='ocr_carea' id='block_1_119' title="bbox 1946 3285 3590 3361">
    <p class='ocr_par' dir='ltr' id='par_1_119' title="bbox 1946 3285 3590 3361">
     <span class='ocr_line' id='line_1_119' title="bbox 1946 3285 3590 3361; baseline 0.005 -20"><span class='ocrx_word' id='word_1_797' title='bbox 1946 3293 2104 3361; x_wconf 76' lang='lat' dir='ltr'><strong>setur</strong></span> <span class='ocrx_word' id='word_1_798' title='bbox 2134 3285 2326 3361; x_wconf 87' lang='lat' dir='ltr'><strong>_Victor</strong></span> <span class='ocrx_word' id='word_1_799' title='bbox 2367 3285 2721 3361; x_wconf 83' lang='lat' dir='ltr'><strong>Garbiensis,</strong></span> <span class='ocrx_word' id='word_1_800' title='bbox 2758 3287 2980 3355; x_wconf 89' lang='lat' dir='ltr'><strong>primus</strong></span> <span class='ocrx_word' id='word_1_801' title='bbox 3019 3289 3210 3361; x_wconf 64' lang='lat' dir='ltr'><strong>Romae</strong></span> <span class='ocrx_word' id='word_1_802' title='bbox 3260 3289 3430 3358; x_wconf 90' lang='lat' dir='ltr'><strong>paulo</strong></span> <span class='ocrx_word' id='word_1_803' title='bbox 3462 3300 3590 3361; x_wconf 90' lang='lat' dir='ltr'><strong>post</strong></span> 
     </span>
    </p>
   </div>
   <div class='ocr_carea' id='block_1_120' title="bbox 1945 3357 3586 3428">
    <p class='ocr_par' dir='ltr' id='par_1_120' title="bbox 1945 3357 3586 3428">
     <span class='ocr_line' id='line_1_120' title="bbox 1945 3357 3586 3428; baseline 0.004 -18"><span class='ocrx_word' id='word_1_804' title='bbox 1945 3358 2371 3412; x_wconf 91' lang='lat' dir='ltr'><strong>Donatistarum</strong></span> <span class='ocrx_word' id='word_1_805' title='bbox 2402 3357 2725 3426; x_wconf 85' lang='lat' dir='ltr'><strong>episcopus,</strong></span> <span class='ocrx_word' id='word_1_806' title='bbox 2769 3363 2823 3412; x_wconf 90' lang='lat' dir='ltr'><strong>et</strong></span> <span class='ocrx_word' id='word_1_807' title='bbox 2861 3357 3586 3428; x_wconf 66' lang='lat' dir='ltr'><strong>pseudoepiscdpatus&#39;Ro-</strong></span> 
     </span>
    </p>
   </div>
   <div class='ocr_carea' id='block_1_121' title="bbox 1945 3429 3581 3492">
    <p class='ocr_par' dir='ltr' id='par_1_121' title="bbox 1945 3429 3581 3492">
     <span class='ocr_line' id='line_1_121' title="bbox 1945 3429 3581 3492; baseline 0.006 -10"><span class='ocrx_word' id='word_1_808' title='bbox 1945 3429 2097 3483; x_wconf 91' lang='lat' dir='ltr'><strong>mani</strong></span> <span class='ocrx_word' id='word_1_809' title='bbox 2127 3429 2552 3482; x_wconf 90' lang='lat' dir='ltr'><strong>Donatistarum</strong></span> <span class='ocrx_word' id='word_1_810' title='bbox 2577 3429 2897 3484; x_wconf 90' lang='lat' dir='ltr'><strong>institutor.</strong></span> <span class='ocrx_word' id='word_1_811' title='bbox 2919 3431 2988 3484; x_wconf 85' lang='lat' dir='ltr'><strong>Et</strong></span> <span class='ocrx_word' id='word_1_812' title='bbox 3011 3443 3140 3485; x_wconf 92' lang='lat' dir='ltr'><strong>cum</strong></span> <span class='ocrx_word' id='word_1_813' title='bbox 3174 3429 3384 3488; x_wconf 84' lang='lat' dir='ltr'><strong>inferat</strong></span> <span class='ocrx_word' id='word_1_814' title='bbox 3406 3446 3474 3488; x_wconf 85' lang='lat' dir='ltr'><strong>ex</strong></span> <span class='ocrx_word' id='word_1_815' title='bbox 3500 3433 3581 3492; x_wconf 66' lang='lat' dir='ltr'><strong>la.</strong></span> 
     </span>
    </p>
   </div>
   <div class='ocr_carea' id='block_1_122' title="bbox 1947 3499 3588 3568">
    <p class='ocr_par' dir='ltr' id='par_1_122' title="bbox 1947 3499 3588 3568">
     <span class='ocr_line' id='line_1_122' title="bbox 1947 3499 3588 3568; baseline 0.005 -15"><span class='ocrx_word' id='word_1_816' title='bbox 1947 3500 2068 3568; x_wconf 91' lang='lat' dir='ltr'><strong>psis</strong></span> <span class='ocrx_word' id='word_1_817' title='bbox 2085 3499 2228 3554; x_wconf 86' lang='lat' dir='ltr'><strong>male</strong></span> <span class='ocrx_word' id='word_1_818' title='bbox 2247 3500 2523 3567; x_wconf 89' lang='lat' dir='ltr'><strong>evenisse,</strong></span> <span class='ocrx_word' id='word_1_819' title='bbox 2546 3504 2739 3568; x_wconf 90' lang='lat' dir='ltr'><strong>aperte</strong></span> <span class='ocrx_word' id='word_1_820' title='bbox 2760 3500 2977 3556; x_wconf 92' lang='lat' dir='ltr'><strong>indicat</strong></span> <span class='ocrx_word' id='word_1_821' title='bbox 2999 3501 3245 3557; x_wconf 90' lang='lat' dir='ltr'><strong>schisma</strong></span> <span class='ocrx_word' id='word_1_822' title='bbox 3263 3503 3588 3564; x_wconf 87' lang='lat' dir='ltr'><strong>Donatista-</strong></span> 
     </span>
    </p>
   </div>
   <div class='ocr_carea' id='block_1_123' title="bbox 1947 3570 3584 3640">
    <p class='ocr_par' dir='ltr' id='par_1_123' title="bbox 1947 3570 3584 3640">
     <span class='ocr_line' id='line_1_123' title="bbox 1947 3570 3584 3640; baseline 0.005 -15"><span class='ocrx_word' id='word_1_823' title='bbox 1947 3585 2094 3639; x_wconf 92' lang='lat' dir='ltr'><strong>rum,</strong></span> <span class='ocrx_word' id='word_1_824' title='bbox 2126 3570 2277 3626; x_wconf 89' lang='lat' dir='ltr'><strong>unde</strong></span> <span class='ocrx_word' id='word_1_825' title='bbox 2301 3583 2364 3625; x_wconf 89' lang='lat' dir='ltr'><strong>ea</strong></span> <span class='ocrx_word' id='word_1_826' title='bbox 2397 3570 2541 3624; x_wconf 88' lang='lat' dir='ltr'><strong>mala</strong></span> <span class='ocrx_word' id='word_1_827' title='bbox 2572 3571 2966 3640; x_wconf 84' lang='lat' dir='ltr'><strong>prOpaginata,</strong></span> <span class='ocrx_word' id='word_1_828' title='bbox 3003 3570 3328 3628; x_wconf 87' lang='lat' dir='ltr'><strong>Africanam</strong></span> <span class='ocrx_word' id='word_1_829' title='bbox 3360 3580 3415 3629; x_wconf 92' lang='lat' dir='ltr'><strong>et</strong></span> <span class='ocrx_word' id='word_1_830' title='bbox 3445 3577 3584 3634; x_wconf 86' lang='lat' dir='ltr'><strong>vici-</strong></span> 
     </span>
    </p>
   </div>
   <div class='ocr_carea' id='block_1_124' title="bbox 1945 3639 3585 3714">
    <p class='ocr_par' dir='ltr' id='par_1_124' title="bbox 1945 3639 3585 3714">
     <span class='ocr_line' id='line_1_124' title="bbox 1945 3639 3585 3714; baseline 0.005 -19"><span class='ocrx_word' id='word_1_831' title='bbox 1945 3655 2046 3714; x_wconf 85' lang='lat' dir='ltr'><strong>nas</strong></span> <span class='ocrx_word' id='word_1_832' title='bbox 2073 3641 2344 3714; x_wconf 83' lang='lat' dir='ltr'><strong>ecclesias</strong></span> <span class='ocrx_word' id='word_1_833' title='bbox 2377 3639 2771 3714; x_wconf 37' lang='lat' dir='ltr'><strong>perturbasse.’</strong></span> <span class='ocrx_word' id='word_1_834' title='bbox 2792 3643 2914 3697; x_wconf 74' lang='lat' dir='ltr'><strong>Hzec</strong></span> <span class='ocrx_word' id='word_1_835' title='bbox 2942 3647 3130 3698; x_wconf 90' lang='lat' dir='ltr'><strong>autem</strong></span> <span class='ocrx_word' id='word_1_836' title='bbox 3162 3650 3433 3714; x_wconf 84' lang='lat' dir='ltr'><strong>comperta</strong></span> <span class='ocrx_word' id='word_1_837' title='bbox 3466 3663 3585 3705; x_wconf 83' lang='lat' dir='ltr'><strong>esse</strong></span> 
     </span>
    </p>
   </div>
   <div class='ocr_carea' id='block_1_125' title="bbox 1941 3711 3589 3788">
    <p class='ocr_par' dir='ltr' id='par_1_125' title="bbox 1941 3711 3589 3788">
     <span class='ocr_line' id='line_1_125' title="bbox 1941 3711 3589 3788; baseline 0.005 -22"><span class='ocrx_word' id='word_1_838' title='bbox 1941 3711 2448 3788; x_wconf 76' lang='lat' dir='ltr'><strong>edicit_Damasu_s_,_</strong></span> <span class='ocrx_word' id='word_1_839' title='bbox 2469 3725 2534 3767; x_wconf 89' lang='lat' dir='ltr'><strong>ac</strong></span> <span class='ocrx_word' id='word_1_840' title='bbox 2562 3718 2622 3788; x_wconf 87' lang='lat' dir='ltr'><strong>ut</strong></span> <span class='ocrx_word' id='word_1_841' title='bbox 2653 3712 2797 3788; x_wconf 80' lang='lat' dir='ltr'><strong>talia</strong></span> <span class='ocrx_word' id='word_1_842' title='bbox 2819 3714 3158 3788; x_wconf 75' lang='lat' dir='ltr'><strong>apposuisse</strong></span> <span class='ocrx_word' id='word_1_843' title='bbox 3183 3711 3362 3788; x_wconf 85' lang='lat' dir='ltr'><strong>lapidi</strong></span> <span class='ocrx_word' id='word_1_844' title='bbox 3389 3719 3589 3788; x_wconf 63' lang='lat' dir='ltr'><strong>sepul.</strong></span> 
     </span>
    </p>
   </div>
   <div class='ocr_carea' id='block_1_126' title="bbox 1941 3783 3589 3852">
    <p class='ocr_par' dir='ltr' id='par_1_126' title="bbox 1941 3783 3589 3852">
     <span class='ocr_line' id='line_1_126' title="bbox 1941 3783 3589 3852; baseline 0.005 -13"><span class='ocrx_word' id='word_1_845' title='bbox 1941 3783 2084 3839; x_wconf 89' lang='lat' dir='ltr'><strong>crali</strong></span> <span class='ocrx_word' id='word_1_846' title='bbox 2119 3783 2173 3838; x_wconf 90' lang='lat' dir='ltr'><strong>S.</strong></span> <span class='ocrx_word' id='word_1_847' title='bbox 2199 3783 2474 3849; x_wconf 86' lang='lat' dir='ltr'><strong>Marcelli,</strong></span> <span class='ocrx_word' id='word_1_848' title='bbox 2512 3783 2711 3852; x_wconf 91' lang='lat' dir='ltr'><strong>utique</strong></span> <span class='ocrx_word' id='word_1_849' title='bbox 2731 3783 2798 3838; x_wconf 92' lang='lat' dir='ltr'><strong>ad</strong></span> <span class='ocrx_word' id='word_1_850' title='bbox 2819 3783 3589 3848; x_wconf 29' lang='lat' dir='ltr'><strong>Donatistarum’calum&#39;nias</strong></span> 
     </span>
    </p>
   </div>
   <div class='ocr_carea' id='block_1_127' title="bbox 1941 3853 3585 3924">
    <p class='ocr_par' dir='ltr' id='par_1_127' title="bbox 1941 3853 3585 3924">
     <span class='ocr_line' id='line_1_127' title="bbox 1941 3853 3585 3924; baseline 0.005 -14"><span class='ocrx_word' id='word_1_851' title='bbox 1941 3855 2294 3911; x_wconf 89' lang='lat' dir='ltr'><strong>evacuandas</strong></span> <span class='ocrx_word' id='word_1_852' title='bbox 2345 3855 2400 3909; x_wconf 93' lang='lat' dir='ltr'><strong>S.</strong></span> <span class='ocrx_word' id='word_1_853' title='bbox 2436 3853 2690 3924; x_wconf 83' lang='lat' dir='ltr'><strong>pontifici</strong></span> <span class='ocrx_word' id='word_1_854' title='bbox 2735 3854 3052 3924; x_wconf 90' lang='lat' dir='ltr'><strong>impositas.</strong></span> <span class='ocrx_word' id='word_1_855' title='bbox 3097 3858 3425 3914; x_wconf 88' lang='lat' dir='ltr'><strong>Donatistas</strong></span> <span class='ocrx_word' id='word_1_856' title='bbox 3455 3875 3585 3918; x_wconf 91' lang='lat' dir='ltr'><strong>vero</strong></span> 
     </span>
    </p>
   </div>
   <div class='ocr_carea' id='block_1_128' title="bbox 1943 3925 3585 3999">
    <p class='ocr_par' dir='ltr' id='par_1_128' title="bbox 1943 3925 3585 3999">
     <span class='ocr_line' id='line_1_128' title="bbox 1943 3925 3585 3999; baseline 0.005 -17"><span class='ocrx_word' id='word_1_857' title='bbox 1943 3931 2192 3999; x_wconf 88' lang='lat' dir='ltr'><strong>tempore</strong></span> <span class='ocrx_word' id='word_1_858' title='bbox 2213 3925 2458 3999; x_wconf 82' lang='lat' dir='ltr'><strong>Damasi,</strong></span> <span class='ocrx_word' id='word_1_859' title='bbox 2482 3930 2538 3999; x_wconf 90' lang='lat' dir='ltr'><strong>et</strong></span> <span class='ocrx_word' id='word_1_860' title='bbox 2563 3927 2822 3999; x_wconf 84' lang='lat' dir='ltr'><strong>sequenti</strong></span> <span class='ocrx_word' id='word_1_861' title='bbox 2851 3926 2967 3982; x_wconf 82' lang='lat' dir='ltr'><strong>haec</strong></span> <span class='ocrx_word' id='word_1_862' title='bbox 2986 3926 3178 3983; x_wconf 90' lang='lat' dir='ltr'><strong>futilia</strong></span> <span class='ocrx_word' id='word_1_863' title='bbox 3203 3929 3259 3982; x_wconf 91' lang='lat' dir='ltr'><strong>in</strong></span> <span class='ocrx_word' id='word_1_864' title='bbox 3286 3932 3585 3999; x_wconf 87' lang='lat' dir='ltr'><strong>pontifices</strong></span> 
     </span>
    </p>
   </div>
   <div class='ocr_carea' id='block_1_129' title="bbox 1941 3996 3582 4066">
    <p class='ocr_par' dir='ltr' id='par_1_129' title="bbox 1941 3996 3582 4066">
     <span class='ocr_line' id='line_1_129' title="bbox 1941 3996 3582 4066; baseline 0.002 -12"><span class='ocrx_word' id='word_1_865' title='bbox 1941 3998 2115 4066; x_wconf 83' lang='lat' dir='ltr'><strong>dicta,</strong></span> <span class='ocrx_word' id='word_1_866' title='bbox 2171 4002 2226 4052; x_wconf 90' lang='lat' dir='ltr'><strong>et</strong></span> <span class='ocrx_word' id='word_1_867' title='bbox 2268 3997 2588 4052; x_wconf 85' lang='lat' dir='ltr'><strong>calumnias</strong></span> <span class='ocrx_word' id='word_1_868' title='bbox 2621 3996 3004 4065; x_wconf 80' lang='lat' dir='ltr'><strong>imprOperare</strong></span> <span class='ocrx_word' id='word_1_869' title='bbox 3045 3996 3305 4056; x_wconf 83' lang='lat' dir='ltr'><strong>assuetos</strong></span> <span class='ocrx_word' id='word_1_870' title='bbox 3333 4001 3496 4058; x_wconf 91' lang='lat' dir='ltr'><strong>docet</strong></span> <span class='ocrx_word' id='word_1_871' title='bbox 3526 4005 3582 4060; x_wconf 92' lang='lat' dir='ltr'><strong>S.</strong></span> 
     </span>
    </p>
   </div>
   <div class='ocr_carea' id='block_1_130' title="bbox 1940 4067 3579 4143">
    <p class='ocr_par' dir='ltr' id='par_1_130' title="bbox 1940 4067 3579 4143">
     <span class='ocr_line' id='line_1_130' title="bbox 1940 4067 3579 4143; baseline 0.004 -18"><span class='ocrx_word' id='word_1_872' title='bbox 1940 4068 2303 4143; x_wconf 69' lang='lat' dir='ltr'><strong>Augustinus</strong></span> <span class='ocrx_word' id='word_1_873' title='bbox 2346 4067 3018 4143; x_wconf 61' lang='lat' dir='ltr'><strong>adversusPetilianum,</strong></span> <span class='ocrx_word' id='word_1_874' title='bbox 3072 4070 3169 4125; x_wconf 93' lang='lat' dir='ltr'><strong>ubi</strong></span> <span class='ocrx_word' id='word_1_875' title='bbox 3218 4071 3338 4127; x_wconf 89' lang='lat' dir='ltr'><strong>sic:</strong></span> <span class='ocrx_word' id='word_1_876' title='bbox 3379 4093 3404 4125; x_wconf 83' lang='lat'><strong>«</strong></span> <span class='ocrx_word' id='word_1_877' title='bbox 3432 4074 3579 4143; x_wconf 89' lang='lat' dir='ltr'><strong>Quid</strong></span> 
     </span>
    </p>
   </div>
   <div class='ocr_carea' id='block_1_131' title="bbox 1937 4139 3578 4216">
    <p class='ocr_par' dir='ltr' id='par_1_131' title="bbox 1937 4139 3578 4216">
     <span class='ocr_line' id='line_1_131' title="bbox 1937 4139 3578 4216; baseline 0.004 -22"><span class='ocrx_word' id='word_1_878' title='bbox 1937 4139 2055 4209; x_wconf 78' lang='lat' dir='ltr'><strong>jani</strong></span> <span class='ocrx_word' id='word_1_879' title='bbox 2078 4153 2238 4216; x_wconf 74' lang='lat' dir='ltr'><strong>opus</strong></span> <span class='ocrx_word' id='word_1_880' title='bbox 2276 4144 2380 4216; x_wconf 77' lang='lat' dir='ltr'><strong>est,</strong></span> <span class='ocrx_word' id='word_1_881' title='bbox 2407 4210 2417 4216; x_wconf 92' lang='lat'><strong>_</strong></span> <span class='ocrx_word' id='word_1_882' title='bbox 2433 4143 2498 4216; x_wconf 83' lang='lat' dir='ltr'><strong>ut</strong></span> <span class='ocrx_word' id='word_1_883' title='bbox 2549 4139 2948 4216; x_wconf 74' lang='lat' dir='ltr'><strong>episcoporum</strong></span> <span class='ocrx_word' id='word_1_884' title='bbox 2989 4140 3251 4197; x_wconf 67' lang='lat' dir='ltr'><strong>Romanae</strong></span> <span class='ocrx_word' id='word_1_885' title='bbox 3295 4139 3578 4216; x_wconf 64' lang='lat' dir='ltr'><strong>Ecclesiae,</strong></span> 
     </span>
    </p>
   </div>
   <div class='ocr_carea' id='block_1_132' title="bbox 1943 4210 3580 4285">
    <p class='ocr_par' dir='ltr' id='par_1_132' title="bbox 1943 4210 3580 4285">
     <span class='ocr_line' id='line_1_132' title="bbox 1943 4210 3580 4285; baseline 0.004 -19"><span class='ocrx_word' id='word_1_886' title='bbox 1943 4211 2092 4285; x_wconf 87' lang='lat' dir='ltr'><strong>quod</strong></span> <span class='ocrx_word' id='word_1_887' title='bbox 2115 4210 2560 4285; x_wconf 82' lang='lat' dir='ltr'><strong>incredibilibus</strong></span> <span class='ocrx_word' id='word_1_888' title='bbox 2575 4210 2888 4285; x_wconf 74' lang='lat' dir='ltr'><strong>calumniis</strong></span> <span class='ocrx_word' id='word_1_889' title='bbox 2904 4212 3216 4285; x_wconf 79' lang='lat' dir='ltr'><strong>insectatus</strong></span> <span class='ocrx_word' id='word_1_890' title='bbox 3235 4220 3341 4284; x_wconf 87' lang='lat' dir='ltr'><strong>est,</strong></span> <span class='ocrx_word' id='word_1_891' title='bbox 3365 4210 3580 4285; x_wconf 81' lang='lat' dir='ltr'><strong>objecta</strong></span> 
     </span>
    </p>
   </div>
   <div class='ocr_carea' id='block_1_133' title="bbox 1941 4281 3581 4356">
    <p class='ocr_par' dir='ltr' id='par_1_133' title="bbox 1941 4281 3581 4356">
     <span class='ocr_line' id='line_1_133' title="bbox 1941 4281 3581 4356; baseline 0.004 -20"><span class='ocrx_word' id='word_1_892' title='bbox 1941 4281 2010 4356; x_wconf 87' lang='lat' dir='ltr'><strong>ab</strong></span> <span class='ocrx_word' id='word_1_893' title='bbox 2037 4296 2113 4356; x_wconf 9' lang='lat' dir='ltr'><strong>eo;</strong></span> <span class='ocrx_word' id='word_1_894' title='bbox 2130 4283 2384 4356; x_wconf 79' lang='lat' dir='ltr'><strong>erimina</strong></span> <span class='ocrx_word' id='word_1_895' title='bbox 2406 4281 2700 4356; x_wconf 85' lang='lat' dir='ltr'><strong>diluamus</strong></span> <span class='ocrx_word' id='word_1_896' title='bbox 2719 4282 2755 4356; x_wconf 8' lang='lat' dir='ltr'><strong>fl,</strong></span> <span class='ocrx_word' id='word_1_897' title='bbox 2774 4283 3160 4356; x_wconf 87' lang='lat' dir='ltr'><strong>Marcellinus,</strong></span> <span class='ocrx_word' id='word_1_898' title='bbox 3188 4289 3243 4340; x_wconf 91' lang='lat' dir='ltr'><strong>et</strong></span> <span class='ocrx_word' id='word_1_899' title='bbox 3268 4281 3581 4356; x_wconf 75' lang='lat' dir='ltr'><strong>presbyteri</strong></span> 
     </span>
    </p>
   </div>
   <div class='ocr_carea' id='block_1_134' title="bbox 1942 4352 3582 4424">
    <p class='ocr_par' dir='ltr' id='par_1_134' title="bbox 1942 4352 3582 4424">
     <span class='ocr_line' id='line_1_134' title="bbox 1942 4352 3582 4424; baseline 0.004 -16"><span class='ocrx_word' id='word_1_900' title='bbox 1942 4353 2068 4422; x_wconf 90' lang='lat' dir='ltr'><strong>ejus</strong></span> <span class='ocrx_word' id='word_1_901' title='bbox 2097 4353 2436 4409; x_wconf 87' lang='lat' dir='ltr'><strong>Melchiades</strong></span> <span class='ocrx_word' id='word_1_902' title='bbox 2457 4360 2512 4408; x_wconf 90' lang='lat' dir='ltr'><strong>et</strong></span> <span class='ocrx_word' id='word_1_903' title='bbox 2533 4352 2854 4413; x_wconf 87' lang='lat' dir='ltr'><strong>Marcellus.</strong></span> <span class='ocrx_word' id='word_1_904' title='bbox 2882 4352 3582 4424; x_wconf 79' lang='lat' dir='ltr'><strong>etSylvestertraditionis</strong></span> 
     </span>
    </p>
   </div>
   <div class='ocr_carea' id='block_1_135' title="bbox 1943 4425 3584 4493">
    <p class='ocr_par' dir='ltr' id='par_1_135' title="bbox 1943 4425 3584 4493">
     <span class='ocr_line' id='line_1_135' title="bbox 1943 4425 3584 4493; baseline 0.002 -14"><span class='ocrx_word' id='word_1_905' title='bbox 1943 4425 2204 4479; x_wconf 90' lang='lat' dir='ltr'><strong>codicum</strong></span> <span class='ocrx_word' id='word_1_906' title='bbox 2235 4425 2586 4493; x_wconf 89' lang='lat' dir='ltr'><strong>divinorum,</strong></span> <span class='ocrx_word' id='word_1_907' title='bbox 2609 4425 3136 4480; x_wconf 85' lang='lat' dir='ltr'><strong>etthurificationis</strong></span> <span class='ocrx_word' id='word_1_908' title='bbox 3154 4425 3225 4479; x_wconf 91' lang='lat' dir='ltr'><strong>ab</strong></span> <span class='ocrx_word' id='word_1_909' title='bbox 3253 4439 3318 4480; x_wconf 90' lang='lat' dir='ltr'><strong>eo</strong></span> <span class='ocrx_word' id='word_1_910' title='bbox 3340 4429 3584 4483; x_wconf 92' lang='lat' dir='ltr'><strong>crimine</strong></span> 
     </span>
    </p>
   </div>
   <div class='ocr_carea' id='block_1_136' title="bbox 1943 4495 3584 4565">
    <p class='ocr_par' dir='ltr' id='par_1_136' title="bbox 1943 4495 3584 4565">
     <span class='ocr_line' id='line_1_136' title="bbox 1943 4495 3584 4565; baseline 0.003 -16"><span class='ocrx_word' id='word_1_911' title='bbox 1943 4501 2286 4565; x_wconf 87' lang='lat' dir='ltr'><strong>arguuntur.</strong></span> <span class='ocrx_word' id='word_1_912' title='bbox 2341 4496 2445 4551; x_wconf 90' lang='lat' dir='ltr'><strong>Sed</strong></span> <span class='ocrx_word' id='word_1_913' title='bbox 2508 4495 2769 4565; x_wconf 90' lang='lat' dir='ltr'><strong>nunquid</strong></span> <span class='ocrx_word' id='word_1_914' title='bbox 2820 4496 3426 4565; x_wconf 17' lang='lat' dir='ltr'><strong>ideoiconvincuntur,</strong></span> <span class='ocrx_word' id='word_1_915' title='bbox 3483 4505 3584 4554; x_wconf 89' lang='lat' dir='ltr'><strong>aut</strong></span> 
     </span>
    </p>
   </div>
   <div class='ocr_carea' id='block_1_137' title="bbox 1863 4553 3580 4636">
    <p class='ocr_par' dir='ltr' id='par_1_137' title="bbox 1863 4553 3580 4636">
     <span class='ocr_line' id='line_1_137' title="bbox 1863 4553 3580 4636; baseline 0.005 -21"><span class='ocrx_word' id='word_1_916' title='bbox 1863 4553 1917 4615; x_wconf 93' lang='lat' dir='ltr'><strong>D</strong></span> <span class='ocrx_word' id='word_1_917' title='bbox 1945 4553 2192 4621; x_wconf 67' lang='lat' dir='ltr'><strong>coﬁvicti</strong></span> <span class='ocrx_word' id='word_1_918' title='bbox 2219 4566 2414 4636; x_wconf 88' lang='lat' dir='ltr'><strong>aliqua</strong></span> <span class='ocrx_word' id='word_1_919' title='bbox 2446 4553 2917 4636; x_wconf 82' lang='lat' dir='ltr'><strong>documentorum</strong></span> <span class='ocrx_word' id='word_1_920' title='bbox 2949 4564 3221 4634; x_wconf 82' lang='lat' dir='ltr'><strong>firmitate</strong></span> <span class='ocrx_word' id='word_1_921' title='bbox 3253 4553 3580 4624; x_wconf 54' lang='lat' dir='ltr'><strong>monstrané</strong></span> 
     </span>
    </p>
   </div>
   <div class='ocr_carea' id='block_1_138' title="bbox 1949 4635 3583 4711">
    <p class='ocr_par' dir='ltr' id='par_1_138' title="bbox 1949 4635 3583 4711">
     <span class='ocr_line' id='line_1_138' title="bbox 1949 4635 3583 4711; baseline 0.002 -19"><span class='ocrx_word' id='word_1_922' title='bbox 1949 4643 2044 4711; x_wconf 81' lang='lat' dir='ltr'><strong>tur</strong></span> <span class='ocrx_word' id='word_1_923' title='bbox 2063 4637 2088 4690; x_wconf 74' lang='lat' dir='ltr'><strong>‘l</strong></span> <span class='ocrx_word' id='word_1_924' title='bbox 2139 4639 2259 4706; x_wconf 90' lang='lat' dir='ltr'><strong>[pse</strong></span> <span class='ocrx_word' id='word_1_925' title='bbox 2287 4635 2614 4711; x_wconf 73' lang='lat' dir='ltr'><strong>sceleratos,</strong></span> <span class='ocrx_word' id='word_1_926' title='bbox 2664 4641 2719 4689; x_wconf 92' lang='lat' dir='ltr'><strong>et</strong></span> <span class='ocrx_word' id='word_1_927' title='bbox 2748 4635 3081 4711; x_wconf 66' lang='lat' dir='ltr'><strong>sacrilegos</strong></span> <span class='ocrx_word' id='word_1_928' title='bbox 3105 4649 3229 4711; x_wconf 80' lang='lat' dir='ltr'><strong>esse</strong></span> <span class='ocrx_word' id='word_1_929' title='bbox 3251 4637 3397 4692; x_wconf 91' lang='lat' dir='ltr'><strong>dicit</strong></span> <span class='ocrx_word' id='word_1_930' title='bbox 3421 4652 3583 4711; x_wconf 77' lang='lat' dir='ltr'><strong>:_ego</strong></span> 
     </span>
    </p>
   </div>
   <div class='ocr_carea' id='block_1_139' title="bbox 1949 4705 3584 4779">
    <p class='ocr_par' dir='ltr' id='par_1_139' title="bbox 1949 4705 3584 4779">
     <span class='ocr_line' id='line_1_139' title="bbox 1949 4705 3584 4779; baseline 0.002 -16"><span class='ocrx_word' id='word_1_931' title='bbox 1949 4705 2278 4779; x_wconf 89' lang='lat' dir='ltr'><strong>innocentes</strong></span> <span class='ocrx_word' id='word_1_932' title='bbox 2318 4707 2498 4762; x_wconf 90' lang='lat' dir='ltr'><strong>fuisse</strong></span> <span class='ocrx_word' id='word_1_933' title='bbox 2525 4705 2856 4779; x_wconf 69' lang='lat' dir='ltr'><strong>respondeo.</strong></span> <span class='ocrx_word' id='word_1_934' title='bbox 2893 4705 3036 4774; x_wconf 90' lang='lat' dir='ltr'><strong>Quid</strong></span> <span class='ocrx_word' id='word_1_935' title='bbox 3067 4705 3314 4762; x_wconf 90' lang='lat' dir='ltr'><strong>laborem</strong></span> <span class='ocrx_word' id='word_1_936' title='bbox 3346 4705 3584 4779; x_wconf 74' lang='lat' dir='ltr'><strong>probare</strong></span> 
     </span>
    </p>
   </div>
   <div class='ocr_carea' id='block_1_140' title="bbox 1945 4776 3585 4849">
    <p class='ocr_par' dir='ltr' id='par_1_140' title="bbox 1945 4776 3585 4849">
     <span class='ocr_line' id='line_1_140' title="bbox 1945 4776 3585 4849; baseline 0.001 -14"><span class='ocrx_word' id='word_1_937' title='bbox 1945 4777 2331 4836; x_wconf 86' lang='lat' dir='ltr'><strong>defensionem</strong></span> <span class='ocrx_word' id='word_1_938' title='bbox 2385 4790 2580 4842; x_wconf 89' lang='lat' dir='ltr'><strong>meam,</strong></span> <span class='ocrx_word' id='word_1_939' title='bbox 2620 4791 2745 4831; x_wconf 91' lang='lat' dir='ltr'><strong>cum</strong></span> <span class='ocrx_word' id='word_1_940' title='bbox 2797 4776 2894 4831; x_wconf 90' lang='lat' dir='ltr'><strong>ille</strong></span> <span class='ocrx_word' id='word_1_941' title='bbox 2925 4789 3037 4849; x_wconf 80' lang='lat' dir='ltr'><strong>nec</strong></span> <span class='ocrx_word' id='word_1_942' title='bbox 3067 4779 3318 4834; x_wconf 91' lang='lat' dir='ltr'><strong>tenuiter</strong></span> <span class='ocrx_word' id='word_1_943' title='bbox 3346 4776 3585 4849; x_wconf 78' lang='lat' dir='ltr'><strong>probare</strong></span> 
     </span>
    </p>
   </div>
   <div class='ocr_carea' id='block_1_141' title="bbox 1944 4847 3583 4920">
    <p class='ocr_par' dir='ltr' id='par_1_141' title="bbox 1944 4847 3583 4920">
     <span class='ocr_line' id='line_1_141' title="bbox 1944 4847 3583 4920; baseline 0.001 -14"><span class='ocrx_word' id='word_1_944' title='bbox 1944 4857 2184 4906; x_wconf 88' lang='lat' dir='ltr'><strong>conatus</strong></span> <span class='ocrx_word' id='word_1_945' title='bbox 2202 4850 2281 4904; x_wconf 89' lang='lat' dir='ltr'><strong>sit</strong></span> <span class='ocrx_word' id='word_1_946' title='bbox 2299 4849 2719 4920; x_wconf 75' lang='lat' dir='ltr'><strong>accusationem</strong></span> <span class='ocrx_word' id='word_1_947' title='bbox 2742 4861 2900 4902; x_wconf 89' lang='lat' dir='ltr'><strong>suam</strong></span> <span class='ocrx_word' id='word_1_948' title='bbox 2918 4847 2946 4902; x_wconf 87' lang='lat'><strong>?</strong></span> <span class='ocrx_word' id='word_1_949' title='bbox 2968 4866 2994 4896; x_wconf 77' lang='grc' dir='ltr'><strong>υ</strong></span> <span class='ocrx_word' id='word_1_950' title='bbox 3015 4849 3236 4920; x_wconf 76' lang='lat' dir='ltr'><strong>Exinde</strong></span> <span class='ocrx_word' id='word_1_951' title='bbox 3256 4847 3358 4905; x_wconf 84' lang='lat' dir='ltr'><strong>ubi</strong></span> <span class='ocrx_word' id='word_1_952' title='bbox 3384 4853 3583 4920; x_wconf 93' lang='lat' dir='ltr'><strong>purior</strong></span> 
     </span>
    </p>
   </div>
   <div class='ocr_carea' id='block_1_142' title="bbox 1903 4918 3574 4994">
    <p class='ocr_par' dir='ltr' id='par_1_142' title="bbox 1903 4918 3574 4994">
     <span class='ocr_line' id='line_1_142' title="bbox 1903 4918 3574 4994; baseline 0.001 -17"><span class='ocrx_word' id='word_1_953' title='bbox 1903 4976 1913 4984; x_wconf 83' lang='grc'><em>,</em></span> <span class='ocrx_word' id='word_1_954' title='bbox 1947 4922 2005 4977; x_wconf 91' lang='lat' dir='ltr'><strong>in</strong></span> <span class='ocrx_word' id='word_1_955' title='bbox 2033 4921 2211 4993; x_wconf 89' lang='lat' dir='ltr'><strong>gestis</strong></span> <span class='ocrx_word' id='word_1_956' title='bbox 2262 4919 2593 4994; x_wconf 80' lang='lat' dir='ltr'><strong>pontificum</strong></span> <span class='ocrx_word' id='word_1_957' title='bbox 2639 4918 3264 4994; x_wconf 28' lang='lat' dir='ltr'><strong>reservatur‘Actorum</strong></span> <span class='ocrx_word' id='word_1_958' title='bbox 3291 4918 3574 4994; x_wconf 84' lang='lat' dir='ltr'><strong>custodia,</strong></span> 
     </span>
    </p>
   </div>
   <div class='ocr_carea' id='block_1_143' title="bbox 1943 4989 3579 5061">
    <p class='ocr_par' dir='ltr' id='par_1_143' title="bbox 1943 4989 3579 5061">
     <span class='ocr_line' id='line_1_143' title="bbox 1943 4989 3579 5061; baseline -0.001 -12"><span class='ocrx_word' id='word_1_959' title='bbox 1943 4989 2505 5048; x_wconf 64' lang='lat' dir='ltr'><strong>nec&#39;amanuensium</strong></span> <span class='ocrx_word' id='word_1_960' title='bbox 2534 4991 2842 5046; x_wconf 86' lang='lat' dir='ltr'><strong>oscitantia</strong></span> <span class='ocrx_word' id='word_1_961' title='bbox 2871 4989 3124 5045; x_wconf 91' lang='lat' dir='ltr'><strong>ordinem</strong></span> <span class='ocrx_word' id='word_1_962' title='bbox 3163 4991 3414 5061; x_wconf 89' lang='lat' dir='ltr'><strong>invertit,</strong></span> <span class='ocrx_word' id='word_1_963' title='bbox 3450 4989 3579 5049; x_wconf 59' lang='lat' dir='ltr'><strong>illué</strong></span> 
     </span>
    </p>
   </div>
   <div class='ocr_carea' id='block_1_144' title="bbox 1939 5061 3575 5133">
    <p class='ocr_par' dir='ltr' id='par_1_144' title="bbox 1939 5061 3575 5133">
     <span class='ocr_line' id='line_1_144' title="bbox 1939 5061 3575 5133; baseline -0.001 -13"><span class='ocrx_word' id='word_1_964' title='bbox 1939 5069 2084 5120; x_wconf 89' lang='lat' dir='ltr'><strong>stria</strong></span> <span class='ocrx_word' id='word_1_965' title='bbox 2119 5063 2442 5133; x_wconf 58' lang='lat' dir='ltr'><strong>pra‘bentur</strong></span> <span class='ocrx_word' id='word_1_966' title='bbox 2481 5067 2762 5117; x_wconf 90' lang='lat' dir='ltr'><strong>momenta</strong></span> <span class='ocrx_word' id='word_1_967' title='bbox 2791 5061 2860 5117; x_wconf 90' lang='lat' dir='ltr'><strong>ad</strong></span> <span class='ocrx_word' id='word_1_968' title='bbox 2892 5074 3110 5117; x_wconf 90' lang='lat' dir='ltr'><strong>sacram</strong></span> <span class='ocrx_word' id='word_1_969' title='bbox 3142 5063 3451 5121; x_wconf 86' lang='lat' dir='ltr'><strong>Historiam</strong></span> <span class='ocrx_word' id='word_1_970' title='bbox 3499 5064 3575 5120; x_wconf 90' lang='lat' dir='ltr'><strong>il-</strong></span> 
     </span>
    </p>
   </div>
   <div class='ocr_carea' id='block_1_145' title="bbox 1940 5135 2317 5191">
    <p class='ocr_par' dir='ltr' id='par_1_145' title="bbox 1940 5135 2317 5191">
     <span class='ocr_line' id='line_1_145' title="bbox 1940 5135 2317 5191; baseline -0.013 0"><span class='ocrx_word' id='word_1_971' title='bbox 1940 5135 2317 5191; x_wconf 87' lang='lat' dir='ltr'><strong>lustrandam.</strong></span> 
     </span>
    </p>
   </div>
   <div class='ocr_carea' id='block_1_146' title="bbox 2013 5203 3578 5272">
    <p class='ocr_par' dir='ltr' id='par_1_146' title="bbox 2013 5203 3578 5272">
     <span class='ocr_line' id='line_1_146' title="bbox 2013 5203 3578 5272; baseline -0.001 -10"><span class='ocrx_word' id='word_1_972' title='bbox 2013 5208 2184 5262; x_wconf 86' lang='lat' dir='ltr'><strong>Linea</strong></span> <span class='ocrx_word' id='word_1_973' title='bbox 2212 5203 2297 5260; x_wconf 78' lang='lat'><strong>43.</strong></span> <span class='ocrx_word' id='word_1_974' title='bbox 2319 5233 2392 5244; x_wconf 95' lang='lat'><strong>—</strong></span> <span class='ocrx_word' id='word_1_975' title='bbox 2425 5205 2704 5260; x_wconf 87' lang='lat' dir='ltr'><strong>Venerunt</strong></span> <span class='ocrx_word' id='word_1_976' title='bbox 2731 5203 2915 5257; x_wconf 86' lang='lat' dir='ltr'><strong>clerici</strong></span> <span class='ocrx_word' id='word_1_977' title='bbox 2942 5204 3060 5272; x_wconf 84' lang='lat' dir='ltr'><strong>ejus</strong></span> <span class='ocrx_word' id='word_1_978' title='bbox 3091 5219 3289 5272; x_wconf 89' lang='lat' dir='ltr'><strong>omnes,</strong></span> <span class='ocrx_word' id='word_1_979' title='bbox 3341 5210 3391 5260; x_wconf 85' lang='lat' dir='ltr'><strong>et</strong></span> <span class='ocrx_word' id='word_1_980' title='bbox 3432 5221 3578 5261; x_wconf 72' lang='lat' dir='ltr'><strong>eme-</strong></span> 
     </span>
    </p>
   </div>
   <div class='ocr_carea' id='block_1_147' title="bbox 1937 5275 3575 5335">
    <p class='ocr_par' dir='ltr' id='par_1_147' title="bbox 1937 5275 3575 5335">
     <span class='ocr_line' id='line_1_147' title="bbox 1937 5275 3575 5335; baseline 0.001 -2"><span class='ocrx_word' id='word_1_981' title='bbox 1937 5284 2066 5334; x_wconf 86' lang='lat' dir='ltr'><strong>runt</strong></span> <span class='ocrx_word' id='word_1_982' title='bbox 2086 5293 2205 5331; x_wconf 88' lang='lat' dir='ltr'><strong>cum</strong></span> <span class='ocrx_word' id='word_1_983' title='bbox 2222 5277 2287 5330; x_wconf 87' lang='lat' dir='ltr'><strong>de</strong></span> <span class='ocrx_word' id='word_1_984' title='bbox 2307 5275 2585 5330; x_wconf 86' lang='lat' dir='ltr'><strong>Catubalo.</strong></span> <span class='ocrx_word' id='word_1_985' title='bbox 2615 5275 2940 5330; x_wconf 90' lang='lat' dir='ltr'><strong>Concursus</strong></span> <span class='ocrx_word' id='word_1_986' title='bbox 2964 5275 3298 5330; x_wconf 90' lang='lat' dir='ltr'><strong>clericorum</strong></span> <span class='ocrx_word' id='word_1_987' title='bbox 3319 5279 3575 5335; x_wconf 91' lang='lat' dir='ltr'><strong>omnium</strong></span> 
     </span>
    </p>
   </div>
   <div class='ocr_carea' id='block_1_148' title="bbox 1939 5345 3578 5416">
    <p class='ocr_par' dir='ltr' id='par_1_148' title="bbox 1939 5345 3578 5416">
     <span class='ocr_line' id='line_1_148' title="bbox 1939 5345 3578 5416; baseline 0 -10"><span class='ocrx_word' id='word_1_988' title='bbox 1939 5351 2006 5406; x_wconf 87' lang='lat' dir='ltr'><strong>ad</strong></span> <span class='ocrx_word' id='word_1_989' title='bbox 2038 5347 2429 5404; x_wconf 91' lang='lat' dir='ltr'><strong>redimendum</strong></span> <span class='ocrx_word' id='word_1_990' title='bbox 2456 5346 2780 5401; x_wconf 89' lang='lat' dir='ltr'><strong>Marcellum</strong></span> <span class='ocrx_word' id='word_1_991' title='bbox 2805 5345 3132 5400; x_wconf 80' lang='lat' dir='ltr'><strong>saevissimae</strong></span> <span class='ocrx_word' id='word_1_992' title='bbox 3161 5350 3578 5416; x_wconf 90' lang='lat' dir='ltr'><strong>persecutionis</strong></span> 
     </span>
    </p>
   </div>
   <div class='ocr_carea' id='block_1_149' title="bbox 1942 5416 3580 5490">
    <p class='ocr_par' dir='ltr' id='par_1_149' title="bbox 1942 5416 3580 5490">
     <span class='ocr_line' id='line_1_149' title="bbox 1942 5416 3580 5490; baseline 0.001 -14"><span class='ocrx_word' id='word_1_993' title='bbox 1942 5427 2212 5490; x_wconf 88' lang='lat' dir='ltr'><strong>tempore,</strong></span> <span class='ocrx_word' id='word_1_994' title='bbox 2245 5419 2460 5490; x_wconf 72' lang='lat' dir='ltr'><strong>quzein</strong></span> <span class='ocrx_word' id='word_1_995' title='bbox 2485 5418 2746 5484; x_wconf 82' lang='lat' dir='ltr'><strong>clericos,</strong></span> <span class='ocrx_word' id='word_1_996' title='bbox 2778 5416 2864 5470; x_wconf 92' lang='lat' dir='ltr'><strong>vel</strong></span> <span class='ocrx_word' id='word_1_997' title='bbox 2899 5418 3140 5490; x_wconf 73' lang='lat' dir='ltr'><strong>maxime</strong></span> <span class='ocrx_word' id='word_1_998' title='bbox 3169 5425 3303 5474; x_wconf 89' lang='lat' dir='ltr'><strong>tunc</strong></span> <span class='ocrx_word' id='word_1_999' title='bbox 3332 5421 3580 5477; x_wconf 88' lang='lat' dir='ltr'><strong>inardes-</strong></span> 
     </span>
    </p>
   </div>
   <div class='ocr_carea' id='block_1_150' title="bbox 1941 5487 3573 5560">
    <p class='ocr_par' dir='ltr' id='par_1_150' title="bbox 1941 5487 3573 5560">
     <span class='ocr_line' id='line_1_150' title="bbox 1941 5487 3573 5560; baseline -0.001 -11"><span class='ocrx_word' id='word_1_1000' title='bbox 1941 5487 2121 5560; x_wconf 82' lang='lat' dir='ltr'><strong>cebat,</strong></span> <span class='ocrx_word' id='word_1_1001' title='bbox 2156 5487 2520 5545; x_wconf 92' lang='lat' dir='ltr'><strong>incredibilis</strong></span> <span class='ocrx_word' id='word_1_1002' title='bbox 2562 5501 2686 5560; x_wconf 87' lang='lat' dir='ltr'><strong>esse</strong></span> <span class='ocrx_word' id='word_1_1003' title='bbox 2716 5500 2842 5560; x_wconf 12' lang='lat' dir='ltr'><strong>non,</strong></span> <span class='ocrx_word' id='word_1_1004' title='bbox 2867 5487 3174 5560; x_wconf 86' lang='lat' dir='ltr'><strong>videbitur,</strong></span> <span class='ocrx_word' id='word_1_1005' title='bbox 3205 5490 3256 5544; x_wconf 93' lang='lat' dir='ltr'><strong>si</strong></span> <span class='ocrx_word' id='word_1_1006' title='bbox 3304 5491 3573 5548; x_wconf 82' lang='lat' dir='ltr'><strong>Maxentii</strong></span> 
     </span>
    </p>
   </div>
   <div class='ocr_carea' id='block_1_151' title="bbox 1946 5559 3574 5629">
    <p class='ocr_par' dir='ltr' id='par_1_151' title="bbox 1946 5559 3574 5629">
     <span class='ocr_line' id='line_1_151' title="bbox 1946 5559 3574 5629; baseline 0 -10"><span class='ocrx_word' id='word_1_1007' title='bbox 1946 5559 2167 5619; x_wconf 90' lang='lat' dir='ltr'><strong>indoles</strong></span> <span class='ocrx_word' id='word_1_1008' title='bbox 2205 5561 2568 5629; x_wconf 84' lang='lat' dir='ltr'><strong>inspiciatur.</strong></span> <span class='ocrx_word' id='word_1_1009' title='bbox 2624 5559 2726 5614; x_wconf 89' lang='lat' dir='ltr'><strong>Hic</strong></span> <span class='ocrx_word' id='word_1_1010' title='bbox 2755 5559 2908 5613; x_wconf 91' lang='lat' dir='ltr'><strong>enim</strong></span> <span class='ocrx_word' id='word_1_1011' title='bbox 2954 5561 3061 5614; x_wconf 87' lang='lat' dir='ltr'><strong>etsi</strong></span> <span class='ocrx_word' id='word_1_1012' title='bbox 3111 5559 3168 5614; x_wconf 92' lang='lat' dir='ltr'><strong>in</strong></span> <span class='ocrx_word' id='word_1_1013' title='bbox 3213 5561 3574 5620; x_wconf 85' lang='lat' dir='ltr'><strong>Christianos</strong></span> 
     </span>
    </p>
   </div>
   <div class='ocr_carea' id='block_1_152' title="bbox 1943 5629 3575 5701">
    <p class='ocr_par' dir='ltr' id='par_1_152' title="bbox 1943 5629 3575 5701">
     <span class='ocr_line' id='line_1_152' title="bbox 1943 5629 3575 5701; baseline -0.001 -10"><span class='ocrx_word' id='word_1_1014' title='bbox 1943 5647 2139 5691; x_wconf 92' lang='lat' dir='ltr'><strong>omnes</strong></span> <span class='ocrx_word' id='word_1_1015' title='bbox 2174 5633 2293 5701; x_wconf 88' lang='lat' dir='ltr'><strong>pari</strong></span> <span class='ocrx_word' id='word_1_1016' title='bbox 2327 5644 2453 5686; x_wconf 92' lang='lat' dir='ltr'><strong>cum</strong></span> <span class='ocrx_word' id='word_1_1017' title='bbox 2486 5629 2714 5686; x_wconf 89' lang='lat' dir='ltr'><strong>Galerio</strong></span> <span class='ocrx_word' id='word_1_1018' title='bbox 2741 5629 3080 5685; x_wconf 90' lang='lat' dir='ltr'><strong>crudelitate</strong></span> <span class='ocrx_word' id='word_1_1019' title='bbox 3105 5631 3438 5701; x_wconf 81' lang='lat' dir='ltr'><strong>decertaret,</strong></span> <span class='ocrx_word' id='word_1_1020' title='bbox 3475 5636 3575 5690; x_wconf 89' lang='lat' dir='ltr'><strong>ni-</strong></span> 
     </span>
    </p>
   </div>
   <div class='ocr_carea' id='block_1_153' title="bbox 1946 5701 3574 5771">
    <p class='ocr_par' dir='ltr' id='par_1_153' title="bbox 1946 5701 3574 5771">
     <span class='ocr_line' id='line_1_153' title="bbox 1946 5701 3574 5771; baseline 0.001 -9"><span class='ocrx_word' id='word_1_1021' title='bbox 1946 5705 2265 5762; x_wconf 85' lang='lat' dir='ltr'><strong>hilominus</strong></span> <span class='ocrx_word' id='word_1_1022' title='bbox 2309 5701 2668 5756; x_wconf 90' lang='lat' dir='ltr'><strong>Constantini</strong></span> <span class='ocrx_word' id='word_1_1023' title='bbox 2725 5708 2895 5768; x_wconf 90' lang='lat' dir='ltr'><strong>metu,</strong></span> <span class='ocrx_word' id='word_1_1024' title='bbox 2932 5702 3030 5770; x_wconf 91' lang='lat' dir='ltr'><strong>qui</strong></span> <span class='ocrx_word' id='word_1_1025' title='bbox 3061 5715 3208 5757; x_wconf 91' lang='lat' dir='ltr'><strong>anno</strong></span> <span class='ocrx_word' id='word_1_1026' title='bbox 3253 5701 3379 5771; x_wconf 87' lang='lat'><strong>306,</strong></span> <span class='ocrx_word' id='word_1_1027' title='bbox 3414 5705 3574 5764; x_wconf 88' lang='lat' dir='ltr'><strong>Patre</strong></span> 
     </span>
    </p>
   </div>
   <div class='ocr_carea' id='block_1_154' title="bbox 1944 5774 3577 5844">
    <p class='ocr_par' dir='ltr' id='par_1_154' title="bbox 1944 5774 3577 5844">
     <span class='ocr_line' id='line_1_154' title="bbox 1944 5774 3577 5844; baseline -0.001 -10"><span class='ocrx_word' id='word_1_1028' title='bbox 1944 5775 2277 5834; x_wconf 87' lang='lat' dir='ltr'><strong>Constantio</strong></span> <span class='ocrx_word' id='word_1_1029' title='bbox 2311 5780 2552 5839; x_wconf 89' lang='lat' dir='ltr'><strong>mortuo,</strong></span> <span class='ocrx_word' id='word_1_1030' title='bbox 2579 5774 2765 5828; x_wconf 70' lang='lat' dir='ltr'><strong>Caesar</strong></span> <span class='ocrx_word' id='word_1_1031' title='bbox 2790 5779 2928 5838; x_wconf 86' lang='lat' dir='ltr'><strong>erat,</strong></span> <span class='ocrx_word' id='word_1_1032' title='bbox 2954 5775 3378 5842; x_wconf 91' lang='lat' dir='ltr'><strong>temperandum</strong></span> <span class='ocrx_word' id='word_1_1033' title='bbox 3401 5789 3433 5830; x_wconf 91' lang='lat' dir='ltr'><strong>a</strong></span> <span class='ocrx_word' id='word_1_1034' title='bbox 3461 5791 3577 5844; x_wconf 90' lang='lat' dir='ltr'><strong>per-</strong></span> 
     </span>
    </p>
   </div>
   <div class='ocr_carea' id='block_1_155' title="bbox 1945 5844 3580 5917">
    <p class='ocr_par' dir='ltr' id='par_1_155' title="bbox 1945 5844 3580 5917">
     <span class='ocr_line' id='line_1_155' title="bbox 1945 5844 3580 5917; baseline -0.003 -10"><span class='ocrx_word' id='word_1_1035' title='bbox 1945 5847 2240 5909; x_wconf 87' lang='lat' dir='ltr'><strong>secutione</strong></span> <span class='ocrx_word' id='word_1_1036' title='bbox 2268 5844 2514 5917; x_wconf 88' lang='lat' dir='ltr'><strong>censuit,</strong></span> <span class='ocrx_word' id='word_1_1037' title='bbox 2539 5857 2609 5902; x_wconf 91' lang='lat' dir='ltr'><strong>ne</strong></span> <span class='ocrx_word' id='word_1_1038' title='bbox 2635 5845 2995 5902; x_wconf 86' lang='lat' dir='ltr'><strong>Constantini</strong></span> <span class='ocrx_word' id='word_1_1039' title='bbox 3023 5845 3311 5902; x_wconf 88' lang='lat' dir='ltr'><strong>exercitus</strong></span> <span class='ocrx_word' id='word_1_1040' title='bbox 3339 5859 3580 5917; x_wconf 80' lang='lat' dir='ltr'><strong>augere—</strong></span> 
     </span>
    </p>
   </div>
  </div>
