4072 6176
420 260 553 323 ηθί

1649 256 2012 317 ANASTASII
2049 253 2599 316 ΒῙΒΗΟΤΗΕΟΑἩΙΙ

417 396 603 461 gesse,
649 389 717 461 ut
747 386 1058 461 communi
1105 384 1356 461 consilio
1399 387 1770 461 statueretur,
1833 384 2067 461 ubinam
2099 385 2161 447 A
2186 384 2500 461 plurimum
2538 384 2743 443 habere
2781 384 3172 461 ordinationes
3196 385 3276 461 ιιι⁸
3301 387 3647 461 οωιῃθῑθνισ
3670 387 3845 461 Vati-3

422 456 567 516 isset
592 456 1128 516 administrandum
1177 457 1459 528 baptisma
1501 456 1700 528 electis
1744 457 1805 513 in
1844 457 2072 513 Christo

427 530 648 586 renasci
696 529 1071 600 cupientibus
1113 541 1212 600 per
1245 526 1510 600 proxima
1552 526 1695 585 festa
1744 528 2070 600 paschalia;

422 601 633 658 deinde
665 599 901 670 subdit;
933 599 1135 658 «Tunc
1171 599 1437 655 Liberius
1460 600 1636 669 ciepit
1676 599 2072 656 Constantium

428 672 1034 758 Publicerdsrsurs-
1055 670 1289 758 341999
1306 671 1696 758 βοηεφιξιὲιιερ
1720 671 2080 758 veteranis?

432 742 635 810 iratus,
671 744 823 799 hunc
844 742 1015 800 'extra
1045 743 1335 799 civitatem
1382 743 1548 813 quasi
1572 743 1640 798 -in
1668 742 1939 799 exsilium
1970 742 2078 813 de-

467 816 647 872 ortari
678 816 982 886 praecepit:
1017 820 1075 870 et
1105 813 1385 870 habitavit
1404 812 1572 886 extra
1594 814 1875 886 milliario
1909 812 2079 869 tertio

467 831 647 872 Ol'lal‘l
678 831 982 886 praecepit:
1017 831 1075 870 ει
1106 831 1385 870 ηεωιιδνιι
1413 831 1572 870 cura
1594 831 1874 870 munarto
1909 831 2076 869 ιεηιο

431 831 492 943 Γπ
523 887 844 943 cmmeterio
871 886 1019 957 quod
1051 886 1271 942 dicitur
1294 884 1538 943 Novella:
1567 886 1660 940 via
1700 884 1940 955 Salaria,
1968 889 2076 941 etc.

430 958 638 1015 Eodem
693 963 943 1028 tempore
992 958 1493 1028 apprOpinquante
1554 957 1931 1028 solemnitate
1972 970 2081 1026 pa-

431 1029 637 1098 schali,
674 1026 885 1100 quain
933 1026 1191 1100 Christo
1216 1026 1438 1100 renasci
1475 1041 1672 1085 omnes
1713 1026 2076 1100 ex0ptabant,

432 1098 766 1157 convocavit
780 1100 1045 1156 Liberius
1063 1098 1234 1156 Urbis
1250 1099 1555 1169 episcopus
1576 1098 1877 1156 universos
1892 1099 2083 1155 catho-

431 1171 577 1228 licos
607 1172 1031 1229 ecclesiasticos
1068 1171 1301 1243 gradus,
1325 1171 1643 1241 sedensque
1674 1172 1733 1227 in
1756 1170 2080 1228 cmmeterio

433 1244 763 1313 supradicto
801 1244 887 1300 sic
914 1243 1070 1314 loqui
1104 1257 1273 1300 orsus
1297 1247 1417 1298 est:
1458 1245 1582 1297 Dies
1610 1244 2002 1309 tribulationis,
2032 1244 2083 1295 et

431 1318 719 1383 angustia,
767 1318 971 1382 fratres
1017 1315 1339 1380 charissimi,
1373 1318 1735 1370 emerserunt:
1781 1316 1841 1368 in
1886 1314 2084 1383 quibus

432 1389 591 1441 navis
626 1388 778 1441 Petri
803 1388 977 1441 uentis
1004 1385 1415 1453 insurgentibus
1438 1386 1784 1455 perturbata,
1820 1388 2085 1455 tanquam

435 1456 644 1513 Christo
661 1458 959 1513 dormiente
976 1459 1339 1524 naufragium
1353 1459 1701 1525 pertimescit,
1727 1462 1832 1513 etc.
1862 1458 2085 1514 Necesse

431 1528 618 1600 itaque
645 1535 725 1584 est
751 1534 814 1583 ut
832 1530 1120 1583 Dominum
1148 1529 1473 1583 clamoribus
1503 1531 1809 1597 excitemus,
1838 1532 1944 1585 etc.
1972 1529 2085 1595 Ego

432 1601 670 1668 interim,
703 1603 909 1669 fratres
943 1600 1219 1655 uobiscum
1256 1614 1369 1654 esse
1403 1615 1607 1670 nequeo
1641 1602 1939 1671 prasentia
1966 1614 2086 1653 cor-

428 1672 652 1742 porali;
684 1672 896 1728 habetis
925 1676 1107 1726 autem
1146 1672 1416 1726 uicarium
1444 1675 1695 1739 fratrem,
1753 1676 1804 1727 et
1845 1686 2084 1741 compre-

434 1744 709 1812 sbyterum
747 1747 1057 1810 Damasum,
1107 1744 1306 1809 uirum,
1357 1744 1545 1813 utique
1584 1744 1977 1813 ﬁdelissimum,
2037 1744 2087 1795 et

434 1818 643 1870 cunctis
660 1816 958 1870 uirtutibus
982 1815 1314 1869 adornatum
1337 1816 1495 1884 cujus
1510 1815 1864 1885 prudentiam
1883 1820 1933 1869 et
1952 1829 2087 1869 con—

436 1889 701 1943 stantiam
717 1888 853 1942 mihi
866 1887 1083 1958 publice
1103 1886 1421 1956 praedicatis
1439 1904 1457 1955 ;
1479 1902 1537 1941 eo
1554 1890 1765 1957 praevio
1780 1891 1905 1958 post
1920 1890 2087 1942 Deum

434 1960 495 2014 in
524 1961 733 2015 cunctis
773 1960 877 2013 uiis
913 1960 1109 2014 uestris
1146 1960 1402 2013 utamini.
1445 1961 1521 2013 De
1548 1959 1869 2028 baptismate
1908 1964 2089 2013 autem

438 2031 577 2101 quid
615 2032 688 2085 sit
711 2030 983 2099 agendum
1012 2029 1308 2097 decernite;
1345 2034 1396 2084 et
1430 2045 1535 2101 quo
1579 2031 1638 2084 in
1667 2031 1777 2085 loco
1803 2032 2089 2085 celebran-

437 2103 569 2157 dum
610 2108 689 2158 est
724 2102 1041 2172 prouidete;
1081 2103 1343 2172 quoniam
1370 2102 1650 2157 Paschalis
1679 2104 1851 2157 instat
1889 2103 2092 2158 solem—

438 2175 605 2239 nitas,
640 2175 700 2228 in
742 2189 853 2244 qua
887 2174 1051 2228 multi
1090 2173 1359 2243 baptizari
1400 2173 1726 2229 disiderant.
1776 2172 2092 2244 Respondit

436 2246 751 2317 Dionysius
784 2244 1093 2316 presbyter,
1127 2251 1184 2301 et
1221 2244 1337 2300 ait:
1384 2246 1593 2300 Prasul
1634 2251 1820 2300 sancte
1847 2251 1897 2301 et
1923 2248 2093 2299 inno-

441 2332 580 2384 cens,
638 2320 833 2387 conflce
877 2317 1113 2371 chrisma
1154 2317 1216 2371 in
1259 2318 1473 2388 nomine
1508 2318 1662 2371 illius
1692 2332 1848 2386 quem
1878 2317 2095 2388 publice

436 2388 728 2460 praedicas,
761 2393 811 2443 et
839 2388 1227 2443 celebrabimus
1257 2387 1604 2460 baptismum.
1636 2387 1951 2459 Respondit
1978 2389 2096 2444 Da—

443 2473 636 2518 masus
675 2460 932 2516 vicarius
972 2465 1030 2516 et
1074 2460 1278 2532 dixit;
1309 2460 1453 2515 Certi
1487 2475 1600 2516 esse
1619 2476 1929 2532 possumus,
1962 2461 2095 2531 quia

439 2548 549 2587 non
580 2533 851 2602 relinquet
878 2533 1140 2587 Dominus
1170 2531 1380 2602 plebem
1408 2547 1583 2599 suam,
1621 2531 1749 2587 cum
1786 2548 1897 2602 qua
1925 2546 2097 2602 usque

440 2603 516 2660 ad
534 2607 693 2674 ﬁnem
711 2603 907 2658 mundi
923 2618 1345 2672 permansurum
1374 2618 1429 2658 se
1457 2619 1570 2660 esse
1583 2606 1855 2673 promisit.
1884 2604 2097 2658 Exhibe

441 2675 598 2729 nobis
630 2675 707 2729 ad
730 2689 969 2742 praesens
996 2674 1267 2728 celebrare
1301 2675 1529 2729 Pascha.
1561 2676 1674 2743 Ego
1699 2677 1762 2729 in
1790 2676 2097 2730 humilitate

447 2747 672 2814 loquor:
697 2759 833 2798 onus
862 2746 1005 2798 enim
1035 2745 1183 2812 quod
1219 2758 1384 2813 super
1422 2749 1473 2799 te
1505 2745 1745 2813 bajulas,
1785 2761 1884 2800 nos
1924 2747 2098 2801 suble-

445 2831 576 2873 vare
603 2831 712 2870 non
728 2828 1033 2886 possumus,
1082 2817 1215 2883 quia
1238 2816 1462 2886 ignoras
1490 2816 1588 2869 ubi
1614 2818 1870 2886 baptizes.
1899 2818 2096 2873 Nonne

444 2890 681 2944 Joannes
726 2889 787 2941 in
825 2885 1033 2941 deserto
1066 2885 1416 2955 baptizabat?
1443 2887 1633 2942 Patres
1673 2885 1886 2956 quoque
1920 2890 2097 2943 nostri

444 2962 506 3015 in
522 2965 647 3030 typo
674 2959 932 3030 baptismi
945 2972 1045 3028 per
1066 2958 1306 3030 medium
1323 2972 1473 3012 mare
1493 2960 1867 3015 transierunt:
1897 2974 2026 3014 nam
2045 2964 2097 3014 et

446 3034 507 3087 in
532 3028 849 3100 ﬂuminibus
869 3033 919 3084 et
955 3033 1015 3083 in
1039 3028 1360 3099 paludibus,
1393 3033 1630 3085 maxime
1655 3031 1897 3095 instante
1924 3044 2097 3086 neces-

447 3105 626 3170 sitate,
693 3102 936 3156 conuenit
1008 3100 1301 3171 baptizare.

523 3173 661 3230 udio
682 3172 937 3246 suscepit
956 3171 1221 3228 Liberius
1236 3172 1560 3246 episcopus,
1581 3174 1662 3246 ita
1680 3181 1741 3230 ut
1761 3174 2097 3246 praegaudio

449 3187 661 3302 gaudio
682 3187 937 3241 suscepit
956 3187 1221 3228 Liberius
1236 3187 1560 3242 episcopus,
1583 3187 1662 3229 ita
1680 3187 1741 3230 ut
1761 3187 2097 3246 prae/gaudio

348 3270 353 3273 >
491 3250 633 3302 eret.
688 3244 945 3317 Audiens
971 3250 1173 3317 autem
1213 3257 1417 3317 peros
1442 3244 1591 3301 beati
1631 3246 1883 3317 Damasi,
1930 3258 2097 3317 quem

447 3317 728 3373 vicarium
758 3313 1196 3389 ipsedeligerat,
1215 3313 1486 3389 divinum
1511 3316 1845 3389 consilium,
1873 3313 2101 3374 Conver-

448 3403 550 3445 sus
578 3389 648 3445 ad
676 3400 804 3443 eum
832 3386 1023 3443 dixit:
1055 3388 1182 3443 Eris
1210 3386 1388 3455 major
1413 3388 1808 3456 ministrorum,
1833 3386 1974 3445 sicut
2006 3389 2101 3444 ille

487 3461 546 3515 ui
586 3459 912 3531 baptismum
951 3459 1210 3512 instituit.
1235 3459 1323 3531 _Et
1349 3457 1418 3514 ad
1460 3458 1676 3515 clerum
1706 3460 1779 3516 de
1830 3460 1932 3517 illo
1974 3461 2096 3516 ait:

487 3477 546 3515 ui
586 3477 912 3531 baptismum
951 3477 1210 3512 msmuu.
1254 3477 1323 3513 nt
1349 3477 1418 3514 au
1460 3477 1676 3515 clerum
1706 3477 1779 3516 ue
1830 3477 1932 3517 lllO
1974 3477 2096 3516 ait:

448 3477 557 3598 Ξ)πί
591 3536 671 3586 est
691 3534 869 3601 uester
907 3528 1309 3601 minorrmajor
1364 3533 1481 3599 fiat,
1529 3535 1581 3585 et
1623 3535 1722 3601 qui
1746 3546 1802 3587 se
1848 3533 2105 3586 humiliat

452 3603 807 3658 exaltabitur.
846 3600 985 3657 Cum
1027 3600 1177 3656 enim
1226 3606 1376 3657 esset
1433 3600 1688 3671 pontifex
1744 3604 2106 3673 prophetavlt

454 3675 606 3746 quod
652 3674 866 3746 beatus
887 3674 1166 3746 Damasus
1196 3673 1626 3746 praeminentia
1657 3674 2013 3731 humilitatis
2050 3679 2107 3730 et

454 3743 772 3818 vigilantia:
803 3745 871 3818 ad
901 3743 1127 3818 culmen
1159 3744 1331 3818 sedis
1348 3744 1683 3818 apostolicae
1724 3751 1873 3803 esset
1915 3759 2106 3818 quan-

454 3815 644 3888 do'que
677 3815 1134 3888 provehendus.»
1164 3816 1262 3888 llis
1301 3815 1480 3888 dictis
1513 3817 1847 3888 decernitur
1875 3815 2106 3888 in'pro-

456 3886 615 3960 simo
660 3887 984 3944 cmmeterio
1041 3886 1333 3960 Ostriano,
1388 3886 1493 3960 ubi
1540 3887 1746 3960 Petrus
1811 3886 2108 3960 apostolus

458 3959 862 4031 baptizaverat,
906 3970 1033 4014 esse
1076 3958 1600 4031 administrandum
1649 3958 1997 4031 baptismum
2049 3961 2109 4016 in

459 4031 731 4103 Paschate
752 4029 872 4103 jam
888 4034 1236 4103 appetente;
1268 4030 1646 4103 ubiqquatuor
1672 4029 1857 4089 millia
1891 4032 2113 4103 promi-

462 4102 610 4183 scui.
640 4114 815 4157 sexus
841 4099 1120 4157 dicuntur
1152 4099 1430 4158 salutaris
1458 4102 1668 4159 lavacri
1714 4099 1957 4176 gratiam
2007 4118 2115 4160 su-

459 4184 981 4325 fwggggibendum
1010 4240 1151 4325 duini
1174 4255 1305 4325 pum
1333 4242 1616 4325 Aring‘bio
1652 4245 1935 4318 integrum
1966 4245 2119 4325 hunc

466 4313 653 4370 locum
687 4316 974 4383 gestorum
1021 4311 1420 4386 sub_Liberlo,
1464 4311 1527 4369 u't
1554 4316 1723 4386 plura
1775 4311 2119 4386 éomproba-

465 4398 605 4451 rem,
638 4382 879 4455 quorum
917 4382 1193 4439 nonnulla
1236 4388 1290 4439 et
1335 4385 1457 4455 ipse
1499 4382 1813 4442 adnotavit.
1865 4382 2119 4444 Primum

466 4457 611 4513 illud
644 4454 924 4521 observat,
960 4454 1369 4527 coemeterium
1391 4455 1654 4527 Novella),
1686 4458 1755 4514 ad
1785 4459 2015 4515 tertium
2050 4458 2121 4515 ab

464 4528 614 4585 Urbe
651 4513 921 4601 lapildem'
947 4526 1038 4601 via
1086 4525 1305 4601 Salaria
1352 4513 1695 4601 occurrens,
1729 4513 1856 4586 esse
1881 4513 2119 4601 partem
2147 4513 2201 4574 ἶ)

465 4599 777 4657 coemeterii
802 4597 1097 4670 Priscillae,
1129 4598 1282 4670 quod
1325 4599 1573 4668 positum
1601 4597 1792 4656 eadem
1824 4597 1921 4657 via
1944 4602 2123 4659 distat

468 4672 591 4742 pari
612 4668 922 4743 intervallo
948 4668 1019 4724 ab
1044 4668 1546 4743 Urb‘islpommrio.
1578 4671 1834 4728 Alterum
1857 4678 1963 4743 est,
1998 4687 2124 4730 con-

466 4740 723 4799 euevisse
747 4741 1027 4796 Romanos
1053 4740 1357 4813 pontifices
1374 4749 1630 4813 tempore
1659 4740 2119 4813 persecutibnum

466 4826 589 4871 sese
620 4814 872 4882 recipere
891 4825 1017 4868 cum
1050 4810 1572 4885 plebeqﬂdelium‘in
1603 4810 1830 4885 cryptas
1855 4822 2123 4873 cmmete-

469 4828 589 4871 sese
620 4828 872 4882 recipere
891 4828 1017 4868 cum
1049 4828 1207 4938 E1808
1232 4828 1484 4869 noenum
1514 4828 1572 4870 in
1603 4828 1830 4885 cryptas
1855 4828 2123 4873 cmmete-

469 4886 697 4955 riorumﬁ
718 4884 787 4939 ad
820 4896 981 4955 sacra
1011 4897 1043 4939 o
1085 4883 1292 4955 eunda,
1333 4886 1643 4953 prmsertim
1675 4900 1806 4942 vero
1832 4888 1900 4943 ad
1925 4900 2123 4943 sacra-

470 4960 657 5031 menta
687 4954 1046 5031 baptismiet
1070 4954 1439 5031 eucharistia:
1463 4956 1862 5031 compluribus
1891 4972 2124 5031 erogan-

469 5030 562 5086 da.
594 5026 848 5083 Tertium
875 5026 1085 5097 addam
1103 5026 1174 5082 de
1206 5026 1429 5082 Vicario
1454 5027 1622 5097 juxta
1647 5026 2121 5086 consuetudinem

469 5113 503 5156 a
532 5098 806 5155 Romanis
835 5095 1204 5168 pontiﬁcibus
1246 5095 1467 5166 electo,‘
1487 5099 1623 5155 dum
1660 5101 2033 5168 praeviderent
2064 5102 2122 5156 in

469 5171 653 5227 sacris
682 5167 1392 5240 prasertimPaschalibus
1412 5183 1534 5225 sese
1561 5167 1866 5240 praesentes
1888 5173 2127 5229 minime

470 5238 801 5299 reddituros
844 5239 1017 5295 οωῑυὶ
1052 5238 1328 5307 ﬁdelium,
1373 5241 1459 5296 vel
1494 5238 1862 5298 in‘exsilium
1900 5250 2058 5300 actos
2092 5257 2125 5301 a

474 5310 958 5384 persecutoribus,
978 5309 1104 5384 vela
1116 5310 1192 5384 lia
1212 5312 1546 5384 necessitate
1562 5320 1787 5369 coactos
1803 5314 2122 5371 abscedere.

469 5381 743 5455 Quartum
766 5381 1016 5453 denique
1041 5381 1184 5437 illud
1207 5383 1313 5455 sit,
1338 5388 1402 5438 ut
1430 5398 1559 5439 cum
1589 5384 1816 5440 latebrae
1843 5385 1901 5441 in
1933 5399 2127 5454 perse—

470 5454 827 5518 cutionibus,
848 5459 1035 5510 essent
1055 5454 1390 5525 quaerendae,
1410 5462 1525 5511 tum
1540 5455 1606 5510 ad
1627 5456 1895 5525 concilia,
1917 5463 2035 5512 tum
2053 5459 2121 5513 ad

470 5539 710 5596 synaxes
752 5532 917 5581 caute
953 5525 1342 5593 celebrandas,
1391 5526 1692 5597 quaesitum
1724 5526 1907 5584 fuisse
1937 5528 2124 5584 locum

468 5598 773 5653 conventui
817 5602 1012 5666 aptum
1038 5597 1236 5669 spatii
1283 5599 1613 5654 extensione
1641 5603 1698 5655 et
1737 5605 2121 5669 Opportunum

471 5670 817 5740 praesumpta
860 5667 1192 5740 securitate.
1242 5668 1395 5740 Hanc
1425 5683 1569 5740 vero
1612 5683 1718 5726 cur
1753 5667 2125 5728 Marcellinus

468 5738 843 5820 praesumeret
857 5738 914 5792 in
937 5739 1215 5820 Priscilla;
1232 5739 1325 5820 v_ia
1345 5739 1566 5820 Salgria
1589 5741 1668 5820 ita
1688 5743 2011 5820 considero.

536 5812 682 5871 Ante
718 5806 1100 5880 Zephyrinum
1130 5809 1392 5870 solebant
1430 5813 1670 5872 Romani
1710 5814 2013 5886 pontiﬁces
2058 5818 2121 5873 ut

1374 3101 1536 3157 Hunc
1593 3094 1908 3158 sermonem
1963 3114 2094 3159 cum
2128 3094 2178 3159 Ο
2208 3101 2324 3155 loca
2371 3097 2479 3156 342
2522 3094 2794 3169 martyres
2847 3094 3018 3156 manu
3062 3094 3167 3155 sua
3227 3116 3255 3155 s

2182 456 2344 529 cano,
2374 456 2575 529 ibique
2593 457 2825 514 recondi
2857 471 2987 514 cum
3008 458 3124 514 vita
3151 458 3432 529 perfuncti
3462 463 3662 516 essent
3686 459 3842 529 apud

2182 528 2220 601 S_
2281 529 2526 601 Petrum.
2554 528 2758 601 Statim
2792 541 2925 585 vero
2952 542 3018 585 ac
3052 528 3165 601 loci
3187 529 3491 587 celebritas
3524 530 3708 601 paulo
3740 528 3849 586 evi-

2184 599 2414 656 dentlor
2441 599 2694 655 ethnicis
2718 598 2866 656 facta
2907 606 2993 657 est
3021 600 3132 657 sub
3160 602 3470 657 Antoninis
3500 598 3714 658 contra
3750 615 3847 657 nos

2188 670 2755 757 tnuilti‘uoshagentibus,
2788 672 2967 757 evasit
3006 673 3141 757 jam.
3168 672 3626 757 nimis_vplgata
3670 679 3847 757 atque

2186 743 2444 815 exposita
2478 743 2537 797 in
2572 743 2835 815 proxima
2861 743 3258 814 persecutione
3286 744 3393 799 sub
3416 743 3629 801 Severo
3675 743 3850 815 prin-

2186 812 2333 883 cipe.
2381 812 2568 885 Quare
2612 812 2967 885 Zephyrinus
3009 820 3064 872 et
3092 815 3368 871 Callistus
3403 816 3473 872 ad
3512 812 3691 872 viam'
3725 818 3852 885 Ap—

2191 884 2364 958 piam,
2441 884 2778 958 triumphali
2847 884 2965 942 fere
3020 900 3090 943 ex
3167 887 3449 944 diametro
3514 884 3847 958 oppositam

2188 956 2268 1027 (in
2315 969 2429 1030 qua
2456 954 2791 1030 vaticanum
2820 959 3203 1030 eameterium
3236 958 3510 1030 occurrit)
3540 954 3691 1015 nova
3730 971 3849 1014 cre-

2190 1027 2425 1100 meleria
2471 1027 2646 1084 simul
2698 1035 2755 1084 et
2800 1028 3049 1086 concilia
3093 1035 3407 1100 martyrum
3449 1027 3849 1100 aperuerunt:

2191 1097 2292 1172 ubi
2351 1105 2878 1172 synaxesdegerunt
2922 1107 2978 1156 et
3024 1097 3309 1171 baptisma
3356 1097 3613 1157 subinde
3655 1102 3848 1156 admi-

2192 1169 2520 1243 nistrarunt
2585 1169 2868 1240 Urbanus,
2932 1169 3269 1243 Pontianus,
3325 1172 3654 1243 Cornelius,
3722 1173 3849 1227 Ste—

2193 1241 2439 1312 phanus.
2496 1242 2764 1314 Legimus
2809 1243 2979 1299 etiam
3029 1257 3203 1313 supra
3251 1241 3411 1301 num.
3449 1242 3524 1300 22
3572 1258 3683 1314 per
3738 1244 3849 1299 haec

2192 1318 2447 1385 tempora
2493 1315 2551 1385 in
2584 1314 2691 1370 hoc
2718 1315 3105 1371 cmmeterium
3136 1315 3352 1385 perlata
3382 1314 3569 1372 fuisse
3606 1328 3847 1384 corpora

2192 1383 2282 1440 SS.
2317 1384 2706 1458 apostolorum
2736 1387 2884 1441 Petri
2927 1393 2982 1443 et
3015 1383 3215 1442 Pauli:
3251 1388 3402 1458 quod
3434 1383 3851 1456 interpretatus

2192 1468 2322 1511 sum
2356 1455 2575 1512 idcirco
2626 1457 2966 1526 praestitum,
3018 1461 3083 1513 ut
3128 1458 3198 1513 de
3247 1455 3402 1515 more
3446 1455 3852 1515 ordinationes

2195 1526 2561 1600 haberentur:
2575 1527 2672 1600 ubi
2724 1542 2934 1599 corpus
2959 1528 3359 1585 asservabatur
3385 1530 3683 1600 Principis
3713 1543 3851 1598 apo—

2195 1597 2496 1654 stolorum.
2524 1598 2811 1656 Fabianus
2830 1597 3038 1657 'autem
3069 1614 3197 1656 cum
3236 1602 3437 1656 multas
3459 1597 3720 1668 fabricas
3755 1597 3851 1671 per

2194 1673 2491 1742 cmmeteria
2525 1672 2644 1740 ﬁeri
2685 1678 2942 1739 curasset,
2989 1676 3054 1729 ut
3083 1672 3141 1727 in
3173 1678 3299 1742 ejus
3328 1685 3575 1729 numero
3612 1671 3853 1727 amrmat

2112 1756 2161 1818 Β
2195 1740 2700 1818 Bibliothecarius,
2718 1743 3081 1818 cata_c_umbas
3096 1747 3153 1818 et
3170 1740 3420 1818 concilia
3443 1748 3767 1818 martyrum
3795 1743 3848 1798 iu

2194 1815 2518 1870 coemeterio
2540 1814 2767 1870 Callisti
2801 1814 3028 1872 videtur
3053 1814 3295 1871 nimium
3329 1821 3462 1871 nota
3486 1815 3841 1871 reddidisse.

2196 1883 2558 1957 Percrebruit
2584 1885 2791 1957 itasub
2811 1886 3076 1943 Cornelio
3101 1900 3166 1942 ac
3195 1886 3482 1956 Stephano
3506 1888 3643 1956 ejus
3674 1885 3850 1957 proxi-

2198 1955 2311 2012 mis
2338 1956 2775 2013 successoribus
2814 1957 3023 2014 notitia
3047 1955 3359 2014 cmmeterii
3384 1955 3622 2014 CalliSti
3654 1955 3724 2013 ad
3756 1970 3847 2012 ca-

2199 2027 2522 2100 tacumbas,
2542 2033 2621 2100 ut
2652 2028 2976 2099 Stephanus
3020 2028 3144 2099 ipse
3175 2028 3431 2100 pontifex
3461 2028 3851 2099 deprehensus

2200 2100 2280 2155 sit
2307 2112 2340 2154 a
2365 2098 2719 2171 satellitibus
2754 2098 3195 2170 ’persecutorum
3226 2101 3506 2157 solemnia
3540 2098 3852 2171 mysterio-

2202 2185 2325 2243 rum
2354 2170 2566 2227 ibidem
2597 2184 2889 2243 peragens,
2915 2172 3087 2242 eique
3104 2170 3658 2243 caputamputatum
3687 2170 3853 2228 fuerit

2203 2242 2264 2300 in
2296 2256 2399 2314 sua
2430 2243 2561 2314 sede
2588 2242 2793 2299 iisdem
2826 2244 2885 2299 in
2912 2243 3130 2314 cryptis
3161 2242 3497 2300 constituta.
3527 2244 3706 2314 Nova:
3746 2244 3855 2312 igi—

2205 2321 2302 2371 tur
2332 2313 2581 2387 latebrae,
2614 2327 2681 2370 ac
2711 2315 2928 2387 tutiora
2964 2313 3224 2387 perfugia
3270 2315 3579 2387 quaerenda
3627 2313 3853 2387 fuerunt

2204 2385 2476 2456 Stephani
2504 2386 2936 2442 successoribus
2961 2385 3069 2442 sub
3100 2387 3271 2443 Decio
3289 2385 3347 2443 et
3364 2386 3698 2443 Valeriano.
3723 2386 3854 2441 Tum

2204 2470 2338 2514 vero
2365 2458 2549 2529 Tusco
2586 2462 2644 2513 et
2672 2458 2844 2529 Basso
2880 2457 3221 2514 consulibus
3272 2457 3380 2514 hoc
3396 2464 3494 2529 est
3550 2459 3686 2529 ipso
3702 2468 3857 2529 anno

2207 2528 2469 2600 martyrii
2508 2542 2541 2585 a
2564 2528 2851 2599 Stephano
2883 2529 2942 2585 in
2990 2529 3343 2585 catacumbis
3382 2527 3617 2586 fortiter
3637 2527 3856 2585 tolerati

2207 2600 2456 2673 legimus
2485 2613 2723 2671 corpora
2748 2600 2848 2673 SS.7
2876 2600 3267 2673 apostolorum
3322 2601 3500 2657 relata
3525 2600 3601 2673 ad
3654 2600 3860 2673 pristi-

2209 2670 2311 2729 na‘s
2335 2671 2517 2743 sedes,
2545 2672 2696 2727 Petri
2752 2672 2983 2743 quidem
3017 2673 3076 2728 in
3123 2672 3484 2740 Vaticanum,
3527 2670 3699 2727 Pauli
3737 2684 3859 2727 vero

2204 2744 2275 2815 ad
2294 2743 2441 2815 viam
2473 2741 2813 2799 Ostiensem.
2839 2743 3222 2815 Aliaquoque
3237 2743 3563 2800 caemeteria
3593 2743 3861 2813 adaperta

2205 2814 2277 2871 ab
2307 2814 2400 2870 his
2428 2815 2753 2870 remotiora.
2788 2817 2926 2870 Nam
2970 2814 3183 2886 legitur
3210 2814 3470 2885 sepultus
3519 2816 3860 2870 Laurentius

2207 2886 2286 2958 i_m
2315 2887 2640 2958 cat-meterio
2663 2885 2916 2958 Cyriacaa
2943 2887 3000 2941 in
3031 2885 3182 2958 fagro
3230 2888 3448 2958 Yerano
3466 2886 3663 2958 (supra
3692 2900 3853 2958 num.

2203 2955 2313 3029 2.5).
2355 2956 2513 3012 Felix
2544 2957 2646 3029 via
2675 2955 3223 3029 Aureliamilliario
3245 2956 3300 3025 2,
3344 2957 3442 3013 ubi
3474 2955 3531 3013 et
3553 2955 3858 3013 basilicam

2205 3027 2686 3100 fecissetraditur
2707 3028 2890 3100 (num.
2919 3027 3008 3099 28)
3028 3029 3357 3100 temporibus
3376 3031 3492 3083 suis
3509 3045 3616 3098 per
3649 3028 3860 3082 diuersa

3255 3101 3475 3170 epeliuit
3499 3118 3513 3155 :
3583 3100 3689 3156 ubi
3754 3112 3858 3154 non

2207 3171 2463 3228 abundat
2498 3176 2865 3228 connotatum
2919 3171 3063 3228 illud
3109 3187 3209 3241 per
3246 3171 3465 3226 diuersa
3507 3172 3648 3242 loca,
3705 3185 3862 3241 quie-

2209 3242 2471 3303 rentibus
2493 3242 2723 3315 scilicet
2749 3242 2977 3315 diversa
2999 3243 3321 3315 cmmeteria
3341 3255 3408 3297 ac
3436 3241 3704 3315 perfugia
3735 3255 3859 3298 sau-

2209 3315 2321 3371 ctis
2346 3313 2719 3385 pontiﬁcibus
2751 3314 2809 3370 in
2836 3316 3170 3370 continuata
3202 3314 3302 3369 illa
3327 3314 3479 3369 serie
3510 3313 3854 3385 per'secutioe

2212 3400 2370 3455 num,
2417 3399 2542 3456 quae
2590 3386 2767 3442 nimis
2812 3387 3106 3456 expositos
3149 3384 3758 3455 reperissent’iidelss,
3815 3384 3860 3439 si

2210 3455 2852 3514 notiora’tantummodo
2883 3455 3357 3527 frequentassent.
3382 3458 3732 3513 Decumanis
3757 3461 3865 3511 tan-

2210 3530 2338 3587 dem
2383 3527 2661 3585 lluctibus
2708 3528 2969 3598 procellae
2997 3542 3029 3582 a
3068 3527 3424 3584 Diocletiano
3451 3529 3718 3584 excitatae
3763 3529 3865 3583 Ec-

2213 3600 2448 3657 clesiam
2498 3599 2904 3656 invadentibus
2945 3613 3150 3655 novum
3186 3606 3411 3669 portum
3454 3611 3524 3655 ac
3566 3601 3865 3655 stationem

2214 3685 2280 3728 ex
2308 3670 2487 3743 veteri
2514 3670 2840 3743 designare
2871 3677 3258 3743 opportunum
3299 3669 3412 3743 fuit
3444 3670 3503 3725 in
3550 3670 3867 3743 eameterio

2217 3742 2498 3800 Priscillae
2520 3742 2612 3798 via
2641 3741 2901 3809 Salaria;
2934 3743 3083 3813 quod
3104 3741 3281 3814 longe
3307 3742 3586 3814 dissitum
3614 3742 3690 3797 ab
3717 3749 3871 3814 utro-

2259 3828 2329 3871 ue
2385 3815 2597 3870 notiori
2643 3813 2936 3885 (Vaticano
2983 3813 3342 3885 scilicet’via
3386 3813 3779 3885 Triumphali,
3822 3817 3869 3866 et

2261 3885 2440 3941 allisti
2473 3899 2540 3941 ac
2571 3883 2852 3956 prOximis
2881 3886 2974 3940 via
3002 3884 3203 3956 Appia)
3223 3896 3255 3940 a
3286 3883 3625 3956 Marcellino
3654 3893 3713 3940 et
3740 3886 3872 3940 Mar-

2221 3957 2366 4015 cello
2385 3956 2746 4028 deligebatur
2764 3955 2833 4012 ad
2850 3963 3172 4028 conventus
3188 3955 3449 4028 ﬁdelium
3467 3956 3746 4012 securius
3766 3968 3873 4025 per-

2223 4028 2493 4101 agendos,
2516 4026 2598 4101 'et
2642 4027 3102 4101 administranda
3140 4026 3461 4101 Paschalis,
3482 4035 3867 4101 sacramenta:

2212 4097 2503 4158 suadente
2527 4099 2696 4154 etiam
2720 4098 2932 4153 vicinia
2949 4103 3276 4168 cryptarum
3300 4097 3557 4153 Ostriani
3586 4111 3703 4153 non
3726 4100 3875 4169 longe

2228 4186 2263 4229 a
2292 4171 2439 4241 ripis
2459 4170 2764 4240 utriusque
2783 4169 2946 4225 ﬂuvii
2974 4170 3212 4241 Anienis
3227 4183 3292 4225 ac
3315 4169 3602 4239 Tiberini,
3626 4169 3733 4226 ubi
3765 4181 3875 4224 me—

2231 4240 2516 4300 minerant
2554 4242 2781 4297 Petrum
2818 4240 3132 4311 aliquando
3160 4241 3499 4311 baptizasse.
3532 4248 3595 4296 ut
3630 4256 3748 4310 pra:
3770 4253 3879 4296 e2—

2231 4314 2371 4371 teris
2400 4320 2722 4384 opportuna
2763 4313 3025 4380 praesenti
3041 4311 3324 4384 Ecclesiae
3353 4312 3534 4367 statui
3575 4313 3747 4384 sedes
3788 4311 3879 4367 illa

2226 4382 2589 4456 judicaretur
2622 4400 2634 4436 :
2666 4389 2937 4456 quietota
2962 4382 3132 4439 Urbis
3160 4384 3442 4456 diametro
3465 4389 3523 4437 et
3548 4382 3878 4456 suburbio—

2234 4453 2360 4513 rum
2400 4468 2434 4511 a
2460 4457 2691 4527 cryptis
2715 4454 2940 4527 Callisti
2963 4453 3405 4527 _removebatur,
3436 4454 3687 4527 parique
3712 4453 3879 4527 ferme

2236 4523 2607 4585 intervallo'e't
2625 4526 2787 4582 ﬂuvii
2806 4531 2862 4581 et
2883 4524 3053 4580 Urbis
3077 4525 3473 4594 interjectione
3495 4523 3879 4581 dir’imebatnr

2220 4614 2264 4657 -a
2290 4599 2601 4665 Vaticanis,
2633 4605 2689 4653 et
2716 4596 2869 4652 Petri
2890 4596 3133 4665 vestigia
3157 4596 3545 4652 nihilominus
3578 4597 3875 4651 retinebat.

2300 4671 2429 4726 Haec
2459 4669 2644 4741 igitur
2683 4680 2855 4724 causa
2886 4667 3453 4741 impulisseqvidetur
3482 4668 3873 4741 Marcellino;

2231 4748 2288 4798 et
2328 4738 2677 4803 Marcellum,
2725 4745 2789 4794 ut
2831 4738 3160 4808 praeferrent
3206 4738 3523 4795 indicatum
3572 4738 3766 4794 locum
3795 4739 3875 4792 via

2229 4813 2469 4877 Salaria,
2501 4821 2558 4867 et
2580 4816 2842 4868 auctores
2867 4809 3070 4867 tierent
3088 4809 3362 4865 Priscilla:
3390 4810 3601 4878 tertiae,
3633 4811 3763 4865 sive
3785 4810 3877 4864 Na

2230 4884 2410 4954 vellat,
2432 4882 2501 4939 ad
2526 4882 2766 4939 fundum
2794 4896 2985 4954 suum,
3015 4881 3346 4954 vetustioris
3364 4881 3652 4954 Priscilla:
3673 4893 3868 4954 cmme-

2233 4951 2776 5024 terio'proximum,
2816 4952 3086 5009 Ecclesia:
3133 4951 3496 5024 offerendum
3520 4953 3602 5024 ad,
3643 4952 3875 5007 tutiores

2231 5023 2551 5085 conventus
2586 5024 3075 5087 Christianorum,
3120 5024 3434 5094 praesertim
3487 5023 3548 5094 in
3590 5023 3871 5087 Paschate,

2234 5098 2334 5157 ubi
2375 5097 2521 5168 lapsi
2564 5096 2633 5152 ad
2681 5096 3100 5166 paenitentiam,
3125 5092 3399 5165 neopbyti
3433 5094 3505 5150 ad
3535 5092 3871 5165 baptismum

2233 5176 2393 5227 erant
2412 5168 2775 5225 admittendi.

2307 5241 2478 5296 Linea
2503 5236 2556 5309 4,
2606 5237 2659 5295 5.
2678 5269 2747 5278 -
2772 5240 2841 5293 Et
2869 5240 3002 5305 fecit
3025 5242 3225 5292 cremet.
3253 5237 3342 5291 uia
3378 5235 3608 5309 Salui-ia
3639 5242 3691 5291 et
3718 5233 3790 5291 25
3810 5236 3872 5289 ti.

2236 5313 2377 5367 tulos
2419 5313 2480 5364 in
2533 5307 2667 5365 urbe
2718 5312 2884 5366 Roma
2937 5311 3218 5364 constituit
3262 5309 3424 5378 quasi
3469 5307 3724 5363 diceeeses
3761 5322 3875 5378 pro-

2230 5389 2354 5454 pter
2408 5382 2734 5450 baptismum
2775 5387 2826 5436 et
2864 5382 3239 5454 paenitentiam
3268 5380 3564 5454 multorum
3612 5382 3715 5448 qui
3746 5394 3870 5433 eoa-

2233 5450 2584 5510 uertebantur
2626 5469 2694 5507 ea:
2714 5453 2972 5521 paganis,
3032 5457 3081 5506 et
3122 5455 3348 5521 propter
3388 5450 3703 5519 sepulturas
3730 5465 3873 5504 mut-

2235 5530 2438 5595 tyrum.
2467 5526 2544 5580 Ex
2570 5523 2637 5578 ad
2649 5526 2857 5595 notatis
2883 5536 3065 5592 nuper
3088 5523 3244 5578 circa
3268 5522 3740 5595 designationem
3762 5533 3876 5595 cc»

2236 5592 2456 5652 meterii
2520 5594 2797 5650 Priscillae
2856 5596 3001 5649 satis
3065 5594 3382 5663 percipitur
3427 5592 3568 5663 quid
3625 5594 3874 5648 sentien-

2232 5669 2369 5724 dum
2400 5667 2479 5723 sit
2507 5666 2578 5723 de
2607 5667 2875 5722 restituto
2905 5662 3144 5721 numero
3183 5662 3255 5722 25
3293 5662 3597 5722 titulOrum
3646 5664 3705 5718 in
3749 5666 3880 5720 urbe

2231 5740 2408 5797 Roma
2456 5751 2562 5809 per
2597 5736 2950 5809 Marcellum,
2994 5742 3051 5792 et
3078 5736 3149 5792 de
3187 5736 3608 5809 constitutione
3649 5748 3882 5809 comm—

2229 5812 2358 5869 dem
2407 5805 2478 5869 ad
2532 5805 2838 5882 imaginem
2888 5808 3253 5879 Ditecesum;
3311 5806 3463 5879 quod
3524 5805 3883 5865 luculentius
