4072 6176
263 244 410 304 “93

1065 241 1384 301 HISTORIA
1425 245 1518 303 DE
1553 244 1730 302 VITIS
1765 245 1937 305 ROM.
1976 245 2180 306 PONT.
2215 277 2292 293 -—
2325 249 2383 308 ε.
2423 247 2850 306 MARCELLUS.

3519 244 3663 308 μοι

259 368 586 443 e_xplicasse
600 365 944 443 videmur-in
975 365 1132 443 notis
1151 364 1220 422 ad
1244 366 1602 443 Dionysium,
1634 381 1790 443 nu_m.
1814 365 1904 439 26,
1934 370 1994 433 Α
2023 381 2134 427 nus
2173 371 2302 428 sisti
2325 373 2522 443 jussit,
2560 373 2626 443 ut
2667 384 2763 427 eas
2807 373 3052 443 curaret,
3094 368 3294 443 paleas
3327 368 3653 443 sternendo,

256 437 428 510 zEgre
461 438 670 510 tulerat
718 437 1162 510 Deciuszoma
1215 437 1492 510 constitui
1524 437 1904 510 Sacerdotem;

254 508 426 580 ngre
482 508 697 564 ferebat
740 510 898 564 Decii
933 509 1090 564 ﬁlius
1135 516 1190 564 et
1218 509 1560 565 Valerianus
1588 509 1660 565 de
1697 523 1907 568 corona

254 582 488 638 Domini
512 581 689 650 recipi
713 580 936 637 litteras
959 580 1029 635 ab
1046 581 1353 651 episcopis.
1385 580 1572 650 Quare
1600 581 1660 636 in
1686 581 1904 638 clerum

258 660 532 723 tanquam
568 651 779 723 regalis
814 652 1030 723 Christi
1085 651 1394 707 sacerdotii
1442 659 1755 722 compotem
1793 668 1902 709 sa-

254 722 419 780 viora
461 722 792 794 dirigebant
843 722 1028 778 edicta
1060 727 1179 794 tum
1229 723 1339 792 ipsi
1375 730 1492 779 tum
1544 738 1902 781 successores

252 795 504 866 Augusti
535 793 716 864 uSque
735 794 805 849 ad
830 793 1271 866 Diocletianum.
1298 795 1492 864 Neque
1521 800 1706 851 tamen
1731 796 1901 852 desti-

254 865 455 922 terunt
505 866 722 921 idcirco
755 865 1053 937 pontiﬁces
1101 866 1337 921 Romani
1374 866 1647 935 intrepidi
1682 867 1894 937 sedere,

256 937 586 993 imitatione
613 936 863 992 Cornelii
894 949 960 991 ac
983 935 1277 1006 Stephani,
1311 942 1366 992 et
1397 951 1661 1008 reparare
1691 935 1898 995 nume;

253 1023 383 1081 rum
415 1008 740 1081 titulorum,
760 1014 931 1081 atque
951 1009 1217 1081 ordinare
1241 1009 1544 1081 imaginem
1573 1009 1779 1081 regalis
1797 1023 1896 1066 sa-

245 1080 531 1154 cerdotii,
555 1079 704 1150 quod
738 1077 1007 1149 gerebant
1033 1080 1090 1134 in
1113 1079 1244 1135 sede
1268 1077 1440 1135 Petri.
1466 1077 1748 1137 Romanos
1775 1082 1896 1154 igi-y

249 1157 353 1206 tur
402 1150 603 1206 titulos
647 1155 974 1223 constanter
1012 1157 1369 1223 repararunt,
1403 1157 1458 1207 et
1485 1150 1892 1223 exegerunt'ad

249 1235 531 1277 summam
576 1223 853 1287 integram
886 1235 916 1276 a
962 1222 1124 1277 Petro
1172 1220 1474 1279 fundatore
1519 1220 1891 1279 constitutam

248 1294 468 1365 vicium
488 1293 816 1365 huiusmodi
841 1293 1281 1365 sacerdotalium
1301 1292 1393 1364 25,
1419 1296 1644 1365 quidem
1670 1295 1897 1350 univer-

248 1364 478 1420 sitatem
521 1364 829 1436 sacerdotii
861 1363 1178 1436 Christiani
1222 1366 1279 1420 in
1329 1363 1595 1436 hoctypo
1625 1372 1680 1421 et
1704 1367 1892 1436 capite

251 1436 562 1508 militantis
588 1435 853 1491 Ecclesia
883 1435 1298 1507 signiﬁcarent.
1331 1435 1568 1508 Utrique
1594 1435 1892 1508 pracepto

245 1507 589 1580 Evangelico
610 1520 677 1580 ex
700 1520 863 1577 aquo
891 1513 1240 1580 paruerunt:
1274 1507 1562 1580 quaerendi
1591 1507 1890 1580 humiliter

251 1578 498 1652 latebras
525 1579 771 1634 tutiores
800 1579 1107 1652 commisso
1138 1579 1250 1634 sibi
1283 1578 1463 1651 gregi,
1499 1593 1567 1652 ne
1590 1579 1755 1649 lupos
1781 1593 1888 1652 ag-

245 1651 431 1720 gredi,
461 1657 515 1706 et
547 1663 851 1719 provocare
871 1650 1110 1706 audacia
1143 1664 1247 1706 sua
1293 1650 1459 1721 quasi
1496 1651 1744 1706 humana
1787 1650 1888 1720 spe

247 1721 380 1776 freti
421 1721 826 1790 culparentur:
881 1722 1189 1791 eodemque
1221 1729 1471 1792 tempore
1498 1722 1796 1778 muniendi
1829 1729 1885 1778 et

245 1792 616 1848 conservandi
681 1807 790 1849 non
841 1793 1006 1864 modo
1065 1791 1425 1848 Dominicum
1487 1807 1730 1864 gregem,
1783 1791 1878 1848 sed

244 1865 418 1919 etiam
461 1864 656 1919 caulas
684 1871 740 1919 et
767 1863 915 1918 ovile
935 1865 1004 1918 ad
1036 1877 1162 1918 eum
1187 1863 1609 1920 continendum
1629 1872 1684 1919 et
1713 1865 1882 1920 ordi—

247 1935 498 1990 nandum
528 1936 639 1990 sibi
670 1935 1062 1991 concreditum
1094 1936 1324 2006 quando
1347 1950 1376 1990 a
1402 1936 1559 2004 lupis
1591 1933 1883 1991 infestare—

245 2012 465 2078 tur,gne
486 2015 866 2078 arguerentur
893 2019 924 2078 a
950 2013 1244 2075 pastorum
1271 2007 1532 2076 Priucipe
1561 2007 1724 2077 quasi
1756 2014 1883 2062 sta-

242 2077 426 2132 tionis
481 2077 816 2133 deSertores.
866 2077 976 2132 Hac
1012 2089 1142 2133 vero
1189 2078 1510 2133 constantia
1541 2078 1879 2134 sacerdotali

240 2149 546 2204 Marcellus
577 2150 829 2219 perstitit
871 2154 1069 2204 contra
1112 2151 1481 2215 Maxentium,
1531 2149 1665 2204 dum
1707 2163 1881 2206 novos

241 2233 504 2291 recessus
571 2221 816 2277 tutiores
853 2219 1150 2290 conquirit
1220 2221 1278 2275 in
1330 2221 1546 2291 crytpis
1602 2221 1881 2277 Priscilla

239 2290 516 2362 adversus
547 2298 952 2362 persecutores.
991 2291 1194 2362 implet
1223 2290 1550 2347 constanter
1577 2305 1876 2349 numerum

241 2361 567 2428 titulorum,
591 2365 727 2420 dum
759 2361 1192 2418 cautedeclinat
1223 2363 1618 2432 publicitatem
1641 2377 1877 2420 conven-

239 2439 424 2488 tuum.
456 2434 716 2503 Explicat
749 2435 900 2489 inter
930 2432 1126 2488 ﬁdeles
1155 2434 1423 2490 Ecclesia
1468 2434 1872 2504 hierarchiam,

235 2504 377 2560 dum
401 2506 622 2560 eosdem
655 2506 903 2574 protegit
925 2505 1148 2574 objectu
1183 2505 1411 2561 latebra
1435 2505 1506 2561 ab
1538 2509 1622 2562 ira
1651 2513 1707 2562 et
1739 2507 1876 2562 insi-

236 2576 360 2631 diis
415 2576 754 2632 delatorum.
807 2576 1120 2646 Utriusque
1167 2577 1400 2633 virtutis
1450 2577 1744 2647 pramium
1777 2578 1875 2634 Dei

235 2647 424 2718 gratia
449 2649 842 2719 consequitur.
877 2668 903 2699 α
935 2650 1268 2704 Coarctatus
1283 2650 1440 2704 enim
1466 2654 1551 2704 est
1578 2647 1743 2717 (utin
1770 2649 1876 2705 hoc

237 2731 477 2790 numero
516 2720 888 2790 prosequitur
926 2719 1425 2790 Bibliothecarius)
1471 2726 1527 2775 et
1567 2727 1776 2786 tentus,
1809 2733 1874 2776 eo

235 2789 388 2858 quod
424 2789 729 2847 Ecclesiam
756 2793 1067 2859 ordinaret,
1095 2789 1543 2862 comprehensus
1563 2805 1596 2846 a
1640 2794 1874 2848 Maxen-

235 2867 340 2933 tio,
375 2869 445 2917 ut
475 2870 705 2933 negaret
754 2878 814 2919 se
839 2877 961 2919 esse
996 2864 1347 2932 episcopum,
1397 2873 1451 2919 et
1479 2864 1783 2920 sacriﬁciis
1814 2878 1873 2920 se

236 2931 1076 3008 humiliaretdaemoniorum.»
1105 2935 1571 3008 Perfunctusjam
1591 2938 1734 2992 satis
1757 2938 1872 2993 hu~

234 3004 362 3078 mili
390 3009 611 3065 cautela
645 3023 753 3063 non
785 3007 1126 3078 provocandi
1159 3004 1566 3077 persecutores,
1594 3019 1871 3065 constan—

2019 455 2134 511 quo
2164 441 2523 499 commodius
2560 442 2757 498 bestia
2784 441 3162 512 quiescerent,
3195 446 3258 498 ut
3284 441 3452 498 habet
3475 454 3657 499 exem-

2017 512 2143 582 plar
2166 515 2492 585 antiquum,
2516 527 2628 570 non
2647 513 2894 583 plancas.

2085 585 2256 641 Linea
2304 584 2394 642 23.
2420 616 2489 626 -
2528 587 2738 639 Lucina
2791 598 2913 638 vero
2945 584 3339 652 proscriptione
3385 584 3650 638 damnata

2011 660 2110 709 est.
2138 656 2295 726 Quod
2331 659 2483 714 enim
2525 657 2796 712 donasset
2825 654 2970 726 bona
3003 667 3128 726 sua‘
3155 653 3441 726 Ecclesia,
3483 654 3650 726 vide-

2013 727 2108 781 tur
2158 723 2440 798 ejusmodi
2489 728 2560 784 de
2593 725 3014 798 proscriptione
3041 723 3640 798 subiissejudicjum:

2009 809 2134 852 nam
2186 795 2240 854 id
2295 800 2482 856 edicto
2531 795 2978 868 imperatoribus
3023 797 3262 851 vetitum
3292 801 3434 850 erat.
3464 795 3643 921 (fuam

2009 866 2186 921 legem
2242 871 2658 921 Constantinus
2708 868 2994 921 Maximus
3048 867 3119 921 de
3182 866 3375 921 Episc.
3440 865 3643 921 Ceric.

2007 866 2186 994 Legem
2242 865 2658 994 Censtantinu's
2708 868 2994 925 Maximus
3048 867 3119 923 de
3182 866 3375 937 Episc.
3440 865 3644 922 Cleric.

2084 954 2320 994 roaavi.

2007 943 2320 1014 abrogavit.

2728 1061 2934 1119 PAGlI.

2074 1171 2130 1228 S.
2174 1171 2495 1242 Marcellus,
2539 1169 2777 1242 natione
2813 1168 3122 1236 Romanus,
3168 1178 3238 1222 ex
3273 1169 3432 1242 patre
3462 1166 3644 1223 Bene-

2002 1241 2181 1312 dicto,
2212 1251 2338 1314 post
2369 1239 2883 1314 interpontiﬁcium
2910 1251 3192 1314 annorum
3228 1239 3425 1314 trium,
3478 1251 3642 1314 mene

2001 1307 2310 1370 sium'o'cto
2339 1319 2396 1370 et
2441 1307 2664 1370 dierum
2699 1311 2877 1366 trium
2921 1307 3173 1380 pontifex
3220 1309 3415 1380 dictus
3445 1314 3551 1377 est,
3585 1313 3643 1365 et

2000 1386 2305 1440 ordinatus
2341 1398 2492 1440 anno
2542 1384 2940 1440 trecentesimo
2988 1385 3206 1451 octavo.
3236 1379 3332 1435 die
3362 1380 3640 1451 vigesima

1998 1457 2433 1532 septimajunii,
2465 1469 2590 1526 qua
2636 1449 3173 1532 Dominicalis__t'nit,
3206 1449 3510 1532 sedemque
3529 1457 3637 1532 te:

1999 1521 2129 1583 nuit
2152 1521 2303 1584 aun'o
2326 1521 2457 1596 uno,
2482 1521 2784 1582 mensibus
2803 1521 3425 1596 sexetdiebusnviginti
3452 1537 3466 1589 ;
3490 1521 3644 1577 obiit

1997 1599 2148 1654 enim
2187 1601 2282 1654 die
2307 1593 2527 1654 decima
2553 1603 2712 1654 sexta
2742 1595 2958 1651 mensis
2978 1593 3240 1649 Januarii
3261 1593 3398 1647 anni
3427 1600 3640 1648 trecen-

1997 1671 2187 1726 tesimi
2207 1671 2438 1739 decimi,
2467 1678 2528 1726 ut
2547 1671 2750 1725 docent
2779 1668 2947 1722 Liber
2974 1662 3642 1739 Pontiﬁcalis,_Martyro-

1918 1747 1964 1808 Β
1995 1739 2211 1812 logium
2239 1734 2772 1812 Hieronymianum,
2815 1737 3130 1812 genuinum
3161 1734 3320 1812 Beda
3352 1735 3638 1812 Martyro-

1992 1805 2230 1882 logium,
2264 1821 2318 1868 et
2337 1805 3175 1882 Sacramentariuereiasiiac
3194 1805 3630 1882 Gregoriannm.

1988 1877 2268 1960 Da'masus
2303 1897 2441 1953 papa
2464 1885 2594 1960 aius
2615 1881 2922 1951 epitaphii:
2950 1879 3101 1960 quod
3131 1885 3318 1933 θκειθι
3346 1877 3496 1960 apud
3522 1877 3631 1960 BE?

1991 1955 2262 2030 roniuma
2273 1950 2686 2030 u'ctordicitur,
2702 1950 3278 2030 exquoeruitnreum
3292 1962 3324 2003 a
3346 1950 3632 2030 Maxentio

1993 2025 2336 2082 inexsilium
2356 2019 2748 2095 pulsumesSe;
2766 2019 3062 2078 licetenim
3080 2019 3417 2090 hicimperii
3434 2019 3630 2095 initio,

1991 2089 2378 2174 persecutioni
2404 2097 2570 2174 ﬁnem
2591 2089 2958 2174 imposuerit,
2981 2097 3174 2174 postea
3193 2089 3380 2174 tamen
3404 2089 3630 2174 nnllurn

1991 2161 2308 2238 impietatis
2333 2175 2434 2225 aut
2461 2161 2730 2224 libidinis
2752 2179 2855 2238 gen
2867 2180 2933 2222 us
2952 2161 3339 2238 praetermisit,
3367 2168 3434 2238 ut
3453 2161 3632 2238 tradit

1991 2182 2308 2238 impietatis
2333 2182 2434 2225 aut
2461 2182 2730 2224 llDlGlniS
2789 2182 2933 2222 enus
2952 2182 3339 2234 praetermisit,
3371 2182 3434 2216 ιιι
3455 2182 3632 2217 ιι-ιιιιιι

1985 2240 2271 2296 Eusebius
2301 2240 2403 2296 lib.
2448 2253 2571 2308 vui,
2611 2182 2847 2309 capﬁi,
2881 2238 3058 2309 donec
3085 2233 3335 2309 triennio
3362 2230 3476 2309 fere
3509 2237 3635 2309 post

1985 2313 2172 2366 sancti
2190 2311 2439 2367 Marcelli
2455 2301 2699 2377 obitum,
2714 2323 2746 2366 a
2761 2301 3138 2364 Constantino
3149 2305 3350 2377 Magno
3369 2301 3630 2359 debella-

1986 2387 2080 2458 tus
2101 2389 2206 2458 est.
2242 2382 2492 2439 Marcelli
2516 2375 2725 2458 viginti
2753 2381 3013 2458 quinque
3036 2375 3240 2433 titulos
3258 2377 3628 2458 ‘Bomacoa-r

1984 2454 2265 2524 stituisse,
2295 2468 2395 2511 seu
2420 2445 3086 2525 parochiales'ecclésias,
3113 2453 3340 2518 propter
3357 2445 3628 2525 baptismi

1983 2531 2040 2580 et
2062 2517 2508 2595 pauitantia'ad
2519 2525 3022 2601 ministrationern,
3042 2526 3099 2601 et
3117 2517 3350 2601 propter
3372 2517 3633 2601 sepulta:

1986 2587 2086 2671 ras»
2104 2604 2427 2671 martyrum
2444 2596 2676 2671 scribit
2706 2601 2908 2671 auctor
2939 2587 3074 2648 libri
3115 2587 3622 2671 Pontiﬁcali_s,.qpi

1981 2668 2146 2723 addit
2174 2657 2304 2724 eum
2331 2668 2727 2724 ordinationes
2755 2666 2981 2736 aliquot
3013 2674 3202 2736 mense
3228 2659 3520 2736 Decembri
3542 2657 3631 2714 γε.

1981 2739 2131 2796 cisse
2157 2739 2613 2811 presbyterorum
2636 2730 2981 2811 vigintisex,
3007 2733 3451 2811 etdiaconorum
3472 2730 3627 2786 duo-

1982 2825 2108 2886 rum
2130 2807 2470 2886 {episcopos
2497 2824 2628 2866 vero
2678 2807 2778 2880 p'er
2801 2810 3028 2886 diversa
3061 2807 3198 2886 loca_
3229 2816 3406 2859 unum
3446 2814 3624 2886 supra

1979 2876 2557 2954 vigin'ti'ordi'nasse,
2615 2876 3000 2949 ac'sepultum
3029 2890 3153 2932 esse
3185 2876 3244 2930 in
3293 2876 3619 2954 cameterin

1981 2951 2260 3014 Priscilla
2285 2962 2379 3015 via
2406 2959 2647 3015 Salaria.
2679 2960 2851 3013 Porro
2882 2959 3017 3012 licet
3047 2955 3254 3024 aliqui,
3278 2967 3346 3007 ex
3376 2966 3442 3008 eo
3464 2951 3615 3021 quod

1978 3034 2264 3091 Eusebius
2296 3037 2354 3090 in
2383 3037 2667 3092 Chronico
2696 3035 2948 3091 Marcelli
2995 3033 3339 3087 mentionem
3388 3041 3500 3084 non
3529 3026 3624 3083 fa—

233 3075 967 3174 ἓ.¹3.ω,ἓξὲἰ¹ίὲἓὶῗίέἳῗίίέἓὶίδ
984 3079 1054 3174 ἱηὲ
1084 3075 1696 3174 ίξῖἓὲπῖιΗθηὲπέξΡδςβ
1720 3082 1871 3174 ἓέξέι·
1900 3097 1946 3157 C
1978 3075 3169 3174 ἷίὲἷῖἷὶιῖέτὲἱιῖἔὰῖἓῆἶπὲῗέιὶῖἴἓίοιῖὲἐὲὲ
3178 3075 3616 3174 ’ΞἘῐτεὲιίἶίιῦτ

233 3159 334 3214 per
358 3151 506 3204 enim
555 3159 942 3216 contemnens,
985 3165 1051 3207 ac
1097 3153 1386 3222 deridens,
1429 3155 1585 3208 dicta
1615 3159 1670 3206 et
1720 3167 1872 3223 pra-

230 3227 392 3292 cepta
423 3224 694 3278 Maxentii
726 3223 1031 3279 damnatus
1063 3229 1149 3278 est
1180 3225 1238 3278 in
1271 3224 1555 3291 catabulo,
1591 3223 1688 3279 ubi
1735 3238 1872 3279 ora—

231 3292 494 3364 tionibus
523 3300 578 3350 et
607 3295 851 3364 jejuniis
877 3295 1117 3350 Domino
1155 3295 1370 3350 servire
1400 3309 1508 3350 non
1535 3295 1812 3350 cessabat.
1838 3313 1864 3344 ››

228 3363 564 3420 Constantia
612 3363 958 3422 ’sacerdotiis
1002 3367 1216 3421 excitat
1252 3367 1437 3421 vidua
1469 3367 1693 3421 Lucina
1741 3367 1868 3435 pie-

230 3441 404 3491 tatem
443 3451 509 3491 ac
533 3436 932 3493 fortitudinem
965 3437 1032 3492 ad
1066 3438 1282 3491 domum
1327 3453 1484 3491 suam
1512 3437 1861 3506 offerendam,

229 3524 397 3576 quam
447 3510 668 3564 titulum
727 3512 1024 3564 Romanum
1076 3509 1371 3562 dedicaret.
1425 3509 1746 3566 Maxentius
1805 3511 1864 3563 in

229 3579 563 3636 Christiano
591 3580 764 3635 titulo
785 3580 1076 3635 stabulum
1111 3580 1286 3648 impie
1309 3580 1608 3650 designat:
1643 3601 1668 3629 α
1689 3581 1869 3649 jussit

234 3651 293 3704 in
312 3652 503 3706 eadem
525 3652 774 3707 Ecclesia
800 3653 1006 3707 iterum
1033 3653 1549 3721 plancasexsterni,
1569 3657 1630 3708 ut
1655 3651 1868 3707 ibidem

231 3721 508 3794 animalia
537 3723 788 3778 catabuli
815 3731 1153 3794 congregata
1176 3729 1390 3778 starent
1415 3729 1470 3778 et
1499 3725 1645 3793 ipsis
1667 3723 1868 3778 beatus

233 3793 538 3850 Marcellus
559 3795 890 3850 deserviret.
928 3813 953 3843 υ
993 3795 1360 3850 Christianus
1398 3796 1651 3864 pontifex
1684 3795 1872 3850 intre-

233 3864 413 3936 pidus
445 3879 511 3920 ex
542 3880 703 3936 aquo
737 3879 837 3934 pro
865 3866 1093 3921 Christo
1118 3867 1267 3936 gerit
1293 3879 1586 3934 personam
1625 3868 1870 3934 pastoris

230 3942 289 3990 et
324 3935 585 4004 bubulci,
614 3935 893 4007 additque
936 3935 1236 3993 cilicinum
1267 3940 1540 3992 amictum
1569 3939 1871 3993 tormentis

228 4020 264 4061 a
304 4013 546 4076 tyranno
579 4007 780 4077 illatis,
826 4012 1056 4062 amictus
1086 4009 1261 4063 ρὶιοοὶο
1300 4009 1590 4076 defunctus
1632 4014 1730 4064 est.
1761 4011 1872 4064 Hac

227 4079 459 4134 scilicet
481 4085 801 4136 constantta
830 4086 1023 4136 tuetur
1053 4081 1287 4136 titulum
1317 4081 1627 4136 Romanum
1651 4095 1683 4135 a
1703 4095 1764 4136 se
1782 4081 1872 4136 de-

227 4151 510 4220 dicatum,
527 4166 690 4221 quem
709 4151 877 4206 hodie
891 4154 1070 4206 victor
1087 4153 1357 4221 possidet,
1375 4154 1590 4208 etsacri
1609 4152 1872 4220 corporis

229 4223 327 4277 sui
363 4236 429 4278 ex
460 4223 783 4279 cmmeterio
830 4223 1109 4277 Priscilla
1159 4224 1216 4277 in
1266 4224 1523 4280 eumdem
1579 4224 1866 4290 translati,

230 4296 533 4364 prasentia
553 4309 617 4348 ac
647 4295 963 4364 patrocinio
990 4295 1178 4349 reddit
1209 4294 1512 4350 illustrem.
1543 4297 1743 4351 Merito
1767 4295 1872 4348 Bi—

231 4364 652 4421 bliothecarius
683 4366 881 4421 retulit
922 4367 979 4421 in
1023 4366 1125 4421 hac
1157 4373 1435 4427 postrema
1477 4367 1871 4436 persecutione

229 4437 572 4492 Diocletiani
594 4444 919 4493 constanter
938 4444 1216 4493 retentum
1248 4452 1547 4494 numerum
1574 4437 1644 4494 25
1663 4438 1868 4493 titulo-

230 4523 361 4579 rum
397 4510 453 4562 in
486 4510 623 4564 urbe
653 4511 847 4570 Roma,
882 4523 1048 4579 quem
1085 4511 1281 4565 Petrus
1305 4511 1362 4564 in
1399 4510 1572 4579 hujus
1606 4511 1869 4565 Ecclesia

228 4577 570 4652 fundatione
605 4577 944 4650 praceperat
972 4581 1282 4651 designari,
1321 4577 1566 4652 eumque
1595 4581 1870 4638 describit

227 4651 563 4707 ordinatum
618 4659 881 4722 tanquam
911 4654 1195 4706 diwceses:
1246 4659 1311 4708 ut
1338 4651 1735 4709 manisfestum
1769 4655 1867 4722 sit,

230 4734 332 4790 per
350 4723 462 4777 tria
482 4724 580 4778 illa
606 4725 797 4793 priora
818 4725 1026 4780 sacula
1054 4725 1514 4794 persecutionum
1540 4738 1648 4779 non
1679 4726 1872 4780 minus

227 4806 402 4866 quam
433 4794 491 4848 in
525 4796 790 4851 Ecclesia
821 4810 955 4865 pace
987 4810 1150 4866 quam
1185 4796 1601 4852 Constantinus
1633 4799 1869 4857 Magnus

229 4865 404 4938 paulo
439 4874 564 4935 post
591 4867 814 4926 attulit.
870 4865 1254 4923 characterem
1290 4869 1498 4938 regalis
1537 4868 1868 4936 sacerdotii,

223 4935 468 5005 ejusque
487 4938 886 4994 universitatis
899 4938 1072 4994 simul
1089 4945 1146 4994 et
1167 4935 1412 4995 unitatis
1433 4953 1488 4994 in
1503 4940 1608 4995 hac
1625 4935 1871 4995 Romana

223 5006 363 5080 sede
377 5009 424 5076 ej
436 5023 613 5077 usque
629 5011 964 5080 episcOpatu
983 5011 1280 5080 perspicue
1297 5010 1481 5066 fuisse
1491 5012 1692 5069 custod
1704 5011 1866 5066 itum.

235 5079 374 5134 Vide
402 5086 557 5136 notas
581 5079 795 5138 nostras
826 5079 901 5136 ad
925 5099 1080 5136 num.
1116 5079 1365 5153 Dionysii
1387 5080 1478 5138 26.

901 5259 1198 5336 CIACONll

293 5437 469 5494 Linea
498 5432 584 5502 Η,
617 5433 704 5489 42.
725 5465 797 5475 -
818 5439 1116 5492 Damnatus
1137 5443 1213 5492 est
1237 5441 1296 5492 in
1314 5440 1594 5495 catabulo.
1627 5443 1868 5500 Cataba-

222 5510 345 5566 lum
378 5506 464 5562 vel
495 5505 854 5574 cacabulum,
913 5507 1072 5563 locus
1102 5516 1221 5564 erat
1251 5509 1320 5564 ad
1369 5510 1776 5569 continendum
1809 5523 1865 5572 et

220 5580 566 5638 servandum
593 5578 851 5646 jumenta
909 5577 1157 5648 publica.

297 5652 464 5726 Linea
491 5648 577 5726 19.
603 5679 677 5726 :—
703 5650 932 5726 Plancas
980 5653 1206 5726 eaterni.
1240 5651 1678 5726 Sanctissimum
1713 5671 1864 5726 pon—

225 5723 433 5780 tiﬁcem
492 5722 554 5778 in
604 5721 916 5778 Ecclesiam
947 5721 1016 5777 ab
1047 5721 1240 5778 eodem
1293 5723 1352 5778 in
1383 5724 1612 5780 Lucina
1639 5721 1862 5786 adibus

223 5801 630 5868 consecratam,
663 5794 760 5851 sed
787 5793 991 5852 bestiis
1020 5792 1373 5865 profanatam
1419 5796 1634 5867 impius
1659 5806 1860 5872 tyran—

1977 3169 2195 3247 eertum
2218 3185 2403 3234 tamen
2437 3179 2664 3234 videtur
2693 3192 2757 3234 ex
2787 3177 3059 3247 superius
3082 3175 3260 3247 dictis
3287 3172 3345 3226 in
3373 3169 3615 3226 Marcel-

1979 3245 2120 3318 lino,
2149 3263 2246 3306 eos
2269 3264 2395 3307 esse
2423 3252 2572 3308 duos
2595 3245 2896 3321 pontiﬁces
2928 3248 3080 3304 inter
3103 3259 3165 3303 se
3187 3246 3466 3303 diversos.

2633 3395 2963 3453 SOMMIER.

2045 3506 2181 3570 Pax,
2233 3520 2347 3577 qua
2405 3508 2727 3563 Maxentius
2761 3506 3027 3577 permisit
3073 3509 3139 3562 ut
3181 3503 3617 3577 fruerenturgin

1974 3577 2123 3633 Urbe
2149 3575 2466 3633 Christiani
2513 3579 2620 3635 sub
2653 3575 2889 3634 initium
2941 3578 3171 3648 imperii
3222 3575 3618 3648 suioccasio—

1976 3663 2103 3704 nem
2159 3650 2320 3706 dedit
2358 3651 2620 3706 Marcello
2677 3647 3046 3720 promovendi
3105 3662 3194 3703 res
3224 3647 3490 3720 Ecclesia
3523 3649 3619 3702 in-

1978 3726 2132 3776 tento
2149 3722 2286 3788 zelo,
2311 3735 2377 3778 ac
2407 3722 2659 3778 sollicita
2684 3719 2971 3777 libertate.
3002 3720 3146 3776 Huic
3168 3719 3451 3774 tribuitur
3475 3731 3620 3774 con—

1979 3793 2210 3848 stitutio
2241 3807 2340 3848 seu
2370 3794 2654 3863 reparatio
2673 3813 2699 3845 «
2722 3792 2930 3864 viginti
2961 3794 3219 3862 quinque
3245 3791 3616 3846 ecclesiarum

1980 3864 2310 3919 titularium
2346 3865 2402 3919 iu
2455 3866 2595 3921 urbe
2641 3867 2814 3920 Roma
2846 3864 3012 3934 quasi
3040 3864 3350 3919 dioecesum
3387 3867 3616 3932 propter

1979 3934 2326 4004 baptismum
2359 3944 2414 3991 et
2447 3938 2841 4006 panitentiam
2873 3935 3203 3996 multorum,
3233 3934 3332 4004 qui
3376 3947 3616 3989 conver-

1979 4007 2248 4063 tebantur
2271 4021 2339 4062 ex
2373 4009 2628 4078 paganis,
2669 4015 2726 4064 et
2757 4017 2986 4077 propter
3011 4006 3364 4076 sepulturam
3417 4011 3619 4076 marty-
3667 4067 3676 4076 δ

1981 4092 2126 4132 rum.
2167 4096 2192 4127 ι>
2221 4081 2328 4134 Hos
2353 4081 2556 4135 titulos
2585 4086 2882 4136 enumerat
2909 4079 3237 4144 Ciaconius,
3269 4083 3378 4132 etc.

2049 4149 2194 4204 Cura
2225 4151 2474 4206 Marcelli
2524 4153 2737 4221 pariter
2783 4151 3032 4206 intendit
3078 4150 3146 4205 ad
3199 4149 3619 4205 observantiam

1977 4233 2258 4277 canonum
2295 4223 2777 4292 panitentialtum
2796 4223 2866 4278 ab
2887 4223 2980 4291 iis,
3006 4221 3106 4293 qui
3137 4221 3281 4292 lapsi
3305 4221 3528 4276 fuerant
3560 4221 3620 4275 in

1979 4294 2392 4366 persecutione.
2432 4296 2633 4351 Verum
2665 4295 2857 4352 eadem
2901 4294 3184 4362 socordia,
3219 4308 3346 4366 qua
3370 4295 3504 4350 illos
3536 4295 3622 4349 in-

1977 4364 2220 4420 duxerat
2275 4367 2343 4421 ad
2403 4366 2566 4422 ﬁdem
2623 4367 3036 4438 ahnegandam,
3097 4364 3323 4422 eosdem
3376 4366 3618 4421 removit

1979 4447 2010 4490 a
2033 4437 2402 4506 suscipienda
2461 4437 2796 4508 paenitentia
2826 4438 3089 4494 salutari.
3131 4438 3622 4506 Conspiraverunt

1981 4514 2177 4562 contra
2209 4517 2468 4564 sanctum
2513 4511 2851 4579 pontiﬁcem.
2915 4512 3062 4563 inter
3088 4508 3284 4563 ﬁdeles
3329 4509 3618 4562 excitave-

1983 4585 2117 4633 runt
2174 4581 2508 4646 seditiones,
2554 4586 2608 4635 et
2665 4581 2932 4645 dissidia,
2980 4593 3076 4647 per
3107 4592 3234 4647 qua
3258 4579 3325 4633 ad
3368 4585 3619 4634 extrema

1983 4664 2220 4720 quaque
2247 4652 2510 4705 tentanda
2535 4665 2600 4705 ac
2620 4650 2990 4720 perpetranda
3013 4656 3349 4719 proruentes
3365 4649 3620 4705 caedibus

1983 4721 2061 4775 ita
2087 4721 2511 4792 compleverunt
2535 4722 2863 4786 Ecclesiam,
2890 4721 3376 4778 utobtruncarent
3406 4721 3616 4792 passim

1980 4799 2263 4862 quotquot
2300 4807 2331 4847 a
2364 4791 2612 4850 factione
2642 4807 2747 4849 sua
2769 4795 2991 4849 alienos
3025 4793 3377 4849 invenerant.
3409 4791 3621 4863 Tyran-

1983 4877 2090 4936 nus
2121 4864 2443 4920 Maxentius
2472 4867 2616 4920 citra
2639 4879 2874 4920 examen
2905 4872 3194 4936 gestorum
3225 4865 3623 4932 exsularejus-

1981 4935 2062 5008 sit
2089 4936 2429 5003 pontiﬁcem.
2469 4939 2621 4992 Hanc
2646 4951 2834 4991 rerum
2881 4935 3168 5008 gestarum
3220 4938 3484 4993 notitiam
3512 4935 3620 4991 de-

1983 5005 2181 5079 bemus
2212 5009 2450 5062 Damaso
2478 5022 2652 5078 papa,
2687 5008 2787 5079 qui
2818 5005 3086 5064 brevibus
3117 5009 3233 5064 hac
3263 5008 3454 5064 omnia
3472 5021 3620 5079 coin-

1984 5077 2186 5146 plexus
2210 5086 2294 5134 est
2326 5081 2384 5134 in
2415 5077 2737 5151 Epig’raphe
2781 5080 3112 5150 sepulcrali,
3152 5095 3320 5150 quam
3357 5077 3618 5151 Marcello

1982 5151 2298 5218 contexuit,
2329 5150 2617 5207 iterato’in
2643 5152 2824 5207 lucem
2872 5152 3142 5222 producta
3173 5153 3310 5208 dum
3345 5150 3622 5206 Baronius

1983 5233 2210 5291 operam
2241 5222 2412 5279 dabat
2449 5223 2776 5279 Annalibus
2822 5224 3088 5279 Ecclesia
3113 5223 3471 5279 scribendis:

2039 5370 2310 5418 Veridicus
2335 5371 2516 5430 rector,
2544 5372 2712 5428 lapsos
2733 5373 2821 5432 qui
2843 5368 3055 5417 crimina
3085 5369 3205 5418 ﬁere

2041 5433 2286 5481 Praedixit
2316 5433 2531 5491 miseris,
2562 5432 2660 5478 fuit
2685 5432 2918 5480 omnibus
2950 5432 3109 5480 hostis
3138 5446 3364 5482 amarus.

2037 5495 2514 5563 ﬂine_ftiror._liinc
2559 5495 2764 5563 odium:
2797 5495 3024 5563 sequitur
3051 5495 3324 5563 discordia,
3355 5497 3490 5563 lites,

2038 5557 2250 5615 Seditio,
2278 5557 2442 5604 cades
2466 5571 2475 5603 :
2505 5560 2775 5605 solvuntur
2802 5557 2992 5606 taedere
3014 5559 3176 5616 pacis.

2033 5621 2236 5694 Crimen
2263 5618 2328 5667 ob
2355 5619 2572 5694 alterius,
2612 5618 2876 5694 Christum
2905 5621 3064 5694 quiin
3082 5635 3216 5694 pace
3240 5625 3455 5694 negavit,

2038 5681 2250 5747 Finibus
2277 5682 2516 5747 expulistis
2551 5683 2727 5746 patria
2750 5687 2829 5733 est
2853 5681 3048 5733 feritate
3079 5687 3296 5747 tyranni.

2035 5745 2155 5814 ﬂat:
2190 5743 2428 5814 breviten.
2451 5743 2705 5814 Damasus
2729 5747 2891 5796 voluit
2918 5743 3173 5808 comperta
3197 5750 3411 5814 referre,

2030 5805 2264 5856 Marcelli
2282 5808 2520 5857 meritum
2549 5812 2776 5872 populus
2804 5805 3113 5872 cognoscere
3136 5816 3330 5876 posset.
