4072 6176
311 290 446 352 4504

1113 298 1432 356 HISTORIA
1471 301 1562 356 DE
1599 301 1775 359 VITIS
1809 300 1979 359 ROM.
2027 299 2228 358 PONT.
2266 329 2339 344 —
2373 303 2432 362 8.
2471 304 2924 363 MBLCHIADES.

3575 307 3720 370 ’4502

550 438 744 486 versa
773 421 920 486 loca
943 423 1317 488 duodecim.
1353 426 1478 490 Hic
1508 429 1813 509 sepultus
1841 429 1942 491 est
1989 428 2061 491 in
2103 430 2477 493 caemeterio
2507 431 2778 510 Calixti,
2823 431 2938 494 via
2965 433 3202 514 Appia",
3256 433 3328 496 in
3355 437 3616 516 crypta,
3651 448 3720 497 m

553 518 711 582 Idus
768 523 1149 586 Decembris
1179 546 1193 604 ;
1229 526 1295 587 et
1320 527 1610 590 cessavit
1638 526 2068 612 eipscopatus
2099 527 2332 591 diebus
2359 528 2713 592 sexdecim.

1476 663 1970 728 CATALOGUS
2021 665 2178 727 SUB
2231 665 2588 727 LIBERIO.

389 778 728 842 Miltiades
760 781 962 844 annis
989 782 1231 864 tribus,
1281 785 1630 849 mensibus
1664 801 1803 867 sex,
1839 786 2075 850 diebus
2103 789 2270 867 octo,
2305 806 2347 850 a
2390 788 2496 852 die
2538 791 2724 852 sexto
2753 789 2980 853 Nonas
3023 789 3246 853 Julias
3276 806 3318 851 a
3359 791 3715 855 consulatu

302 877 716 940 Maximiano
763 897 881 940 VIII
914 882 1074 961 solo,
1110 881 1287 962 quod
1335 883 1466 966 fuit
1510 900 1738 948 mense
1797 886 2186 966 Septembri,
2240 887 2605 950 Volusiano
2659 889 2724 950 et
2781 886 3046 982 Ruﬁno,
3082 903 3294 968 usque
3333 887 3405 950 in
3443 905 3516 950 III
3559 886 3716 950 Idus

303 983 639 1061 Januarii,
670 985 1060 1068 Volusiano,
1107 990 1172 1052 et
1201 989 1466 1054 Aniano
1495 991 1906 1056 consulibus.

1616 1128 1898 1192 VARDE
1937 1127 2421 1192 LECTIONES.

568 1245 740 1316 Apud
779 1246 1094 1303 Fabrottum
1127 1265 1196 1304 em
1232 1250 1410 1306 codice
1440 1252 1678 1307 Freheri.

371 1355 533 1429 Num.
571 1351 806 1429 33,_tin.
845 1352 894 1424 4,
952 1356 1067 1429 ΑΒ,
1100 1357 1425 1424 Melciades,
1463 1360 1530 1416 Α.
1586 1359 1643 1413 d.
1693 1355 1748 1427 7,
1783 1360 1846 1429 B,
1892 1359 1950 1414 d.

297 1422 389 1480 24.
419 1426 517 1478 lin.
567 1422 716 1498 2,778,
760 1422 958 1498 usque
1001 1427 1068 1482 ad
1102 1422 1450 1484 Maxentium
1500 1422 1844 1485 secundum.
1876 1431 1949 1498 A,

299 1509 486 1571 usque
523 1497 592 1553 ad
623 1497 934 1553 Maximum
992 1500 1056 1555 V.
1090 1501 1188 1554 tin.
1215 1499 1250 1555 9
1300 1505 1349 1554 et
1379 1498 1465 1571 40,
1493 1502 1556 1569 Α,
1596 1514 1647 1555 ιν
1674 1502 1806 1558 Idus
1842 1503 1956 1558 De-

297 1567 481 1624 cemb.

531 1657 619 1711 Ea:
647 1656 826 1711 codice
851 1658 1029 1725 Regio,
1073 1659 1356 1715 Μαιαγίηο
1382 1665 1432 1716 et
1470 1661 1715 1716 Thuano.

370 1763 494 1837 Lin.
530 1761 584 1829 4,
616 1761 960 1818 Melchiades
1016 1778 1074 1820 n.
1115 1764 1182 1820 A.
1229 1767 1347 1822 sed.
1381 1779 1513 1822 ann.
1545 1764 1596 1833 4,
1641 1780 1714 1822 m.
1742 1761 1797 1837 7,
1826 1767 1951 1824 dies

295 1831 374 1904 8;
403 1833 516 1890 fuit
545 1840 732 1889 autem
761 1840 1013 1904 tempore
1033 1849 1098 1891 ex
1125 1837 1221 1892 die
1241 1838 1381 1894 Non.
1412 1838 1551 1894 Julii
1583 1831 1613 1892 a
1642 1831 1948 1896 consulatu

297 1905 594 1981 Maxentii.
631 1907 727 1981 lin.
771 1903 826 1971 2,
871 1903 939 1981 ad
992 1909 1254 1981 Maxnll.
1284 1911 1384 1981 lin.
1426 1908 1478 1976 3,
1531 1911 1624 1966 hic
1651 1911 1944 1981 contituit,

299 1984 362 2053 ut
393 1976 552 2053 nul_|_a
592 1977 832 2053 ratione:
881 1977 1057 2053 lin.‘5,
1091 1979 1590 2053 celebrabant(M.,
1618 1976 1945 2053 celebrant).

294 2049 456 2102 Tunc
485 2048 781 2103 Manichaai
818 2049 835 2103 i
889 2047 925 2104 ἰ.
980 2049 1016 2104 i.
1071 2051 1212 2106 urbe
1264 2054 1456 2108 Roma.
1494 2047 1586 2107 Ab'
1617 2053 1812 2110 eodem
1853 2047 1949 2110 die

297 2116 436 2174 fecit
455 2119 773 2175 oblationes
797 2127 1157 2178 consecratas
1187 2137 1284 2191 per
1303 2124 1592 2192 ecclesias,
1630 2131 1775 2181 utex
1803 2139 1949 2181 con-

296 2192 808 2268 secratuepiscopi
835 2192 1012 2268 dirig.
1044 2195 1143 2268 lin;
1164 2193 1218 2264 8,
1252 2195 1400 2251 diac.
1435 2194 1488 2252 6.
1525 2196 1622 2251 lin.
1646 2194 1700 2268 9,
1728 2196 1786 2251 in
1811 2211 1947 2268 cry-

297 2267 393 2332 pta
412 2275 464 2316 vr
485 2262 568 2318 Id.
597 2263 660 2318 D.
689 2269 744 2318 et
775 2278 822 2318 c.
856 2277 905 2319 e.
929 2262 1055 2320 dies
1078 2262 1164 2321 47.

741 2372 830 2424 Ere
856 2371 1038 2426 codice
1067 2373 1292 2428 Thuano
1315 2374 1507 2429 altero.

369 2461 495 2515 Lin.
550 2457 601 2531 4,
633 2459 940 2518 Melciades
998 2475 1056 2517 n.
1104 2461 1172 2532 A,
1227 2464 1379 2520 sedit
1403 2479 1538 2522 ann.
1572 2463 1626 2538 4,
1671 2479 1738 2523 ex
1762 2465 1858 2522 die
1878 2466 1946 2522 N.

1977 1253 2033 1313 A
2067 1253 2166 1306 lin.
2195 1250 2248 1326 3,
2271 1251 2582 1326 Septembri
2616 1267 2665 1326 vt
2686 1253 2787 1307 lin.
2819 1251 2872 1322 3,
2902 1252 3036 1326 quis
3065 1253 3139 1326 de,
3158 1251 3428 1326 ﬁdelibus
3457 1266 3546 1326 ag.
3578 1252 3715 1326 quia

2065 1336 2161 1378 eos
2185 1322 2242 1378 d.
2269 1325 2372 1377 lin.
2399 1322 2451 1390 5,
2487 1323 2626 1379 urbe
2646 1325 2842 1394 Roma,
2869 1322 3019 1380 etab
3046 1325 3239 1394 eodem
3262 1325 3357 1380 die
3386 1322 3520 1380 fecit
3548 1322 3716 1380 obla-

2066 1394 2254 1467 tiones
2290 1401 2664 1467 consecratas
2711 1392 2984 1467 per'eccl.
3021 1398 3134 1467 ΔΙρη.
3168 1392 3222 1462 7,
3278 1397 3468 1452 ordin.
3519 1410 3712 1467 unam,

2067 1465 2254 1539 presb.
2287 1463 2342 1530 7,
2375 1468 2430 1522 d.
2465 1465 2518 1522 6.
2565 1467 2662 1520 lin.
2713 1463 2957 1539 QLnum.
3010 1463 3097 1522 4'2.
3133 1468 3232 1521 lin.
3266 1468 3413 1537 ead.,
3448 1468 3538 1524 via
3567 1463 3710 1539 App.

2067 1550 2122 1592 ιν
2151 1537 2230 1592 Id.
2265 1539 2326 1593 D.
2363 1543 2488 1594 etc.
2516 1553 2603 1608 ep.
2632 1540 2688 1595 d.
2725 1535 2812 1594 47.

2329 1626 2501 1696 Apud
2537 1627 2877 1681 Hoistenium
2903 1630 2952 1681 et
2978 1627 3443 1683 Schelestratium.

2133 1717 2259 1770 Lin.
2285 1711 2346 1789 4,
2379 1717 2548 1789 E1013,
2586 1715 2946 1789 Melchiades.
2980 1717 3082 1770 lin.
3115 1717 3259 1789 ead,
3291 1717 3604 1789 Flor.,_tann
3655 1715 3710 1789 4,

2065 1801 2242 1844 mens.
2273 1785 2326 1853 6,
2359 1788 2484 1843 dies
2507 1785 2560 1841 8.
2595 1788 2692 1841 lin.
2721 1784 2776 1849 3,
2798 1789 2974 1858 thtt.,
3013 1793 3076 1843 ut
3109 1787 3288 1844 nulla.
3324 1789 3422 1842 lin.
3450 1784 3504 1855 5,
3537 1784 3709 1858 Ftor.,

2061 1865 2199 1914 tunc
2225 1859 2440 1914 inventi
2476 1863 2632 1914 sunt.
2663 1859 2758 1912 lin.
2792 1856 2847 1928 5,
2880 1856 2934 1928 6,
2964 1861 3089 1915 Vat.
3131 1861 3352 1925 minor.,
3388 1860 3580 1916 eodem
3614 1856 3711 1917 die

2059 1929 2214 1994 fecit,
2240 1935 2304 1986 ut
2324 1930 2522 1998 oblat.,
2575 1937 2682 1986 etc.
2711 1930 2812 2004 lin.
2853 1928 2909 2004 6,
2929 1932 3098 2004 Ficta,
3127 1936 3181 1986 et
3207 1938 3557 2004 consecrata,
3600 1932 3712 2002 lege

2056 2007 2238 2057 autem
2261 2015 2329 2058 ex
2351 2007 2709 2058 consecratu.
2745 2002 2842 2056 lin.
2876 1999 2928 2072 9,
2961 2003 3135 2072 Flor.,
3165 2015 3246 2057 x1.

2361 2091 2532 2161 Apud
2571 2093 2792 2146 Peniam
2830 2106 2897 2146 ccc
2930 2091 3108 2147 codice
3146 2092 3396 2147 Cavensi.

2125 2182 2248 2236 Lin.
2288 2178 2348 2252 4,
2394 2179 2699 2252 Meltiades
2718 2183 2834 2236 nat.
2885 2179 3056 2249 Atfer,
3108 2181 3256 2236 sedit
3287 2179 3458 2237 annis
3503 2194 3590 2252 ιυ,
3627 2195 3706 2252 in.

2053 2266 2156 2321 vn,
2188 2251 2395 2307 diebus
2415 2266 2515 2306 xu.
2544 2253 2644 2306 lin.
2672 2250 2725 2319 2,
2763 2265 2948 2323 usque
2977 2253 3044 2308 ad
3077 2253 3388 2308 Maximum
3415 2254 3478 2308 ll.
3511 2250 3609 2308 lin.
3645 2250 3702 2321 5,

2056 2324 2271 2379 inventi
2305 2328 2440 2379 sunt
2463 2324 2520 2378 in
2554 2322 2733 2388 Urbe;
2766 2323 2837 2379 ab
2857 2322 3053 2380 eodem
3080 2324 3175 2379 die
3202 2323 3335 2380 fecit
3373 2323 3705 2380 oblationes

2056 2402 2436 2521 constecratas.
2498 2396 2596 2449 lin.
2629 2393 2664 2450 9
2711 2400 2762 2450 ct
2795 2393 2880 2466 40,
2934 2395 2994 2451 in
3043 2401 3239 2466 crypta
3289 2409 3378 2452 1m
3427 2396 3561 2452 Idus
3591 2395 3709 2451 De-

2061 2480 2178 2521 cem
2229 2482 2274 2521 r.

2061 2480 2274 2522 CGle'.

1629 2593 1876 2657 NOTE
1910 2592 2377 2656 VARIORUM.

795 2693 840 2750 A
887 2693 1428 2752 SCHELESTRATE.

371 2783 538 2840 Linea
567 2781 717 2857 6_._—7
737 2783 1143 2857 Consecratum.
1164 2827 1176 2840 .
1200 2827 1213 2840 .
1235 2826 1248 2840 .
1271 2826 1286 2842 .
1330 2787 1477 2857 quod
1500 2788 1816 2844 declaratur
1839 2791 1943 2856 fer-

294 2859 555 2910 mentum.
581 2854 664 2910 Ob
685 2856 1052 2926 disciplinam
1079 2858 1274 2913 arcani
1298 2854 1662 2915 Eucharistia
1691 2860 1796 2916 hoc
1817 2854 1942 2917 loco

297 2926 638 2983 fermentum
669 2933 920 2996 vocatur,
954 2936 1016 2984 ut
1053 2930 1454 2986 dissertatione
1493 2945 1556 2986 ea
1587 2932 1657 2987 de
1699 2945 1758 2987 re
1787 2933 1941 2988 edita

299 2999 772 3073 monstravimus.
809 2999 1232 3073 Eucharistiam
1263 3015 1506 3073 namque
1547 3003 1836 3073 episcopis
1886 3006 1943 3058 et

300 3070 643 3140 presbyteris
671 3071 739 3125 ad
766 3071 964 3126 urbem
991 3073 1354 3128 venientibus
1378 3070 1602 3129 mittere
1623 3070 1941 3130 consueve-

300 3147 432 3214 rant
471 3141 788 3214 pontifices,
817 3149 878 3214 ut
894 3148 1154 3214 _testatur
1190 3145 1255 3198 D.
1295 3147 1544 3201 lrenaeus
1573 3145 1723 3214 apud
1755 3146 1940 3202 Euse—

300 3211 461 3268 bium
495 3211 596 3267 lib.
625 3227 675 3267 v.
700 3226 824 3282 cap.
846 3210 938 3268 24.

895 3320 1337 3376 ALTASERRIE.

373 3423 543 3480 Linea
565 3422 616 3479 6.
649 3454 718 3463 —
747 3425 849 3477 Hic
871 3426 1018 3492 fecit,
1050 3429 1112 3478 ut
1159 3425 1457 3480 oblationes
1504 3430 1825 3481 consecrate
1843 3442 1944 3497 per

301 3496 569 3551 EcClesias
608 3511 674 3549 ea:
696 3501 1008 3549 consecrata
1061 3497 1294 3565 episcopi
1345 3497 1734 3565 dirigerentur,
1797 3496 1945 3567 quod

297 3568 614 3624 declaratur
627 3569 966 3634 fermentum.
997 3567 1041 3621 A
1064 3567 1376 3622 Melchiade
1395 3567 1708 3634 decretum,
1734 3576 1797 3624 ut
1822 3568 1938 3624 ferv

300 3646 576 3702 mentum,
613 3639 667 3694 id
729 3644 814 3693 est
846 3638 1011 3706 panis
1059 3637 1432 3694 fermentatus
1485 3639 1821 3695 benedictus
1871 3641 1944 3695 ab

296 3711 566 3780 episcopo
596 3710 718 3764 vice
766 3709 1007 3780 eulogia:
1053 3710 1375 3765 mitteretur
1421 3725 1519 3781 per
1561 3712 1842 3767 Ecclesias
1883 3713 1940 3766 in

297 3781 620 3852 symbolum
672 3781 1117 3837 communionis.
1167 3783 1244 3836 De
1293 3795 1406 3852 quo
1461 3783 1658 3838 Anast.
1691 3781 1824 3838 infr.
1883 3784 1940 3839 in

297 3854 533 3909 Siricio.

985 3942 1261 3998 BENCINI

373 4049 543 4104 Linea
567 4047 620 4105 6.
643 4078 716 4090 —
742 4050 844 4103 Hic
888 4050 1037 4116 fecit,
1074 4054 1134 4103 ut
1159 4049 1454 4105 oblationes
1496 4053 1820 4106 consecratap
1848 4067 1946 4121 per

294 4121 582 4178 Ecclesias.
635 4121 971 4176 Istiusmodi
1011 4121 1286 4176 solemnis
1319 4135 1416 4191 per
1461 4121 1745 4179 Ecclesias
1777 4123 1944 4179 Urbis

297 4193 676 4258 consecratio,
693 4192 1462 4248 etsolemniorEucharistize
1482 4195 1943 4252 missiodurante

298 4265 490 4336 adhuc
523 4278 669 4336 nono
684 4265 1274 4333 persecutionisanno.
1296 4271 1349 4320 et
1381 4265 1654 4321 Ecclesiis
1683 4281 1749 4322 ex
1780 4268 1942 4336 prio-

300 4335 469 4392 ribus
498 4335 707 4391 edictis
729 4336 864 4392 tlsco
885 4337 1154 4399 addictis,
1189 4337 1471 4392 cohaarere
1501 4350 1611 4393 non
1643 4335 1944 4394 videbatur

295 4421 428 4463 cum
460 4414 774 4479 temporum
805 4407 1282 4479 circumstantiis,
1318 4409 1607 4479 gestisque
1635 4410 1936 4465 enarratis.

298 4480 507 4534 Verum
533 4478 668 4550 libri
687 4478 1038 4534 Pontiﬁcalis
1050 4480 1303 4534 narratio
1319 4478 1530 4550 cptime
1547 4493 1674 4535 cum
1702 4481 1940 4550 speciali

296 4549 571 4624 maxentii
597 4549 962 4624 indulgentia
981 4550 1189 4624 Romae,
1207 4553 1362 4605 sicut
1382 4558 1438 4606 et
1461 4549 1686 4620 Africae,
1711 4549 1941 4624 vulgata

297 4621 567 4685 cohaeret,
610 4635 778 4690 quam
832 4621 1184 4676 Christianis
1245 4625 1532 4678 concessit
1573 4621 1938 4679 Constantini

297 4693 578 4765 exemplo,
611 4694 805 4747 verius
839 4699 1012 4765 metu.
1043 4693 1459 4765 Constantinus,
1483 4707 1611 4749 cum
1638 4708 1788 4749 anno
1813 4692 1937 4765 307,

301 4763 608 4833 imperium
625 4764 990 4832 suscepisset,
1025 4784 1050 4815 α
1066 4763 1214 4818 nihil
1239 4766 1360 4834 agit
1382 4764 1559 4834 prius,
1587 4779 1753 4834 quam
1769 4763 1942 4822 Chri-L

299 4839 524 4891 stianos
549 4835 759 4901 cultui,
792 4848 856 4890 ac
901 4836 1012 4891 Deo
1039 4848 1145 4890 suo
1172 4835 1424 4890 reddere.
1457 4836 1584 4890 Hac
1615 4835 1729 4892 fuit
1757 4839 1940 4901 prima

299 4907 523 4962 sanctio
548 4913 758 4961 sanctae
785 4905 1087 4977 religionis
1116 4906 1405 4973 instituta,
1435 4924 1458 4956 υ
1483 4907 1644 4976 (Ibid.
1679 4922 1726 4963 c.
1753 4905 1840 4976 34,
1870 4922 1939 4964 ex

298 4977 637 5050 Lactantio.)
661 4977 977 5032 Christiani
1005 4978 1218 5035 milites
1239 4977 1472 5050 cingulo
1487 4979 1686 5034 nudati
1705 4994 1772 5037 ex
1797 4980 1948 5036 Dio—-

298 5049 758 5117 cletianiedicto,
795 5051 1087 5104 turmatim
1111 5049 1804 5106 Constantiniexercitum
1839 5053 1942 5107 im-

301 5121 615 5190 pleverant.
647 5121 992 5189 Maxentius,
1051 5121 1300 5177 Romana
1329 5121 1537 5178 mcenia
1571 5121 1942 5180 Christiano—

300 5205 428 5248 rum
456 5192 835 5248 multitudine
856 5192 1066 5262 repleta
1119 5193 1484 5262 conspiciens
1535 5196 1812 5250 smvitiam
1840 5209 1944 5251 oc-

299 5263 526 5337 cultans
540 5276 621 5337 ex
649 5263 1012 5337 Eusebio,_ne
1038 5265 1105 5337 ad
1139 5265 1574 5320 Constantinum
1614 5266 1938 5337 deﬁcerent,

297 5335 490 5390 Romae
540 5333 834 5407 Ecclesias
877 5333 1226 5390 Christianis
1275 5336 1658 5393 restituendas
1713 5333 1943 5407 publico

1978 2700 2029 2760 Β
2049 2698 2198 2754 alios
2217 2698 2491 2754 diaconos
2519 2695 2798 2769 delegerit
2826 2697 3147 2769 Stratonem
3176 2709 3334 2753 reum
3367 2696 3706 2756 traditionis

2050 2771 2118 2826 ad
2152 2769 2272 2825 loca
2299 2769 2399 2824 illa
2432 2768 2818 2836 recuperanda
2851 2787 2862 2822 :
2898 2789 2924 2820 α
2959 2768 3364 2824 Recitaverunt
3393 2770 3566 2826 etiam
3593 2771 3705 2827 alia

2051 2847 2225 2912 gesta,
2279 2840 2376 2896 ubi
2409 2840 2780 2896 Melchiadem
2814 2839 3109 2912 legebatur
3160 2840 3409 2912 misisse;
3434 2841 3706 2898 diaconos

2049 2909 2178 2968 éum
2203 2913 2419 2968 litteris
2450 2911 2720 2966 Maxentii
2757 2909 3144 2982 imperatoris,
3180 2918 3243 2982 et
3268 2909 3516 2978 praefecti
3552 2928 3704 2982 pra:-

2052 2985 2202 3053 torio
2246 2985 2314 3039 ad
2375 2989 2667 3051 praetorem
2718 2981 2908 3048 Urbis,
2958 2989 3017 3036 ut
3074 2981 3354 3050 reciperet
3400 2981 3704 3053 loca,’quaa

2049 3051 2330 3109 fueranta
2370 3053 2720 3108 Christianis
2753 3057 3003 3119 tempore
3037 3053 3458 3120 persecutionis
3487 3051 3698 3111 ablata.

2049 3125 2155 3184 Ubi
2182 3127 2353 3180 etiam
2386 3123 2974 3196 Melchiadiscrimen
3008 3123 3236 3196 penitus
3272 3123 3494 3196 nullum
3521 3138 3699 3196 appa-

2052 3200 2202 3251 reret
2223 3197 2526 3250 :dixerunt
2554 3194 2956 3267 superioribus
2982 3195 3320 3267 traditionis
3352 3194 3704 3267 gestis,’t'ra-

2051 3268 2294 3322 ditorem
2339 3267 2654 3321 Stratonem
2705 3264 2887 3320 fuisse
2937 3265 3320 3320 recitatum.»
3361 3264 3698 3326 'Loca'vero

2051 3336 2232 3393 fuisse
2253 3351 2414 3393 sacra
2429 3339 2484 3392 in
2501 3335 2792 3393 breviculo
2805 3336 3058 3405 ejusdem
3076 3336 3406 3392 collationis
3421 3338 3701 3396 dicuntur

2052 3409 2473 3482 Ecclesiastica.
2501 3410 2594 3464 Sic
2621 3407 2918 3482 _enim_‘ibi
2955 3426 3025 3482 :_a
3063 3409 3127 3464 Et
3164 3422 3294 3463 cum
3340 3409 3432 3465 his
3468 3424 3698 3482 quoque

2051 3481 2228 3552 gestis
2261 3481 2502 3552 nullum
2530 3479 2869 3552 Melchiadis
2919 3480 3138 3534 crimen
3177 3485 3232 3552 et
3256 3551 3259 3552 ν
3285 3479 3621 3552 οοςηίῑὸνίζ
3643 3488 3699 3539 et

2051 3549 2357 3608 catholicis
2407 3549 2804 3605 defensoribus
2833 3557 3174 3619 appareret:
3206 3549 3481 3607 dixerunt
3505 3549 3700 3609 Dona-

2051 3624 2218 3688 tistae,
2274 3623 2592 3678 Stratonem
2634 3622 2962 3690 diaconum,
2998 3635 3164 3692 quem
3197 3636 3326 3677 cum
3383 3623 3520 3679 aliis
3549 3625 3696 3681 Mel-

2051 3694 2285 3767 chiades
2313 3694 2381 3767 ad
2434 3693 2836 3767 recuperanda,
2864 3693 2986 3748 loca
3011 3693 3402 3749 ecclesiastica
3444 3695 3698 3767 miserat,

2051 3765 2452 3834 superioribus
2500 3765 2678 3834 gestis
2725 3763 3027 3820 recitatum
3069 3767 3404 3821 traditorem
3437 3783 3450 3833 ς
3484 3773 3538 3821 et
3569 3763 3696 3824 ideo

2050 3836 2495 3892 volebantetiam
2516 3834 2878 3907 Melchiadem
2895 3836 3140 3891 crimine
3159 3837 3495 3894 traditionis
3513 3850 3702 3907 asper-

2053 3921 2202 3979 gere,
2237 3909 2386 3978 quod
2430 3907 2673 3963 diacono
2707 3905 2809 3962 illo
2849 3921 2963 3962 non
2995 3907 3300 3978 degradato
3318 3905 3604 3979 uteretur.
3634 3912 3697 3968 in

2056 3978 2448 4048 persecutione
2471 3985 2660 4034 autem
2701 3991 2806 4033 sua
2839 3979 3133 4046 dixerunt,
3168 3978 3541 4036 Melchiadem
3574 3988 3698 4036 ter-

1976 4071 2024 4136 ρ
2054 4051 2560 4136 tiumepiecopum
2610 4048 2905 4136 tuiss'e‘ab
2939 4049 3362 4136 illoteqnuitunc
3393 4058 3534 4119 erat,
3567 4067 3697 4136 cum

2055 4123 2307 4196 traditio,
2327 4121 2474 4177 facta
2504 4128 2670 4196 esset.
2703 4139 2731 4196 ξ)
2763 4122 2830 4196 Et
2857 4121 2994 4196 dum
3027 4121 3442 4196 catholieorum
3466 4125 3700 4196 regerit

2053 4195 2506 4264 responsionem,
2534 4200 2587 4249 et
2611 4193 2722 4262 ipsi
2750 4193 2820 4248 de
2848 4192 3132 4248 restitutis
3157 4192 3579 4251 ecclesiasticis
3607 4197 3698 4252 lo-

2050 4269 2146 4322 cis.
2185 4271 2290 4322 eta
2324 4265 2636 4321 Melchiade
2677 4265 3028 4335 recuperatis
3070 4265 3396 4334 meminere,
3430 4267 3648 4323 aientes
3680 4286 3695 4322 :

2054 4358 2080 4389 α
2109 4339 2227 4393 Etsi
2277 4338 2720 4402 demonstretur,
2751 4338 2900 4407 quod
2923 4337 3158 4393 omnino
3192 4351 3301 4393 non
3333 4340 3698 4394 demonstra-

2049 4407 2230 4477 bitur,
2246 4409 2502 4465 eumdem
2519 4411 2840 4464 Stratonem
2858 4410 3165 4480 diaconum
3181 4409 3514 4480 tradidisse,
3529 4424 3698 4480 quem

2052 4490 2244 4550 postea
2276 4481 2622 4536 Melchiades
2650 4481 2716 4536 ad
2744 4479 3130 4548 recuperanda
3155 4479 3277 4533 loca
3301 4479 3694 4550 ecclesiaStica

2051 4549 2179 4608 cum
2203 4552 2339 4607 aliis
2363 4553 2628 4607 diaconis
2657 4551 2815 4605 misit
2838 4565 2853 4618 ;
2874 4562 2984 4605 non
3015 4549 3292 4604 continuo
3323 4549 3694 4608 Melchiadem

2050 4624 2164 4679 isto
2185 4624 2428 4678 crimine
2474 4623 2722 4692 aspergi,
2750 4633 2932 4693 quem
2965 4620 3158 4693 potuit
3184 4619 3501 4693 persecutio
3529 4622 3697 4693 longe

2051 4693 2236 4750 facere
2281 4693 2589 4760 absentem,
2637 4691 2696 4747 ut
2747 4691 2851 4746 hoc
2875 4691 3111 4746 omnino
3157 4691 3422 4759 nesciret,
3452 4691 3699 4764 eumque

2051 4767 2410 4821 innocentem
2464 4768 2711 4834 putaret,
2757 4776 2924 4832 quem
2980 4775 3143 4818 nemo
3185 4776 3342 4819 reum
3373 4766 3696 4821 accusando

2051 4842 2414 4893 monstraret.
2465 4853 2493 4885 ››
2546 4835 2920 4890 Basilicarum
2981 4834 3174 4904 itaque
3243 4835 3533 4905 restitutio
3599 4849 3698 4905 per

2049 4909 2398 4964 Maxentium
2449 4906 2781 4976 publicatur
2832 4910 2962 4960 ante
2999 4903 3212 4962 annum
3262 4903 3389 4970 344,
3434 4913 3492 4962 et
3545 4903 3696 4963 anno

2050 4980 2372 5050 sequentia
2397 4979 2772 5050 Constantino
2815 4984 3094 5050 tyrannus
3144 4977 3503 5050 proﬂigatur,
3544 4979 3696 5034 unde

2051 5049 2237 5108 locum
2286 5050 2496 5106 tribuit
2525 5049 2851 5117 Melchiadi,
2898 5055 2961 5104 ut
3011 5049 3079 5104 ad
3129 5049 3433 5119 antiquum
3481 5063 3692 5106 morem

2049 5123 2274 5178 easdem
2305 5123 2654 5187 restitueret,
2688 5122 2971 5188 praecipue
3003 5120 3060 5175 in
3094 5119 3401 5176 missarum
3429 5120 3692 5176 celebra-

2049 5195 2226 5262 tione,
2272 5199 2327 5249 et
2366 5192 2744 5248 Eucharistiae
2790 5191 3187 5260 deportatione
3240 5204 3337 5260 per
3384 5192 3690 5249 Ecclesias.

2052 5267 2196 5320 Hinc
2218 5261 2482 5321 Consulto
2503 5264 2650 5318 dicit
2677 5263 2843 5318 Liber
2871 5261 3243 5323 Pontiﬁcalis,
3266 5263 3416 5331 fecit,
3447 5276 3545 5318 nec
3569 5265 3696 5320 uti-v

2052 5343 2147 5392 tur
2176 5336 2346 5391 verbo
2377 5338 2676 5397 constituit,
2709 5335 3032 5390 denotando
3057 5334 3201 5389 hanc
3228 5334 3518 5390 inductam
3549 5348 3692 5391 con-

297 5404 797 5474 edictodecernit.
825 5406 962 5460 Loca
989 5407 1252 5462 universa
1277 5407 1668 5464 ecclesiastica
1691 5404 1942 5466 Romano
1971 5457 2021 5474 ﬁ
2051 5409 2414 5464 suetudinem
2451 5420 2559 5461 non
2591 5419 2788 5462 novam
2812 5419 2954 5471 esse,
2985 5405 3078 5461 sed
3106 5405 3365 5474 pristinae
3396 5412 3694 5463 restaura-

296 5457 454 5533 eius
468 5457 670 5550 tuisse
698 5457 1086 5545 testatae
1103 5457 1480 5550 iisetiam
1489 5457 1942 5550 incassm;
1971 5457 2024 5520 Ῑ)
2052 5457 2685 5536 {exanimasset
2704 5457 2869 5533 Wet-'6
2878 5457 3158 5550 ’ῐὲιῇρὃῖί
3178 5457 3691 5544 iecissent“.

296 5559 474 5604 conos
517 5544 585 5620 ad
644 5558 706 5600 ea
767 5547 1152 5620 recuperanda
1198 5561 1263 5602 ex
1330 5549 1602 5620 Maxentii
1634 5544 1940 5620 ‘rescripto

298 5622 508 5676 docent
560 5618 696 5671 Acta
740 5618 933 5673 eadem
986 5618 1204 5686 prolata
1260 5620 1318 5673 in
1367 5619 1578 5674 celebri
1635 5618 1940 5678 collatione

297 5688 802 5762 Carthaginensic.
833 5686 916 5762 42,
949 5686 1108 5762 43,ει
1130 5689 1184 5744 S.
1211 5688 1571 5762 Augustinus
1601 5691 1657 5746 in
1686 5691 1787 5746 lib.
1816 5699 1939 5762 post

301 5761 520 5824 collat.,
557 5759 616 5816 in
659 5773 773 5830 quo
815 5760 994 5816 diluit
1023 5759 1450 5818 Donatistarum
1502 5759 1939 5821 criminationes

271 5881 276 5888 .
305 5831 610 5890 Melchiadi
640 5832 962 5904 impositas,
997 5845 1237 5905 quarum
1267 5845 1382 5890 una
1409 5837 1550 5906 erat,
1597 5837 1748 5907 quod
1790 5836 1939 5896 inter

2051 5551 2446 5621 persecutione
2491 5561 2742 5604 cessasse
2794 5554 2947 5621 metu
3008 5549 3262 5621 incusso,
3300 5561 3408 5621 non
3459 5562 3587 5621 vero
3618 5563 3689 5606 ex

2045 5618 2228 5680 animi
2255 5621 2642 5691 persuasione,
2666 5620 2872 5676 suadet
2901 5619 3078 5674 altera
3101 5618 3392 5676 Africanis
3417 5620 3690 5677 Ecclesiis

2049 5692 2412 5765 indulgentia
2440 5691 2802 5765 proclamata,
2835 5692 2979 5746 Dum
3007 5691 3412 5765 enimaudiret
3438 5693 3683 5748 Alexan-

2045 5761 2563 5836 drum'Tyrannum
2588 5763 2652 5836 in
2685 5761 2873 5818 Africa
2901 5775 3042 5818 nova
3073 5763 3288 5836 moliri,
3312 5771 3363 5836 et
3383 5763 3685 5836 imperium

2045 5833 2323 5895 adversus
2352 5835 2703 5902 Maxentium
2741 5847 3040 5907 occupare,
3073 5833 3236 5894 illico
3280 5835 3462 5893 mittit
3493 5845 3683 5903 pacem
