4072 6176
319 353 343 411 4
352 352 459 412 505

1107 354 1426 411 HISTORIA
1465 355 1554 411 DE
1591 353 1766 411 VITIS
1803 353 1970 411 ROM.
2011 349 2213 409 PONT.
2253 382 2322 394 -
2360 353 2416 409 S.
2457 355 2907 416 MELCHIADES.

3590 356 3731 418 4506

312 477 418 550 Sed
449 477 656 534 iterum
681 477 839 550 prior
859 478 1102 548 quaestio
1121 479 1374 535 animum
1403 478 1613 548 pulsat,
1636 483 1691 534 et
1711 477 1916 547 exponi
1935 489 1967 532 a
1995 476 2054 536 A
2080 487 2308 545 quoque
2331 476 2400 532 de
2426 477 2714 550 Baptismo
2739 491 2862 548 cap.
2885 475 2944 550 5,
2967 477 3232 550 initiatos
3258 477 3439 536 fuisse
3456 493 3558 550 per
3579 480 3725 537 lava-

319 549 487 604 nobis
532 549 800 618 postulat,
835 550 972 619 quid
1014 551 1240 607 demum
1272 563 1572 607 commune
1601 563 1729 605 cum
1760 562 1969 619 super-

315 621 570 676 stitiosis
590 621 951 677 ethnicorum
976 623 1220 692 jejuniis
1244 622 1474 676 haberet
1494 621 1842 692 abstinentia
1862 622 1968 675 Ma-

318 693 693 764 nichaeorum,
729 693 806 747 ita
840 701 902 748 ut
933 690 1256 762 M'el'chiadi,
1293 694 1460 764 quasi
1486 693 1772 748 divinanti
1801 690 1970 764 futu-

316 776 433 818 ram
464 763 835 830 calumniam,
863 766 1289 834 praecavendum
1314 763 1496 820 fuerit
1514 766 1759 833 decreto,
1783 763 1971 819 exclu-

315 835 486 890 dente
509 835 660 889 diem
694 836 1043 892 Dominicam
1070 843 1126 892 et
1156 837 1416 906 quintam
1444 834 1644 890 feriam
1670 849 1699 890 a
1723 835 1965 891 solemni

316 906 733 960 catholicorum
762 907 1006 976 jejunio,
1037 921 1106 963 ne
1135 909 1504 963 crederentur
1528 921 1595 962 ex
1629 907 1968 962 manichmo-

316 991 443 1032 rum
469 977 1054 1050 institutisjejunare.
1087 979 1418 1048 Opportune
1449 981 1708 1050 suggerit
1737 990 1967 1050 causam

313 1047 550 1103 cautela:
578 1056 698 1102 tum
726 1051 1000 1118 temporis
1029 1047 1361 1105 necessaria:
1391 1047 1668 1120 impressa
1690 1064 1800 1105 non
1827 1048 1970 1104 mul-

313 1124 402 1174 tos
423 1124 553 1174 ante
575 1133 644 1174 an
658 1134 758 1191 nos
779 1120 1044 1176 Archelai
1069 1122 1322 1191 episcopi
1348 1122 1670 1191 disputatio
1692 1122 1966 1176 adversus

312 1192 608 1261 Manetem,
643 1190 804 1246 illius
831 1199 994 1247 sectze
1027 1190 1338 1259 anetorem,
1368 1194 1423 1248 in
1448 1190 1811 1248 collectaneis
1838 1205 1968 1246 mo-

314 1271 718 1334 numentorum
748 1263 1012 1319 Ecclesia:
1031 1264 1238 1318 Graeca:
1263 1270 1434 1334 atque
1459 1265 1670 1319 Latium
1692 1270 1811 1318 tum
1839 1263 1967 1331 pri—

316 1346 468 1388 mum
491 1333 666 1388 editis
695 1348 824 1389 cum
852 1335 1103 1390 eruditis
1129 1335 1627 1390 observationibus
1652 1349 1683 1389 a
1708 1337 1775 1388 La
1789 1347 1964 1389 uren-

315 1403 397 1458 tio
425 1405 755 1476 Zaccagnio,
795 1427 818 1456 α
852 1407 1114 1461 doctrina
1145 1413 1200 1461 et
1230 1407 1530 1476 omnigena
1562 1405 1965 1460 ecclesiasticae

311 1475 603 1530 erudition
616 1477 664 1530 is
680 1477 882 1545 peritia
898 1477 1287 1546 praefecturam
1305 1475 1668 1532 bibliotheca:
1685 1478 1964 1531 Vaticanze

311 1548 651 1620 promerito:
679 1566 704 1596 »
727 1563 840 1618 quo
861 1549 1048 1620 elogio
1072 1551 1253 1604 virum
1283 1549 1566 1604 illustrem
1594 1548 1965 1620 prosequitur

311 1617 675 1672 clarissimus
701 1617 844 1673 alter
865 1617 1051 1674 aetatis
1080 1625 1287 1675 nostra:
1319 1620 1568 1687 scriptor
1602 1619 1905 1687 Philippus
1929 1632 1962 1674 a

308 1689 489 1760 Turre
509 1689 811 1759 episcopus
834 1691 1155 1759 Adriensis,
1183 1693 1330 1746 inter
1354 1691 1670 1759 praecipuos
1689 1691 1963 1760 omnique

310 1759 574 1814 doctrina
596 1769 828 1816 ornatos
855 1763 1048 1817 saeculi
1081 1764 1260 1818 nostri
1294 1762 1564 1831 prmsules
1591 1769 1646 1816 et
1671 1764 1792 1831 ipse
1812 1759 1962 1831 enu-

2078 560 2238 602 crum
2288 549 2756 617 commemorat):
2799 554 2855 604 et
2900 549 2949 603 si
2995 548 3184 606 adhuc
3238 548 3476 606 memini
3512 553 3724 607 Mithra

2077 618 2268 692 signat
2297 619 2421 675 illic
2449 622 2505 676 in
2536 619 2826 677 frontibus
2856 619 3072 675 milites
3097 635 3252 690 suos,
3285 621 3532 678 celebrat
3559 625 3725 692 panis

2078 689 2447 764 oblationem,
2493 698 2548 746 et
2579 693 2885 764 imaginem
2929 689 3373 764 resurrectiOnis
3421 689 3633 763 induit,
3667 702 3725 750 et

2077 760 2186 816 sub
2231 761 2418 832 gladio
2463 760 3011 819 redimit'coronam.
3060 762 3128 818 Ut
3169 778 3301 819 vero
3342 760 3724 821 Eucharis'tia:

2079 833 2267 904 imago
2300 832 2657 890 luculentlus
2698 835 3144 890 adumbraretur
3167 837 3353 904 panis,
3391 841 3440 888 et
3465 839 3725 904 poculum

2075 918 2233 975 aqua
2271 905 2606 974 ponebatur,
2647 907 2823 960 verbis
2862 906 3192 975 quibusdam
3231 907 3469 972 additis,
3515 908 3600 962 uti
3647 921 3729 962 re-

2077 973 2186 1030 fert
2213 977 2477 1032 Justinus
2520 983 2750 1048 martyr.
2797 973 3035 1049 Apolog.
3077 975 3131 1047 2,
3178 992 3302 1050 pag.
3343 977 3415 1034 98
3450 978 3573 1033 edit
3610 979 3720 1034 GL.

2077 1047 2258 1101 Paris.
2299 1046 2458 1104 4615.
2488 1067 2514 1098 ι)

2117 1061 2258 1101 aPIS.
2299 1061 2458 1102 ’IO‘IE).
2488 1067 2514 1098 ι)

2143 1118 2392 1191 Omissis
2437 1126 2622 1174 tamen
2657 1120 2753 1189 iis,
2788 1134 2913 1191 qua:
2943 1121 3011 1175 ad
3053 1125 3536 1177 sacramentorum
3583 1121 3725 1176 imi-

2074 1190 2343 1245 tationem
2376 1191 2710 1260 sacrilegam
2745 1190 3053 1262 pertinent,
3089 1193 3505 1261 properandum
3537 1196 3623 1248 est
3652 1193 3721 1248 ad

2072 1273 2158 1327 ea,
2187 1276 2311 1330 quae
2336 1263 2561 1317 Mithrm
2585 1263 2854 1326 cultores,
2884 1270 2939 1318 et
2967 1263 3116 1318 inter
3143 1264 3246 1319 hos
3269 1264 3568 1318 Manichmi
3594 1277 3721 1318 cum

2075 1334 2320 1401 propriae
2351 1341 2516 1387 secta:
2547 1341 2779 1389 auctore
2809 1334 3034 1388 Mithrm
3060 1335 3244 1390 sacris
3278 1336 3531 1399 initiato,
3561 1335 3725 1403 ejus—-

2074 1416 2184 1471 que
2230 1403 2369 1459 idoli
2417 1405 2714 1475 sacerdote,
2762 1419 2827 1460 ac
2873 1406 3050 1468 eudio,
3114 1406 3192 1459 ita
3243 1406 3626 1475 peragebant;
3662 1411 3724 1460 ut

2071 1475 2382 1530 cavendum
2413 1473 2590 1530 fuerit
2619 1476 2842 1530 decreto
2871 1473 3336 1542 Melchiadisﬁie
3361 1473 3582 1544 jejunia
3616 1490 3716 1531 no-

2072 1550 2189 1600 stra
2221 1559 2348 1600 cum
2381 1548 2708 1601 eorumdem
2748 1546 3122 1609 abstinentiis
3163 1547 3496 1602 viderentur
3526 1560 3720 1602 conveo

2073 1617 2216 1670 nire.
2238 1617 2299 1686 S_.
2329 1617 2644 1686 Gregorius
2676 1619 3064 1674 Nazianzenus
3094 1624 3237 1672 orat.
3271 1616 3305 1674 3
3335 1619 3391 1672 in
3424 1619 3718 1673 lulianum

2073 1701 2198 1758 pag.
2229 1684 2319 1751 77,
2354 1684 2506 1742 tonio
2539 1691 2578 1756 l,
2612 1689 2752 1743 edit.
2803 1689 2978 1744 Paris.
3019 1688 3196 1745 1630:
3237 1710 3261 1740 α
3309 1692 3366 1744 ln
3410 1691 3592 1744 sacris
3624 1689 3727 1744 Mi-

2072 1759 3071 1829 thraaadhibitosasseritcruciatus,
3088 1761 3411 1831 justasque,
3434 1761 3723 1816 autetiam

311 1831 640 1911 merandus.
673 1834 730 1886 lu
761 1833 994 1911 dissert.
1026 1829 1340 1911 deliiithra
1361 1848 1482 1911 cap.
1517 1832 1569 1897 5,
1607 1829 1879 1911 pag-207,
1912 1833 1961 1888 is
1989 1840 2037 1900 Β
2071 1831 2340 1911 mysticus
2362 1833 2622 1911 ust‘iones
2643 1849 2708 1911 τ’»
2733 1833 2883 1911 quod
2907 1829 3466 1911 comprobatprmsui
3489 1833 3725 1911 Adrien-

309 1901 617 1972 colligebat
644 1917 708 1957 ex
745 1906 1044 1959 enuntiato
1083 1905 1343 1960 Archelai
1373 1901 1662 1974 colloquio
1685 1901 1960 1960 adversus

309 1974 610 2044 Manetem,
649 1974 792 2028 hunc
837 1977 1051 2029 Persam
1082 1992 1148 2030 ea:
1187 1976 1418 2029 Corbitio
1455 1977 1670 2030 Martem
1714 1976 1960 2044 effectum

309 2042 624 2099 barbaricae
658 2045 824 2100 illius
856 2047 1238 2116 philosophiae
1266 2047 1614 2115 studiosum,
1650 2042 1776 2116 quae
1806 2047 1956 2116 apud

308 2129 448 2188 suos
496 2116 799 2185 populares
827 2119 1073 2188 vigebat,
1116 2118 1467 2174 addidicisse
1499 2131 1719 2173 errores
1748 2120 1960 2173 Zoroa—

306 2186 450 2260 stris
473 2193 528 2241 et
551 2201 863 2258 magorum,
890 2186 1087 2258 nempe
1109 2190 1253 2244 solis
1277 2190 1519 2253 cultum,
1548 2189 1958 2260 palingenesim

305 2258 653 2324 animarum,
687 2260 802 2315 duo
836 2262 1034 2316 mundi
1071 2261 1374 2330 principia,
1411 2262 1624 2327 bonum,
1661 2258 1729 2315 ac
1753 2262 1960 2315 malum

302 2331 544 2402 genium,
574 2336 629 2385 et
655 2330 984 2400 hujusmodi
1009 2345 1266 2388 errorum
1294 2337 1586 2402 portenta:
1616 2346 1739 2402 quae
1769 2331 1962 2387 invol-

303 2401 508 2472 venda,
541 2407 595 2457 et
624 2404 1043 2460 commiscenda
1069 2401 1323 2472 suscepit
1347 2403 1614 2459 distortis
1640 2401 1875 2471 ritibus,
1905 2408 1961 2458 et

303 2471 502 2557 dictis,
527 2473 1034 2557 e‘Christianorum
1059 2471 1284 2530 libris’a
1306 2475 1689 2557 sedilig‘enter
1707 2475 1960 2557 conqui—

305 2542 480 2610 sitis;
510 2549 573 2618 ut
604 2557 778 2600 novas
811 2546 1049 2602 haereses
1077 2559 1144 2602 ex
1178 2542 1632 2615 praecedentibus
1662 2542 1960 2618 compagio

306 2619 490 2687 naret.
512 2615 760 2687 Paternae
781 2630 913 2672 vero
935 2618 1371 2687 superstitionis
1394 2632 1506 2687 pra:
1524 2619 1750 2673 caeteris
1769 2615 1956 2684 tenax,

307 2684 529 2757 cultum
565 2686 718 2757 ignis
748 2701 814 2743 ac
857 2684 1318 2757 solis'professaa,
1353 2684 1536 2744 voluit
1571 2690 1740 2744 etiam
1775 2690 1959 2744 sacris

309 2755 536 2811 Mithrae
565 2755 813 2829 initiari.
843 2755 1369 2828 Quare‘Archelaus
1397 2761 1704 2829 episcOpus
1737 2761 1814 2815 ita
1849 2760 1957 2815 ho—

308 2828 520 2882 minem
565 2828 921 2898 alloquitur:
958 2851 984 2882 α
1018 2831 1261 2886 Barbare
1305 2832 1571 2886 sacerdos
1605 2828 1858 2898 Mithrae,
1904 2838 1959 2886 et

307 2897 586 2972 collusor,
614 2897 788 2972 solem
818 2907 1035 2956 tantum
1067 2903 1222 2958 coles
1246 2903 1516 2957 Mithram
1547 2903 1799 2958 locorum
1833 2897 1957 2972 my-

307 2970 586 3043 sticorum
631 2971 1105 3036 illuminatorem,
1142 2979 1205 3028 ut
1236 2974 1517 3043 Opinaris,
1549 2981 1603 3029 et
1633 2970 1953 3042 conscium,

307 3041 415 3116 hoc
443 3044 708 3116 estquod
740 3045 887 3113 apud
921 3057 1016 3100 eos
1061 3045 1222 3100 ludes
1249 3041 1334 3114 (ut
1366 3045 1551 3100 reddit
1592 3046 1940 3116 Zaccagnius

306 3112 429 3166 sive
461 3113 763 3186 ludius(u‘t
785 3112 1086 3184 legendum
1121 3112 1281 3186 putat
1305 3117 1611 3186 episcopus
1635 3112 1939 3172 Adriensis

2069 1899 2152 1972 sis
2196 1916 2319 1972 pag.
2369 1899 2494 1970 2M,
2545 1916 2614 1957 ex
2658 1899 2835 1958 Sui’da
2876 1909 2931 1957 et
2978 1899 3325 1972 Porphyrio:
3361 1905 3455 1958 sed
3507 1904 3726 1959 clarius

2071 1971 2328 2044 illustrat
2352 1986 2420 2028 ex
2448 1976 2669 2042 Nonno,
2697 1980 2751 2029 et
2780 1987 2848 2029 ex
2877 1974 3072 2030 Niceta
3103 1971 3389 2044 episcopo.
3429 1994 3454 2024 ‹‹
3489 1976 3726 2031 Nonnus

2065 2042 2201 2113 (non
2232 2044 2388 2100 Elias
2417 2043 2722 2110 Cretensis,
2761 2051 2822 2100 ut
2856 2045 2999 2100 male
3029 2042 3168 2100 citat
3198 2042 3471 2101 Barthius
3499 2047 3568 2102 ad
3592 2047 3724 2102 Sta—

2071 2115 2139 2170 tii
2174 2116 2360 2171 locum
2397 2117 2454 2170 in
2488 2116 2596 2172 ﬂne
2620 2116 2755 2172 libri
2790 2118 2960 2186 primi
2992 2116 3331 2185 Thebaidos,
3364 2118 3535 2171 Adsis
3564 2133 3593 2170 ο
3623 2132 3734 2171 me-

2067 2202 2185 2241 mor
2223 2188 2465 2258 hospitii)
2503 2195 2801 2244 enumerat
2841 2186 3068 2244 Gradus
3112 2193 3526 2244 tormentorum
3571 2193 3726 2242 octo-

2068 2260 2241 2326 ginta,
2279 2258 2494 2328 quibus
2529 2258 2805 2328 probandi
2843 2264 3006 2314 erant
3039 2260 3103 2329 ii,
3139 2261 3238 2329 qui
3285 2259 3509 2314 Mithrae
3541 2258 3724 2316 sacris

2072 2329 2477 2386 initiabantur.
2520 2331 2748 2386 Nicetas
2779 2331 3086 2400 episcopus
3127 2331 3276 2400 apud
3309 2331 3569 2387 eumdem
3602 2332 3722 2385 Na-

2069 2402 2400 2456 zianzenum
2430 2404 2761 2471 expressius
2789 2409 3041 2457 recenset
3070 2402 3162 2457 his
3185 2402 3375 2458 verbis
3400 2419 3412 2455 :
3443 2423 3467 2454 α
3501 2404 3562 2457 In
3596 2402 3724 2471 ipso

2071 2473 2430 2545 probationis
2473 2475 2735 2544 ingressu
2782 2486 2880 2544 per
2916 2473 3344 2545 quinquaginta
3387 2479 3534 2529 lotos
3569 2473 3715 2545 dies,

2067 2556 2162 2598 eos
2192 2542 2365 2598 ferme
2389 2542 2672 2612 cruci—ant,
2705 2542 2912 2601 deinde
2933 2542 3223 2600 duos—dies
3254 2545 3451 2616 ﬂagris
3473 2542 3721 2614 caadunt,

2070 2620 2186 2670 tum
2219 2616 2274 2669 in
2309 2615 2491 2670 nivem
2523 2617 2731 2687 viginti
2761 2615 2887 2671 dies
2921 2616 3282 2687 immergunt.
3321 2615 3346 2665 δ

2134 2687 2206 2739 At
2233 2687 2291 2740 in
2323 2688 2520 2742 codice
2543 2686 2739 2742 Graeco
2769 2686 3184 2755 Laurentianaa,
3215 2687 3432 2756 scripto
3457 2686 3528 2741 ab
3553 2686 3723 2742 annis

2067 2757 2470 2827 septingentis,
2514 2763 2568 2812 et
2615 2771 2712 2826 per
2761 2757 2822 2811 V.
2875 2758 2933 2811 C.
2983 2757 3476 2814 Montfauconium
3527 2758 3723 2812 Latine

2067 2829 2289 2882 reddito
2321 2829 2532 2898 gradus
2562 2829 2855 2897 octoginta
2886 2828 2965 2882 ita
2999 2835 3330 2884 numeratos
3357 2829 3524 2883 nobis
3549 2829 3723 2884 exhi-

2066 2898 2160 2954 bet
2190 2913 2312 2968 pag.
2351 2897 2486 2953 212:
2518 2920 2542 2950 α
2572 2900 2756 2968 Hujus
2780 2905 2970 2955 autem
3000 2900 3226 2955 Mithrze
3255 2901 3550 2970 mysteriis
3577 2914 3723 2970 quae-

2067 2971 2196 3025 dam
2233 2971 2596 3025 initiationes
2620 2979 2757 3024 sunt
2791 2971 3036 3024 maxime
3066 2971 3215 3038 apud
3257 2971 3576 3026 Chaldaeos.
3609 2971 3721 3039 Qui

2066 3041 2293 3095 Mithrae
2313 3041 2601 3110 mysteriis
2624 3041 2939 3111 initiantur
2955 3041 3302 3109 quibusdam
3323 3055 3424 3096 ceu
3445 3041 3725 3111 gradibus

2065 3114 2364 3166 cruciatus
2397 3111 2626 3180 probari
2674 3110 2976 3180 solebant:
3012 3111 3090 3165 ita
3126 3118 3187 3166 ut
3220 3110 3471 3179 primum
3507 3111 3723 3168 leviore

306 3187 661 3258 ettanquam
685 3179 924 3257 'elega'ns
954 3179 1146 3243 minus
1180 3179 1406 3256 peragis
1434 3179 1723 3258 misteria.
1754 3205 1780 3236 ››
1813 3179 1953 3243 Tum
1986 3183 2034 3244 ι]
2067 3195 2362 3258 [uenarum
2402 3179 2614 3258 genere
2656 3179 3035 3258 aﬂicerentur,
3077 3181 3376 3258 deinceps
3411 3183 3720 3258 vehemen—

306 3254 471 3329 addit
500 3254 807 3329 laudatus
826 3259 1030 3325 praesul
1073 3254 1390 3313 Adriensis.
1428 3254 1743 3329 «Manetes
1775 3259 1956 3329 igitur

306 3324 588 3397 Archelao
621 3333 706 3382 est
733 3324 914 3382 minus
944 3336 998 3383 et
1029 3329 1232 3394 ludius,
1269 3330 1367 3397 qui
1401 3328 1508 3383 sub
1550 3324 1955 3384 ferarum'for-—

312 3396 426 3471 mis
474 3410 626 3471 more
670 3397 1026 3471 histrionico
1051 3396 1328 3471 mysteria
1367 3398 1591 3453 Mithrm
1634 3399 1951 3471 peragebat,

311 3468 466 3522 unde
493 3474 550 3523 et
579 3469 704 3538 ejus
736 3470 970 3524 coltusor
1000 3468 1215 3526 dictus.
1261 3471 1658 3539 Conjecturam
1695 3468 1800 3525 hoc
1833 3471 1955 3527 loco

309 3539 538 3600 addam.
575 3541 844 3608 quoniam
879 3542 948 3596 de
978 3543 1199 3596 Manete
1227 3554 1414 3596 sermo
1444 3547 1548 3596 est.
1580 3543 1785 3597 Narrat
1817 3542 1958 3597 Plu-

313 3610 551 3684 tarchus
574 3613 644 3665 de
670 3611 821 3666 Iside
846 3618 903 3666 et
926 3612 1156 3668 Osiride
1183 3627 1308 3684 pag.
1342 3609 1466 3676 369,
1502 3615 1799 3668 Persarum
1832 3627 1958 3669 ma-

309 3693 414 3751 gos
441 3682 758 3737 Zoroastris
783 3686 1068 3738 sententia
1089 3685 1238 3740 duos
1261 3682 1398 3739 deos
1424 3684 1699 3739 statuisse
1727 3686 1876 3741 inter
1901 3698 1961 3741 se

306 3754 653 3826 contrarios,
689 3752 1097 3826 Qromazanket
1127 3756 1497 3821 Arimam'um,
1535 3769 1776 3826 quorum
1809 3771 1961 3812 unus

308 3823 671 3895 mala,ralter
711 3824 860 3881 bona
903 3825 1187 3881 conferret
1220 3845 1232 3880 :
1270 3827 1533 3895 interque
1555 3823 1670 3883 'eos
1711 3828 1962 3883 medium

304 3893 422 3950 coli
440 3894 724 3968 Mithram,
746 3910 911 3966 quem
933 3897 1149 3954 idcirco
1167 3899 1390 3968 μεσέτην,
1414 3893 1469 3953 id
1492 3904 1577 3953 est
1592 3899 1959 3966 mediatorem,

307 3979 412 4041 seu
458 3967 838 4041 intermedium
876 3967 1304 4038 nuncupabant.
1338 3971 1539 4024 Annon
1575 3970 1758 4041 igitur
1785 3984 1814 4025 a
1847 3971 1964 4025 Mi-

310 4036 457 4092 thrae
483 4039 878 4095 sacerdotibus
909 4036 1126 4095 nefaria
1156 4041 1398 4096 Manetis
1424 4036 1684 4096 doctrina
1712 4041 1781 4097 de
1809 4043 1962 4098 duo-

307 4107 420 4184 bus
454 4109 931 4184 principiis,_uno
961 4111 1132 4179 bono,
1163 4113 1342 4168 altero
1375 4113 1522 4184 malo
1563 4113 1746 4181 ﬂuxit,
1789 4127 1958 4184 quam

309 4180 563 4306 primum
613 4180 978 4264 Schytianus,
1026 4183 1233 4266 deinde
1279 4183 1680 4266 Terebinthus,
1728 4180 1758 4240 e
1792 4180 1960 4267 cujus

337 4250 484 4306 ibris
528 4252 716 4306 Manes
763 4267 886 4306 inse
932 4254 1146 4306 hausit.
1197 4269 1307 4306 ms:
1349 4254 1723 4306 docuerunt?
1750 4256 1959 4306 Mithra

337 4250 484 4306 ibris
528 4250 736 4308 Manes
763 4253 886 4322 ipse
932 4254 1146 4318 hausit,
1197 4255 1307 4323 ipsi
1349 4254 1723 4311 docuerunt?
1750 4250 1959 4312 Mithra

307 4327 463 4396 certe
493 4323 642 4396 Deus
674 4323 772 4378 ille
806 4325 1076 4378 mediator
1118 4325 1265 4381 idem
1310 4332 1397 4381 est
1431 4340 1496 4382 ac
1539 4341 1746 4392 murus,
1791 4340 1959 4396 quem

311 4392 528 4449 ferebat
577 4395 772 4450 Manes
821 4396 1222 4452 intermedium
1276 4397 1426 4452 inter
1476 4397 1688 4454 bonum
1738 4392 1962 4453 et'ma—

311 4465 431 4520 lum
461 4465 592 4538 :_de
632 4479 750 4538 quo
796 4467 854 4521 in
905 4475 1210 4522 memorata
1259 4468 1653 4538 disputatione
1694 4468 1960 4524 Archelai

2064 3255 2230 3309 tiore.
2265 3251 2518 3321 Exempli
2552 3265 2724 3324 causa
2747 3253 2980 3324 :primo
3008 3253 3326 3308 initiandos
3351 3251 3498 3308 fame
3516 3253 3724 3324 afﬂige-

2064 3323 2202 3379 bant
2255 3323 2680 3393 quinquaginta
2729 3323 2955 3392 diebus,
3010 3337 3075 3378 ac
3124 3323 3175 3378 si
3229 3323 3344 3378 haec
3391 3323 3724 3380 constanter

2065 3395 2398 3461 tolerarent,
2450 3394 2583 3450 illos
2621 3393 2800 3450 biduo
2843 3394 2985 3450 caedi
3017 3394 3320 3463 curabant,
3351 3409 3418 3450 ac
3446 3395 3719 3465 deinceps

2064 3466 2256 3549 eodem
2289 3480 2464 3536 paenae
2485 3479 2689 3549 genere
2709 3465 2974 3549 singulos
2998 3466 3336 3549 exerce-bant
3356 3467 3576 3549 viginti
3594 3476 3722 3549 octo

2064 3537 2307 3594 diebus:
2334 3537 2514 3608 eoque
2547 3545 2709 3606 pacto
2735 3537 2960 3609 cunctis
2988 3538 3368 3606 cruciatibus,
3395 3537 3444 3593 si
3479 3539 3580 3609 qui
3615 3539 3721 3594 ini-

2067 3609 2366 3665 tiabantur
2395 3607 2511 3664 haec
2544 3609 2822 3678 patientes
2851 3607 3081 3677 ferrent,
3105 3614 3244 3665 tunc
3271 3607 3512 3665 demum‘
3535 3610 3723 3680 perfe-

2067 3682 2250 3736 ctiora
2303 3681 2572 3750 mysteria
2615 3680 3018 3736 edocebantur.
3074 3699 3101 3731 ››
3134 3711 3204 3721 -
3236 3700 3262 3732 α
3304 3682 3365 3736 Si
3418 3695 3719 3738 numerum

2070 3752 2315 3824 colligas
2346 3751 2768 3821 probationum.
2803 3752 3229 3822 quinquaginta
3269 3753 3495 3808 scilicet
3527 3752 3718 3822 famis,

2072 3825 2187 3880 duo
2224 3823 2712 3896 :ﬂagellationum,
2750 3824 3001 3896 repetito
3045 3823 3239 3878 eodem
3295 3837 3470 3893 poena:
3519 3838 3722 3896 genere

2075 3908 2174 3965 per
2189 3894 2340 3950 alios
2364 3895 2568 3966 viginti
2588 3904 2714 3950 octo
2731 3895 2876 3963 dies,
2904 3894 3178 3964 ipsosmet
3193 3896 3490 3966 octoginta
3509 3894 3723 3966 gradus

2070 3967 2256 4022 Nonni
2303 3965 2710 4036 deprehendes,
2746 3983 2772 4015 »
2805 3971 2913 4021 etc.
2957 3965 3264 4022 Concludit
3312 3965 3412 4021 has
3449 3965 3722 4022 observa-

2072 4038 2257 4094 tiones
2289 4038 2559 4092 laudatus
2591 4037 2799 4107 praesul
2829 4038 3150 4106 attendens,
3182 4057 3206 4088 α
3245 4038 3536 4092 Praesidem
3568 4039 3724 4109 ignis

2069 4110 2278 4165 terreni
2305 4123 2430 4165 esse
2458 4109 2725 4164 Mithram
2757 4121 2857 4164 seu
2883 4109 3088 4174 Solem,
3117 4109 3218 4180 qui
3249 4123 3378 4165 eum
3403 4114 3719 4179 conservat,

2068 4188 2124 4236 et
2153 4180 2320 4250 fovet,
2357 4181 2443 4236 uti
2478 4185 2756 4250 putarunt
2795 4186 3028 4246 veteres,
3065 4179 3310 4237 maxime
3341 4183 3536 4237 Persm.
3569 4179 3724 4249 Quos

2073 4253 2204 4308 inde
2233 4253 2315 4308 nil
2351 4253 2560 4307 mirum
2605 4252 2859 4321 ejusdem
2908 4253 3063 4323 ignis
3092 4253 3315 4308 cultum
3351 4254 3622 4309 retulisse
3651 4253 3720 4308 ad

2071 4339 2236 4380 suum
2269 4325 2588 4394 prmsidem,
2621 4329 2676 4378 et
2701 4330 3182 4393 conservatorem,
3215 4324 3398 4380 Solem
3430 4325 3718 4393 videlicet,

2072 4409 2172 4450 seu
2200 4397 2485 4451 Mithram.
2521 4415 2547 4446 υ
2576 4394 2851 4452 Observat
2869 4397 3038 4452 etiam
3068 4409 3138 4452 ex
3165 4396 3725 4466 Augustino,.Mani-

2071 4468 2258 4522 chaeos
2290 4467 2589 4536 profanare
2631 4475 2892 4523 assuetos
2922 4468 3114 4523 omnia
3157 4467 3487 4521 Christiana
3519 4479 3720 4521 sacra-

312 4550 441 4631 BEE-
466 4533 829 4631 3%..399‘9-
846 4533 1412 4631 semanima.
1445 4541 1964 4631 ἕξ-ξιάέξξιξιξιῖπξιρς
1990 4570 2042 4631 1)
2074 4533 3229 4631 ξιξερείξ-έιξξνξτμεξξεί9,δξξεθρὶξ.,Ψγήειεξέἱεη
3245 4549 3544 4631 asseras
3556 4537 3722 4631 512E"

311 4620 438 4680 nem
466 4606 737 4663 habuisse
762 4610 832 4665 de
851 4610 1078 4666 duobus
1107 4611 1415 4680 principiis
1438 4626 1564 4666 cum
1589 4612 1812 4667 Mithrae
1832 4612 1964 4668 aedi-

311 4679 534 4752 tuis,_e_t
566 4681 964 4752 sacerdotibus
993 4680 1166 4738 refert
1189 4679 1544 4752 Epiphanius
1585 4683 1783 4739 haeresi
1806 4683 1874 4739 68
1894 4685 1964 4739 de

309 4749 667 4825 Manichmis,
694 4765 853 4808 num.
872 4753 926 4808 3.
949 4773 974 4804 ι)
996 4756 1096 4810 llis
1113 4749 1276 4809 addit
1291 4749 1730 4810 eruditissimus
1754 4755 1961 4825 praesul

309 4821 761 4896 descriptionem
797 4826 964 4890 ritus,
1004 4841 1117 4896 quo
1144 4826 1466 4880 sacerdotes
1496 4826 1720 4880 Mithrae
1751 4821 1967 4882 anima-

313 4889 461 4966 li_um
490 4891 704 4966 figuras
722 4889 1453 4966 induebantsuperstitioso
1468 4897 1689 4952 lavacro
1707 4897 1963 4953 mundati

310 4961 384 5043 ad
419 4962 742 5044 animarum
778 4961 1798 5044 transmigrationem_spect_atoribus
1839 4970 1966 5025 suis

316 5037 730 5114 insinuandam
747 5051 876 5114 cum
899 5038 1194 5114 erroribus
1216 5046 1328 5114 tam
1351 5039 1769 5114 hmreticorum,
1791 5054 1964 5114 quam

311 5102 678 5186 ethnicorum
706 5109 784 5186 ad_
804 5109 1044 5186 Manetis
1073 5112 1317 5186 asseclas
1345 5111 1622 5186 derivatis
1644 5102 1966 5186 per-culto-

311 5187 405 5254 res
423 5176 648 5254 Mithrae
667 5191 732 5254 ac
752 5178 922 5254 Solis,
946 5187 1002 5235 et
1028 5183 1320 5250 permistis
1340 5183 1619 5254 sacrilega
1641 5176 1964 5239 imitatione

311 5246 532 5329 rituum
561 5246 1045 5329 Christianorum.
1082 5254 1205 5329 Haec
1235 5255 1388 5309 enim
1429 5246 1652 5329 scribit.
1687 5275 1713 5307 «
1753 5256 1958 5310 Verum

308 5316 381 5372 ad
408 5317 634 5400 Mithrae
677 5320 1036 5400 initiationes
1062 5326 1247 5400 redeo,
1274 5339 1399 5400 qua:
1444 5327 1630 5400 impio
1652 5329 1961 5396 mysterio-

314 5402 441 5443 rum
473 5391 592 5443 ritu
623 5391 1083 5465 perﬂciebantur.
1111 5397 1165 5450 ls
1200 5391 1410 5465 quippe
1435 5398 1502 5452 ad
1529 5391 1953 5454 imitamentum

309 5465 640 5540 sanctorum
711 5462 1051 5540 Christianae
1105 5462 1409 5540 religionis
1471 5477 1952 5540 sacramentorum

312 5530 659 5607 compositis
692 5545 789 5598 per
819 5535 1030 5607 gradus
1061 5530 1309 5607 profana:
1340 5540 1744 5607 augurationis
1775 5539 1956 5595 teletae

311 5601 383 5656 ad
421 5612 583 5654 sacra
613 5601 956 5669 capessenda
1001 5601 1474 5662 int’ormabantur.
1511 5611 1620 5663 Nec
1650 5610 1834 5664 ausim
1870 5624 1954 5666 se-

308 5684 414 5747 cus
441 5683 507 5725 ea
532 5671 873 5747 describere,
899 5688 1069 5747 quam
1111 5677 1372 5747 ipsismet
1403 5678 1588 5733 verbis
1616 5680 1956 5736 Tertulliani

309 5742 381 5796 de
429 5744 741 5819 priescript.
784 5742 932 5816 cap.’
959 5743 1027 5819 40
1062 5765 1075 5801 :
1123 5742 1150 5800 οἱ
1194 5749 1389 5818 Tingit
1432 5755 1487 5804 et
1531 5750 1652 5819 ipse
1692 5751 1960 5808 diabolus

314 5813 589 5894 quosdam
627 5813 829 5894 utique
857 5813 1186 5894 credentes,
1215 5826 1272 5876 et
1308 5813 1511 5894 fideles
1547 5813 1684 5880 suos
1712 5840 1725 5878 :
1758 5824 1962 5894 expia-

314 5886 526 5944 tionem
551 5886 898 5950 delictbrum
922 5890 994 5949 de
1021 5886 1246 5952 lavacro
1271 5893 1624 5967 repromittit
1644 5912 1673 5950 ››
1702 5896 1786 5970 (in
1809 5886 1961 5955 libro

2071 4613 2308 4670 Manete.
2337 4607 2561 4664 Mithrae
2587 4609 2770 4664 sacris
2799 4609 3054 4668 initiato.
3089 4608 3232 4661 hanc
3256 4607 3427 4661 etiam
3457 4607 3717 4676 blasphe-

2073 4681 2242 4735 miam
2271 4680 2592 4748 collegisse,
2623 4685 2685 4735 ut
2710 4679 3004 4734 Christum
3032 4677 3336 4732 Dominum
3365 4678 3548 4733 Solem
3575 4691 3717 4748 esse,

2071 4765 2171 4807 seu
2197 4747 2464 4806 Mithram
2499 4757 2782 4821 putarent.
2815 4770 2840 4803 α
2873 4752 2990 4804 lmo
3020 4748 3316 4821 Manichaei
3351 4747 3564 4819 (inquit
3591 4763 3715 4821 pag.

2070 4821 2214 4905 2H),
2267 4819 2513 4905 quorum
2561 4821 2866 4905 nefarium,
2912 4822 3113 4905 ducem
3158 4819 3390 4905 Mithrae
3424 4819 3719 4905 addictum

2073 4891 2343 4962 vidimus,
2372 4893 2556 4948 Solem
2585 4895 2685 4964 qui
2718 4893 2941 4948 Mithrae
2969 4899 3056 4947 est
3087 4892 3400 4960 ipsummet
3424 4891 3718 4964 Christum

2071 4965 2542 5094 grtaplgagntgézst:
2570 4961 2891 5036 Augustino
2921 4964 2980 5018 in
3009 4965 3277 5019 Joannem
3311 4975 3435 5033 cap.
3461 4961 3515 5033 8,
3549 4968 3714 5020 tract.

2232 5051 2319 5092 82.
2351 5051 2476 5092 064-.
2512 5055 2539 5086 )>

2310 5078 2319 5089 .
2464 5077 2476 5092 .
2512 5055 2539 5086 )>

2141 5052 2530 5179 ἱιςιέέἓὶῐξῒέἒτθ
2563 5106 2798 5163 fuerunt
2835 5105 3228 5179 exscribenda,
3261 5111 3338 5179 _ut
3379 5119 3720 5179 assequere-

2073 5195 2220 5248 mur,
2269 5176 2456 5250 quam'
2486 5179 2719 5250 provide
2765 5179 3093 5250 cavendum
3126 5176 3305 5250 fuerit
3347 5191 3446 5250 per
3489 5178 3719 5250 decreta

2069 5249 2428 5320 Melchiadis,
2454 5249 2522 5306 ne
2546 5250 2861 5320 disciplina
2883 5249 3200 5304 Christiani
3223 5249 3435 5318 jejunil
3467 5249 3720 5320 degene-

2070 5329 2240 5389 raret,
2281 5328 2380 5378 aut
2427 5323 2771 5391 proﬂuxisse
2818 5326 3140 5390 putaretur,
3189 5328 3245 5376 et
3277 5321 3626 5391 propendere
3657 5323 3717 5377 in

2064 5395 2467 5464 superstitiosa
2479 5393 2701 5462 jejunia
2715 5392 3172 5464 Mithriacorum.
3197 5406 3342 5462 quos
3358 5392 3508 5464 inter
3528 5394 3718 5449 Manes

2063 5463 2381 5535 coOptatus,
2404 5465 2720 5520 tradiderat
2742 5463 3002 5519 sectariis
3019 5464 3144 5519 suis
3162 5463 3516 5531 Manichaais,
3533 5476 3719 5535 exem-

2066 5539 2158 5607 plo
2177 5534 2294 5592 suo
2326 5536 2571 5591 redditis
2598 5549 2666 5591 ex
2717 5535 2918 5607 ludiis,
2942 5548 3022 5607 ac
3055 5535 3250 5607 mimis
3278 5535 3502 5589 Mithrae
3531 5534 3719 5594 ludiis

2063 5606 2129 5664 ac
2161 5609 2354 5662 mimis
2383 5611 2866 5678 sacramentorum
2895 5606 3133 5673 Christi,
3165 5619 3387 5678 errores
3423 5612 3479 5661 et
3507 5621 3720 5678 super-

2067 5681 2357 5745 stitiones,
2381 5677 2796 5735 confundentes
2808 5679 3100 5733 Christum
3118 5691 3247 5733 cum
3263 5677 3391 5734 Sole
3407 5683 3463 5733 et
3478 5679 3712 5734 Mithra.

2069 5751 2439 5831 Patetnetiam
2469 5764 2574 5831 cur
2607 5751 2729 5831 hoc.
2753 5755 3004 5831 tempore
3044 5750 3266 5831 Maneti‘
3301 5750 3564 5831 proximo
3590 5749 3712 5831 (qui

2066 5821 2176 5878 sub
2222 5821 2403 5879 Probo
2445 5827 2501 5878 et
2535 5821 2846 5878 Aureliano
2888 5821 3108 5892 vixerat
3144 5826 3307 5877 aetate
3350 5820 3712 5892 Melcbiadis,

2067 5893 2227 5969 (licet
2249 5895 2504 5956 nondum
2524 5891 2853 5968 pontiﬁcis),
2883 5890 3116 5956 haeresis
3139 5892 3454 5953 Manichaee
3477 5890 3713 5964 serpens
