4072 6176
365 298 502 359 4507

1613 291 1972 350 ANASTASII
2007 289 2555 350 BIBLIOTHECARII

3650 292 3796 352 1508

359 430 424 483 ut
446 438 670 492 cancer,
707 435 835 479 cum
863 420 1070 478 fuisset
1097 421 1315 478 detecta
1340 421 1450 478 sub
1480 421 1792 478 Melchiade
1813 419 2013 493 ponti-
2036 419 2096 480 A
2128 421 2406 493 mysterii,
2435 435 2465 475 a
2486 407 2737 492 singulis
2763 418 3033 493 fidelibus
3051 433 3153 490 pro
3173 418 3364 477 lubitu
3387 425 3442 478 et
3463 420 3798 493 indigentia

361 498 592 553 ticatum
623 491 826 564 adepto
855 493 1136 565 abigenda
1171 493 1345 550 fuerit
1375 495 1434 548 in
1464 494 1701 550 exordio
1729 493 1821 550 sui
1856 491 2014 564 regi-

362 569 538 648 minis
571 565 866 648 pontiﬁcia
897 565 1178 648 ejusmodi
1207 565 1347 648 lege,
1371 571 1610 648 veterem
1639 565 2011 648 disciplinain

362 635 755 708 confirmante,
790 651 858 692 ne
886 637 1094 692 diebus
1123 635 1442 692 Dominicis
1481 637 1702 706 jejunia
1735 635 2014 692 solemnia

363 715 769 782 peragerentur
805 709 976 782 etiam
1025 709 1082 782 in
1124 715 1336 778 septem
1383 708 1846 782 hebdomadibus
1873 708 2018 775 Qua-

360 778 718 855 dragésimae,
750 795 795 855 _a
850 780 1193 855 Telesphoro
1223 794 1313 855 ‘ex
1359 779 1688 855 traditione
1725 778 2013 855 in__lege_m

361 849 636 924 scriptam
672 849 939 920 redactis,
975 865 1109 906 neve
1136 851 1339 920 quinta
1372 850 1515 907 feria
1538 851 1858 920 injejuniis
1892 849 2016 924 ini-

365 921 693 982 tiandorum
726 937 820 993 per
852 929 1101 993 quatuor
1122 923 1258 978 anni
1292 930 1545 992 tempora
1569 929 1727 978 extra
1759 921 2014 991 quadra—

403 999 642 1052 esimam
693 995 953 1061 indictis,
1017 1000 1080 1049 ut
1135 1008 1309 1066 supra
1365 995 1607 1066 legimus
1669 994 1726 1048 in
1778 1005 2014 1066 numero

412 1068 614 1133 allisti,
672 1066 1086 1122 includeretur.
1137 1064 1569 1136 Quinquaginta
1609 1066 1761 1120 enim
1803 1064 2015 1136 gradus

365 1140 538 1210 primi
576 1138 933 1210 probationis
965 1135 1397 1210 Mithriacorum
1419 1135 1667 1210 totidem
1683 1135 1860 1210 ierant
1889 1135 2014 1210 dies

362 1207 712 1267 continuata:
766 1208 1133 1277 abstinentia;
1189 1222 1288 1277 per
1344 1215 1554 1278 septem
1611 1207 2011 1278 hebdomadas,

356 1299 457 1353 per
505 1284 914 1351 quinquaginta
959 1285 1091 1353 totos
1131 1279 1248 1333 dies
1295 1295 1381 1334 eos
1412 1277 1571 1346 fame
1618 1281 1883 1353 cruciant,
1931 1277 2016 1353 ait

362 1349 590 1409 Nicetas
647 1349 797 1422 apud
837 1352 1296 1422 ,Nazianzenum.
1352 1353 1574 1420 Septem
1619 1349 2014 1422 hebdomades

361 1426 543 1504 nostri
562 1421 866 1504 jejunii‘ab
887 1422 1388 1504 apostolis‘tra-diti
1413 1421 1668 1504 exemplo
1683 1421 2009 1504 _D‘aminico2

359 1502 418 1552 et
449 1510 546 1566 per
565 1492 980 1566 Telesphorum
1013 1493 1230 1566 scripta
1262 1493 1382 1564 iege
1411 1492 1792 1566 constabiliti,
1827 1492 2011 1566 videri

363 1563 623 1638 poterant
648 1565 1071 1634 quinquaginta
1099 1564 1186 1638 illi
1219 1563 1389 1638 primi
1417 1565 1630 1636 gradus
1656 1563 2014 1638 probationis

365 1635 821 1700 Mithriacorum,
858 1636 1169 1704 praesertim
1202 1636 1251 1690 si
1287 1644 1348 1691 ut
1379 1635 1674 1691 a’Manete‘
1699 1635 1850 1690 Solis
1881 1635 2014 1691 cul—

364 1717 485 1766 tore
516 1710 616 1764 illa
651 1707 946 1763 institutio
989 1711 1252 1776 suscepta
1293 1706 1496 1777 fuerat,
1546 1706 2014 1778 frequentaretur

2124 492 2352 576 assumi
2373 493 2730 576 permittitur
2760 492 2876 546 alia
2911 505 3105 576 norma
3148 494 3463 576 prescripta
3493 492 3795 576 estjiswe

2125 577 2253 618 cum
2295 564 2662 619 Eleutherius
2705 571 3017 633 opponeret
3062 564 3378 619 haeresibus
3418 564 3702 620 Basilidis
3741 571 3796 619 et

2123 634 2504 704 Carpocratis,
2538 636 2654 691 duo
2684 649 2872 690 rerum
2910 635 3195 704 principia
3235 637 3633 692 statuentibus
3669 637 3800 689 boni

2125 711 2174 759 et
2201 707 2539 776 mali,eaque
2572 705 2952 762 referentibus
2986 707 3136 762 inter
3174 708 3331 770 deos,
3365 714 3420 762 et
3455 709 3790 762 animorum

2127 779 2691 848 transmigrationem
2738 779 3097 848 commentis,
3140 784 3196 833 et
3237 779 3454 834 idcirco
3497 779 3795 848 supersti-

2125 849 2269 904 tiose
2283 849 2710 905 abstinentibus
2723 863 2752 904 a
2765 849 2916 904 cibis
2934 850 3280 920 quibusdam
3293 856 3349 905 et
3364 850 3789 916 animantibus,

2125 934 2251 989 quas
2279 922 2346 976 ad
2377 921 2697 976 Creatorem
2733 921 2864 975 mali
2899 934 2999 976 seu
3043 921 3253 976 malum
3298 922 3658 990 principium
3694 935 3785 990 per

2127 991 2258 1046 illas
2286 991 2694 1059 referebantur,
2727 993 3094 1062 promulgans
3128 993 3303 1060 legem
3340 993 3655 1048 indiscrete
3686 993 3792 1047 ad-

2128 1063 2360 1118 hibendi
2399 1064 2466 1118 ad
2505 1078 2667 1118 usum
2700 1078 3056 1119 communem
3090 1065 3475 1134 quodcunque
3516 1063 3791 1119 esculen-

2127 1139 2272 1207 tum,
2319 1141 2382 1189 ut
2419 1149 2592 1204 supra
2638 1135 2882 1207 legimus
2922 1133 3158 1191 numero
3191 1133 3297 1204 44;
3327 1133 3449 1190 sive
3476 1150 3609 1190 cum
3645 1135 3788 1189 Mel-

2125 1206 2361 1276 chiades
2389 1206 2784 1272 constitueret,
2820 1220 2891 1262 ne
2934 1207 3207 1262 solemnia
3254 1207 3521 1262 Ecclesiae
3559 1207 3785 1276 jejunia

2125 1275 2584 1334 deformarentur
2608 1285 2661 1333 et
2689 1280 3049 1334 variarentur
3077 1292 3109 1333 a
3140 1280 3313 1333 veteri
3347 1275 3639 1343 instituto,
3680 1291 3791 1332 ex-

2125 1349 2394 1404 cludente
2423 1350 2573 1406 diem
2617 1349 2970 1405 Dominicam
3009 1349 3082 1404 ab
3119 1350 3219 1405 illo
3254 1363 3491 1406 numero
3525 1351 3701 1405 etiam
3732 1349 3790 1402 in

2125 1421 2586 1545 quadra'gesima,
2615 1427 2670 1477 et
2698 1435 2796 1490 per
2823 1429 3069 1492 quatuor
3099 1422 3236 1476 anni
3265 1427 3630 1490 tempestates
3657 1420 3793 1475 exi-

2126 1497 2311 1545 mente
2363 1493 2541 1545 eriam
2575 1493 2834 1545 nuintam
2863 1507 2894 1545 a
2929 1494 3123 1545 triduo
3156 1493 3388 1545 ieiunii.
3417 1494 3532 1545 Deo
3567 1505 3789 1545 semper

2126 1497 2311 1563 mente
2341 1493 2541 1548 feriam
2575 1493 2834 1563 quintam
2863 1507 2894 1547 a
2929 1494 3123 1548 triduo
3150 1493 3388 1561 jejunii,
3417 1494 3532 1548 Deo
3567 1505 3789 1560 semper

2125 1562 2420 1624 otferendi,
2456 1578 2564 1620 non
2598 1562 2763 1620 Secus
2804 1577 2869 1619 ac
2904 1563 3164 1631 publicas
3199 1578 3411 1632 preces,
3463 1578 3562 1633 per
3594 1564 3791 1634 legiti-

2126 1648 2245 1690 mos
2274 1635 2567 1703 pontifices
2599 1637 2710 1691 Deo
2736 1636 2976 1702 dicatas,
3007 1650 3104 1706 per
3132 1636 3294 1691 fidem
3321 1637 3634 1690 exercitam
3665 1648 3785 1690 me-

2128 1707 2307 1760 moria
2349 1707 2638 1775 passionis
2675 1721 2742 1761 ac
2783 1705 3245 1763 Resurrectionis
3280 1707 3501 1762 Christi
3540 1705 3787 1761 Domini.

361 1765 534 1838 etiam
565 1794 598 1835 a
635 1778 967 1835 Manichzeis
997 1765 1180 1834 Solem
1225 1765 1551 1834 colentibus
1585 1765 1762 1844 impie
1799 1777 2012 1835 confu—
2050 1765 2098 1825 Β
2198 1778 2322 1832 Haec
2350 1765 2603 1847 'provida
2645 1778 2982 1834 Mel-:hiadis
3024 1792 3162 1835 cura
3213 1778 3329 1834 nisi
3378 1779 3786 1848 prtecessisset,

361 1867 487 1910 sum
531 1865 662 1908 cum
708 1849 939 1905 Christo
979 1851 1238 1906 Domino.
1293 1852 1436 1906 Huic
1469 1850 1723 1920 periculo
1764 1852 2015 1907 scelestae

363 1923 756 1995 persuasionis
785 1927 839 1977 et
868 1920 1230 1995 confusionis
1264 1924 1413 1995 quod
1451 1924 1800 1995 praesentius
1830 1937 2016 1995 reme-

361 1993 524 2052 dium
549 1999 858 2065 opponeret
883 1993 1231 2065 Melchiades
1251 1994 1444 2048 statim
1470 2007 1535 2048 ac
1555 1993 1770 2048 detexit
1790 1994 1849 2048 in
1875 1994 2018 2050 Urbe

360 2064 706 2123 Manichacus
730 2065 757 2120 ?
783 2066 1078 2120 Decretum
1107 2064 1331 2120 scilicet
1359 2065 1760 2135 opponendum
1793 2066 2019 2122 censuit

361 2140 574 2194 veteris
596 2136 925 2206 disciplinae
953 2136 1298 2206 apostolicis,
1328 2144 1548 2192 castum
1582 2137 1778 2204 ritum,
1806 2144 1862 2192 et
1890 2151 2019 2193 cau-

364 2223 482 2265 sam
501 2222 800 2265 secernens
815 2221 844 2262 a
863 2208 1290 2276 superstitiosis
1310 2209 1556 2264 inventis
1579 2207 2014 2265 Mithriacorum

363 2286 419 2337 et
435 2280 898 2336 Manichaeorum.
922 2281 1162 2348 Septem,
1190 2279 1404 2351 inquit,
1434 2279 1808 2336 hebdomades
1828 2281 2013 2336 nostri

365 2353 574 2423 jejunii
610 2365 677 2408 ne
724 2363 973 2423 unquam
1020 2352 1330 2407 credantur
1371 2364 1495 2407 esse
1526 2351 1761 2407 totidem
1795 2351 2016 2408 hebdo-

366 2422 558 2480 mades
581 2425 638 2479 in
663 2423 788 2479 dies
814 2422 1236 2494 quinquaginta
1259 2423 1617 2494 probationis
1637 2437 1670 2479 a
1691 2423 2015 2480 Mithriacis

364 2495 662 2565 explicatae
699 2500 801 2550 aut
841 2492 1194 2550 deformata.
1241 2492 1632 2565 Quadraginta
1677 2495 1830 2550 enim
1879 2501 2016 2552 sunt

363 2567 489 2622 dies
512 2566 720 2635 jejunii
747 2566 856 2620 rite
882 2578 980 2634 per
1002 2566 1298 2634 pontifices
1317 2566 1676 2623 Christianos
1696 2569 1809 2622 Deo
1834 2568 2012 2622 dicati

364 2637 474 2692 sub
503 2636 778 2706 exemplis
806 2637 1035 2691 Domini
1067 2643 1123 2692 et
1158 2638 1577 2706 prophetarum.
1612 2641 1752 2693 Cum
1784 2637 1873 2693 his
1905 2652 2014 2694 non

364 2714 773 2779 accenseantur
796 2711 1007 2774 septem
1033 2709 1158 2779 dies
1189 2709 1477 2779 Dominici
1509 2709 1771 2779 singulas
1800 2708 2019 2765 hebdo—

368 2778 562 2834 madas
612 2777 967 2841 inchoantes,
1016 2777 1112 2846 qui
1161 2791 1290 2832 cum
1337 2777 1639 2846 praeferant
1688 2781 2016 2836 memoriam

365 2847 824 2906 Resurrectionis
866 2845 1084 2902 Christi
1119 2847 1179 2902 in
1209 2845 1414 2907 quovis
1443 2849 1662 2905 circulo
1704 2850 2017 2907 hebdoma-

363 2921 551 3002 darie,
599 2918 756 3002 nefas
798 2919 1153 3002 esteesdem
1201 2918 2017 3002 deputari_jejunio,_indicio

367 2990 676 3063 passiOnis.
712 2993 792 3063 Ita
823 2998 878 3045 et
901 2990 1376 3063 jejuniumaliud
1405 2991 1657 3047 solemne
1683 3005 1716 3047 a
1750 2993 2018 3050 Patribus

369 3061 602 3134 perinde
621 3062 919 3135 traditum,
944 3069 997 3116 et
1018 3075 1048 3115 a
1069 3061 1309 3118 Callisto
1331 3063 1655 3118 mandatum
1680 3063 1897 3120 litteris
1919 3080 2017 3135 per

2127 1862 2296 1917 quam
2344 1855 2612 1917 putamus
2643 1848 3035 1906 confusionem
3075 1849 3473 1906 suborituram
3507 1849 3691 1904 fuisse
3721 1849 3788 1904 de

2126 1920 2544 1992 catholicorum
2596 1921 2940 1992 imaginario
2969 1935 3262 1977 consensu
3303 1935 3433 1976 cum
3490 1922 3786 1992 disparata

2128 1991 2290 2048 cultu
2338 1991 2783 2048 Manichaeorum
2835 1999 2892 2047 et
2935 1993 3368 2048 Mithriacorum
3406 1993 3436 2036 9
3486 2006 3620 2048 cum
3672 1991 3786 2047 sola

2131 2065 2406 2131 temporis
2443 2063 2686 2120 afﬁnitas
2733 2065 2791 2118 in
2821 2071 3032 2132 septem
3067 2063 3524 2120 hebdomadibus
3567 2063 3788 2132 jejunio

2127 2134 2473 2203 deputandis
2499 2137 2649 2205 apud
2679 2135 3014 2204 catholicos,
3038 2136 3177 2190 dum
3204 2135 3495 2190 Mithriaci
3529 2135 3788 2204 praescri-

2127 2205 2327 2262 berent
2350 2207 2477 2262 dies
2502 2208 2928 2277 quinquaginta
2956 2206 3126 2262 famis
3157 2207 3465 2262 tolerandae
3489 2206 3653 2263 Solis
3679 2205 3794 2261 cul-

2127 2277 2373 2348 toribus,
2407 2279 2622 2334 sensim
2657 2277 2956 2334 induceret
2983 2283 3150 2334 aetate
3188 2279 3543 2349 Hieronymi,
3577 2291 3610 2332 a
3651 2277 3793 2332 Mcl-

2125 2349 2329 2421 chiade
2370 2363 2480 2406 non
2519 2350 2811 2417 disjuncta
2844 2351 3061 2421 integra
3095 2350 3326 2415 saeculo,
3369 2351 3668 2417 pruritum
3700 2362 3790 2404 re-

2125 2419 2344 2476 ferendi
2395 2422 2544 2477 inter
2595 2422 2939 2477 Manichaeos
2971 2419 3131 2478 Solis
3167 2436 3232 2477 ac
3282 2422 3466 2477 Mitre:
3510 2421 3787 2487 cultores,

2123 2506 2252 2547 cum
2301 2507 2407 2549 suo
2448 2495 2594 2548 duce
2635 2493 2852 2548 Christi
2898 2506 3101 2548 nomen
3149 2493 3332 2549 eidem
3377 2493 3622 2549 sceleste
3667 2491 3792 2548 atii-

2125 2568 2308 2634 gente,
2355 2569 2639 2635 quotquot
2679 2579 2712 2621 a
2754 2565 2977 2634 jejunio
3028 2564 3303 2634 pallentes
3350 2577 3415 2620 ac
3468 2571 3787 2620 maceratos

2125 2636 2540 2704 conspicerent.

2195 2707 2431 2762 Constat
2462 2708 2642 2778 igitur
2670 2707 2816 2763 ratio
2841 2706 3052 2763 decreti
3078 2707 3186 2763 sub
3212 2705 3531 2763 Melchiade
3559 2705 3786 2762 conditi

2126 2782 2183 2833 et
2213 2791 2386 2834 causa
2429 2779 2686 2847 ejusdem
2729 2778 2889 2835 illico
2936 2778 3335 2848 iuterponendi
3380 2785 3693 2848 postquam
3730 2778 3785 2832 iu

2128 2794 2183 2833 et
2213 2794 2386 2834 causa
2429 2794 2686 2847 ejusdem
2729 2794 2889 2835 unco
2936 2794 3086 2834 inter
3128 2794 3335 2834 ouenat
3380 2794 3693 2848 postquam
3730 2794 3785 2832 ιιι

2128 2849 2274 2904 Urbe
2313 2850 2531 2906 detecta
2573 2857 2661 2905 est
2704 2855 2855 2907 secta
2901 2794 3364 2906 Manicﬂaeorum.
3409 2847 3605 2917 Quare
3637 2855 3693 2904 et
3733 2849 3789 2902 in

2127 2926 2397 2976 contextu
2446 2921 2881 2976 Bibliothecarii
2917 2935 3025 2976 una
3056 2923 3365 2991 eademque
3404 2921 3650 2989 periodo
3688 2918 3784 2974 illa

2127 2993 2479 3061 continetur,
2510 3007 2636 3063 qua;
2663 2998 2880 3062 spectat
2902 2993 2971 3048 ad
3003 2993 3360 3059 Mithriacos,
3405 3005 3504 3061 per
3537 2992 3784 3062 particuo

2128 3062 2245 3135 lam;
2269 3062 2554 3119 causalem
2587 3067 2758 3134 quia;
2788 3065 2923 3120 dum
2968 3063 3249 3135 legimus:
3283 3064 3444 3135 (Hic
3476 3063 3790 3135 constituit

367 3133 628 3207 singulas
653 3133 789 3207 anni
807 3137 1199 3207 tempestates,
1232 3141 1294 3207 ut
1321 3135 1527 3190 eaedem
1555 3135 1900 3204 singillatim
1921 3133 2018 3193 da-
2047 3135 2094 3196 C
2128 3133 2287 3207 nulla
2310 3136 2530 3190 ratione
2553 3133 2649 3191 die
2672 3136 2973 3191 Dominico
2994 3133 3095 3191 aut
3116 3135 3275 3190 Feria
3294 3133 3329 3207 5
3343 3135 3641 3204 jejunium
3664 3133 3790 3204 quis

365 3204 490 3263 tori
509 3206 767 3277 omnium
807 3204 1088 3260 bonorum
1131 3205 1372 3261 Domino
1416 3214 1842 3277 consecrentur,
1875 3222 2018 3264 con-

363 3279 584 3334 tinetur
628 3275 814 3348 feriis
841 3280 1064 3346 quarta,
1102 3281 1300 3348 sexta,
1349 3282 1404 3332 et
1449 3277 1704 3346 sabbato,
1756 3275 2018 3335 Passioni

362 3349 675 3406 Dominicte
708 3347 923 3403 idcirco
961 3347 1252 3419 speciatim
1283 3348 1601 3419 attributis,
1635 3350 1786 3419 quod
1817 3351 2034 3407 conci-

365 3421 508 3478 lium
557 3422 684 3487 ejus
728 3416 1165 3491 tradenti’feria
1212 3416 1264 3485 4,
1317 3433 1470 3476 mors
1511 3416 1672 3476 Feria
1710 3419 1763 3491 6,
1809 3421 2022 3477 sabba-

366 3496 422 3548 to
447 3492 743 3561 sepultura
763 3490 1091 3561 contigerit.
1116 3491 1277 3545 Feria
1301 3504 1430 3546 vero
1451 3492 1655 3561 quinta
1675 3493 1840 3548 statis
1865 3494 2038 3549 hisce.

360 3564 604 3634 jejuniis
626 3575 778 3636 more
796 3563 1073 3636 majorum
1093 3574 1204 3617 non
1228 3561 1583 3636 includitur;
1604 3576 1731 3636 nam
1755 3577 2018 3636 vesperae,

366 3633 620 3708 ejusdem
652 3633 795 3698 diei,
828 3633 1059 3708 quande
1091 3633 1283 3708 passio
1318 3634 1376 3708 in
1413 3634 1577 3708 horta
1608 3633 1882 3708 inchoata
1910 3633 2018 3708 est,

366 3704 697 3762 referuntur
719 3717 872 3760 more
895 3704 1080 3773 patrio
1098 3705 1311 3761 divinae
1334 3705 1477 3775 legis
1502 3706 1569 3760 ad
1599 3704 1798 3762 feriam
1822 3706 1856 3764 6
1874 3704 2024 3764 sub;

367 3787 718 3850 sequentem.
744 3776 999 3832 Vitemus
1023 3776 1236 3901 itaque,
1266 3777 1350 3832 ait
1369 3777 1736 3842 Melchiades,
1761 3780 1934 3835 etiam
1962 3780 2022 3835 in

368 3850 461 3901 his
485 3851 792 3901 novitatem
812 3853 985 3901 atoue
1005 3860 1110 3901 con
1144 3849 1400 3901 usionem
1421 3863 1550 3901 cum
1577 3848 1814 3901 profano
1835 3851 2019 3901 cultu.

368 3848 465 3905 his
485 3851 792 3921 novitatem
812 3853 985 3921 atque
1005 3848 1400 3904 confusionem
1421 3863 1550 3921 cum
1577 3848 1814 3918 profano
1835 3851 2019 3921 cultu,

368 3921 491 3976 sive
521 3919 879 3976 occasionem
899 3917 1068 3973 falsae
1113 3920 1523 3991 persuasionis,
1558 3917 1707 3990 apud
1751 3917 2025 3978 Ethnicos

365 3991 534 4046 facile
566 3991 878 4060 proditum
905 4003 974 4044 ex
997 3991 1332 4047 continuata
1363 3992 1512 4048 serie
1543 3993 1723 4048 tridui
1751 3993 2020 4050 Ethnico-

368 4076 493 4118 rum
529 4063 587 4116 in
619 4060 995 4134 saecularibus
1035 4061 1291 4134 ipsorum
1333 4064 1536 4132 sacris,
1569 4073 1634 4120 ut
1661 4070 1880 4134 vocant,
1917 4065 2023 4121 hoc

364 4139 451 4189 est
482 4131 1017 4206 superstitionibus,
1059 4133 1327 4206 celebrati
1356 4131 1580 4204 jejunio
1611 4140 1667 4190 et
1700 4131 2023 4206 pervigiliis

366 4203 812 4260 accommodatis
836 4204 904 4257 ad
937 4205 1199 4259 inanium
1231 4203 1466 4260 deorum
1508 4203 1744 4263 suorum
1773 4203 2018 4264 fabulas.

284 4279 292 4290 ‘
366 4276 632 4332 Servetur
662 4275 982 4346 interrupta
1019 4274 1120 4329 illa
1156 4287 1355 4346 norma
1389 4276 1602 4345 jejunii
1645 4291 1742 4346 per
1783 4277 1958 4334 ferias
1987 4292 2022 4334 a

365 4345 635 4403 Patribus
649 4344 2016 4422 nobisassignatas,quibusiciaredeinonstretur,

369 4425 578 4475 nostra:
590 4415 1032 4474 consuetudinis
1051 4415 1320 4472 instituta
1334 4417 1484 4472 nihil
1502 4417 1706 4474 habere
1718 4415 2022 4478 commune

371 4504 500 4546 cum
540 4490 692 4546 Solis
721 4493 778 4545 et
819 4487 1044 4543 Mithrte
1072 4487 1257 4557 cultu,
1287 4494 1389 4545 aut
1417 4503 1546 4545 cum
1576 4490 1802 4547 Christo
1829 4494 2020 4549 Mani—

367 4562 655 4634 chaeorum
682 4574 812 4616 cum
833 4559 961 4634 Sele
989 4559 1231 4634 eonfuso
1251 4561 1381 4634 ;_sed
1418 4561 1482 4634 in,
1509 4563 1692 4618 nostri
1726 4561 1906 4618 forma
1931 4564 2017 4634 je-

362 4633 519 4702 junii
543 4633 727 4689 solum
753 4645 784 4687 a
804 4631 969 4687 nobis
991 4632 1166 4688 Deum
1191 4631 1359 4687 unice
1379 4633 1490 4689 coli
1511 4635 1698 4689 Jesnm
1722 4631 2014 4692 Christum

367 4704 578 4761 Filium
622 4704 743 4771 Dei,
775 4703 945 4771 Solis,
976 4702 1136 4776 Caeli,
1169 4703 1372 4774 Terra,
1415 4719 1720 4776 rerumque
1757 4707 2016 4764 omnium

365 4788 432 4832 ac
483 4783 798 4850 temporum
852 4774 1394 4850 conditoremcum
1449 4774 1727 4850 Patre—ac
1772 4779 2013 4850 Spiritu,

367 4844 616 4920 eumque
633 4847 924 4920 Christum
956 4858 1059 4901 nos
1083 4844 1250 4902 fateri
1276 4861 1376 4916 pro
1403 4847 1572 4903 nobis
1603 4849 1660 4903 in
1686 4844 1856 4905 carne
1891 4844 2019 4920 pas;

368 4933 494 4975 sum
522 4917 644 4974 haec
679 4917 902 4988 jejunia
935 4923 1400 4990 praemonstrasse
1438 4920 1714 4990 exemplo,
1748 4933 1814 4976 ac
1849 4917 2021 4977 dedi-

367 5004 528 5046 casse
567 4990 771 5045 merito
817 5001 936 5044 suae
976 4989 1288 5044 Passionis.
1331 4989 1715 5046 Periculo'ita
1752 4992 2018 5048 submoto

367 5061 732 5135 confusionis
757 5059 1220 5135 Christianorum
1250 5061 1522 5117 catholici
1549 5075 1613 5117 ac
1637 5065 1754 5135 veri
1782 5064 2014 5135 dogma-

371 5133 445 5190 its
467 5147 597 5191 cum
629 5145 900 5205 perverso
919 5132 1586 5205 Man_ichaeorum,_atque
1616 5132 2010 5205 Ethnicorum,

368 5211 581 5261 castam
607 5205 816 5274 jejunii
847 5203 1240 5272 disciplinam,
1278 5203 1498 5272 qualem
1525 5217 1558 5258 a
1591 5205 1906 5274 majoribus
1929 5203 2017 5262 ac-

369 5282 594 5347 ceperat
638 5275 1002 5344 providenter
1047 5274 1293 5347 servavit
1331 5274 1694 5347 Melchiades,
1735 5285 1790 5331 et
1823 5277 1879 5332 in
1916 5277 2017 5333 illa

369 5345 731 5420 consignavit
760 5353 1011 5420 apertam
1044 5346 1201 5401 Fidei
1236 5354 1444 5401 nostra:
1484 5345 1916 5416 professionem,
1955 5355 2017 5404 ut

369 5432 400 5474 e
426 5419 705 5475 diametro
733 5419 996 5488 opposita
1034 5431 1256 5486 semper
1294 5424 1697 5489 agnosceretur
1725 5421 2015 5489 supersti-

371 5489 632 5545 tionibus
655 5491 1048 5556 Ethnicorum,
1073 5494 1128 5544 et
1147 5489 1359 5545 dolosa
1378 5488 1873 5547 transformationi
1899 5505 2018 5547 cor-

370 5566 554 5628 ruptae
572 5561 700 5616 fidei
731 5563 1191 5617 Manichaeorum.
1217 5561 1401 5630 Quare
1426 5562 1556 5631 jure
1594 5560 1709 5617 fuit
1733 5577 1764 5618 a
1797 5563 2028 5619 Biblio-.

376 5631 629 5686 thecario
658 5634 1043 5690 enumeranda
1090 5634 1239 5688 inter
1279 5633 1504 5688 decreta
1539 5634 1868 5703 pontilicum
1901 5637 2022 5692 Ro—

375 5716 672 5776 manorum
697 5703 978 5776 solemnis
1010 5705 1128 5760 htec
1165 5705 1500 5776 declaratio,
1543 5719 1670 5776 quae
1697 5709 1765 5762 ad
1801 5707 2020 5764 indicta

371 5772 1000 5848 omnibusChristianis
1013 5777 1228 5848 jejunia
1246 5772 1651 5848 pertinettn'am
1669 5779 2016 5847 privatorum

372 5846 754 5918 abstinentia,
806 5858 932 5916 qua
985 5847 1336 5917 pauitantia
1388 5846 1612 5906 tantum
1660 5846 2020 5922 causa,.non

2129 3205 2387 3261 fidelium
2425 3212 2616 3276 ageret
2654 3207 2791 3276 quia
2824 3207 2929 3262 hos
2956 3207 3081 3262 dies
3113 3206 3340 3276 pagani,
3370 3214 3652 3277 tanquam
3693 3218 3790 3260 sa-

2127 3291 2287 3332 crum
2315 3277 2608 3346 jejunium
2629 3277 3028 3333 celebrabant:
3059 3294 3083 3328 »
3115 3278 3294 3333 altera
3325 3291 3456 3332 vero
3487 3290 3666 3333 causa
3697 3289 3786 3331 re-

2131 3348 2384 3417 spiciens
2424 3349 2785 3416 Manichaeos,
2819 3362 2851 3404 a
2884 3361 3230 3420 paganorum
3265 3348 3607 3420 iniithriacis
3651 3359 3782 3403 suas

2133 3420 2574 3488 superstitiones
2613 3421 2861 3487 edoctus,
2898 3419 3154 3490 prexime
3184 3419 3450 3475 redditur
3479 3425 3778 3490 commate,

2131 3490 2202 3546 ab
2229 3491 2421 3562 eadem
2467 3491 2698 3561 periodo
2743 3489 2983 3547 tortaSse
3009 3505 3122 3548 non
3153 3490 3563 3562 disjungendo,
3591 3489 3784 3562 verbis

2131 3576 2259 3632 qua
2287 3561 2724 3634 subsequuntur
2751 3563 2830 3618 ita
2859 3569 3152 3633 concepto,
3179 3567 3229 3618 et
3256 3561 3552 3618 Manum
3580 3561 3789 3617 inventi

2131 3638 2260 3690 sunt
2288 3636 2348 3689 in
2377 3635 2509 3690 urbe
2536 3637 2704 3692 Roma
2734 3634 2804 3689 ab
2833 3635 3034 3689 eodem.

2791 3723 3110 3780 CIACONII.

2203 3814 2375 3870 Linea
2399 3812 2452 3870 6.
2478 3843 2552 3854 —-
2576 3816 2675 3870 Hic
2699 3815 2846 3881 fecit,
2881 3819 2942 3868 ut
2984 3813 3284 3868 oblationes
3327 3816 3657 3868 consecratae
3687 3827 3786 3882 per

2131 3887 2420 3952 Ecclesia-8,
2466 3902 2534 3941 ex
2571 3891 2883 3942 consecrata
2931 3887 3165 3956 episcopi
3205 3885 3594 3956 dirigerentur,
3643 3883 3788 3953 quod

2132 3957 2447 4012 declaratur
2501 3960 2848 4025 fermentum.
2926 3955 3217 4012 Miltiades
3278 3955 3619 4026 pontiﬁcatu
3682 3968 3787 4011 suo

2133 4029 2347 4085 multos
2380 4029 2678 4086 haereticos
2704 4029 3034 4085 Donatistas
3066 4029 3253 4083 Romae
3277 4027 3612 4083 delitescere
3641 4040 3782 4081 com-

2133 4101 2305 4178 perit,
2338 4101 2578 4178 ideoque
2597 4106 2670 4178 ut
2695 4101 3170 4178 dignoscerentur
3196 4103 3253 4155 et
3279 4099 3789 4178 distinguerentur

2129 4169 2162 4226 ἐι
2197 4169 2520 4241 catholicis,
2555 4176 2612 4227 et
2649 4169 2969 4228 morbidum
3017 4185 3189 4240 pecus
3232 4183 3265 4224 a
3309 4183 3473 4236 sano,
3523 4169 3787 4241 instituit

2131 4256 2328 4312 panem
2355 4242 2753 4299 fermentatum
2779 4243 3164 4311 benedictum,
3197 4255 3331 4312 quo,
3365 4241 3440 4296 ob
3463 4240 3782 4296 communi-

2129 4315 2376 4370 cationis
2406 4313 2747 4385 symbolum,
2776 4315 2847 4370 ab
2876 4315 3144 4385 episcopo
3180 4313 3618 4385 impertirentur
3646 4323 3783 4366 cuu-

2127 4386 2202 4441 cti
2237 4382 2591 4455 parochiales
2623 4382 2958 4456 presbyteri,
2987 4382 3089 4455 qui
3117 4382 3376 4456 eumdem
3413 4382 3523 4456 sub
3551 4396 3611 4456 se
3633 4395 3776 4456 con-

2128 4454 2354 4512 stitutis
2384 4454 2650 4513 fidelibus
2669 4454 3106 4525 distribuerent,
3131 4455 3306 4510 certis
3330 4454 3561 4510 diebus.
3585 4454 3784 4525 Appel-

2047 4543 2102 4605 D
2131 4528 2356 4605 labatur
2393 4535 2582 4584 autem
2622 4527 2982 4605 fermentum:
3023 4524 3780 4605 ad_di_stin_cti_onem_azymi

2131 4601 2316 4670 panis,
2349 4614 2417 4656 ex
2456 4613 2568 4669 quo
2597 4599 2806 4656 soleret
2834 4599 3038 4656 confici
3080 4597 3446 4670 Eucharistia
3468 4596 3783 4670 idictum-

2129 4667 2239 4742 que
2276 4667 2362 4727 est
2389 4667 2837 4739 Sacramentum,
2883 4670 3031 4742 quod
3062 4676 3212 4725 esset
3240 4667 3783 4742 episcopali_b_eue-

2129 4736 2384 4828 dictione
2420 4748 2729 4871 isettcratum.
2770 4736 2874 4798 Hic
2899 4736 3054 4798 ritus
3086 4736 3404 4814 perseverat
3433 4736 3591 4810 apud
3619 4736 3780 4794 Gra—

2129 4827 2226 4871 cos
2259 4828 2413 4871 invno
2441 4829 2470 4870 a
2504 4829 2572 4871 us

2849 4902 3055 4959 PAGII.

2196 4995 2457 5053 Schisma
2523 4995 2974 5070 Donatistarum,
3043 4991 3212 5070 cujus
3287 4990 3524 5070 initium
3599 4986 3782 5070 pieri-

2130 5081 2238 5138 que
2289 5081 2486 5124 omnes
2545 5082 2675 5124 cum
2727 5065 2990 5130 Baronio,
3043 5064 3113 5118 ad
3170 5075 3382 5119 annum
3431 5064 3782 5138 trecentesi-

2129 5133 2282 5195 mum
2317 5145 2539 5194 sextum
2587 5145 2872 5204 revocant,
2918 5148 3068 5191 anno
3109 5138 3330 5189 tantum
3374 5133 3778 5204 trecentesimo

2127 5211 2467 5266 duodecimo
2501 5211 2834 5266 inchoatum
2858 5202 2970 5275 est,
3012 5210 3312 5275 postquam
3355 5218 3460 5273 pax
3494 5202 3778 5258 Africanae

2125 5282 2405 5356 Ecclesiae
2449 5281 2671 5356 reddita
2727 5279 2842 5356 fuit
2896 5293 2928 5335 a
2983 5277 3266 5356 Manentio
3312 5293 3325 5356 :_
3377 5295 3403 5327 ιι
3443 5275 3780 5356 Iempestas

2129 5353 2565 5423 persecutionis,
2611 5353 2697 5408 ait
2724 5352 2978 5427 _Optatus
3023 5347 3126 5427 lib.
3143 5361 3171 5427 _t
3199 5353 3400 5427 eontra
3413 5347 3779 5427 “Pa-ritimis,-

2127 5413 2285 5498 num,
2335 5413 2564 5498 peracta
2601 5430 2655 5479 et
2705 5413 2947 5498 definita
2983 5425 3099 5498 est;
3131 5417 3370 5498 lubente
3413 5419 3550 5498 Deo,
3583 5413 3782 5498 indu]:

2127 5487 2374 5570 gentiam
2408 5497 2666 5570 mittente
2707 5492 3012 5570 Maxentio,
3045 5489 3394 5570 Christianis
3425 5487 3780 5570 libertasnest

2130 5558 2416 5622 restituta.
2451 5568 2652 5622 Botrus
2681 5571 2735 5622 et
2759 5565 3075 5628 Celeusius,
3109 5568 3173 5617 ut
3200 5561 3440 5628 dicitur,
3474 5559 3630 5628 apud
3655 5558 3778 5611 Car-

2132 5639 2420 5714 thaginem
2457 5638 2720 5714 ominati
2757 5637 3056 5714 cupiente?
3097 5645 3324 5714 Pvetam
3363 5630 3678 5714 ίὲθάεξτυβει
3706 5633 3782 5714 Ei

2129 5704 2465 5766 absentibus
2491 5709 2776 5774 Numidis,
2800 5707 2910 5763 soli
2935 5704 3115 5760 vicini
3140 5704 3394 5772 episcopi
3426 5706 3772 5774 peterentur,

2131 5782 2232 5856 qui
2283 5783 2720 5856 ordinationem
2758 5771 2908 5849 apud
2953 5771 3348 5856 Carthaginem
3397 5771 3774 5856 celebrat-eui:

2130 5842 2288 5911 Tunc
2313 5851 2590 5925 suifragio
2620 5842 2813 5909 totius'
2833 5847 3030 5921 populi
3057 5842 3397 5903 Caecilianus
3423 5842 3696 5914 eligitur,
3723 5844 3779 5896 et
