4072 6176
271 308 414 370 4509

1074 303 1396 362 HISTORIA
1431 302 1732 360 DE"VI'1'IS
1767 301 1936 359 ROM.
1974 299 2180 362 PONT.
2213 331 2289 344 -
2321 303 2378 359 S.
2419 303 2870 360 MELCHIADES.

3533 304 3692 367 4540·

272 444 478 490 manus
532 429 859 500 imponente
898 426 1084 484 Felice
1126 426 1583 500 Aptungintano
1615 425 1911 500 episcopo,
1945 417 2004 477 A
2026 420 2405 500 rebaptieasse
2425 430 2479 480 et
2505 425 2794 500 episcopis
2825 425 3005 500 lapsis
3031 438 3264 500 manum
3289 427 3670 500 imposuisse,

269 493 658 560 ordinaturf»
686 508 793 558 etc.
831 493 1215 556 Persecutioni
1248 493 1438 554 autem
1474 499 1528 554 in
1558 493 1749 552 Africa
1782 493 1912 556 finis

271 577 583 645 impositus
617 580 704 629 est
743 587 894 629 anno
924 578 1148 645 tantum
1175 567 1300 645 342,
1337 577 1398 625 ut
1429 569 1632 639 probat
1659 569 1917 624 Adnota-

269 643 373 702 tor'
399 646 651 704 Baronii.
707 646 910 701 Botrus
942 650 998 699 et
1038 643 1358 709 Celeusius,
1409 655 1537 697 cum
1578 654 1676 709 spe
1725 652 1826 694 sua
1858 649 1918 691 se

266 719 518 787 dejectos
548 717 826 785 viderent,
866 716 1174 787 conjurare
1197 714 1470 787 adversus
1521 711 1914 771 Cacilianum,

268 786 602 846 ordinatum
653 789 982 857 episcOpum
1027 786 1551 857 Carthaginensem,
1599 786 1913 857 caperunt,

268 869 326 917 et
355 860 620 918 adhibita
651 851 708 915 in
751 851 1080 914 societatem
1122 851 1364 923 Lucilla,
1416 851 1916 926 potentiss’imafe-

271 933 451 1000 mina,
474 931 780 988 Caeciliano
804 929 1048 999 infensa,
1075 943 1140 984 ac
1162 925 1495 983 senioribus
1519 927 1704 997 plebis
1731 925 1920 985 catho-

271 1004 420 1068 lica,
442 999 663 1074 quibus
700 1003 1047 1060 Mensurius.
1092 999 1383 1074 Caciliani
1424 1000 1920 1074 decessor,_9rna_-

272 1067 482 1131 menta'
509 1075 780 1131 Ecclesia
834 1073 1345 1140 commendaverat,
1390 1072 1689 1140 episcopos
1718 1067 1918 1124 Numi-

270 1148 403 1213 dia,
436 1147 536 1217 qui
571 1160 684 1200 non
711 1143 1340 1217 mediocremjinjuriam
1366 1143 1476 1197 sibi
1509 1142 1713 1198 factam
1748 1147 1923 1217 puta—

271 1220 429 1285 bant,
455 1213 608 1287 quod
651 1218 720 1273 ad
765 1216 1057 1272 Caciliani
1089 1215 1510 1270 ordinationem
1557 1213 1774 1287 evocati
1807 1223 1920 1266 non

272 1283 542 1355 fuissent,
575 1289 976 1359 Carthaginem
1009 1287 1313 1359 convenire
1337 1291 1654 1359 curarunt,_
1674 1283 1774 1354 qui
1805 1296 1921 1336 nu-

273 1375 429 1418 mero
458 1356 821 1430 septuaginta
843 1359 1193 1430 congregati,
1218 1357 1583 1430 Cacilianum
1606 1356 1917 1430 absentem,

271 1433 424 1502 quod
457 1425 722 1487 evocatus
762 1425 1298 1502 venire'no'luisset,
1331 1428 1773 1502 damnaverunt;
1803 1425 1921 1502 deo

271 1495 519 1560 crimina
554 1503 642 1558 illi
684 1503 1039 1570 objicientes.
1091 1501 1339 1555 Primum
1373 1499 1522 1569 quod
1550 1512 1582 1554 a
1613 1495 1921 1570 traditori-

273 1577 384 1631 bus
423 1575 728 1631 ordinatus
759 1573 966 1630 fuisset
987 1573 1329 1642 episcopus;
1361 1571 1570 1625 deinde
1610 1569 1759 1640 quod
1788 1579 1918 1623 cum

270 1653 423 1703 esset
450 1646 748 1712 diaconus,
781 1646 994 1699 victum
1026 1641 1217 1701 afferri
1247 1641 1595 1712 martyribus
1627 1655 1682 1695 in
1718 1646 1923 1712 custof

271 1719 370 1774 dia
388 1718 594 1787 positis
613 1710 1026 1786 prohibuisset.
1052 1717 1180 1769 Post
1211 1710 1598 1787 hacin’locum
1625 1710 1919 1787 Caciliani

2025 493 2162 562 quia
2203 493 2450 551 schisma
2507 493 2935 552 Donatistarum
2989 495 3046 551 in
3103 493 3670 562 haresim‘evaserat,

2026 564 2194 639 eujus
2233 565 2294 639 hi
2331 568 2604 636 pracipui
2637 581 2878 624 errores.
2917 566 3103 624 Primo
3139 569 3486 639 baptismum
3514 577 3674 627 extra

2025 635 2340 718 Ecclesiam
2398 635 2668 718 collatum
2718 639 2940 696 nullum
2987 635 3575 718 esse‘contendebant.
3619 648 3678 698 et

2030 709 2167 776 quia
2213 709 2520 766 Ecclesiam
2580 710 2731 766 intra
2783 725 2944 767 suam
3016 716 3224 767 sectam
3290 713 3674 777 coam-tabam,

2031 778 2510 861 ideohcatho‘licos
2529 795 2560 835 a
2587 796 2652 861 se
2675 783 2957 861 deceptos,
2979 797 3214 861 suoque
3245 784 3543 861 schismati
3578 785 3678 840 im-

2031 850 2267 922 plicitos
2295 852 2743 922 rebaptizabant.
2775 855 3054 920 Secundo,
3091 850 3398 910 Ecclesiam
3432 854 3488 909 in
3520 861 3680 911 cate-

2033 921 2115 976 ris
2138 923 2298 978 orbis
2320 925 2656 994 regionibus
2673 926 3016 981 traditorum
3040 926 3322 996 contagio,
3359 926 3674 982 malorum-

2034 1007 2143 1063 que
2181 998 2581 1051 rommunione
2613 997 2852 1066 periisse
2879 996 3229 1066 asserebant,
3273 1004 3329 1052 et
3375 999 3433 1053 in
3484 996 3676 1054 Africa

2035 1067 2378 1139 remansisse
2406 1069 2462 1123 in
2503 1067 2624 1123 sola
2653 1075 2808 1137 parte
2840 1071 3066 1130 Donati,
3119 1068 3360 1138 ideoque
3390 1070 3680 1139 episcopis

2034 1135 2214 1210 mpsis
2245 1152 2446 1194 manus
2492 1140 2563 1194 de
2612 1135 2752 1196 navo
2792 1140 3177 1210 imponebant.
3228 1135 3676 1196 Tertio'tand'em

2033 1208 2743 1281 Ecclesiamcatholicam
2827 1208 3180 1268 meretricem
3252 1211 3551 1281 vocabant,
3617 1218 3679 1267 ut

2034 1278 2211 1354 refert
2251 1282 2306 1335 S.
2360 1280 2722 1354 Augustinus
2775 1282 2833 1337 in
2888 1285 3173 1340 Concione
3221 1283 3291 1338 de
3340 1284 3517 1354 gestis
3542 1278 3674 1339 cum

2034 1352 2298 1407 Emerito.
2347 1352 2470 1420 Qui
2508 1353 2670 1422 plura
2702 1354 2860 1423 cupit
2889 1355 2960 1410 de
3004 1355 3313 1411 schismate
3342 1352 3679 1410 Donatista-

2031 1435 2180 1490 rum,
2211 1423 2359 1494 legat
2383 1424 2846 1480 dissertationem
2880 1426 2950 1480 ab
2982 1427 3222 1482 Henrico
3255 1425 3477 1482 Valesio
3505 1427 3576 1482 de
3613 1439 3680 1482 eo

2030 1493 2520 1566 editam,’Eusebii
2554 1497 2801 1552 editioni
2833 1497 3220 1566 subjunctam.

2689 1602 3020 1659 SOMMIER.

2105 1711 2275 1766 Linea
2323 1708 2378 1766 2.
2416 1740 2490 1751 -
2537 1711 2587 1766 Α
2615 1713 2902 1766 consulatu
2934 1714 3204 1767 Maxentii
3230 1725 3310 1768 Ix.
3340 1713 3478 1768 Cum
3511 1713 3676 1770 ﬁnem

271 1781 1384 1858 Majorinum'ordinaruntepiscopumin
1405 1783 1918 1858 gratiamLﬁucilla,
1954 1789 2004 1849 Β
2032 1783 2380 1858 δοᾳθρὶεξθιλ
2404 1783 2462 1837 in
2485 1781 2708 1858 _Africa
2754 1785 3078 1858 persecutio
3107 1785 3275 1858 Acirca
3305 1798 3519 1858 annum
3552 1783 3678 1855 3M,

271 1856 441 1930 cujus
469 1860 820 1916 domesticus
847 1865 984 1915 erat.
1025 1856 1146 1913 Hoc
1191 1862 1275 1913 est
1323 1858 1565 1930 initium
1591 1856 1921 1930 schismatis

275 1927 726 1989 Donatistarum.
759 1934 847 1987 sic
870 1932 1159 1986 dictorum
1185 1943 1217 1984 a
1247 1931 1464 1984 Donato
1485 1942 1516 1982 a
1539 1929 1702 1983 Casis
1728 1927 1922 1999 Nigris

273 2005 567 2072 episcOpo,
601 2004 867 2072 Majorini
892 2002 1243 2067 ordinatore,
1279 2014 1442 2062 quem
1469 2000 1829 2071 Augustinus
1861 1999 1919 2054 in

275 2071 568 2131 Breviario
592 2071 934 2131 Col'lationis
964 2075 1166 2141 tertia,
1195 2080 1251 2127 et
1283 2072 1340 2126 in
1371 2072 1520 2126 libro
1553 2071 1923 2127 Retractatio-

276 2161 413 2202 num
434 2143 1699 2213 scribit,Cacilianoadhucdiaconoschisma
1721 2142 1924 2198 fecisse

270 2219 639 2288 Carthagine,
699 2219 939 2288 ejusque
981 2215 1259 2271 facinoris
1304 2228 1462 2288 reum
1497 2220 1688 2288 postea
1718 2215 1923 2288 convi-

273 2298 432 2345 ctum
473 2285 656 2344 fuisse
687 2285 744 2343 in
775 2285 990 2359 synodo
1035 2288 1283 2342 Romana
1327 2287 1554 2342 sedente
1586 2285 1920 2341 Melchiade.

270 2362 377 2416 Sed
433 2361 704 2431 quoniam
737 2360 796 2416 in
823 2359 1185 2431 ordinatione
1206 2359 1498 2431 Caeciliani
1531 2359 1924 2431 vehementius

271 2429 488 2502 erupit,
527 2433 744 2487 idcirco
789 2430 1118 2488 schismatis
1163 2431 1400 2486 initium
1437 2430 1508 2485 ab
1550 2429 1650 2485 illa
1682 2430 1922 2486 ordina-

276 2505 436 2560 tione
463 2503 807 2560 desumitur.

346 2575 711 2630 Schismatici
741 2575 1014 2630 adversus
1054 2573 1423 2630 Caecilianum
1455 2572 1813 2642 scripserunt
1843 2571 1926 2626 li-

275 2646 482 2715 bellos,
509 2653 564 2701 et
594 2645 909 2702 Anulinum
956 2644 1162 2700 Africa
1213 2645 1607 2715 proconsulem
1643 2643 1928 2715 interpela

275 2714 493 2777 larunt.
540 2722 602 2774 ut
648 2730 744 2774 eos
795 2717 864 2773 ad
913 2714 1375 2784 Constantinum,
1420 2724 1556 2772 tunc
1618 2715 1677 2770 in
1713 2714 1924 2771 Galliis

274 2796 556 2860 agentem,
611 2792 885 2858 mitteret,
941 2789 1155 2858 quibus
1220 2801 1346 2843 eum
1408 2786 1706 2860 rogabant,
1755 2793 1831 2860 ut,
1853 2787 1924 2842 de

273 2858 466 2916 Gallia
502 2861 728 2929 judices
749 2861 874 2916 dari
918 2861 1267 2930 praciperet.
1308 2861 1616 2928 Imperator
1637 2858 1802 2913 lectis
1821 2859 1934 2912 Do-.

275 2933 627 2988 natistarum
678 2932 916 2997 libellis,
973 2932 1364 2987 subiracunde
1410 2930 1724 3001 respondit,
1783 2934 1924 2984 teste

272 3004 482 3073 Optato
526 3003 893 3059 Milevitano:
944 3024 969 3054 «
1009 3003 1207 3058 Petitis
1241 3015 1274 3058 a
1305 3015 1391 3057 me
1420 3004 1480 3058 in
1505 3001 1718 3058 sarulo.
1753 3001 1925 3070 judi-

272 3075 451 3138 cium,
479 3087 606 3130 cum
648 3089 749 3146 ego
782 3075 904 3144 ipse
931 3075 1147 3130 Christi
1185 3073 1473 3142 judicium
1521 3079 1766 3146 exspecti
1789 3086 1862 3126 m.
1891 3089 1918 3121 ι

2032 1855 2320 1925 episcopis
2343 1855 2818 1925 Carthaginensis
2865 1855 3172 1925 provincia
3197 1855 3443 1911 liberum
3476 1856 3588 1912 fuit
3620 1859 3678 1912 in

2032 1940 2094 1981 ea
2121 1927 2416 1995 metr0poli
2455 1927 2758 1982 convenire
2787 1926 2855 1998 ad
2883 1926 3210 1998 eligendum
3254 1929 3526 1983 Mensurii
3551 1930 3682 1998 epi-

2033 1997 2187 2067 scOpi
2221 2011 2623 2070 successorem.
2654 1997 2938 2054 Inseritur
2974 1997 3068 2054 hic
3098 2014 3227 2069 pars
3265 1999 3461 2070 aliqua
3491 1997 3681 2056 histo-

2034 2070 2134 2125 ria
2163 2069 2430 2126 Ecclesia
2475 2068 2795 2125 Africana:
2849 2068 3111 2125 connexa
3144 2085 3272 2126 cum
3306 2068 3384 2126 sit
3423 2071 3679 2128 historia

2033 2142 2296 2214 Romana
2343 2143 2517 2214 sedis.
2576 2141 2921 2214 Cacilianus
2972 2142 3154 2214 igitur
3208 2142 3678 2214 Carthaginensis

2032 2213 2299 2268 Ecclesia
2329 2213 2611 2269 diaconus
2645 2213 2918 2269 canonice
2958 2213 3176 2269 electus
3213 2219 3270 2269 et
3311 2221 3680 2270 consecratus

2035 2283 2145 2339 fuit
2173 2285 2480 2355 episcOpus
2531 2284 2673 2340 cieri
2717 2283 3030 2353 suffragiis,
3077 2285 3258 2340 totius
3292 2285 3486 2353 populi
3515 2299 3684 2342 acce-

2033 2357 2201 2412 dente
2249 2370 2550 2412 consensu.
2593 2357 2798 2412 Contra
2851 2356 3002 2410 hunc
3052 2356 3308 2425 legitime
3355 2357 3597 2413 electum
3628 2362 3684 2413 et

2038 2429 2147 2482 rite
2175 2437 2566 2485 consecratum
2595 2429 3004 2483 seditiosorum
3047 2427 3222 2484 factio
3249 2430 3457 2498 partim
3490 2429 3684 2484 ambi-

2036 2501 2216 2565 tione,
2250 2501 2456 2568 partim
2492 2499 2746 2554 avaritia
2771 2501 2970 2554 studio
2996 2500 3250 2567 seducta,
3284 2513 3345 2555 se
3387 2501 3464 2554 ita
3497 2502 3684 2556 auda-

2036 2575 2156 2626 cter
2191 2572 2393 2634 erexit,
2427 2578 2486 2626 ut
2513 2572 2848 2640 cpiscOpum
2884 2583 3288 2641 recognoscere
3317 2572 3676 2627 detrectaret.

2034 2643 2377 2698 Convocavit
2398 2642 2795 2706 Carthaginem
2818 2642 3114 2710 episcopos
3135 2642 3681 2712 aliquotNumidia,

2035 2719 2089 2784 et
2115 2713 2438 2768 vicinarum
2489 2714 2785 2783 regionum
2826 2726 3064 2768 numero
3095 2714 3480 2784 septuaginta,
3535 2729 3685 2784 agre

2034 2783 2277 2840 ferentes
2306 2785 2374 2839 ad
2408 2798 2529 2839 eam
2560 2784 2894 2839 electionem
2915 2797 2974 2838 se
3001 2796 3114 2838 non
3141 2783 3324 2840 fuisse
3341 2783 3682 2841 vocatolei

2035 2857 2213 2911 veluti
2243 2856 2311 2910 ad
2337 2856 2650 2911 concilium
2673 2855 3024 2926 congregati,
3049 2869 3178 2910 cum
3204 2857 3273 2910 ad
3294 2869 3421 2911 eum
3442 2869 3682 2912 conven-

2033 2933 2155 2982 tum
2180 2940 2240 2982 se
2270 2927 2476 2982 sistere
2501 2925 2840 2982 Cacilianus
2869 2925 3174 2992 renuisset,
3213 2927 3340 2994 ejus
3366 2927 3687 2982 ordinatio-

2036 3012 2159 3053 nem
2204 3011 2326 3052 esse
2376 2997 2590 3052 nullam
2637 2998 3054 3067 declarant,get
3086 2997 3427 3063 Majorinnm
3470 3002 3526 3053 in
3558 2999 3684 3067 ejus

2035 3069 2221 3125 locum
2250 3067 2636 3123 substituunt.
2683 3068 2839 3122 Datis
2889 3066 3140 3122 subinde
3178 3067 3395 3123 litteris
3437 3070 3506 3124 ad
3541 3066 3683 3124 uni-

273 3136 448 3201 Dedit
499 3136 711 3201 tamen”
743 3136 970 3215 judices
1034 3136 1351 3202 Maternum
1403 3136 1918 3216 Agrippinensem;
1951 3153 1999 3216 α
2035 3153 2224 3216 versas
2243 3139 2538 3216 Ecclesiae.
2565 3136 2867 3216 Africanas
2892 3137 3227 3216 suadebant,
3265 3144 3326 3216 ut
3355 3152 3387 3194 a
3417 3153 3684 3216 commu-

277 3216 601 3273 Rheticium
630 3218 1287 3289 Augustodunensemot
1306 3215 1591 3272 Marinum
1618 3215 1924 3289 Arelaten-

273 3302 392 3344 sem
440 3285 756 3359 episcopos',
791 3290 892 3360 qui
940 3303 1067 3345 cum
1102 3286 1432 3360 ,Melchiade
1465 3285 1922 3360 papatetualiis

271 3356 564 3487 expasgoapis
581 3356 753 3486 tItalis
778 3356 849 3416 ab
881 3361 1007 3430 ipso
1023 3359 1347 3430 deligendis
1369 3371 1599 3414 causam
1624 3356 1918 3412 Caciliani

274 3447 291 3486 ι
385 3447 398 3486 ι
440 3446 573 3487 σνθη
609 3471 620 3485 .

274 3435 620 3488 indicarent.

343 3503 695 3575 Congregata
725 3509 812 3559 est
833 3503 1022 3558 Roma
1045 3501 1220 3573 synod
1231 3516 1325 3575 us,
1351 3501 1446 3575 die
1466 3501 1715 3575 secunda
1744 3499 1921 3575 octo-

272 3574 419 3642 bris,
446 3571 591 3630 feria
616 3581 794 3644 sexta,
828 3571 1243 3644 ideoque‘anno
1272 3573 1486 3627 Christi
1522 3571 1920 3627 trecentesimo

271 3647 498 3702 decimo
521 3647 706 3712 tertio,
740 3647 796 3700 in
827 3646 994 3701 domo
1015 3646 1236 3700 Fausta
1269 3645 1326 3700 in
1355 3645 1651 3699 Laterano.
1677 3644 1740 3698 Ei
1773 3655 1922 3712 pra-3

272 3717 392 3774 fuit
416 3705 778 3786 Melchiades,
803 3718 898 3772 cui
931 3716 1259 3772 assidebant
1287 3721 1402 3771 tres
1432 3713 1646 3784 prafati
1664 3705 1920 3786 episcopi

273 3798 330 3845 et
358 3789 687 3859 quindecim
721 3789 870 3843 Itali.
902 3791 963 3844 In
997 3789 1276 3859 Donatum
1307 3801 1339 3842 a
1383 3787 1545 3842 Casis
1593 3786 1778 3857 nigris
1807 3785 1924 3840 lata

273 3858 558 3916 sententia
590 3865 676 3915 est
712 3858 1162 3930 suifragantibus
1194 3859 1505 3930 universis,
1537 3878 1563 3910 α
1597 3859 1747 3928 quod
1779 3869 1924 3912 con-

272 3931 464 3988 fessus
501 3931 575 3987 sit
607 3929 1004 3999 rebaptizaSse,
1048 3936 1104 3985 et
1151 3931 1442 4000 episcOpis
1481 3929 1661 3999 lapsis
1693 3941 1921 3984 manum

276 4003 646 4074 imposuisse,
692 4003 840 4071 quod
881 4001 1243 4074 ab‘Ecclesia
1282 4001 1546 4074 alienum!
1582 4006 1687 4074 est.
1731 4001 1924 4074 Testes

278 4071 506 4130 inducti
533 4087 565 4130 a
591 4075 810 4129 Donato
845 4071 1094 4130 confessi
1126 4078 1263 4129 sunt
1299 4087 1356 4128 se
1388 4086 1499 4128 non
1537 4072 1740 4128 habere
1769 4071 1922 4143 quod

276 4147 338 4201 in
365 4145 733 4200 Caecilianum
776 4145 1053 4200 dicerent.
1079 4145 1422 4201 Cacilianus
1445 4143 1703 4200 omnium
1725 4155 1928 4212 supra-

275 4222 719 4273 memoratarum
748 4217 1055 4273 sententiis
1088 4217 1360 4272 innocens
1385 4221 1471 4272 est
1493 4215 1920 4286 pronuntiatus,

273 4288 449 4345 etiam
473 4287 754 4343 Miltiadis
779 4289 1087 4355 sententia,
1119 4302 1228 4358 qua
1245 4288 1533 4356 judicium
1557 4288 1816 4343 clausum
1839 4289 1926 4358 est

277 4360 375 4416 his
400 4359 626 4416 verbis:
662 4360 801 4414 Cum
823 4355 1155 4416 constiterit
1182 4355 1553 4415 Cacilianum
1587 4358 1658 4413 ab
1691 4357 1785 4427 iis,
1822 4355 1923 4428 qui

277 4445 410 4487 cum
442 4432 659 4486 Donato
682 4437 972 4497 venerant,
996 4431 1161 4501 juxta
1189 4428 1598 4500 professionem
1621 4441 1784 4501 suam
1811 4440 1923 4484 non

272 4502 559 4573 accusari,
593 4516 694 4557 nec
735 4515 766 4556 a
807 4500 1021 4558 Donato
1069 4503 1394 4558 convictum
1443 4512 1566 4557 esse
1616 4501 1674 4573 in
1729 4500 1925 4570 aliqua

275 4581 436 4644 parte
474 4562 824 4642 constiterit,
891 4589 1009 4630 sua
1062 4574 1452 4630 communioni
1509 4562 2008 4628 EcclesiasticaD

277 4645 503 4716 integro
554 4652 707 4701 statu
766 4644 1128 4716 retinendum
1181 4645 1384 4701 merito
1432 4657 1824 4716 essegcenseo.
1896 4661 1922 4693 ››

274 4714 627 4772 Βθῐθῐοιιηῐιιι*
655 4717 773 4771 hac
798 4715 869 4777 ob
917 4716 1121 4787 Optato
1150 4716 1483 4771 Milevitano
1531 4714 1633 4770 lib.
1670 4732 1688 4769 ι
1719 4716 1928 4787 adver—

275 4802 381 4844 sus
415 4789 873 4856 Parmenianum,
910 4786 1009 4858 qui
1055 4788 1290 4843 alteram
1343 4796 1557 4857 partem
1606 4786 1924 4854 sententia,

271 4860 347 4915 de
395 4859 759 4916 damnatione
807 4859 1034 4916 scilicet
1082 4859 1308 4929 Donati,
1350 4868 1407 4914 et
1457 4860 1526 4915 de
1565 4858 1928 4929 susceptione

272 4930 675 5001 episcoporum
720 4931 900 5001 partis
928 4931 1192 5001 Majorini
1237 4928 1622 5000 pratermisit.
1648 4930 1796 5001 Huic
1819 4928 1930 4998 Sy-

275 4999 429 5057 n‘odo
478 4999 735 5058 Marcus
765 4999 1075 5074 presbyter,
1128 4999 1342 5072 postea,
1381 5005 1582 5074 sancto
1632 5001 1672 5074 S
1697 4999 1928 5074 ilvestro

281 5081 530 5141 mortuo,
566 5075 855 5130 Romanus
889 5071 1165 5144 pentifex,
1215 5072 1500 5140 interfuit,
1537 5071 1814 5144 utvidere
1841 5075 1930 5144 est

279 5146 435 5215 apud
465 5139 748 5202 Valesium
783 5147 842 5201 in
862 5139 1026 5202 Notis
1052 5145 1120 5200 ad
1147 5139 1356 5215 librum
1388 5159 1424 5201 ι
1454 5142 1687 5200 Eusebii
1716 5156 1839 5212 cap.
1869 5139 1954 5205 8,.

274 5214 335 5272 et
362 5217 420 5271 in
464 5217 681 5272 Critica
725 5217 953 5272 Baronii
988 5230 1138 5272 anno
1164 5214 1289 5273 313.
1323 5217 1536 5273 Ferunt
1566 5221 1686 5270 tum
1735 5216 1928 5270 Dona—

276 5288 449 5343 tistas
471 5291 896 5358 condemnatos,
913 5302 945 5343 a
967 5289 1248 5343 sententia
1263 5290 1662 5358 episcoporum
1687 5285 1925 5342 concilii

275 5359 348 5414 ad
375 5360 778 5428 Imperatorem
827 5359 1164 5429 appellasse,
1209 5359 1548 5428 dictumque
1576 5373 1608 5414 a
1641 5359 1931 5429 Constan-f

275 5432 425 5497 tino,
459 5427 589 5483 eum
619 5431 674 5483 id
711 5427 963 5498 accepit:
1011 5449 1036 5481 «
1067 5430 1113 5485 Ο
1154 5427 1350 5485 rabida
1396 5427 1612 5486 furoris
1640 5429 1881 5484 audacia
1913 5427 1926 5483 ι

273 5499 526 5558 Sicutin
555 5499 750 5553 causis
773 5500 1093 5554 Gentilium
1144 5501 1264 5570 geri
1319 5499 1462 5555 solet
1487 5499 1928 5568 appellationem

278 5575 778 5640 interposuerunt.
830 5587 860 5619 ιι
919 5572 1260 5639 Disputatur
1314 5571 1462 5640 inter
1507 5572 1726 5640 doctos,
1794 5584 1928 5627 num

281 5645 404 5699 hac
445 5638 523 5698 ad
597 5642 997 5710 imperatorem
1030 5638 1370 5710 appellatio
1416 5639 1565 5696 facta
1639 5638 1812 5697 fuerit
1869 5642 1928 5696 in

284 5715 392 5770 hoc
429 5714 703 5785 Romano,
752 5725 824 5769 an
885 5713 946 5768 in
991 5713 1311 5771 Arelatensi
1355 5712 1603 5770 concilio
1649 5713 1758 5771 sub
1809 5712 1932 5769 Sile

279 5789 490 5842 VCSII‘O.
1009 5795 1012 5800 ’

359 5858 534 5915 Porro
583 5857 844 5918 Donatus
898 5857 1146 5934 a-Casis
1195 5856 1386 5931 nigris
1421 5854 1718 5919 confessus
1756 5861 1844 5919 est
1872 5870 1935 5918 se

2035 3212 2205 3266 nione
2233 3210 2525 3264 Caciliani
2551 3209 2895 3275 recederent,
2929 3215 2986 3264 et
3019 3209 3087 3263 ad
3111 3211 3449 3278 Majorinum
3485 3211 3683 3267 deiice-

2035 3288 2180 3349 rent,
2231 3294 2262 3335 a
2313 3295 2374 3336 se
2424 3286 2768 3350 promotum.
2821 3279 2977 3335 Talis
3030 3280 3193 3351 origo
3225 3281 3679 3338 estschismatis

2030 3353 2481 3409 Donatistarum.
2848 3397 2851 3400 .

2100 3425 2306 3495 Verum
2363 3423 2478 3478 duo
2533 3422 2720 3492 magni
2774 3421 3040 3495 Ecclesia
3096 3420 3377 3479 Africana
3423 3425 3677 3495 episcopi

2032 3509 2231 3565 nempe
2259 3494 2501 3568 Optatus
2523 3495 2890 3568 Milevitanus
2918 3494 3382 3568 et_Augustinus,
3418 3494 3517 3568 qui
3541 3497 3682 3552 scri-

2033 3573 2271 3638 pserunt
2319 3565 2528 3621 saculo
2569 3566 2789 3638 integro
2837 3565 2931 3638 ab
2963 3565 3060 3620 illa
3102 3565 3395 3622 seditione
3426 3565 3677 3624 nondum

2033 3637 2264 3710 penitus
2304 3638 2622 3706 consopita,
2675 3637 2785 3710 sed
2813 3637 2884 3710 ad
2922 3637 3177 3706 ipsorum
3210 3643 3434 3693 atatem
3491 3641 3682 3695 adhuc

2031 3707 2387 3778 continuata,
2437 3713 2720 3764 testantur
2773 3707 2829 3762 id
2861 3721 2986 3763 esse
3023 3713 3352 3764 constanter
3400 3711 3677 3766 indicium

2033 3795 2271 3852 eamque
2302 3779 2778 3852 tesseram,unde
2807 3778 3166 3834 schismatici
3215 3793 3440 3850 semper
3471 3781 3678 3837 detecti

2033 3851 2374 3923 suntatque
2423 3851 2719 3918 haeretici;
2762 3863 2980 3920 nempe,
3016 3852 3167 3921 quod
3207 3865 3268 3923 se
3297 3852 3681 3908 subduxerint

2033 3939 2100 3981 ac
2148 3922 2538 3993 separaverint
2583 3923 2655 3978 ab
2689 3923 2902 3977 unione
2938 3935 3065 3978 cum
3105 3922 3355 3978 Ecclesia
3386 3925 3678 3980 Romana:

2039 4017 2065 4049 ‹‹
2097 3996 2297 4065 Quare
2330 3996 2530 4049 harum
2571 3994 2854 4064 originem
2886 4007 3117 4062 rerum;
3162 3999 3216 4048 et
3249 3996 3506 4051 invenies
3535 3997 3680 4052 hanc

2037 4074 2090 4125 te
2113 4069 2172 4123 in
2193 4080 2292 4122 vos
2311 4066 2533 4120 dixisse
2550 4066 2911 4132 sententiam,
2941 4078 3071 4120 cum
3099 4065 3488 4122 schismaticis
3510 4067 3684 4124 hare-

2037 4141 2184 4196 ticos
2213 4137 2471 4194 sociasti.
2504 4138 2624 4192 Non
2657 4136 3196 4208 enimCacilianus
3227 4138 3407 4193 exivit
3431 4151 3464 4194 a
3497 4141 3682 4208 Majo-

2037 4213 2182 4275 rino,
2243 4224 2344 4265 avo
2392 4222 2519 4276 suo,
2578 4208 2672 4263 sed
2728 4207 3048 4276 Majorinus
3098 4221 3130 4263 a
3183 4208 3505 4266 Caciliano.
3571 4207 3682 4267 Nec

2033 4281 2379 4338 Cacilianus
2418 4280 2655 4352 recessit
2682 4292 2715 4335 a
2743 4279 3014 4352 cathedra
3063 4280 3212 4335 Petri
3259 4280 3342 4336 vel
3387 4281 3678 4352 Cypriani,

2035 4355 2132 4411 sed
2161 4353 2497 4422 Majorinus,
2529 4351 2698 4421 cujus
2731 4355 2793 4407 tu
2823 4350 3148 4407 cathedram
3179 4353 3360 4420 sedes,
3390 4350 3516 4422 qua
3553 4350 3684 4409 ante

2040 4427 2228 4494 ipsum
2259 4426 2600 4494 Majorinum
2645 4423 2925 4496 originem
2959 4436 3068 4496 non
3117 4423 3378 4496 habebat.
3413 4442 3440 4474 υ
3471 4424 3678 4496 (Optat.

2040 4492 2277 4554 Milevit.
2325 4492 2545 4553 advers.
2576 4492 2932 4550 Parmenian.
2966 4493 3059 4546 lib.
3099 4492 3159 4563 ι.)

2115 4588 2141 4620 α
2214 4569 2558 4623 Cacilianus
2617 4572 2808 4634 posset
2844 4577 2955 4619 non
2998 4577 3201 4619 curare
3255 4564 3679 4635 conspirantem

2041 4639 2474 4695 multitudinem
2524 4637 2934 4703 inimicorum;
2963 4648 3092 4690 cum
3138 4648 3199 4691 se
3226 4636 3444 4692 videret
3478 4644 3534 4693 et
3561 4640 3682 4695 Ro-

2040 4724 2221 4767 mana
2253 4709 2538 4778 Ecclesia,
2571 4708 2629 4762 in
2654 4720 2764 4776 qua
2796 4720 3016 4775 semper
3035 4707 3377 4775 Apostolica
3391 4708 3682 4765 Cathedra

2038 4782 2227 4852 viguit
2253 4781 2640 4852 principatus.
2660 4784 2714 4832 et
2756 4779 2982 4852 cunctis
3015 4779 3206 4846 terris,
3245 4779 3394 4834 unde
3418 4782 3682 4852 Evange—

2038 4849 2182 4910 lium
2208 4855 2276 4906 ad
2308 4852 2489 4921 ipsam
2522 4849 2769 4905 Africam
2799 4850 2979 4921 venit,
3005 4863 3104 4918 per
3140 4849 3683 4908 communicator’ias

2039 4925 2261 4981 litteras
2300 4919 2423 4979 esse
2463 4922 2829 4991 conjunctum
2862 4938 2872 4973 :
2925 4919 3026 4991 ubi
3063 4928 3296 4991 paratus
3342 4927 3491 4978 esset
3520 4937 3681 4980 suam

2039 5009 2269 5052 causam
2295 4994 2510 5062 dicere,
2543 4990 2594 5048 si
2623 4990 2936 5048 adversarii
2967 4990 3092 5061 ejus
3121 4991 3191 5048 ab
3217 5005 3282 5048 eo
3315 4993 3446 5049 illas
3483 4995 3684 5051 Eccle-

2039 5069 2159 5124 sias
2186 5067 2441 5122 alienare
2469 5070 2835 5120 conarentur.
2868 5081 2894 5134 in
2921 5063 2992 5134 (S.
3018 5065 3326 5134 Augustin.
3357 5080 3439 5133 ep.
3469 5063 3610 5130 462.)

2112 5141 2223 5195 Hoc
2246 5138 2536 5209 negotium
2577 5149 2768 5192 revera
2797 5133 3048 5190 delatum
3075 5133 3190 5209 fuit
3219 5135 3287 5190 ad
3310 5135 3680 5193 Melchiadem

2043 5225 2240 5282 papam
2268 5206 2513 5282 Eusebii
2537 5219 2946 5282 successorem,
2977 5213 3103 5282 post
3130 5206 3286 5282 illam
3321 5221 3510 5282 rerum
3539 5222 3683 5264 con—

2041 5275 2381 5345 versionem,
2437 5279 2751 5351 religionis
2769 5275 3007 5351 bouo’a
3043 5279 3154 5333 Deo
3187 5275 3435 5351 feliciter
3465 5286 3681 5351 partam

2043 5355 2102 5409 in
2123 5352 2485 5409 Constantini
2511 5348 2870 5422 promotione
2894 5348 2963 5405 ad
2995 5349 3325 5422 imperium.

2112 5425 2214 5480 Hic
2242 5425 2390 5480 enim
2421 5421 2690 5494 princeps
2713 5435 2779 5477 ex
2798 5421 3050 5494 victoria
3072 5421 3200 5494 Asibi
3227 5421 3516 5494 divinitus
3539 5436 3684 5479 con-

2041 5511 2198 5554 cessa
2229 5495 2336 5551 sub
2366 5491 2648 5563 auspiciis
2667 5491 2906 5548 viviiica
2927 5492 3138 5559 crucis,
3171 5505 3204 5548 a
3224 5506 3284 5548 se
3299 5492 3440 5548 etab
3463 5495 3687 5552 univer-

2042 5583 2105 5628 so
2135 5567 2389 5623 exercitu
2423 5567 2482 5620 in
2505 5565 2954 5638 calospectata,
2981 5564 3354 5638 confirmatus
3381 5565 3435 5620 in
3461 5578 3546 5638 ea,
3571 5581 3683 5638 qua

2041 5652 2170 5711 erga
2209 5635 2848 5711 Christianosaiiectus
2893 5641 3015 5711 erat
3033 5635 3231 5711 animi
3285 5635 3679 5709 propensione,

2045 5706 2190 5767 ha'nc
2248 5723 2358 5766 non
2407 5709 2636 5765 destitit
2673 5706 2971 5780 confestim
3015 5707 3304 5764 declarare
3335 5706 3432 5780 per
3472 5706 3681 5778 edicta,

2044 5783 2292 5841 liberum
2319 5782 2662 5852 exercitium
2699 5779 2996 5852 religionis
3034 5786 3260 5851 nostra,
3287 5779 3684 5851 benorumque

2043 5853 2305 5917 omnium
2317 5851 2742 5912 restitutionem
2753 5851 3007 5925 ejusdem
3022 5852 3550 5926 nostra-religionis
3561 5863 3690 5924 pro-
