4072 6176
390 275 521 336 4544

1642 268 2000 327 ANASTASII
2039 268 2581 326 BIBLIOTHECARII

3669 271 3806 330 4542

392 395 714 454 fossoribus
743 389 1128 451 decernentia.
1160 390 1418 465 Subinde
1446 391 1718 464 Augustae
1743 393 2054 465 dignitatis
2074 390 2131 450 A
2164 393 2468 464 quomodo,
2499 405 2678 464 quave
2707 394 2953 460 ratione,
2997 392 3097 448 illa
3128 405 3294 462 quam
3327 407 3503 464 supra
3526 394 3799 462 diximus,

390 470 792 525 auctoritatem
820 465 1169 534 interposuit
1183 464 1252 519 ad
1271 477 1393 519 com
1405 465 1690 532 ponendas
1708 464 2051 520 domesticas

391 542 657 596 Ecclesiae
691 537 1173 609 perturbationes,
1207 536 1459 605 ejusdem
1501 542 1828 592 sanctarum
1859 536 2046 607 legum

393 607 782 683 patrocinium
813 607 1126 683 professus.

457 685 680 740 Certior
707 677 904 750 itaque
935 677 1121 734 factus
1151 678 1220 734 de
1252 678 1552 735 seditiosis
1593 677 1870 747 motibus,
1899 691 2046 748 quos

392 755 449 810 in
485 754 678 810 Africa
728 753 1144 808 suscitaverant
1183 751 1513 816 Donatistae,
1557 751 1825 820 praecepit
1857 751 2046 821 magi-

389 827 672 883 stratibus
696 825 754 879 in
780 837 842 878 ea
875 823 1172 892 provincia
1200 835 1229 875 a
1253 834 1311 876 se
1337 823 1692 882 constitutis.
1729 827 1789 876 ut
1819 822 2044 878 eosdem

397 899 794 968 reprimereut,
823 893 1338 968 datisquelitteris
1368 894 1437 968 ad
1461 893 1839 968 Caecilianum
1864 893 2045 968 legiti-

400 964 551 1026 mum
600 969 928 1038 episcopum
960 964 1744 1038 Carthaginensis_Ecclesi:B,
1783 966 2043 1038 eumdem

394 1035 693 1096 certiorem
729 1035 882 1104 fecit,
915 1051 1026 1094 non
1056 1035 1361 1092 defuturos
1384 1035 1681 1091 ministros
1699 1049 1836 1091 suos
1860 1036 2049 1105 opitu-

397 1112 524 1177 lari,
558 1111 789 1167 illorum
823 1109 1102 1165 auxilium
1129 1107 1227 1163 ubi
1250 1107 1600 1176 imploraret.
1631 1108 1832 1162 Certus
1856 1115 2046 1162 autem

395 1197 522 1240 cum
569 1191 736 1249 esset,
773 1181 1173 1236 schismaticos
1201 1192 1232 1232 a
1263 1192 1322 1233 se
1355 1179 1767 1249 postulaturos,
1803 1185 1866 1234 ut
1894 1179 2045 1247 apud

398 1255 817 1310 transmarinos
843 1253 1071 1321 judices
1100 1263 1273 1305 causa
1307 1249 1537 1305 illorum
1573 1264 1700 1305 cum
1741 1249 2048 1305 Caeciliano

393 1327 792 1392 decideretur;
853 1325 1164 1392 imperator
1189 1337 1295 1374 non
1329 1337 1497 1375 ausus
1523 1322 1588 1374 de
1616 1335 1782 1374 causa
1799 1321 2050 1392 episcopi

386 1399 644 1465 judicare
673 1389 1025 1463 (observante
1058 1395 1114 1448 S.
1145 1393 1469 1465 Augustino
1502 1392 1561 1447 in
1583 1391 1748 1461 epist.
1783 1389 1910 1465 466)
1932 1407 2048 1446 eam

399 1469 816 1531 discutiendam,
868 1471 1032 1533 atque
1084 1464 1380 1532 ﬁniendam
1429 1465 1710 1532 Episcopis
1758 1464 2048 1530 delegauit.

400 1545 478 1597 Ita
501 1555 625 1593 vero
642 1540 706 1592 de
723 1537 906 1591 eadem
932 1535 1268 1606 perscripsit
1288 1535 1354 1589 ad
1378 1535 1747 1606 Melchiadem
1789 1548 2009 1604 papam.

475 1631 500 1662 α
526 1610 940 1666 Constantinus
988 1612 1282 1678 Augustus
1323 1605 1593 1661 Miltiades
1621 1607 1890 1678 episcopo
1935 1607 2050 1662 Ro-

405 1696 591 1750 mano,
615 1687 672 1736 et
695 1682 882 1735 Marco
912 1677 1174 1734 salutem.
1209 1677 1489 1750 Quoniam
1526 1679 1806 1750 ejusmodi
1843 1677 2051 1750 litterae

2159 465 2624 536 ditigentissime,
2656 466 3093 535 rectissimeque
3118 465 3452 536 dirimatur,
3481 473 3536 521 et
3566 481 3636 521 ex
3657 469 3805 536 juris

2159 535 2490 606 prmscripto
2525 537 2746 592 tandem
2781 536 3130 592 absolvatur.
3159 535 3635 607 Quandoquidem
3663 535 3800 593 illud

2158 615 2403 663 vestrum
2437 609 2696 663 studium
2728 609 2968 663 minime
2994 608 3150 674 latet,
3186 621 3271 662 me
3314 615 3525 663 tantam
3558 623 3807 664 reveren-

2154 679 2292 734 tiam
2320 687 2529 734 sanctze
2557 685 2612 734 et
2635 679 2932 736 catholicae
2955 679 3218 734 Ecclesia:
3243 679 3517 748 tribuere,
3551 686 3618 736 ut
3643 681 3803 736 velim

2155 764 2251 806 vos
2278 751 2500 806 nullum
2530 750 2791 822 generale
2819 752 3092 816 schisma,
3119 749 3333 806 nullam
3364 752 3715 807 discordiam
3751 754 3804 806 in

2156 822 2274 877 ullo
2331 823 2452 878 loco
2508 823 2744 878 omnino
2791 823 3137 892 relinquere.
3187 823 3417 878 Summa
3463 825 3656 893 magni
3711 825 3801 877 Dei

2157 894 2422 962 majestas
2443 908 2563 962 vos,
2595 895 3029 949 honoratissimi
3065 894 3199 961 viri,
3233 893 3427 948 multis
3459 898 3635 949 annis
3667 908 3803 950 con-

2156 971 2358 1020 servet.
2393 983 2418 1013 »
2451 962 2631 1034 (Apud
2663 965 2865 1020 Euseb.
2913 967 3062 1018 Hist.
3100 965 3199 1019 lib.
3238 979 3292 1033 x,
3328 979 3452 1034 cap.
3481 965 3600 1033 55.)

2229 1036 2542 1104 Utriusque
2584 1037 2764 1105 partis
2819 1038 2930 1092 viri
2985 1037 3215 1091 Romam
3247 1051 3378 1091 cum
3415 1038 3798 1101 advenissent,

2156 1106 2254 1162 ubi
2292 1109 2506 1176 pariter
2546 1108 2782 1163 aderant
2814 1114 2927 1164 tres
2978 1107 3065 1163 illi
3094 1107 3413 1163 Galliarum
3447 1110 3705 1177 episc0pi
3750 1108 3800 1162 in

2155 1179 2515 1250 Constantini
2542 1179 2755 1235 litteris
2777 1181 3093 1247 memorati,
3122 1193 3333 1235 necnon
3356 1179 3458 1235 alii
3478 1181 3800 1250 quindecim

2157 1263 2226 1305 ex
2253 1249 2412 1304 Italia
2447 1251 2760 1318 antistites,
2813 1250 3123 1306 concilium
3171 1249 3513 1306 celebratum
3563 1251 3677 1305 fuit
3707 1251 3802 1305 sub

2156 1323 2502 1378 auctoritate
2527 1323 2862 1378 Melchiadis
2885 1336 3058 1391 papae.
3089 1342 3115 1373 cr
3146 1323 3459 1377 Melchiade
3484 1323 3803 1388 apostolica!

2159 1393 2316 1448 sedis
2339 1396 2606 1462 episcOpo
2652 1395 2991 1462 praesidente
3031 1395 3288 1448 Reticius
3317 1408 3446 1448 cum
3475 1395 3801 1462 aliisjudex

2161 1463 2429 1521 interfuit
2480 1483 2504 1514 υ
2529 1463 2598 1535 (S.
2625 1465 2792 1536 Aug.,
2823 1466 2924 1520 lib.
2949 1478 2964 1519 ι
2993 1470 3164 1519 contr.
3192 1465 3325 1531 Jul.,
3354 1479 3478 1534 cap.
3510 1463 3592 1529 9).
3620 1485 3646 1515 α
3679 1466 3806 1519 Con-

2159 1543 2440 1592 venerunt
2491 1536 2549 1590 in
2581 1537 2812 1592 domum
2859 1538 3077 1592 Fausta:
3111 1537 3166 1590 in
3215 1537 3489 1591 Laterano
3526 1537 3804 1590 Constan-

2163 1607 2284 1662 tino
2312 1608 2386 1662 Ill
2415 1614 2471 1663 et
2502 1607 2725 1662 Licinio
2755 1610 2829 1663 III
2850 1621 2995 1664 coss.
3026 1621 3079 1662 γι
3114 1609 3253 1663 Non.
3285 1608 3516 1662 Octobr.
3551 1608 3645 1662 die
3673 1607 3804 1662 feria

2161 1683 2340 1733 sexta.
2365 1696 2391 1727 ››
2414 1678 2542 1749 Opt.
2571 1679 2760 1734 Milev.
2792 1679 2891 1734 lib.
2929 1693 2965 1744 1,
2999 1685 3103 1734 etc.
3144 1699 3168 1729 α
3195 1678 3535 1735 Caecilianus
3556 1680 3802 1734 omnium

399 1748 725 1826 complures
756 1751 827 1806 ab
846 1750 1101 1826 Anulino
1121 1749 1448 1826 clarissimo
1477 1748 2053 1826 Alricm‘proconsule
2084 1766 2135 1826 Β
2164 1748 2781 1826 supramemoratorum
2807 1751 3419 1826 sententiisinnocens
3438 1756 3538 1826 est
3573 1764 3804 1826 pronun-

397 1826 465 1881 ad
515 1820 599 1880 me
641 1825 829 1878 missa:
877 1828 1034 1881 sunt.
1077 1821 1135 1875 in
1169 1820 1382 1890 quibus
1431 1821 2049 1876 constatCmcilianum

397 1897 731 1968 episcopum
760 1891 1605 1968 civitatisACarthaglnensium,
1643 1906 1673 1946 a
1705 1891 2052 1968 quibusdam

398 1963 636 2039 collegis
683 1967 808 2022 suis
859 1967 915 2039 in
964 1963 1154 2020 Africa
1194 1963 1481 2039 ordinatis
1511 1964 1819 2039 episcopis,
1849 1963 2053 2039 multis

398 2041 468 2095 de
500 2034 670 2094 rebus
702 2039 760 2093 in
809 2037 1021 2093 crimen
1054 2035 1269 2102 vocari,
1302 2040 1358 2090 et
1391 2035 1534 2090 illud
1566 2035 1707 2088 mihi
1753 2034 2052 2090 molestum

401 2112 649 2175 videtur,
674 2115 736 2164 ut
759 2111 816 2164 in
848 2109 939 2163 his
963 2107 1299 2176 provinciis,
1320 2107 1672 2176 quasdivina
1695 2107 2054 2175 providentia

405 2183 554 2239 ultro
572 2195 636 2236 ac
655 2194 758 2237 sua
773 2188 974 2250 sponte
994 2178 1102 2234 sub
1128 2191 1311 2233 meum
1329 2177 1698 2250 subjunxerit
1722 2177 2050 2250 imperium,

401 2261 457 2310 et
481 2256 538 2308 in
571 2251 696 2307 illis
722 2249 886 2319 locis,
919 2251 976 2305 in
1005 2250 1221 2320 quibus
1248 2250 1445 2304 crebra
1474 2249 1769 2304 hominum
1796 2249 2055 2318 frequen-

404 2325 481 2382 tia
507 2330 788 2389 versatur,
823 2335 931 2378 non
983 2322 1148 2377 modo
1180 2321 1492 2376 multitudo
1533 2320 1600 2374 ad
1633 2320 1919 2376 deteriora
1948 2321 2056 2375 de-

403 2397 606 2461 ﬂectat,
632 2402 688 2452 et
717 2395 1081 2450 distrahatur
1105 2392 1394 2460 dissidiis,
1445 2392 1539 2447 sed
1581 2391 1836 2460 episcoini
1881 2392 2053 2446 etiam

401 2468 754 2524 discordiam
789 2466 938 2522 inter
959 2479 1018 2520 se
1050 2465 1162 2533 ipsi
1191 2469 1488 2520 exerceant
1518 2484 1525 2490 -
1558 2464 1744 2518 visum
1768 2468 1854 2519 est
1886 2463 2053 2532 mihi,

404 2546 467 2594 ut
489 2539 636 2594 idem
663 2537 1027 2594 Caecilianus.
1053 2549 1180 2590 cum
1208 2536 1398 2590 decem
1425 2534 1733 2604 episcopls,
1755 2535 1854 2605 qui
1888 2534 2055 2589 illum

406 2623 567 2666 reum
626 2607 810 2663 facere
839 2609 1159 2662 videantur.
1197 2613 1254 2661 et
1298 2607 1490 2661 decem
1545 2606 1702 2672 aliis,
1749 2619 1894 2674 quos
1935 2606 2058 2675 ipse

407 2694 526 2736 suae
575 2679 701 2734 litis
747 2677 1158 2746 dijudicationi
1211 2677 1566 2731 necessarios
1611 2677 2060 2745 existimaverit,

409 2753 644 2806 Romam
705 2750 934 2818 navigio
984 2748 1276 2814 trajiciat;
1311 2755 1374 2801 ut
1425 2747 1504 2801 ibi
1551 2760 1739 2818 coram
1781 2746 1963 2816 vobis,
2004 2754 2063 2802 et

408 2822 634 2878 Reticio
659 2817 862 2887 etiam,
878 2826 933 2874 et
952 2820 1224 2884 Materno,
1248 2823 1304 2872 et
1325 2818 1544 2872 Marino
1562 2817 1800 2888 collegis
1823 2819 2058 2887 vestris,

409 2907 556 2965 quos
579 2905 642 2947 ea
668 2892 738 2965 de
760 2903 932 2946 causa
959 2891 1526 2965 Romam_m_a_turare_
1539 2890 1835 2965 jusserim,
1876 2891 2059 2965 possit

407 2960 1291 3031 audiri,sicutsanctissimaDei
1317 2960 1425 3017 lex.
1445 2961 1530 3014 uti
1551 2961 1756 3028 nostis,
1784 2961 2058 3030 postulat.

406 3037 590 3106 Atque
619 3041 678 3090 ut
703 3035 772 3090 de
797 3032 1069 3089 omnibus
1102 3031 1258 3106 hisce
1291 3031 1704 3106 plenissimam,
1733 3033 2060 3106 accuratis-

2167 1821 2374 1876 tiatus:
2396 1823 2568 1877 etiam
2599 1823 2881 1878 Miltiadis
2897 1822 3198 1888 sententia,
3224 1822 3640 1892 quajudicium
3667 1821 3804 1892 clau-

2165 1905 2291 1948 sum
2324 1899 2411 1948 est
2441 1894 2534 1948 his
2559 1893 2753 1950 verbis
2780 1912 2791 1947 :
2823 1894 2960 1949 Cum
2986 1891 3699 1948 constiteritCaacilianum
3742 1891 3802 1946 ab

2165 1965 2241 2019 iis
2292 1965 2389 2034 qui
2420 1979 2549 2021 cum
2596 1966 2811 2021 Donato
2847 1971 3142 2032 venerunt,
3173 1965 3334 2032 juxta
3371 1966 3800 2034 promissionem

2165 2049 2323 2092 suam
2348 2049 2459 2091 non
2483 2038 2770 2104 accusari,
2805 2050 2906 2092 nec
2937 2050 2968 2091 a
2999 2037 3215 2091 Donato
3243 2037 3569 2092 convictum
3605 2050 3724 2091 esse
3754 2036 3803 2088 in

2163 2108 2360 2176 aliqua
2395 2116 2554 2177 parte
2582 2109 2948 2164 constiterit:
2978 2121 3098 2163 sua:
3125 2108 3518 2163 communioni
3560 2107 3807 2163 ecclesia-

2165 2179 2325 2250 sticae
2349 2179 2573 2250 integro
2594 2187 2748 2236 statu
2772 2180 3133 2235 retinendum
3161 2181 3364 2236 merito
3389 2192 3514 2235 esse
3546 2180 3752 2235 sentio.
3781 2195 3804 2226 ι

2163 2249 2312 2321 (Opt.
2337 2249 2511 2304 contr.
2547 2255 2795 2307 Parmen.
2831 2251 2933 2306 lib.
2970 2252 3032 2320 ι.)

2240 2341 2267 2373 α
2298 2321 2500 2391 Qualis
2532 2323 2720 2392 ipsius
2750 2323 2900 2379 beati
2931 2322 3271 2380 Melchiadis
3313 2321 3518 2378 ultima
3567 2329 3655 2378 est
3685 2334 3809 2392 pro-

2165 2391 2278 2448 lata
2305 2391 2607 2466 sententia.
2638 2409 2806 2465 quam
2841 2396 3134 2461 innocens,
3167 2395 3616 2466 quamintegra,
3650 2391 3807 2466 quam

2166 2465 2400 2590 provida
2432 2472 2603 2536 atque
2632 2467 2882 2537 paciﬁca,
2912 2481 3021 2537 qua
3064 2465 3244 2538 neque
3273 2465 3540 2537 collegas,
3577 2468 3638 2521 in
3684 2465 3812 2534 qui-

2210 2550 2276 2590 us
2307 2535 2457 2590 nihil
2477 2540 2835 2590 constiterat.
2865 2538 2936 2590 de
2954 2537 3196 2590 collegio
3214 2551 3317 2590 suo
3342 2551 3523 2590 ausus
3537 2544 3630 2590 est
3649 2549 3805 2590 remo-

2210 2550 2276 2590 us
2307 2535 2457 2591 nihil
2477 2535 2836 2600 cOnstiterat,
2865 2535 3196 2609 de‘collegi'o
3214 2551 3317 2593 suo
3342 2535 3523 2609 auaus
3537 2544 3630 2592 est
3649 2549 3805 2591 remo

2168 2621 2332 2662 vere:
2365 2614 2422 2662 et
2459 2610 2674 2664 Donato
2721 2609 2864 2676 solo,
2898 2623 3062 2678 quem
3107 2608 3288 2665 totius
3323 2608 3453 2663 mali
3500 2609 3812 2678 principem

2171 2678 2478 2748 invenerat,
2530 2683 2774 2736 maxime
2821 2680 3070 2749 culpato,
3119 2681 3386 2736 sanitatis
3417 2680 3814 2749 recuperanda:

2169 2751 2459 2819 optionem
2509 2750 2747 2808 liberam
2805 2751 2976 2806 fecit:
3024 2753 3244 2808 caeteris
3301 2757 3537 2820 paratus
3598 2753 3815 2805 litteras

2169 2823 2713 2879 communicatorias
2757 2824 3002 2892 mittere,
3049 2825 3218 2878 etiam
3254 2823 3348 2888 iis,
3383 2836 3530 2893 quos
3567 2835 3601 2876 a
3643 2823 3818 2890 Majo-

2171 2893 2297 2948 rino
2335 2893 2634 2950 ordinatos
2659 2909 2780 2952 esse
2817 2901 3138 2950 constaret:
3174 2895 3249 2950 ita
3281 2900 3343 2949 ut
3375 2894 3816 2963 quibuscunque

2171 2963 2315 3018 locis
2365 2965 2481 3020 duo
2527 2974 2718 3022 essent
2764 2966 3040 3036 epist-Opi,
3093 2980 3237 3036 quos
3281 2965 3587 3036 dissensio
3641 2965 3817 3035 gemi-

2169 3041 2380 3104 nasset,
2419 3049 2548 3091 eum
2571 3035 2897 3093 conﬁrmari
2922 3035 3235 3106 vellet,’qui
3269 3035 3477 3092 fuisset
3521 3036 3817 3091 ordinatus

408 3101 730 3176 siniamque
754 3106 1018 3179 notitiam
1050 3103 1285 3179 possitis
1314 3101 1538 3179 habere,
1571 3104 1920 3179 exemplaria
1953 3105 2060 3179 lit—
2089 3102 2135 3163 Ο
2172 3108 2328 3179 prior
2349 3101 2377 3160 ε’
2406 3107 2572 3162 alteri
2603 3116 2790 3164 autem
2823 3123 3018 3165 eorum
3069 3101 3226 3178 plebs
3248 3109 3363 3163 alia
3397 3109 3643 3179 regenda
3688 3121 3817 3177 pro—

411 3173 683 3246 terarum,
732 3178 797 3232 ad
848 3190 935 3232 me
963 3175 1034 3230 ab
1056 3173 1274 3230 'Anilio
1307 3176 1637 3246 missarum.
1671 3173 1885 3230 litteris
1917 3176 2058 3231 meis

406 3245 733 3318 subscripta
763 3248 831 3303 ad
867 3252 1082 3328 vestros
1111 3247 1413 3328 praedictos
1443 3245 1691 3328 collegas
1723 3247 1875 3328 misi.
1907 3247 2059 3328 Quas

406 3336 535 3378 cum
559 3327 746 3377 vestra
769 3319 1017 3390 gravitas
1041 3318 1366 3388 perlegerit,
1385 3318 1674 3388 exquisite
1697 3318 2055 3390 ponderabit,

2167 3178 2477 3245 videretur,
2493 3187 2602 3235 etc.
2630 3182 2675 3236 0
2707 3183 2889 3237 virum
2906 3180 3228 3249 optimum?
3255 3179 3300 3234 Ο
3331 3178 3519 3234 tilium
3553 3179 3816 3233 Christia-

2169 3250 2464 3391 2:893:23,
2491 3257 2552 3394 )et
2583 3259 2796 3322 patrem
2831 3252 3176 3309 Christiana:
3227 3249 3412 3322 plebis
3451 3250 3464 3303 ι
3521 3270 3547 3300 ιι
3571 3249 3648 3320 (S.
3677 3253 3808 3320 Aug.

2235 3338 2251 3374 4
2315 3362 2326 3374 .
2471 3362 2482 3374 .

1437 3665 1764 3739 XXXIV.
1846 3665 2228 3739 SANCTUS
2295 3669 2786 3743 SILVESTER.

1523 3899 1702 3944 ANNO
1731 3897 1992 3944 CHRISTI
2020 3881 2161 3961 314,
2188 3900 2619 3949 CONSTANTINI
2639 3891 2697 3950 9.

1997 4079 2246 4092 —-—_

727 4234 859 4298 34.
880 4231 1238 4312 Siloester,
1261 4233 1536 4296 natione
1559 4235 1929 4310 Romanus,
1958 4247 2040 4296 ea:
2059 4233 2265 4314 patre
2290 4227 2566 4307 Ruﬁno,
2593 4225 2763 4288 sedit
2791 4223 2990 4287 annis
3009 4219 3261 4300 viginti
3290 4219 3536 4299 tribus,
3568 4216 3820 4280 mensi—

644 4331 770 4394 bus
789 4331 1034 4409 dccem,
1053 4332 1279 4394 diebus
1299 4331 1689 4394 duodecimIIL
1721 4379 1735 4394 .
1756 4331 1785 4374 δ
1815 4329 1986 4394 Fuit
1999 4335 2227 4394 autem
2256 4325 2667 4408 temporibus
2686 4321 3130 4389 Constantini
3150 4323 3215 4384 et
3248 4318 3702 4385 Volusianiear
3716 4314 3818 4377 die

649 4431 1122 4496 Kalendarum
1147 4429 1686 4494 Februariarum
1715 4446 1925 4512 usque
1951 4430 2041 4492 ad
2069 4429 2241 4492 diem
2263 4425 2736 4490 Kalendarum
2755 4421 3282 4485 Januariarum.
3314 4415 3717 4481 Constantio
3747 4429 3770 4459 ε
3801 4459 3814 4490 ,

643 4534 708 4594 et
771 4529 1134 4594 Volusiano
1188 4528 1600 4592 consulibus.
1633 4528 1825 4592 ἀΗὶσ
1864 4529 1942 4591 in
1995 4525 2236 4590 exsilio
2290 4523 2439 4605 fuit
2480 4524 2561 4586 in
2617 4525 2900 4584 montem
2955 4518 3303 4582 Soraetem
3347 4513 3818 4596 persecuti-one

562 4628 600 4690 5
647 4628 1092 4692 Constantini
1147 4644 1529 4704 concussus,
1598 4631 1662 4691 et
1721 4627 2143 4709 postmodum
2196 4622 2468 4686 rediens
2524 4637 2672 4683 cum
2731 4617 2976 4700 gloria,
3039 4614 3419 4696 baptizavit
3468 4612 3818 4676 Con-stan-

645 4727 872 4791 tinum
899 4725 1308 4806 Augustum,
1337 4743 1530 4807 quem
1545 4726 1819 4790 curabit
1851 4725 2181 4788 Dominus
2187 4737 2319 4804 per
2343 4717 2752 4800 baptismum
2771 4732 2814 4782 a
2831 4715 3048 4796 lepra,
3082 4713 3274 4793 cujus
3294 4711 3817 4794 persecutionem

649 4824 862 4906 primo
883 4823 1178 4904 fugiens,
1217 4823 1287 4886 in
1315 4823 1552 4887 exsilio
1581 4823 1788 4886 fuisse
1811 4821 2253 4901 cognoscitur.

728 4921 851 4984 Hic
920 4920 1073 4984 fecit
1147 4903 1219 4985 in
1296 4921 1460 4984 urbe
1531 4925 1738 4985 Roma
1797 4919 2144 4984 ecclesiam
2198 4915 2271 4978 in
2334 4913 2582 4995 praedio
2646 4910 2998 4992 cujusdam
3066 4908 3434 4992 presbyteri
3500 4907 3634 4986 sui,
3702 4903 3815 4986 qui

646 5018 1250 5100 cognominabatur
1319 5019 1653 5100 Equitius,
1735 5036 1935 5100 quem
2000 5017 2282 5078 titulum
2343 5017 2717 5078 Romanum
2776 5009 3144 5088 constituit,
3213 5006 3415 5087 juxta
3495 5005 3814 5069 Thermas

528 5121 603 5183 10
646 5118 1088 5197 Domitianas,
1134 5117 1251 5198 qui
1299 5133 1510 5198 usque
1561 5119 1631 5179 in
1684 5117 2080 5179 hodiernum
2132 5113 2310 5176 diem
2366 5112 2744 5191 appellatur
2784 5108 3024 5172 titulus
3069 5105 3344 5186 Equitii,
3391 5103 3510 5166 ubi
3568 5108 3636 5166 et
3681 5103 3813 5164 haec

646 5217 824 5280 dona
860 5216 1254 5278 constituit:
1311 5220 1628 5294 patenam
1677 5219 2089 5294 argenteam,
2122 5215 2517 5293 pensantem
2548 5207 2753 5270 libras
2806 5224 2920 5284 xx,
2981 5208 3047 5270 et
3095 5203 3264 5266 dono
3313 5202 3614 5280 Augusti
3643 5203 3810 5263 Con-

649 5314 956 5379 stantini.
1025 5313 1315 5375 Donavit
1368 5318 1594 5376 autem
1640 5313 1924 5394 scyphos
1979 5314 2332 5390 argenteos
2381 5308 2569 5387 duos,
2625 5306 2744 5386 qui
2781 5304 3232 5386 pensaverunt
3275 5300 3541 5378 singuli
3613 5297 3810 5362 libras

646 5413 855 5478 denas
898 5434 912 5493 ;
948 5412 1225 5477 calicem
1265 5429 1566 5494 aureum,
1608 5413 2004 5493 pensantem
2033 5407 2241 5472 libras
2278 5408 2485 5486 duas;
2521 5404 2759 5470 calices
2781 5402 3254 5467 ministeriales
3283 5399 3607 5482 quinque,
3650 5413 3811 5479 pen-

1552 5583 1830 5631 NOTULE
1877 5579 2295 5627 MARGINALES
2319 5579 2661 5625 FABRO'I‘TI.

475 5733 505 5766 α
532 5723 594 5789 B,
666 5735 799 5777 ann.
866 5718 957 5792 2t,
991 5736 1066 5778 m.
1103 5721 1168 5779 lo
1211 5738 1265 5793 p.
1323 5719 1374 5776 4.
1404 5719 1434 5762 b
1458 5721 1519 5788 B,
1580 5735 1612 5776 a
1656 5735 1801 5778 coss.
1860 5716 2058 5776 Volus.
2096 5721 2154 5777 et
2175 5715 2387 5775 Aniani
2417 5715 2488 5774 ad
2517 5710 2918 5775 Constantium
2953 5712 3009 5767 et
3045 5705 3341 5766 Albinum.
3366 5717 3392 5748 ε
3423 5701 3478 5774 C,
3526 5703 3807 5764 Constan-

407 5813 550 5872 tino.
572 5813 596 5853 ά
628 5811 764 5870 Vide
786 5811 988 5868 Baron.
1021 5811 1096 5868 ad
1127 5826 1256 5868 ann.
1291 5813 1444 5868 Dom.
1476 5807 1602 5868 324.
