4072 6176
187 298 309 357 4543
1000 301 1320 361 HISTORIA
1356 305 1444 359 DE
1482 301 1657 360 VITIS
1694 304 1795 361 R0.

1953 306 2101 361 DNT.
2140 338 2211 347 —
2248 309 2302 363 S.
2341 309 2728 365 SlLVESTER.
3424 314 3561 373 4514

302 422 307 425 ’
358 422 364 426 ’
401 425 625 484 santes
655 422 913 501 singuli
939 423 1147 486 libras
1195 424 1391 487 binas
1424 446 1437 504 ;
1470 443 1659 487 amas
1713 432 2067 504 argenteas
2107 430 2298 508 duas,
2336 436 2692 511 pensantes
2733 433 3025 511 singulae
3062 436 3268 499 libras
3306 437 3514 501 denas
3554 458 3568 514 ;

290 520 354 580 15
394 523 709 599 patenam
740 525 1131 600 argenteam
1175 523 1600 585 chrismalem
1651 542 1814 585 auro
1862 525 2120 587 clusam
2148 538 2178 568 ει
2224 533 2618 606 pensantem
2655 530 2864 592 libras
2890 531 3232 612 quinque;
3266 536 3481 613 phara
3530 533 3560 575 δ

394 624 708 680 coronata
757 638 827 697 X,
862 624 1218 700 pensantes
1249 621 1428 700 sing.
1484 620 1604 682 lib.
1636 626 1905 683 octonas
1942 642 1954 695 ;
1989 624 2201 702 phara
2230 641 2401 688 aerea
2448 644 2570 703 XX,
2613 632 2971 705 pensantes
3040 629 3318 709 singula
3361 631 3567 694 libras

394 715 644 795 denas;
697 717 1024 779 canthara
1070 722 1427 780 cerostrata
1472 735 1571 779 XII
1627 734 1819 795 zerea,
1876 736 2061 798 pens.
2115 721 2397 800 singula
2441 722 2646 785 libras
2699 724 2987 787 tricenas
3042 728 3377 806 ;fundum
3427 733 3570 791 Va—

396 813 731 875 lerianum
761 815 831 876 in
856 814 1185 877 territorio
1215 814 1590 894 Sabinensi,
1628 816 1743 895 qui
1774 821 2048 895 prastat
2088 820 2206 881 sol.
2242 838 2437 882 LXXX
2467 833 2493 861 ο
2528 841 2540 893 ;
2592 820 2881 885 fundum
2928 826 3299 889 statianum
3329 828 3401 889 in
3431 830 3573 890 ter-

399 910 627 971 ritorio
658 910 1035 989 Sabinensi,
1086 912 1200 992 qui
1231 915 1504 993 praestat
1552 914 1671 975 sol.
1723 915 1801 974 55
1835 936 1848 992 ;
1912 914 2199 977 fundum
2253 919 2436 979 Duas
2469 921 2672 981 Casas
2708 920 2779 982 in
2812 922 3142 985 territorio
3191 925 3569 1002 Sabinensi,

284 1011 356 1072 20
398 1008 512 1088 qui
560 1012 834 1086 praestat
864 1009 982 1070 sol.
1025 1028 1146 1088 XL;
1180 1009 1467 1071 fundum
1491 1011 1937 1075 Percilianum
1992 1015 2322 1076 territorio
2364 1015 2738 1096 Sabinensi,
2781 1018 2897 1098 qui
2928 1024 3199 1099 praestat
3246 1024 3364 1085 sol.
3421 1041 3569 1099 XX;

401 1104 689 1167 fundum
761 1105 1193 1168 Corbitanum
1270 1108 1601 1170 territorio
1673 1110 1947 1187 Corano,
2021 1111 2137 1191 qui
2200 1115 2471 1190 praestat
2528 1115 2646 1175 sol.
2716 1132 2806 1176 XL
2854 1115 2930 1191 d;
2989 1117 3261 1181 domum
3309 1121 3381 1183 in
3438 1124 3575 1185 Ur—

402 1203 484 1266 be
514 1220 667 1265 cum
715 1202 952 1265 balneo
981 1204 1263 1267 Sicinini
1311 1206 1605 1284 regione,
1656 1225 1804 1292 quae
1851 1212 2123 1287 praestat
2152 1210 2279 1269 sol.
2321 1226 2593 1286 LXXXV;
2650 1211 2912 1274 hortum
2958 1213 3138 1278 intra
3180 1218 3413 1282 urbem
3442 1222 3579 1282 Ro-

402 1320 587 1364 mam
614 1301 688 1363 in
733 1301 1004 1380 regione
1047 1302 1649 1367 Adduoframantes
1678 1317 1704 1345 θ
1736 1305 1849 1384 qui
1876 1308 2150 1383 praestat
2173 1307 2290 1368 sol.
2334 1323 2427 1368 XV
2475 1325 2489 1383 ;
2548 1307 2820 1369 domum
2848 1309 2921 1370 in
2949 1312 3221 1390 regione
3274 1317 3500 1380 Roffea
3560 1312 3584 1353 ί

405 1398 586 1461 intra
615 1398 882 1478 Urbem,
918 1416 1065 1479 quae
1096 1404 1368 1478 praestat
1408 1402 1528 1463 sol.
1572 1419 1729 1464 LVIII
1756 1406 1824 1464 et
1850 1401 2082 1464 tremis
2108 1415 2161 1463 ε.

1323 1616 1815 1681 CATALOGUS
1864 1618 2020 1681 SUB
2060 1617 2416 1680 LIBERIO.

257 1804 565 1869 Silvester
615 1810 813 1871 annis
843 1811 1092 1889 viginti
1135 1830 1292 1889 uno,
1326 1811 1672 1874 mensibus
1721 1810 2054 1874 undecim.
2105 1812 2261 1875 Fuit
2312 1812 2724 1892 temporibus
2751 1814 3199 1895 Constantini,
3243 1833 3283 1877 a
3325 1817 3577 1877 Consu-

181 1902 323 1962 latu
352 1904 700 1968 Volusiani
730 1910 794 1968 et
822 1909 1095 1987 Aniani,
1129 1923 1212 1969 ex
1245 1909 1353 1971 die
1397 1909 1611 1987 pridie
1658 1908 1998 1970 Kalendas
2038 1909 2411 1990 Februarii,
2469 1928 2684 1991 usque
2724 1912 2797 1974 in
2850 1912 3026 1976 diem
3069 1913 3283 1993 pridie
3324 1912 3584 1976 Kalen—

181 2000 414 2064 darum
446 2005 949 2083 Januariarum,
981 2006 1418 2068 Constantino
1438 2010 1502 2067 et
1533 2005 1772 2069 Albino
1801 2006 2209 2070 consulibus.

493 2100 623 2162 35.
675 2103 812 2165 Hic
835 2100 1001 2182 fecit
1055 2104 1502 2166 constitutum
1540 2103 1619 2165 de
1665 2103 1845 2164 omni
1872 2103 2207 2167 Ecclesia.
2242 2107 2483 2170 Etiam
2511 2108 2725 2189 liujus
2754 2108 3162 2189 temporibus
3196 2106 3459 2189 factum
3487 2114 3587 2173 est

417 2198 780 2261 concilium
805 2217 953 2262 cum
981 2202 1133 2279 ejus
1155 2218 1475 2264 consensu
1514 2202 1591 2263 in
1620 2200 1856 2263 Nicaea
1880 2200 2226 2279 Bithyniae
2244 2200 2273 2242 δ
2301 2251 2321 2280 ,
2356 2207 2420 2266 et
2441 2206 2839 2286 congregati
2866 2209 3034 2268 sunt
3064 2206 3351 2269 trecenti
3378 2207 3593 2269 decem

414 2300 481 2357 et
509 2300 646 2359 octo
673 2299 972 2378 episcopi
1009 2299 1349 2376 catholici,
1380 2303 1444 2361 et
1474 2316 1757 2379 quorum
1800 2297 2325 2378 cbirograpltum
2353 2302 2686 2377 cucurrit,
2722 2302 2859 2365 alii
2904 2301 3269 2365 imbecilles
3312 2303 3591 2366 ducenti

415 2397 572 2471 octo,
618 2396 739 2476 qui
763 2401 1220 2476 exposuerunt
1245 2397 1449 2474 fidem
1470 2398 1831 2475 integram,
1855 2397 2183 2473 sanctam,
2212 2397 2631 2476 cat/iolicam,
2665 2399 3196 2474 immaculatum,
3225 2403 3291 2463 et
3312 2400 3592 2463 damna-

339 2493 377 2551 5
418 2496 667 2555 verunt
694 2491 960 2570 Arium,
993 2495 1367 2558 Pltotinu-m
1416 2498 1482 2557 et
1510 2491 1911 2568 Sabellium,
1943 2491 2052 2554 oel
2103 2509 2420 2573 sequaces
2470 2514 2716 2558 eorum.
2753 2498 2852 2560 Et
2890 2498 2969 2560 in
2998 2497 3160 2559 urbe
3188 2500 3397 2561 Roma
3434 2513 3589 2559 con-

415 2605 664 2668 gregao
676 2591 732 2652 it
751 2591 897 2668 ipse
926 2607 1074 2653 cum
1096 2592 1379 2655 consilio
1403 2590 1707 2671 Augusti
1730 2591 2067 2671 episcopos
2093 2591 2409 2654 ducentos
2431 2595 2879 2674 septuaginta
2907 2598 3179 2674 septem,
3212 2598 3277 2657 et
3302 2594 3589 2657 damna-

415 2687 520 2747 oit
548 2687 799 2750 iterum
825 2688 1199 2767 Calidium,
1234 2694 1299 2752 et
1328 2687 1593 2767 Arium,
1627 2693 1692 2752 et
1730 2689 2075 2766 Fotinum,
2103 2692 2167 2750 et
2198 2688 2576 2751 Sabellium
2603 2712 2627 2769 ,-
2653 2695 2718 2752 et
2743 2692 3104 2754 constituit
3134 2695 3213 2753 ut
3233 2691 3595 2772 presbyte-

419 2783 599 2845 rumi
636 2784 978 2849 Arianum
1006 2787 1509 2868 resipiscentem
1534 2805 1670 2849 non
1691 2787 2086 2867 susciperet,
2122 2787 2265 2849 nisi
2293 2789 2644 2867 episcopus
2666 2788 2797 2851 loci
2823 2788 3212 2868 designatii
3252 2810 3266 2867 ;
3296 2792 3360 2851 et
3390 2789 3598 2852 claris-

418 2897 528 2943 ma
577 2881 656 2944 ab
707 2885 1010 2964 episcopo
1067 2884 1351 2962 con/ici;
1389 2886 1454 2946 et
1491 2884 1951 2964 privilegium
2003 2884 2335 2963 episcopis
2388 2886 2573 2947 dedit
2623 2888 2703 2948 ut
2770 2885 3189 2966 baptizatum
3238 2885 3596 2965 consigna-

313 2977 387 3037 lO
424 2983 578 3040 rent
615 2991 904 3061 propter
959 2982 1335 3046 nareticam
1387 2983 1792 3045 suasionem.
1835 2980 1970 3042 Hic
2026 2986 2092 3039 et
2148 2980 2273 3042 hoc
2325 2982 2687 3043 constituit
2737 2985 2817 3043 ut
2871 2981 3291 3061 baptizatum
3350 2980 3596 3043 liniret

419 3078 775 3156 presbyter
821 3081 1180 3144 chrismate
1233 3080 1533 3143 levatum
1577 3082 1655 3142 de
1700 3093 1904 3159 aqua,
1959 3080 2247 3157 propter
2286 3078 2694 3141 occasionem
2751 3079 3099 3141 transitus
3138 3078 3395 3140 mortis.
3456 3079 3596 3141 Hic

427 3176 787 3240 constituit
844 3181 923 3239 ut
972 3177 1214 3240 nullus
1252 3178 1476 3240 laicus
1532 3178 1785 3239 crimen
1834 3174 2074 3237 clerico
2124 3171 2387 3250 inferre
2434 3173 2706 3236 audeat.
2748 3175 2887 3238 Hic
2928 3176 3288 3238 constituit
3323 3178 3404 3237 ut
3453 3175 3603 3238 dia-

427 3272 578 3334 coni
631 3272 1001 3335 dalmatica
1054 3276 1416 3335 uterentur
1472 3272 1543 3333 in
1581 3272 1860 3334 ecclesia
1907 3274 1973 3333 et
2020 3269 2243 3350 pallio
2292 3269 2689 3333 linostimok
2740 3271 2910 3335 laeva
2950 3289 3185 3336 earum
3229 3275 3593 3352 tegeretur.

429 3370 566 3431 Hic
618 3370 977 3433 constituit
1037 3374 1115 3431 ut
1168 3369 1412 3432 nullus
1475 3368 1765 3433 clericus
1830 3372 2119 3451 propter
2177 3384 2452 3431 causam
2507 3368 2874 3449 quamlibet
2920 3371 2999 3432 in
3056 3371 3324 3434 curiam
3370 3369 3602 3432 intro—

324 3466 400 3527 15
442 3467 599 3544 iret,
656 3484 772 3530 nec
823 3471 982 3530 ante
1028 3467 1332 3546 judicem
1388 3468 1687 3530 cinctum
1736 3484 2009 3530 causam
2061 3466 2332 3543 diceret,
2376 3466 2518 3528 nisi
2569 3467 2647 3529 in
2704 3467 3007 3531 ecclesia.
3054 3469 3193 3531 Hic
3241 3466 3601 3532 constituit

430 3568 510 3627 ut
536 3565 959 3643 sacri/icium
999 3564 1256 3627 altaris
1280 3582 1417 3627 non
1450 3565 1528 3627 in
1556 3565 1767 3627 serico
1819 3580 2029 3644 neque
2075 3562 2156 3624 in
2199 3579 2433 3642 panno
2481 3563 2695 3626 tincto
2748 3563 3220 3640 celebraretur,
3253 3566 3398 3628 nisi
3439 3568 3608 3628 tan—

433 3667 578 3724 tum
631 3663 710 3724 in
744 3663 950 3724 linteo
1005 3680 1088 3724 ex
1143 3665 1403 3724 terreno
1454 3662 1594 3723 lino
1636 3665 1999 3740 procreato,
2049 3662 2230 3749 sicut
2284 3676 2527 3739 corpus
2582 3661 2860 3723 Domini
2898 3662 3121 3724 nostri
3170 3664 3335 3724 Jesu
3392 3660 3609 3724 Chri—

430 3761 527 3823 sti
554 3761 635 3823 in
683 3760 969 3823 sindone
1018 3761 1238 3824 lintea
1279 3761 1537 3822 munda
1583 3758 1930 3840 sepultum
1959 3762 2079 3834 est,
2111 3758 2212 3820 sic
2262 3758 2470 3819 missa
2519 3756 2994 3821 celebraretur.
3050 3760 3190 3823 Hic
3241 3758 3607 3823 constituit

433 3862 513 3921 ut
557 3859 623 3921 si
662 3858 818 3937 quis
857 3859 1275 3921 desideraret
1329 3858 1408 3920 in
1450 3856 1765 3920 Ecclesia
1801 3855 2132 3929 militare,
2185 3857 2308 3917 ant
2355 3854 2708 3933 pro/icere,
2762 3858 2841 3917 ut
2887 3859 3057 3919 esset
3106 3855 3358 3919 lectorl
3395 3871 3613 3918 annos

306 3958 392 4018 20
433 3955 701 4018 baberet
716 3972 893 4033 XXX,
915 3956 1249 4018 eaorcista
1281 3954 1424 4017 dies
1454 3972 1628 4031 XXX,
1654 3954 2012 4032 acolythus
2033 3968 2249 4015 annos
2268 3968 2461 4011 XXXV
2479 3958 2541 4028 ‘1‘,
2572 3951 3028 4014 subdiaconus
3048 3969 3265 4016 annos
3292 3971 3359 4031 V,
3392 3955 3615 4016 custos

436 4057 824 4132 martyrum
875 4069 1091 4115 annos
1114 4071 1156 4113 v
1186 4064 1216 4094 ιι
1245 4100 1266 4131 ,
1296 4052 1623 4115 diaconus
1676 4068 1892 4114 annos
1932 4067 2089 4111 XXX
2124 4051 2188 4111 et
2238 4065 2353 4124 VII,
2377 4048 2740 4128 presbyter
2776 4065 2994 4111 annos
3044 4068 3137 4128 III,
3178 4049 3508 4131 probatus
3535 4066 3617 4113 ea

440 4153 619 4215 omni
640 4156 869 4233 parte,
925 4153 1132 4215 etiam
1161 4155 1226 4213 et
1264 4151 1343 4213 ab
1378 4150 1489 4213 bis
1515 4150 1635 4230 qui
1669 4152 1835 4211 sunt
1862 4147 2041 4227 foris
2088 4146 2548 4210 testimonium
2603 4146 2847 4209 habere
2887 4147 3147 4223 bonum,
3183 4148 3389 4210 unius
3435 4165 3619 4210 uxo-

442 4250 534 4311 ris
570 4250 813 4326 virum,
873 4264 1142 4310 uxorem
1182 4266 1224 4309 a
1261 4246 1596 4309 sacerdote
1643 4244 2080 4307 benedictam.
2137 4247 2236 4306 Et
2284 4243 2383 4305 sic
2427 4243 2518 4305 ad
2559 4243 2865 4306 ordinem
2919 4245 3348 4327 episcopatus
3386 4262 3612 4309 ascen—

443 4348 618 4425 dere,
674 4347 951 4411 nullum
1005 4347 1285 4426 majoris
1349 4343 1457 4407 oel
1507 4344 1767 4424 prioris
1833 4342 2050 4406 locum
2110 4342 2457 4416 invadere,
2507 4341 2651 4404 nisi
2690 4342 2997 4404 ordinem
3046 4346 3418 4422 temporum
3468 4358 3619 4404 cum

313 4444 401 4509 2-5
435 4447 699 4525 pudore
738 4460 1122 4526 cognoscere
1183 4442 1481 4504 omnium
1536 4440 1934 4502 clericorum
1991 4439 2213 4500 votiva
2250 4448 2277 4477 ο
2327 4442 2556 4518 grata,
2621 4437 2816 4500 nullo
2891 4439 3160 4499 omnino
3219 4437 3461 4500 clerico
3507 4435 3617 4499 oel

443 4542 644 4621 fideli
708 4542 1231 4606 contradicente.
1279 4541 1417 4603 Hic
1492 4538 1958 4601 ordinationes
2029 4535 2574 4616 presbyterorum
2619 4537 2684 4595 et
2742 4534 3177 4596 diaconorum
3228 4533 3398 4615 fecit
3458 4551 3618 4614 sep—

448 4644 622 4702 temP
639 4658 772 4722 per
794 4657 1083 4703 mensem
1105 4637 1518 4716 Decembris;
1540 4635 1972 4717 presbyteros
1996 4650 2162 4710 XLII,
2191 4634 2505 4695 diaconos
2532 4648 2802 4709 XXXVII,
2824 4630 3163 4712 episcopos
3181 4649 3314 4714 per
3344 4633 3618 4696 diversa

451 4736 595 4800 loca
627 4738 910 4801 diversis
939 4736 1348 4816 temporibus
1384 4735 1456 4797 in
1493 4732 1654 4795 urbe
1701 4735 1909 4796 Roma
1937 4747 2212 4793 numero
2240 4746 2426 4790 LXXV
2456 4741 2483 4782 (1
2516 4774 2530 4789 .

530 4836 639 4897 36
667 4847 690 4875 τ
738 4834 955 4913 Hujus
1001 4832 1409 4914 temporibus
1454 4831 1607 4893 fecit
1652 4829 2134 4891 Constantinus
2165 4830 2511 4904 Augustus
2551 4825 2867 4889 basilicas
2915 4826 3108 4905 istas,
3139 4845 3306 4908 quas
3335 4830 3400 4889 et
3428 4843 3621 4889 orna-

451 4933 550 4993 vit
613 4953 624 4991 :
705 4930 1054 4993 basilicam
1115 4928 1762 5006 Constantinianam,
1825 4925 1944 4987 ubi
2008 4925 2230 5004 posuit
2300 4923 2432 4985 ista
2501 4923 2679 4985 dona
2735 4944 2747 4983 :
2805 4922 3161 5002 fastigium
3225 4929 3621 5004 argenteum

450 5028 787 5109 battutile,
865 5028 1041 5111 quod
1114 5028 1317 5090 habet
1386 5027 1457 5088 in
1532 5024 1744 5086 fronte
1807 5022 2217 5085 Salvatorem
2287 5020 2629 5083 sedentem
2700 5021 2772 5082 in
2837 5022 3001 5083 sella
3073 5023 3145 5085 in
3208 5022 3487 5104 pedibus
3550 5043 3619 5102 V,

456 5143 642 5206 pens.
703 5127 910 5190 libras
966 5141 1152 5205 CXX;
1213 5122 1559 5187 duodecim
1620 5122 1946 5202 apostolos
2018 5120 2089 5181 in
2155 5116 2381 5200 quinis
2441 5116 2743 5198 pedibus,
2811 5119 2925 5198 qui
2981 5122 3434 5199 pensaverunt
3473 5119 3624 5183 sin-

1364 5345 1647 5392 NOTULE
1694 5342 2111 5387 MARGINALES
2162 5341 2502 5385 FABROTTI.

269 5534 309 5564 ει
345 5521 405 5587 C,
467 5511 796 5572 clausam.b
847 5517 902 5577 C,
956 5512 1191 5567 Pharos.
1226 5522 1252 5550 ο
1301 5514 1358 5578 C,
1412 5509 1500 5566 40.
1548 5510 1576 5551 (1
1633 5511 1691 5579 C,
1762 5508 1851 5565 60.
1885 5521 1911 5550 θ
1970 5509 2039 5565 ad
2092 5511 2238 5565 duos
2305 5509 2656 5564 adamantas.
2715 5507 2739 5549 ί
2777 5509 2836 5564 C.
2898 5509 3145 5580 Orphea.
3186 5522 3218 5564 ε
3269 5511 3327 5581 C,
3384 5513 3628 5570 tremis—

146 5624 358 5671 sem.
394 5608 422 5648 ιι
467 5605 525 5673 C,
582 5604 861 5660 Nicanum
901 5603 943 5656 Ι.
990 5597 1005 5640 ί
1049 5605 1106 5658 C.
1165 5598 1473 5669 presbyter.
1520 5594 1635 5667 J'C,
1694 5598 2025 5671 designaret
2069 5612 2220 5654 eum.
2256 5597 2287 5639 ιι
2328 5597 2482 5653 Palla
2533 5598 2828 5654 liuostima
2873 5598 2889 5640 ι
2951 5600 3008 5670 C,
3054 5601 3337 5657 ostiarius
3390 5616 3484 5658 an.
3537 5601 3628 5674 30,

154 5705 412 5761 lector
440 5692 529 5751 30.
566 5703 611 5733 ω
653 5705 788 5748 ann.
846 5689 901 5763 5,
954 5690 1007 5746 C.
1040 5688 1148 5759 nC,
1181 5701 1317 5744 ann.
1363 5683 1418 5743 7.
1464 5698 1491 5729 0
1518 5688 1675 5744 Vota.
1704 5699 1733 5743 P
1760 5690 1820 5762 C,
1870 5684 1925 5744 7.
1959 5702 1988 5744 (ι
2014 5688 2073 5759 C,
2126 5684 2215 5743 65.
2248 5698 2273 5727 r
2307 5684 2447 5743 Vide
2484 5686 2688 5741 Baron.
2729 5692 2857 5743 tom.
2907 5689 2997 5744 III
3032 5690 3109 5745 ad
3155 5707 3286 5745 ann.
3318 5695 3470 5749 Dom.
3499 5690 3629 5748 324.

622 5810 836 5864 PATROL
849 5848 864 5863 .
910 5805 1178 5863 CXXVII.
3213 5803 3285 5863 48
3372 5876 3377 5883 ἢ
