4072 6176
585 281 723 339 1515
1786 280 2145 336 ANASTASII
2181 280 2193 333 l

2199 278 2768 335 BIBLIOTHECHARII
3727 278 3807 337 1516

739 405 778 466 5
815 406 966 484 guli
1032 405 1239 469 libras
1296 420 1689 485 nonagenas
1730 425 1901 489 [cum
1958 407 2217 469 coronis
2275 408 2543 486 argenti
2607 406 2974 488 purissimi.
3040 406 3203 468 Item
3264 423 3301 466 a
3356 407 3522 483 tergo
3566 406 3809 484 respiciem

824 502 897 565 in
958 503 1194 565 absida
1261 503 1669 565 Salvatorem
1724 503 2062 566 sedentem
2115 505 2185 566 in
2238 504 2476 566 throno
2534 505 2601 565 in
2658 504 2941 586 pedibus
2997 502 3223 583 quinis
3275 520 3348 563 ex
3400 505 3635 580 argento
3672 504 3809 580 puris-

821 599 1012 679 simo,
1079 601 1198 681 qui
1263 619 1447 680 pens.
1515 601 1724 664 libras
1791 618 1922 664 CXL
1971 624 1985 680 ;
2042 604 2318 681 angelos
2386 607 2671 684 quatuor
2734 619 2816 665 ex
2886 604 3184 680 argento,
3244 600 3353 680 qui
3411 606 3546 660 sunt
3592 601 3647 660 in
3692 602 3812 678 pedi-

824 697 952 759 bus
1023 699 1249 779 quinis
1314 703 1532 762 costas
1595 718 1748 762 cum
1813 700 2119 761 crucibus
2196 706 2518 772 tenentes,
2580 701 2694 780 qui
2761 701 3208 781 pensaverunt
3263 696 3496 775 singuli
3548 695 3707 758 libras
3750 716 3812 776 Cv,

820 813 977 858 cum
1028 796 1316 874 gemmis
1369 798 1800 860 alavandinis
1853 798 1925 859 in
1977 800 2219 861 oculos.
2279 798 2662 877 Fastigium
2713 798 2937 877 ipsum
2985 797 3101 859 ubi
3149 798 3326 857 stant
3373 793 3569 872 angeli
3604 796 3683 855 vel
3713 813 3816 873 apo-

706 895 780 955 10
822 894 977 956 stoli
1042 899 1281 974 pensat
1357 894 1568 958 libras
1637 896 1768 959 duo
1827 896 2047 959 millia
2114 897 2365 975 viginti
2439 896 2738 977 quinque
2798 914 2880 958 ex
2944 898 3221 974 argento
3282 892 3552 955 dolatico.
3613 893 3817 954 Famm'

822 1010 905 1056 ex
957 1012 1119 1055 auro
1165 994 1546 1074 purissimo,
1600 996 1775 1076 quod
1832 996 2074 1076 pendet
2130 996 2255 1058 sub
2304 995 2591 1074 fastigio
2643 1013 2797 1057 cum
2859 992 3194 1075 delphinis
3244 991 3686 1072 quinquaginta,
3727 1008 3819 1069 qua-

819 1109 1008 1172 pens.
1054 1088 1209 1155 cum
1252 1098 1489 1156 catena
1534 1111 1659 1155 sua
1699 1093 1907 1156 libras
1950 1112 2097 1156 xxv
2133 1116 2147 1174 ;
2198 1112 2471 1157 coronas
2519 1098 2807 1174 quatuor
2855 1110 3005 1156 cum
3055 1090 3380 1169 delphinis
3417 1088 3623 1166 viginti
3656 1102 3714 1148 ex
3740 1105 3816 1147 an-

820 1209 892 1252 ro
929 1191 1289 1270 purissimo
1328 1196 1686 1271 pensantes
1726 1192 1905 1271 sing.
1955 1194 2161 1256 libras
2199 1211 2336 1270 xv;
2372 1210 2704 1256 cameram
2750 1192 3045 1254 basilicae
3085 1208 3168 1253 ex
3204 1208 3357 1252 auro
3396 1190 3619 1249 trimme
3651 1186 3703 1247 in
3726 1186 3821 1246 1οῡ-

817 1307 1011 1370 gum,
1074 1295 1142 1353 et
1211 1290 1281 1351 in
1343 1291 1556 1353 latum
1619 1291 1693 1352 in
1731 1290 2012 1370 pedibus
2060 1292 2456 1372 quingentis
2506 1313 2521 1368 ;
2583 1290 2827 1354 altaria
2879 1296 3130 1369 septem
3185 1306 3267 1351 ex
3311 1291 3557 1366 argento
3601 1282 3807 1347 battulib

706 1389 781 1451 15
819 1405 1007 1469 pens.
1041 1390 1222 1468 sing.
1262 1389 1467 1452 libras
1502 1407 1581 1454 CC
1611 1413 1625 1470 ;
1659 1395 1935 1470 patenas
1969 1407 2204 1453 aureas
2243 1395 2516 1470 septem,
2550 1409 2697 1471 qua:
2740 1394 3023 1470 pensant
3066 1390 3351 1467 singula;
3379 1387 3556 1449 libras
3576 1402 3691 1447 xm
3712 1406 3723 1453 ;
3746 1401 3823 1464 pa-

823 1490 1016 1549 tenas
1036 1490 1393 1565 argenteas
1412 1506 1530 1551 XII]
1561 1501 1609 1568 ο,
1633 1493 1990 1568 pensantcs
2009 1489 2320 1568 singulas
2351 1490 2557 1552 libras
2579 1509 2732 1552 xxx
2756 1511 2770 1566 ;
2798 1490 3081 1569 scyphos
3104 1504 3333 1549 aureos
3354 1504 3457 1563 vn,
3480 1484 3577 1565 qui
3591 1500 3725 1562 pens.
3742 1482 3817 1541 sin‘

824 1585 977 1663 guli
1032 1586 1238 1648 libras
1297 1587 1544 1666 decem,
1606 1589 1935 1669 scyphum
2008 1590 2428 1668 singularem
2481 1605 2565 1651 ex
2630 1590 2902 1651 metallo
2966 1588 3229 1664 corallo,
3306 1590 3581 1648 ornatum
3627 1580 3819 1659 undique

825 1683 908 1746 de
960 1685 1250 1763 gemmis
1301 1687 1594 1765 prasinis
1643 1691 1707 1748 et
1758 1688 2243 1767 hyacinthinis,
2303 1706 2463 1750 auro
2518 1688 2974 1765 interclusum,
3036 1686 3151 1766 qui
3208 1688 3430 1766 pensat
3468 1700 3535 1744 ex
3573 1679 3707 1741 omni
3734 1696 3817 1756 par-

820 1787 888 1845 te
930 1782 1140 1846 libras
1184 1784 1433 1863 viginti
1475 1788 1540 1848 et
1588 1785 1822 1847 uncias
1862 1789 1995 1847 tres
2028 1807 2041 1864 ;
2079 1786 2363 1866 scyphos
2415 1790 2767 1864 argenteos
2808 1783 3081 1863 viginti,
3141 1781 3482 1862 pei'isantes
3518 1777 3744 1855 singulos
3772 1774 3825 1833 li-

703 1881 784 1943 20
823 1879 979 1942 bras
1016 1899 1154 1959 xv;
1194 1900 1380 1943 amas
1418 1901 1502 1944 ex
1541 1902 1703 1946 auro
1741 1883 2098 1962 purissimo
2137 1884 2327 1962 duas,
2371 1886 2727 1963 pensantes
2775 1883 2952 1961 sing.
3015 1882 3226 1943 libras
3273 1877 3701 1960 quinquaginta
3736 1890 3825 1951 porv

829 1981 1051 2042 tantes
1096 1980 1274 2059 sing.
1328 1982 1708 2044 medemnos
1739 1983 1764 2021 ά
1800 1986 1934 2045 tres
1976 2004 1990 2062 ;
2038 2001 2226 2045 amas
2282 1986 2639 2061 argenteas
2692 1980 2964 2060 viginti,
3025 1998 3176 2060 quae
3228 1982 3492 2058 pensant
3539 1973 3751 2051 singula
3780 1970 3827 2029 1i-

830 2074 986 2138 bras
1035 2077 1281 2157 decem,
1333 2082 1671 2159 portantes
1724 2080 2015 2159 singula-3
2063 2080 2447 2143 medemnos
2491 2080 2799 2157 singulos
2837 2100 2851 2156 ;
2900 2078 3141 2141 calices
3191 2079 3464 2138 minores
3512 2091 3581 2136 ex
3616 2090 3731 2134 auro
3759 2087 3825 2147 pu-

834 2174 1097 2236 rissimo
1162 2177 1640 2257 quadraginta,
1699 2183 2059 2256 pensantes
2115 2180 2425 2257 singulos
2482 2178 2692 2239 libras
2749 2177 3114 2255 singulas;
3160 2177 3394 2237 calices
3443 2174 3675 2235 minores
3705 2167 3826 2230 mini-

832 2274 1135 2336 steriales
1198 2275 1703 2356 quinquaginta
1772 2282 2131 2359 pensantes
2204 2276 2462 2356 singuli
2525 2276 2730 2338 libras
2793 2275 3010 2337 binas.
3072 2278 3465 2336 Ornamenta
3510 2272 3569 2332 in
3608 2267 3826 2330 basilica:

708 2372 788 2436 25
826 2375 1075 2437 Farum
1108 2384 1131 2412 °
1172 2376 1571 2439 cantharum
1604 2395 1688 2438 ex
1735 2396 1896 2439 auro
1940 2377 2298 2457 purissimo
2350 2381 2507 2439 ante
2560 2377 2769 2438 altare
2820 2375 2890 2437 in
2942 2393 3072 2455 quo
3122 2374 3311 2437 ardet
3357 2374 3550 2435 oleum
3588 2366 3828 2430 nardinum

831 2472 1147 2553 pisticum
1226 2491 1380 2537 cum
1450 2475 1785 2554 delphinis
1858 2476 2220 2555 octoginta,
2288 2475 2403 2557 qui
2476 2476 2761 2556 pensant
2839 2473 3047 2535 libras
3116 2472 3418 2551 triginta,
3490 2469 3583 2530 ubi
3641 2462 3830 2527 candela

833 2571 1070 2633 ardent
1121 2588 1200 2636 ex
1258 2573 1400 2635 oleo
1459 2573 1741 2636 nardino
1797 2574 2032 2654 pistico
2090 2575 2159 2636 in
2215 2574 2472 2653 gremio
2535 2572 2866 2635 Ecclesiae.
2927 2571 3225 2634 Pharum
3288 2568 3634 2633 cantharum
3677 2578 3830 2638 argen-

831 2670 1015 2729 teum
1087 2687 1238 2731 cum
1295 2670 1635 2750 delphinis
1702 2676 1971 2733 centum
2026 2675 2091 2735 et
2146 2671 2418 2751 viginti,
2491 2672 2665 2751 quod
2723 2674 2961 2749 pensat
3020 2669 3232 2732 libras
3292 2665 3727 2748 quinquaginta,
3765 2656 3832 2718 ubi

831 2765 1054 2826 oleum
1120 2767 1307 2828 ardet
1369 2767 1729 2830 nardinum
1797 2769 2111 2847 pisticum
2158 2792 2171 2848 ;
2216 2770 2431 2849 phara
2484 2771 2810 2832 canthara
2864 2772 3188 2847 argentea
3244 2768 3314 2829 in
3375 2764 3597 2844 gremio
3645 2754 3835 2822 basilica

718 2864 799 2924 30
835 2863 1292 2943 quadraginta
1351 2884 1538 2945 pens.
1605 2866 1883 2946 singula
1938 2867 2144 2929 libras
2200 2869 2508 2946 triginta,
2570 2868 2686 2929 ubi
2753 2868 2940 2929 ardet
3004 2867 3228 2929 oleum
3283 2865 3447 2946 quod
3496 2877 3675 2941 supra.
3718 2858 3837 2916 Parte

828 2961 1065 3025 dextra
1115 2963 1430 3027 basilicae.
1484 2966 1705 3027 Phara
1758 2970 2081 3043 argentea
2130 2966 2586 3047 quadraginta
2638 2983 2822 3045 pens.
2881 2965 3162 3044 singula
3210 2964 3408 3026 libras
3447 2957 3671 3040 viginti.
3700 2953 3838 3047 Phara

828 3060 1156 3122 canthara
1195 3062 1266 3124 in
1306 3061 1477 3125 laeva
1515 3061 1811 3126 basilicae
1855 3045 2178 3142 argentea
2219 3064 2470 3141 viginti
2510 3062 2808 3143 quinque
2843 3085 2856 3141 ;
2892 3079 3079 3140 pens.
3120 3062 3397 3140 singula
3433 3058 3609 3120 libras
3635 3045 3835 3150 viginti-1

826 3157 1153 3219 canthara
1198 3164 1568 3239 cyrostrata
1613 3160 1683 3221 in
1727 3161 1985 3238 gremio
2039 3160 2335 3222 basilica:
2379 3164 2703 3237 argentea
2750 3159 3279 3240 quinquaginta,
3333 3174 3503 3239 pens.
3547 3149 3753 3230 singula
3785 3143 3839 3202 li-

826 3253 982 3317 bras
1017 3256 1322 3335 viginti:
1372 3259 1801 3337 singularum
1850 3258 2176 3321 librarum
2219 3264 2445 3321 metrze
2483 3271 2501 3309 τ
2537 3262 2670 3321 tres
2712 3274 2793 3319 ex
2845 3261 3124 3336 argento
3178 3257 3533 3335 purissimo,
3584 3267 3697 3330 quae
3734 3259 3839 3322 pen“

708 3353 787 3414 35
833 3358 988 3415 sant
1044 3353 1336 3433 singulae
1390 3357 1598 3419 libras
1657 3374 1801 3436 CCC,
1859 3360 2199 3438 portantes
2256 3357 2547 3435 singulae
2598 3357 2984 3419 medemnas
3039 3357 3269 3419 decem
3305 3377 3318 3432 ;
3357 3349 3696 3417 candelabra
3719 3340 3839 3404 auri-

824 3451 1111 3513 chalcha
1160 3458 1411 3531 septem
1461 3459 1616 3517 ante
1657 3454 1921 3533 altaria,
1966 3472 2114 3534 quae
2152 3458 2312 3515 sunt
2352 3455 2423 3515 in
2460 3453 2741 3534 pedibus
2792 3471 2863 3530 Χ,
2905 3472 3058 3515 cum
3109 3458 3354 3515 ornatu
3389 3470 3499 3513 suo
3535 3466 3605 3511 ex
3637 3442 3838 3543 argtlltq.

740 3590 747 3599 .
825 3548 1191 3612 interclusa
1257 3550 1507 3629 sigillis
1563 3553 2065 3631 prophetarum,
2139 3569 2322 3630 pens.
2388 3552 2666 3630 singula
2731 3551 2937 3614 libras
3004 3552 3297 3629 triginta
3335 3574 3379 3613 ε.
3430 3553 3566 3625 Quae
3607 3538 3843 3606 constitui:

825 3645 898 3707 in
938 3646 1211 3709 servitio
1264 3648 1620 3727 luminum,
1670 3650 1736 3712 id
1780 3654 1902 3728 est,
1945 3668 2242 3711 massam
2294 3649 2712 3712 Garilianam
2761 3649 2829 3711 in
2868 3649 3199 3711 territorio
3253 3653 3573 3723 Suessano,
3619 3640 3841 3736 prasidi?-

830 3747 965 3806 tem
1031 3745 1328 3824 singulis
1376 3747 1576 3809 annis
1648 3747 1890 3809 solidos
1957 3748 2491 3827 quadringentos
2545 3769 2558 3825 ;
2613 3765 2907 3809 massam
2976 3749 3391 3809 Muronicam
3439 3748 3462 3786 δ
3509 3744 3570 3805 in
3619 3734 3843 3834 territoricI

697 3841 778 3901 40
823 3843 1300 3922 suprascripto,
1346 3848 1776 3925 praestantem
1821 3845 2066 3908 solidos
2113 3862 2328 3909 CCCXL
2367 3850 2378 3887 ί
2422 3867 2435 3924 ;
2492 3863 2787 3908 massam
2829 3844 3203 3908 Aurianam
3251 3844 3555 3907 territorio
3593 3832 3840 3900 Laurenti-

823 3956 931 4016 no,
992 3943 1422 4019 praestantem
1490 3942 1735 4004 solidos
1789 3943 2198 4022 quingentos
2248 3963 2261 4017 ;
2311 3961 2606 4005 massam
2666 3942 2997 4005 urbanam
3064 3942 3395 4005 territorio
3448 3937 3691 4003 Antiano
3731 3941 3846 4027 ‘Pm’f

814 4040 1107 4099 stantem
1167 4039 1412 4102 solidos
1476 4040 1794 4104 ducentos
1868 4041 2330 4123 quadraginta
2378 4064 2391 4115 ;
2448 4060 2741 4104 massam
2794 4041 3244 4104 Sentilianam
3303 4035 3601 4102 territorio
3645 4024 3848 4127 Ardeflil'

816 4154 925 4214 no,
987 4140 1416 4215 praestantem
1486 4138 1730 4200 solidos
1790 4139 2110 4201 ducentos
2175 4139 2634 4219 quadraginta
2703 4156 2997 4201 massam
3064 4138 3286 4199 Castis
3339 4129 3632 4199 territorio
3681 4124 3848 4221 Catina?

817 4213 1247 4311 praestantem
1304 4234 1550 4296 solidos
1600 4235 1787 4298 mille
1830 4254 1844 4311 ;
1893 4213 2214 4298 massam-
2250 4213 2574 4315 Trapeam
2625 4237 2955 4300 territorio
3003 4235 3379 4313 Casinensi,
3429 4226 3715 4311 praestant.
3754 4213 3850 4322 soli'

691 4331 773 4392 45
815 4331 934 4395 dos
1004 4330 1192 4394 mille
1256 4338 1599 4396 sexcentos
1662 4339 1728 4397 et
1793 4334 2319 4415 quinquaginta.
2377 4355 2390 4407 ;
2451 4334 2981 4397 thimiamateria
3043 4334 3173 4395 duo
3244 4349 3328 4395 ex
3388 4346 3539 4396 auro
3600 4324 3849 4402 purissimo

814 4448 1003 4510 pens.
1059 4431 1268 4494 libras
1324 4431 1634 4511 triginta.
1693 4435 1957 4496 Donum
2015 4434 2450 4496 aromaticum
2510 4437 2665 4495 ante
2719 4433 2963 4495 altaria
3019 4432 3220 4494 annis
3274 4427 3551 4508 singulis
3592 4419 3756 4519 libras
3788 4422 3846 4468 CL-

814 4531 1095 4593 Fontem
1144 4530 1523 4610 sanctum,J'
1571 4530 1685 4594 ubi
1753 4529 2133 4611 baptizatus
2188 4535 2288 4593 est
2345 4534 2696 4609 Augustus
2756 4530 3244 4592 Constantinus
3297 4528 3381 4591 ab
3440 4522 3641 4588 eodem
3684 4521 3848 4611 8P1”?

814 4644 897 4707 po
946 4630 1280 4692 Silvestro.
1356 4606 1587 4709 Ipsum
1659 4606 1971 4692 sanet-um
2025 4629 2275 4692 fontem
2331 4645 2413 4691 ex
2462 4606 2745 4689 metallo
2790 4628 2821 4670 κ
2870 4627 3333 4707 porphyretico
3395 4642 3473 4688 ex
3525 4615 3680 4682 omni
3737 4606 3851 4688 Ρδτίθ

814 4731 1215 4807 coopertum,
1297 4727 1720 4805 intrinsecus,
1782 4731 1848 4791 et
1904 4728 2085 4808 foris,
2151 4731 2217 4790 et
2272 4727 2579 4805 desuper,
2647 4729 2714 4787 et
2764 4728 3098 4804 quantum
3154 4742 3336 4803 aqua
3387 4718 3656 4785 continet
3699 4725 3758 4771 ex
3791 4715 3852 4808 ἤι’·

689 4826 767 4887 50
806 4799 1012 4903 gerito
1058 4799 1418 4905 purissimo
1482 4825 1553 4888 in
1601 4799 1881 4906 pedibus
1933 4845 1997 4905 v,
2047 4799 2165 4907 qui
2212 4799 2517 4904 pensavit
2566 4799 2838 4903 argenti
2891 4822 3100 4886 libras
3146 4799 3285 4885 tria
3328 4820 3535 4885 millia
3571 4819 3627 4877 et
3659 4812 3778 4872 octO-
3808 4799 3852 4857 In

806 4923 1025 4986 medio
1098 4923 1299 4985 fontis
1353 4925 1700 4986 columnas
1770 4924 2297 5004 porphyreticas,
2357 4941 2506 5002 quae
2563 4925 2828 5002 portant
2898 4921 3201 4999 phialam
3270 4936 3555 4993 auream,
3612 4907 3705 4973 ubi
3745 4912 3851 5004 οξυζ

809 5022 961 5085 dela
1016 5024 1138 5101 est,
1184 5038 1479 5101 pensans
1531 5038 1614 5085 ex
1668 4988 1829 5084 auro
1876 4988 2234 5102 purissimo
2281 5021 2490 5082 libras
2539 5038 2648 5100 L11,
2707 5018 2821 5081 ubi
2877 5018 3064 5082 ardet
3108 5019 3179 5080 in
3229 5018 3463 5081 diebus
3516 5005 3739 5075 Pascha.
3772 4988 3852 5053 Μ·

1734 5326 2009 5374 NOTULIE
2048 5329 2459 5373 MARGINALES
2504 5328 2847 5373 FABRO'I‘TI.

654 5583 764 5650 aC,
823 5583 1088 5655 pharnm.
1144 5577 1172 5621 δ
1220 5579 1275 5648 C,
1340 5578 1672 5649 purissimo.
1727 5585 1753 5615 ε
1808 5574 1863 5642 C,
1925 5572 2010 5629 46.
2064 5577 2088 5615 d
2141 5575 2195 5641 C,
2257 5575 2593 5630 Medimnos.
2649 5582 2671 5609 ο
2719 5573 2774 5640 C,
2836 5574 3097 5644 pharum.
3160 5570 3184 5613 ί
3227 5572 3280 5639 C,
3346 5574 3598 5626 metretaz.
3644 5575 3669 5612 ε
3714 5552 3859 5610 treceﬂ‘

585 5678 692 5729 tas.
727 5674 752 5711 ιι
780 5671 1153 5727 Bauronicam
1185 5669 1242 5725 ϐ.
1281 5671 1292 5709 ί
1320 5668 1375 5735 C,
1409 5665 1536 5739 360,
1565 5665 1585 5720 ,ἱ
1620 5664 1675 5732 C,
1712 5668 1913 5728 Baron,
1944 5664 2021 5718 ad
2052 5680 2185 5718 ann.

1648 5665 1675 5732 ξ,
1712 5668 1913 5728 Baron,
1944 5664 2021 5718 ad
2052 5680 2185 5718 ann.
2218 5666 2371 5718 Dom.
2406 5660 2530 5733 324,
2577 5676 2701 5733 pag.
2739 5659 2859 5719 480.
2890 5660 2920 5702 ιι
2952 5663 3011 5731 C,
3051 5661 3256 5731 lapide.
