4072 6176
174 339 316 397 4517
995 344 1315 400 HISTORIA
1352 346 1440 400 DE
1478 346 1652 401 VITIS
1699 345 1865 402 ROM.
1918 345 2114 402 PONT.
2155 375 2229 389 -—
2262 349 2319 403 S.
2359 349 2744 406 SILVESTER.
3428 357 3568 416 ’1548

413 482 679 528 samum
718 467 835 530 lib.
889 484 1006 547 CC;
1079 470 1365 531 nixum“
1413 485 1566 531 vero
1617 485 1699 530 ex
1761 469 1984 548 stippa
2033 470 2340 532 amianti.
2420 473 2497 534 In
2554 473 2811 537 labium
2840 476 2868 518 δ
2905 477 3109 542 fontis
3189 481 3563 562 baptisterii

416 579 676 640 agnum
727 582 810 628 et
864 585 1027 630 auro
1073 567 1434 645 purissimo
1478 566 1877 630 fundentem
1932 585 2201 647 aquam,
2261 569 2377 649 qui
2432 576 2668 649 pensat
2717 572 2924 636 libras
2975 593 3149 639 xxx.
3180 580 3280 641 Ad
3327 581 3567 644 dexte-

288 661 368 720 55
411 679 557 722 ram
581 664 756 740 Agni
801 667 1210 727 Salvatorem
1253 683 1335 726 ex
1391 669 1670 743 argento
1710 665 2067 746 purissimo
2119 666 2190 727 in
2245 665 2527 744 pedibus
2583 687 2650 744 v,
2700 687 2885 749 pens.
2951 672 3159 736 libras
3216 692 3440 757 CLXX;
3494 679 3566 741 in

411 759 585 822 laeva
603 762 786 838 Agni
806 762 1078 824 beatum
1098 764 1428 826 Joannem
1448 763 1823 844 Baptistam
1843 781 1926 826 ex
1948 767 2230 841 argento
2252 765 2323 826 in
2353 766 2634 846 pedibus
2661 787 2725 845 v,
2752 772 3090 833 tenentem
3114 773 3392 835 titulum
3411 776 3570 838 scri-

408 860 623 938 ptum,
655 860 769 939 qui
806 859 929 922 hoc
957 858 1160 921 habet
1193 881 1205 919 :
1264 864 1438 923 Ecce
1482 859 1725 940 Agnus
1751 862 1880 924 Dei
1919 878 2058 925 ecce
2115 863 2238 944 qui
2269 862 2459 926 tollit
2478 870 2834 945 peccatum
2865 871 3129 945 mundi,
3172 875 3566 952 pensantem

405 955 613 1018 libras
678 959 980 1031 centum;
1036 973 1260 1020 cervos
1289 974 1371 1020 ex
1432 961 1713 1037 argento
1773 977 1886 1035 v11,
1924 959 2282 1023 fundentes
2344 979 2614 1042 aquam,
2657 964 2774 1044 qui
2831 971 3120 1044 pensant
3145 969 3407 1046 singuli
3444 969 3562 1032 lib.

403 1062 648 1133 πλωίΧῆ
685 1054 1289 1119 thimiamaterium
1322 1072 1598 1120 aureum
1635 1073 1787 1119 cum
1816 1057 2106 1134 gemmis
2141 1059 2432 1140 prasinis
2457 1063 2522 1122 et
2553 1059 3020 1140 hyacinthinis
3058 1083 3217 1145 XLII,
3274 1082 3566 1145 pensans

283 1153 362 1213 60
404 1151 614 1214 libras
641 1152 889 1216 decem.

483 1251 618 1313 37.
670 1253 935 1314 Donum
981 1252 1184 1314 fontis
1234 1252 1615 1332 baptisterii
1645 1271 1940 1317 massam
1989 1257 2167 1318 Festi
2211 1255 2549 1336 praepositi
2594 1257 2765 1318 sacri
2815 1259 3132 1339 cubiculi,
3191 1279 3391 1343 quem
3441 1264 3570 1327 do—

399 1351 590 1412 navit
644 1355 999 1430 Augustus
1079 1354 1561 1414 Constantinus
1637 1355 2066 1434 praestantem
2125 1353 2370 1415 solidos
2423 1369 2588 1432 CCC;
2642 1371 2938 1419 massam
2989 1357 3181 1422 Gaba
3235 1362 3566 1425 territorio

406 1448 779 1510 Gabinensi
838 1441 1268 1528 praestantem
1329 1450 1574 1512 solidos
1631 1466 1800 1528 CCII;
1844 1468 2139 1512 massam
2193 1453 2414 1514 Pietas
2484 1451 2816 1514 territorio
2882 1459 3338 1537 suprascripto
3391 1477 3571 1539 prm-

402 1551 697 1608 stantem
768 1548 1012 1610 solidos
1089 1564 1254 1626 CCV;
1324 1566 1623 1609 massam
1673 1547 2142 1610 Statibanamd
2188 1549 2516 1611 territorio
2586 1551 2839 1612 Corano
2921 1557 3349 1633 praestantem
3409 1558 3564 1620 soli-

323 1645 365 1704 5
407 1645 523 1706 dos
577 1660 695 1724 CC;
753 1663 1046 1708 massam
1113 1646 1293 1706 intra
1362 1646 1676 1708 Sic«liam
1749 1648 2065 1708 Taurana
2138 1647 2472 1710 territorio
2540 1649 3053 1728 Parampniensi
3128 1658 3562 1732 praestantem

397 1742 647 1805 solidos
702 1744 1126 1823 quingentos.
1217 1746 1407 1806 lntra
1497 1749 1775 1808 Romam
1849 1744 2076 1806 domos
2146 1746 2254 1807 vel
2333 1745 2557 1806 hortos
2643 1750 3038 1826 praestantes
3122 1751 3366 1812 solidos
3429 1752 3564 1816 duo

401 1843 626 1904 millia
683 1841 1021 1904 ducentos.
1099 1841 1411 1906 Fundum
1506 1845 1722 1923 Bassi,
1805 1845 1922 1923 qui
2009 1846 2282 1924 praestat
2360 1841 2606 1903 solidos
2679 1847 2947 1907 centum
3019 1847 3312 1928 viginti;
3381 1869 3560 1913 mas-

403 1957 547 2001 sam
626 1939 958 2002 Laninam
1028 1944 1452 2018 praestantem
1510 1943 1754 2004 solidos
1831 1941 2200 2019 ducentos;
2258 1939 2544 2002 fundum
2616 1941 2898 2003 Caculas
2948 1949 2971 1976 °
3030 1945 3356 2008 territorio
3412 1949 3562 2009 Mo-

398 2042 717 2100 mentano
792 2042 1222 2119 praestantem
1286 2037 1529 2101 solidos
1579 2038 2133 2118 quinquaginta;
2189 2055 2483 2100 massam
2541 2038 2916 2101 Statianam
2967 2042 3297 2105 territorio
3361 2044 3557 2107 Sabi—

280 2135 356 2196 10
395 2153 631 2198 norum
673 2140 1101 2214 praestantem
1154 2137 1398 2199 solidos
1451 2153 1656 2215 CCCL;
1717 2153 2014 2198 massam
2079 2136 2382 2198 Murinas
2439 2135 2768 2198 territorio
2831 2139 3136 2217 Appiano
3190 2140 3558 2204 Albanensi

397 2237 825 2314 praestantem
899 2234 1144 2296 solidos
1209 2250 1369 2313 CCC;
1431 2250 1726 2295 massam
1773 2233 2079 2311 Virginis
2165 2233 2494 2295 territorio
2553 2235 2806 2298 Corano
2836 2234 2860 2275 f
2887 2239 3312 2317 praestantem
3390 2239 3556 2301 soli-

401 2331 518 2393 dos
587 2331 927 2394 ducentos.
1006 2335 1087 2394 Et
1143 2333 1604 2394 transmarina
1659 2331 1839 2394 infra
1913 2335 2170 2410 partem
2230 2330 2516 2410 Africae;
2565 2349 2860 2395 massam
2909 2334 3138 2396 Vineis
3210 2338 3542 2401 territorio

392 2430 670 2492 Micaria
718 2442 751 2484 8
779 2433 1206 2508 praestantem
1302 2430 1545 2492 solidos
1601 2431 2066 2506 octingentos;
2135 2445 2430 2490 massam
2511 2430 2746 2508 Capsis
2810 2430 3141 2494 territorio
3198 2434 3556 2513 Capsitano

398 2530 828 2606 praestantem
902 2527 1148 2591 solidos
1212 2532 1600 2607 sexcentos;
1655 2543 1951 2588 massam
2017 2526 2224 2587 Varia
2278 2525 2580 2588 Sardana
2625 2527 2956 2590 territorio
3020 2530 3321 2592 Monensi
3380 2549 3558 2612 prae—

283 2625 358 2685 15
399 2629 687 2687 stantem
769 2625 1016 2688 solidos
1081 2627 1536 2706 quingentos;
1587 2642 1884 2687 massam
1961 2625 2276 2685 Cameras
2343 2623 2676 2684 territorio
2725 2625 3048 2704 Curalupi
3127 2631 3558 2704 praestantem

396 2731 640 2794 solidos
696 2748 952 2810 CCCCV;
1006 2750 1302 2794 massam
1350 2733 1594 2794 Mimas
1633 2731 1688 2810 δ,
1760 2729 2092 2793 territorio
2163 2727 2498 2792 Numidiae
2553 2730 2982 2807 praestantem
3031 2731 3275 2793 solidos
3352 2748 3552 2812 DCCX,

395 2857 690 2901 massam
750 2839 764 2872 ¹
834 2838 1354 2901 Baldarioleario
1409 2838 1741 2900 territorio
1808 2835 2144 2901 Numidiae
2220 2837 2619 2916 praestantes
2675 2834 2921 2898 solidos
2984 2837 3406 2914 octingentos
3487 2843 3554 2902 et

388 2938 634 3001 decem.
684 2940 852 3000 Item
904 2937 976 2999 in
1033 2937 1290 2998 Grmcia
1350 2936 1683 2998 territorio
1746 2937 1974 2996 Cretas
2041 2950 2335 2995 massam
2389 2931 2762 2994 Cefalinam
2815 2932 2887 2993 in
2967 2935 3166 2997 Creta
3215 2940 3550 3013 praestan-

387 3039 520 3098 tem
629 3035 872 3099 solidos
962 3035 1404 3115 quingentos;
1487 3033 1559 3095 in
1643 3031 2006 3109 Mengaulo
2089 3046 2386 3091 massam
2462 3031 2754 3089 Amaron
2865 3033 3296 3106 praestantem
3389 3033 3543 3094 soli-

258 3135 343 3196 2O
385 3133 500 3195 dos
545 3151 793 3197 CCXXII.

461 3233 593 3294 38.
633 3235 799 3294 Item
836 3231 944 3292 his
991 3230 1402 3310 temporibus
1457 3227 1612 3289 fecit
1658 3227 2009 3303 Augustus
2061 3221 2566 3298 Constantinus,
2624 3237 2706 3281 ex
2743 3224 2985 3296 rogatu
3045 3223 3345 3288 Silvestri
3391 3230 3542 3308 epi-

387 3330 589 3410 scopi,
641 3329 994 3391 basilicam
1048 3327 1242 3388 beato
1295 3329 1488 3387 Petro
1549 3324 1845 3404 apostolo
1906 3323 1978 3383 in
2043 3321 2290 3399 templo
2360 3317 2713 3396 Apollinis.
2774 3315 2977 3394 Cujus
3035 3319 3330 3385 loculum
3389 3343 3543 3390 cum

385 3443 650 3506 corpore
715 3429 777 3489 S.
840 3426 1017 3488 Petri
1080 3421 1469 3499 recondidit,
1540 3421 1765 3500 ipsum
1823 3419 2116 3481 loculum
2180 3416 2476 3496 undique
2548 3431 2631 3477 ex
2693 3432 2822 3477 rere
2894 3417 3121 3495 cyprio
3189 3422 3536 3502 conclusit,

386 3526 560 3604 quod
611 3527 711 3586 est
767 3522 1128 3585 immobile.
1189 3520 1290 3583 Ad
1333 3521 1534 3597 caput
1593 3518 1792 3596 pedes
1848 3517 2167 3597 quinque,
2227 3513 2311 3574 ad
2379 3513 2574 3591 pedes
2614 3512 2814 3592 pedes
2868 3515 3188 3595 quinque,
3236 3517 3321 3579 ad
3360 3519 3538 3582 latus

300 3623 341 3682 5
383 3621 692 3684 dextrum
735 3619 935 3700 pedes
1001 3620 1323 3698 quinque,
1372 3615 1458 3678 ad
1516 3615 1697 3676 latus
1741 3613 2092 3675 sinistrum
2157 3610 2357 3691 pedes
2395 3610 2714 3690 quinque,
2777 3609 3015 3671 subtus
3067 3613 3265 3692 pedes
3329 3617 3532 3696 quin-

388 3735 536 3799 que,
597 3735 803 3798 supra
857 3717 1055 3796 pedes
1117 3714 1434 3796 quinque.
1503 3713 1607 3776 Sic
1676 3711 1954 3774 inclusit
2006 3725 2242 3787 corpus
2298 3707 2480 3770 beati
2540 3707 2714 3769 Petri
2769 3709 3070 3789 apostoli,
3127 3715 3190 3772 et
3246 3714 3540 3776 recondi-

386 3815 508 3895 dit,
541 3820 608 3879 et
652 3817 919 3878 ornavit
951 3831 1156 3893 supra
1215 3829 1297 3874 ex
1354 3811 1688 3875 columnis
1739 3806 2246 3890 porphyreticis,
2309 3809 2374 3868 et
2406 3806 2578 3867 alias
2627 3806 2977 3868 columnas
3009 3808 3329 3873 vitineasJ'
3371 3829 3540 3892 quas

377 3914 462 3976 de
526 3915 786 3976 Graecia
832 3912 1166 3993 perduxit.
1223 3911 1404 3973 Fecit
1468 3913 1695 3971 autem
1748 3911 1813 3971 et
1865 3920 2199 3968 cameram
2260 3901 2564 3965 basilicae
2611 3918 2692 3964 ex
2747 3903 3020 3966 trimma
3070 3907 3216 3968 auri
3262 3909 3543 3988 fulgen—

381 4015 542 4090 tem,
587 4016 652 4074 et
690 4027 892 4090 super
944 4028 1181 4090 corpus
1227 4008 1440 4072 beatri
1494 4007 1670 4070 Petri
1722 4023 1813 4068 res
1865 4007 1930 4068 et
1992 4001 2170 4082 quod
2227 3999 2645 4063 conclusitk.
2709 3999 2890 4063 Fecit
2940 4019 3199 4065 crucem
3247 4020 3330 4067 ex
3377 4026 3541 4072 auro

263 4111 342 4171 10
380 4109 758 4189 purissimo,
823 4114 1219 4189 pensantem
1275 4107 1482 4169 libras
1531 4109 1800 4168 centum
1862 4099 2389 4183 quinquaginta.
2453 4098 2530 4159 In
2586 4113 2970 4160 mensuram
3022 4101 3169 4180 loci,
3214 4102 3329 4166 ubi
3369 4107 3542 4169 scri-

382 4212 575 4289 ptum
633 4212 734 4270 est
773 4207 946 4270 hoc:
1006 4205 1492 4269 Constantinus
1544 4203 1895 4280 Augustus
1946 4201 2011 4261 et
2058 4197 2314 4259 Helena
2364 4196 2674 4271 Augusta
2741 4193 2920 4258 hanc
2988 4195 3258 4262 domum
3323 4205 3540 4281 regali

383 4307 589 4369 simili
619 4307 886 4385 fulgore
935 4321 1288 4369 coruscans
1320 4303 1479 4363 aula
1519 4296 1910 4374 circumdat,
1964 4295 2288 4374 scriptum
2316 4307 2399 4355 ex
2428 4291 2670 4353 litteris
2714 4293 2900 4372 puris
2953 4297 3229 4373 nigellis
3255 4299 3329 4360 in
3381 4319 3544 4364 cru-

396 4423 489 4470 ce.
560 4406 740 4468 Fecit
807 4407 1034 4466 autem
1096 4400 1500 4464 candelabra
1555 4394 1958 4458 aurochalca
2006 4393 2079 4452 in
2138 4388 2420 4470 pedibus
2468 4407 2535 4467 x,
2596 4405 2874 4451 numero
2923 4398 3211 4471 quatuor
3285 4415 3537 4476 argen-

381 4508 450 4566 to
514 4505 826 4566 conclusa
883 4519 1036 4564 cum
1090 4500 1342 4578 sigillis
1402 4495 1779 4575 argenteis;
1852 4493 2056 4552 Actus
2109 4489 2578 4568 apostolorum,
2643 4503 2931 4564 pensum
2997 4491 3254 4568 singuli
3331 4494 3542 4556 libras

262 4606 341 4666 15
385 4619 555 4678 CCC;
613 4602 852 4664 calices
908 4616 1141 4662 aureos
1188 4601 1322 4658 tres
1374 4613 1526 4658 cum
1571 4591 1859 4671 gemmis
1910 4586 2204 4666 prasinis
2266 4589 2331 4647 et
2386 4583 2848 4661 hiacynthinis
2900 4583 3180 4665 singuli,
3252 4591 3366 4670 qui
3410 4592 3543 4654 ha—

384 4702 546 4764 bent
573 4716 879 4779 gemmas
908 4717 1062 4776 XLV,
1095 4713 1282 4776 pens.
1327 4693 1585 4770 singuli
1619 4690 1826 4752 libras
1856 4704 1948 4747 XII
1983 4707 1996 4764 ;
2032 4686 2345 4746 metretas
2377 4683 2734 4779 argenteas
2763 4697 2832 4757 II,
2866 4696 3053 4759 pens.
3105 4685 3216 4749 lib.
3254 4704 3334 4752 CC
3366 4711 3381 4768 ;
3429 4708 3540 4753 ca-

390 4801 550 4862 lices
578 4775 964 4877 vargenteos
1002 4793 1252 4874 viginti
1295 4808 1480 4874 pens.
1553 4791 1734 4865 sing.
1775 4783 1893 4848 lib.
1936 4802 1980 4844 x
2015 4804 2029 4860 ;
2066 4798 2252 4843 amas
2307 4795 2544 4840 aureas
2599 4775 2772 4837 duas
2835 4793 3022 4856 pens.
3084 4783 3264 4862 sing.
3301 4786 3419 4849 lib.
3447 4806 3536 4863 x;

385 4916 574 4960 amas
630 4900 990 4976 argenteas
1045 4894 1343 4975 quinque
1400 4905 1588 4967 pens.
1649 4886 1830 4962 sing.
1887 4880 2006 4943 lib.
2040 4882 2224 4976 tres;
2259 4878 2577 4976 patenam
2614 4889 2889 4976 exauro
2920 4879 3281 4956 purissimo
3329 4901 3542 4946 unam

384 5013 536 5058 cum
579 4971 759 5057 turr'e
816 4998 881 5057 et
935 4971 1255 5055 columba
1311 4990 1623 5050 ornatam
1671 4980 1962 5062 gemmis
2018 4973 2313 5056 prasinis
2360 4975 2424 5033 et
2456 4971 2946 5054 hyacinthinis,
3008 4993 3156 5056 quae
3193 4983 3354 5042 sunt
3405 4999 3543 5044 nu-

255 5095 342 5158 20
382 5109 561 5156 mero
591 5112 745 5156 cum
774 5088 1165 5168 margaritis
1209 5085 1381 5148 albis
1423 5100 1620 5162 CCXV,
1648 5097 1836 5162 pens.
1870 5076 2079 5139 libras
2125 5070 2416 5148 triginta
2448 5089 2462 5149 ;
2499 5071 2779 5148 patenas
2825 5077 3185 5151 argenteas
3236 5077 3541 5158 quinque

1308 5331 1481 5375 NOTU
1491 5329 1586 5372 LA“:
1617 5324 1915 5370 MARGINA
1926 5322 2033 5367 LES
2061 5319 2386 5364 FABRO'I‘TI

187 5563 220 5592 ιι
284 5552 348 5617 C,
392 5547 692 5602 Annexum
769 5544 1017 5613 Myxum.
1066 5537 1096 5581 δ
1144 5537 1343 5596 Labro.
1397 5551 1422 5579 ο
1485 5538 1542 5606 C,
1597 5529 1729 5592 800.
1793 5532 1818 5571 ἀ
1869 5529 2251 5589 Statilianam.
2300 5539 2322 5566 ο
2376 5522 2434 5596 C,
2493 5522 2726 5584 Catulli.
2771 5527 2789 5566 τ
2835 5527 2893 5592 C,
2942 5525 3178 5617 Sorano.
3229 5544 3256 5583 ε
3299 5530 3356 5599 C,
3406 5527 3541 5588 Mu-

83 5614 344 5701 οειιίοξ
380 5636 406 5674 b
445 5637 504 5702 0,
570 5632 864 5689 Nummas.
919 5631 933 5670 ί
983 5627 1421 5685 Baldarioliaria
1473 5626 1580 5687 C,J’
1633 5625 1690 5694 C,
1749 5626 1812 5679 B.
1871 5623 2128 5693 thyneas.
2181 5619 2211 5660 k
2257 5621 2580 5674 Extremam
2629 5629 2698 5670 ex
2771 5629 2915 5671 auro
2985 5614 3298 5688 fulgentem
3366 5634 3543 5691 supra

89 5740 366 5797 corpus
390 5722 539 5778 beati
572 5720 720 5776 Petri
754 5731 932 5790 supra
961 5732 1038 5774 aes
1066 5717 1214 5774 unde
1240 5714 1577 5772 conclusum
1604 5720 1710 5770 est.
1745 5713 1803 5785 C,
1833 5725 2005 5783 super
2035 5723 2100 5765 os
2127 5721 2260 5779 quo.
