4072 6176
534 291 674 349 4549
1753 295 2109 352 ANASTASII
2150 297 2692 353 BIBLIOTHECARII
3799 300 3906 361 15Ξῦ

769 431 956 492 pens.
993 415 1171 494 sing.
1202 415 1408 478 libras
1440 434 1572 491 xv;
1625 434 1933 480 coronam
1988 437 2257 481 auream
2305 424 2460 482 ante
2502 439 2759 501 corpus,
2796 421 2910 483 ubi
2961 426 3060 484 est
3112 423 3740 486 Phamecantharus
3784 443 3906 486 cum

768 512 1105 592 delphinis
1135 514 1660 593 quinquaginta,
1696 517 1808 594 qui
1833 532 2019 594 pens.
2050 518 2162 579 lib.
2199 537 2417 594 xxxv;
2454 519 2667 597 phara
2688 523 3010 597 argentea
3033 520 3102 580 in
3128 520 3382 597 gremio
3412 519 3721 581 basilicae.
3752 540 3905 583 xxxn

773 628 928 671 cum
973 610 1334 688 delphinis,
1393 629 1577 692 pens.
1643 613 1826 690 sing.
1857 613 1972 675 lib.
2025 614 2247 676 decem
2289 637 2303 690 ;
2353 615 2436 676 ad
2468 615 2807 678 dexteram
2838 615 3129 680 basilicae
3172 618 3384 696 phara
3413 622 3747 695 argentea
3775 638 3905 692 xxx,

772 722 956 786 pens.
993 707 1168 785 sing.
1209 707 1323 768 lib.
1369 727 1522 787 vni;
1561 711 1784 788 ipsum
1823 712 2036 772 altare
2068 717 2348 789 argento
2386 718 2450 774 et
2504 731 2666 774 auro
2713 715 2975 777 clusum
3005 733 3156 777 cum
3208 715 3497 792 gemmis
3546 715 3836 792 prasinis
3861 727 3908 777 et

654 806 734 868 25
776 804 1237 886 hiacynthinis
1268 811 1332 870 et
1357 808 1529 870 albis
1561 825 1688 871 ccx
1712 813 2020 869 ornatum
2050 810 2368 889 undique,
2403 828 2588 889 pens.
2635 812 2751 874 lib.
2787 830 2950 876 CCCL
2980 835 2992 890 ;
3026 813 3637 874 thimiamaterium
3668 830 3751 873 ex
3779 829 3911 873 auro

783 904 1140 982 purissimo
1169 922 1322 967 cum
1350 907 1639 983 gemmis
1670 906 1968 985 undique
2006 911 2316 968 ornatum
2349 927 2532 970 num.
2569 927 2653 984 LI,
2687 928 2870 990 pens.
2903 911 3017 973 lib.
3052 929 3168 972 xv.

858 1002 992 1062 39.
1048 1005 1216 1064 Item
1269 1003 1341 1063 in
1399 1003 1649 1064 reditus
1711 1003 1982 1078 donum,
2045 1005 2220 1084 quod
2276 1004 2519 1067 obtulit
2574 1009 3055 1070 Constantinus
3111 1010 3460 1086 Augustus
3508 1008 3711 1071 beato
3753 1010 3910 1070 Petro

778 1101 1072 1177 apostolo
1165 1117 1280 1178 per
1335 1100 1683 1162 dioecesem
1739 1102 2026 1163 Orientis
2095 1103 2163 1162 in
2224 1103 2497 1165 civitate
2549 1106 2999 1168 Antiochia“:
3062 1107 3335 1168 domum
3395 1107 3702 1180 Datiani,
3764 1123 3910 1184 prae-

781 1202 1071 1260 stantem
1145 1198 1387 1259 solidos
1458 1187 1775 1260 ducentOs
1856 1199 2334 1279 quadraginta,
2411 1201 2887 1265 domunculam
2960 1205 3212 1265 inczene
3253 1201 3330 1281 δ,
3385 1207 3720 1280 praestans
3775 1204 3910 1263 soli.-

776 1293 892 1356 dos
967 1296 1217 1373 viginti
1291 1298 1356 1357 et
1423 1296 1791 1356 trimisium
1843 1312 1914 1375 ες
1975 1299 2148 1359 ΟεΒΙθ
2223 1300 2293 1359 in
2359 1299 2785 1378 Aphrodisia,
2872 1309 3197 1379 praestans
3277 1302 3520 1364 solidos
3609 1300 3906 1376 viginti;

698 1396 735 1452 5
773 1392 1100 1453 Balneum
1163 1391 1233 1452 in
1314 1395 1629 1471 cerateas,
1719 1396 2045 1471 praestans
2122 1396 2370 1458 solidos
2421 1415 2609 1475 XLII;
2662 1398 3082 1460 Pristinumd
3140 1398 3257 1460 ubi
3318 1416 3522 1477 supra
3607 1402 3909 1475 priestans

780 1488 1023 1550 solidos
1088 1489 1339 1566 viginti
1419 1492 1573 1551 tres.
1671 1490 1924 1570 Popina
1989 1497 2523 1571 suprapraestans
2601 1494 2847 1556 solidos
2920 1497 3189 1572 decem;
3267 1496 3539 1556 hortum
3611 1494 3906 1566 Maronis,

778 1589 1204 1662 praestantem
1295 1586 1539 1648 solidos
1627 1587 1908 1666 decem;
1989 1590 2257 1652 hortum
2353 1592 2567 1652 alium
2643 1592 2760 1653 ubi
2854 1610 3080 1671 supra,
3173 1597 3602 1670 prastantem
3698 1592 3909 1653 solidos

779 1683 1108 1756 undecim,
1181 1683 1303 1744 sub
1369 1684 1639 1746 civitate
1703 1687 2100 1765 Antiochia;
2179 1689 2504 1766 possessio
2596 1689 2845 1751 Sibillze
2909 1691 3156 1751 donata
3217 1689 3301 1751 ab
3374 1694 3684 1767 Augusto
3767 1706 3912 1767 pia-

775 1783 964 1842 stans
1040 1779 1282 1841 solidos
1328 1797 1644 1859 CCCXXIII,
1707 1788 1924 1844 cartas
1979 1784 2264 1846 decadas
2321 1790 2591 1848 centum
2653 1790 2716 1848 et
2774 1786 3297 1867 quinquaginta,
3357 1791 3742 1848 aromatum
3811 1786 3904 1846 lib.

661 1878 733 1938 10
777 1893 879 1953 CC,
964 1878 1229 1940 nardini
1293 1879 1422 1941 olei
1489 1879 1604 1940 lib.
1691 1896 1793 1958 CC,
1848 1880 2230 1945 balsamum
2298 1884 2413 1946 lib.
2480 1903 2693 1946 xxxv.
2773 1885 2905 1947 Sub
2956 1886 3228 1947 civitate
3278 1883 3714 1958 Alexandria,
3776 1900 3909 1963 pos-

775 1975 980 2037 sessio
1049 1975 1382 2051 Timialia,
1463 1976 1710 2038 donata
1783 1982 2088 2055 Augusto
2165 1983 2602 2044 Constantino
2679 1981 2762 2043 ab
2841 1982 3220 2054 Ambronio,
3281 1986 3610 2060 praestans
3694 1983 3906 2043 solidos

773 2077 1115 2134 sexcentos
1189 2077 1254 2134 et
1318 2073 1594 2152 viginti,
1690 2080 1908 2136 cartas
1987 2077 2271 2140 decadas
2345 2095 2489 2156 CCC,
2589 2080 2717 2141 olei
2794 2080 2988 2140 nardi
3065 2096 3208 2155 ccc,
3282 2079 3662 2141 balsamum
3732 2079 3908 2140 libras

777 2169 1255 2248 quadraginta,
1357 2175 1659 2232 aromata
1743 2172 1862 2233 lib.
1942 2191 2045 2254 CL,
2112 2176 2389 2238 storacis
2458 2177 2770 2239 Isauricae
2853 2176 2971 2238 lib.
3039 2178 3092 2237 l.
3155 2178 3485 2239 Possessio
3548 2176 3908 2238 Euthimica

783 2266 970 2327 ducis
1055 2272 1382 2344 prrestans
1456 2267 1700 2329 solidos
1773 2271 2205 2349 quingentos.
2309 2274 2602 2335 Donavit
2682 2278 3030 2352 Augustus
3112 2275 3595 2336 Constantinus
3665 2291 3909 2352 possis-

654 2366 728 2426 15
773 2364 1029 2425 sionem
1134 2365 1609 2445 Pattinopolim
1724 2372 2050 2444 praestans
2162 2371 2413 2433 solidos
2501 2373 2943 2449 octingentos,
3048 2378 3270 2434 cartas
3364 2371 3647 2433 decadas
3748 2388 3903 2447 CCCC,

765 2460 954 2540 piper
1031 2461 1412 2523 medemnos
1490 2463 2017 2544 quinquaginta,
2101 2485 2322 2528 crocos
2398 2467 2606 2530 libras
2677 2473 2969 2548 centum,
3059 2474 3310 2532 storace
3388 2469 3593 2531 libras
3666 2477 3910 2531 centum

766 2563 832 2618 et
935 2558 1459 2638 quinquaginta,
1542 2567 1845 2622 aromata
1924 2564 2140 2625 cassia
2243 2582 2345 2645 cc,
2441 2567 2569 2628 olei
2649 2567 2844 2628 nardi
2930 2566 3138 2628 libras
3220 2584 3362 2645 ccc,
3445 2566 3739 2627 balsami
3811 2567 3906 2627 lib.

775 2670 836 2729 C,
914 2655 1038 2714 lini
1106 2673 1326 2716 saccos
1399 2659 1692 2728 centum,
1769 2660 1992 2720 casei°
2045 2663 2278 2724 sillum
2349 2663 2555 2725 libras
2623 2668 2891 2726 centum
2950 2668 3015 2726 et
3091 2665 3622 2744 quinquaginta,
3717 2665 3912 2725 oleum

773 2749 1095 2827 Cyprium
1139 2751 1254 2812 lib.
1314 2756 1608 2829 centum,
1669 2772 2002 2834 papyrum
2054 2777 2342 2822 rucanas
2395 2758 2412 2796 ί
2464 2763 2670 2824 libras
2723 2762 3014 2823 mundas
3072 2762 3278 2822 mille.
3342 2761 3678 2822 Possessio
3733 2778 3910 2841 quam

646 2848 727 2907 20
759 2845 1034 2907 donavit
1106 2850 1393 2924 August.
1482 2849 1827 2912 Constant.
1908 2854 2308 2934 Hybromias
2392 2864 2720 2937 prastans
2793 2859 3037 2920 solidos
3109 2858 3646 2938 quadringentos
3727 2860 3910 2939 quin—

775 2942 1130 3022 quaginta,
1198 2947 1416 3006 cartas
1469 2946 1753 3008 decadas
1828 2965 1929 3026 cc,
2004 2959 2305 3014 aromata
2369 2958 2600 3017 cassize
2664 2956 2781 3018 lib.
2861 2957 3384 3036 quinquaginta,
3451 2957 3581 3017 olei
3654 2955 3900 3017 nardini

765 3039 973 3102 libras
1035 3040 1378 3120 ducentas,
1435 3042 1726 3106 balsami
1784 3046 1989 3109 libras
2037 3051 2563 3130 quinquaginta.
2630 3057 2705 3114 In
2751 3053 3096 3132 provincia
3148 3053 3599 3130 Euphratensi
3651 3053 3772 3115 sub
3825 3054 3911 3113 ci—

767 3137 976 3199 vitate
1030 3137 1198 3218 Cyro
1251 3141 1735 3219 possessionem
1787 3147 2312 3210 Armanalanam
2371 3155 2800 3228 prastantem
2854 3151 3100 3213 solidos
3168 3166 3528 3229 CCCLxxx;
3609 3150 3907 3229 possessio

764 3235 1076 3312 Mobaris,
1111 3238 1441 3314 praestans
1463 3238 1707 3300 solidos
1737 3257 1925 3303 CCLx.

846 3333 978 3393 4-0.
1012 3355 1039 3394 s
1078 3333 1320 3394 Eodem
1372 3337 1664 3415 tempore
1720 3337 1873 3400 fecit
1929 3344 2279 3418 Augustus
2329 3345 2809 3409 Constantinus
2862 3349 3216 3412 basilicam
3265 3349 3458 3411 beato
3515 3351 3721 3410 Paulo
3761 3365 3907 3426 apo-

761 3431 926 3492 stolo
1002 3448 1085 3491 ex
1127 3431 1564 3508 suggestione
1632 3435 1930 3498 Silvestri
1997 3439 2310 3519 episcopi.
2379 3445 2584 3523 Cujus
2633 3463 2874 3524 corpus
2935 3452 3241 3510 sanctum
3300 3447 3398 3508 ita
3441 3447 3802 3509 recondidit
3851 3447 3905 3506 in

764 3543 892 3589 zere
937 3531 1004 3621 et
1072 3527 1419 3603 conclusit,
1481 3530 1652 3591 sicut
1710 3536 1774 3593 et
1829 3534 2005 3596 beati
2075 3537 2248 3600 Petri
2311 3541 2794 3604 Constantinus
2843 3550 3214 3621 Augustus,
3283 3545 3393 3607 cui
3460 3545 3756 3606 basilicze
3796 3545 3910 3606 do-

770 3619 1106 3688 num'hoc
1175 3624 1462 3688 obtulit:
1507 3628 1631 3689 sub
1697 3631 1898 3692 Tarso
1954 3633 2203 3696 Ciliciae
2261 3636 2332 3696 in
2387 3638 2617 3700 insula
2663 3619 3008 3703 Cordionis
3065 3619 3392 3719 prmstans
3423 3643 3670 3709 solidos
3705 3643 3909 3702 octin—

687 3725 726 3786 5
764 3727 1023 3802 gentos.
1073 3721 1313 3784 Omnia
1363 3724 1546 3785 enim
1596 3743 1762 3787 vasa
1807 3732 2068 3791 sacrata
2121 3749 2344 3812 aurea,
2402 3742 2728 3814 argentea
2781 3743 2902 3801 aut
2950 3757 3122 3801 terea
3171 3741 3266 3800 ita
3322 3741 3568 3818 posuit,
3634 3741 3800 3801 sicut
3852 3747 3908 3800 et

765 3821 840 3880 in
891 3817 1241 3880 basilicam
1296 3821 1515 3882 sancti
1582 3823 1757 3884 Petri
1817 3827 2119 3905 apostoli,
2186 3829 2278 3890 ita
2350 3835 2415 3894 et
2472 3834 2648 3897 beati
2710 3838 2904 3899 Pauli
2965 3837 3246 3918 apostoli
3301 3817 3662 3900 ordinavit.
3699 3838 3812 3900 Sed
3855 3847 3910 3898 et

769 3931 1030 3979 crucem
1097 3935 1371 3980 auream
1427 3935 1626 3999 super
1666 3921 1883 3983 locum
1931 3923 2108 3985 beati
2166 3928 2357 3990 Pauli
2398 3934 2680 4009 apostoli
2734 3936 2954 4011 posuit
2985 3940 3386 4014 pensantem
3427 3935 3634 3997 libras
3665 3943 3906 3997 centum

779 4017 845 4076 et
923 4014 1448 4094 quinquaginta.
1527 4016 1660 4078 Sub
1704 4019 1978 4081 civitate
2037 4022 2238 4102 Tyria
2302 4029 2624 4104 possessio
2649 4031 2991 4110 comitum,
3047 4037 3373 4111 praestans
3425 4033 3671 4095 solidos
3724 4032 3908 4112 quin—

766 4123 1006 4196 gentos
1054 4123 1118 4181 et
1177 4121 1728 4200 quinquaginta;
1781 4129 2110 4203 possessio
2169 4131 2408 4204 Tiinia,
2466 4140 2793 4212 praestans
2849 4139 3098 4200 solidos
3127 4141 3447 4202 ducentos
3476 4144 3541 4201 et
3586 4141 3902 4219 quinqua-

652 4225 724 4285 10
759 4223 1009 4323 ginta;
1070 4228 1396 4323 possessio
1451 4229 1850 4292 Fronimusa
1908 4237 2232 4313 przestans
2281 4239 2524 4301 solidos
2573 4237 3060 4323 Septingentos,
3120 4249 3342 4308 oleum
3405 4245 3766 4308 nardinum
3829 4246 3903 4305 li-

759 4319 914 4381 bras
971 4321 1428 4400 septuaginta,
1475 4330 1776 4387 aromata
1818 4329 1968 4390 libr.
2029 4333 2554 4413 quinquaginta,
2618 4319 2878 4403 alcassia
2925 4319 3076 4404 libr.
3113 4348 3411 4406 centum.
3471 4343 3606 4405 Sub
3657 4342 3902 4404 civitate

773 4418 1048 4499 ngypti
1110 4420 1433 4499 possessio
1491 4420 1790 4500 Cyprias,
1847 4433 2173 4505 przestans
2205 4431 2450 4494 solidos
2494 4437 2953 4516 septingentos
3004 4444 3069 4502 et
3115 4439 3359 4520 decem,
3422 4442 3643 4502 oleum
3692 4438 3900 4500 nardi-

774 4524 1123 4626 numulib.
1178 4528 1632 4626 septuaginta,
1704 4528 2079 4597 balsamum
2145 4537 2293 4603 libr.
2347 4541 2657 4619 triginta,
2712 4549 3009 4607 aromata
3060 4545 3210 4608 libr.
3267 4548 3728 4626 septuaginta,
3785 4551 3898 4605 sto-

775 4638 930 4725 race
962 4621 1112 4684 libr.
1142 4623 1450 4725 triginta,
1481 4627 1736 4688 stacten
1769 4628 1884 4690 lib.
1939 4637 2205 4696 centum
2237 4643 2301 4700 et
2354 4639 2875 4719 quinquaginta.
2931 4645 3261 4705 Possessio
3309 4621 3575 4706 Basilea
3603 4651 3895 4725 praestans

654 4722 730 4783 15
767 4719 1012 4819 solidos
1063 4720 1502 4819 quingentos
1575 4727 1641 4784 et
1689 4724 2214 4806 quinquaginta,
2282 4741 2582 4797 aromata
2646 4737 2796 4799 libr.
2860 4740 3384 4819 quinquaginta,
3456 4719 3683 4803 oleu—m
3760 4757 3894 4800 nar-

774 4817 1011 4878 dinum
1062 4816 1214 4877 libr.
1281 4819 1662 4897 sexaginta,
1718 4823 2095 4889 balsamum
2143 4830 2292 4892 libr.
2348 4831 2623 4910 viginti,
2675 4816 2901 4896 crocos
2921 4816 3070 4897 libr:
3105 4837 3561 4915 septuaginta.
3597 4836 3891 4899 Possessio

773 4916 1001 4978 insula
1068 4916 1452 4995 Machabeo,
1539 4925 1866 4997 praestans
1949 4926 2192 4988 solidos
2258 4928 2668 5007 quingentos
2729 4935 2794 4992 et
2875 4932 3122 5012 decem,
3199 4950 3535 5014 papyrum
3600 4932 3890 4997 mundum

770 5029 1052 5074 racanas
1091 5013 1525 5094 quingentas,
1561 5015 1779 5078 linum
1806 5036 2028 5083 saccos
2053 5025 2402 5090 trecentos.

1646 5269 1923 5316 NOTULE
1988 5275 2080 5318 MA
2090 5275 2410 5324 RGINALES
2475 5279 2818 5330 FABROTTI.

584 5475 606 5501 ³
636 5465 768 5518 Item
812 5466 872 5519 in
919 5465 1128 5521 reditus
1173 5467 1361 5523 domus
1413 5473 1470 5524 Β.
1508 5472 1657 5525 Petri
1695 5472 1890 5526 obtulit
1921 5477 2312 5532 Constantinus
2350 5495 2447 5548 per
2477 5482 2722 5538 diaeceses
2766 5486 3000 5540 Orientis
3040 5486 3149 5541 hac
3197 5489 3257 5541 in
3311 5491 3533 5544 civitate
3580 5490 3882 5546 Antiochia.

530 5557 560 5656 ξ)
613 5559 837 5656 Vicene.
894 5564 949 5630 (τ,
1003 5563 1349 5656 Νἰοθηλῐηὲξ
1382 5566 1420 5620 C
1474 5567 1813 5625 tremissem.
1845 5569 1869 5607 ά
1923 5570 1978 5637 (τ,
2019 5572 2352 5642 pistrinum.
2397 5587 2419 5613 ο
2471 5580 2525 5646 C,
2572 5581 3080 5652 cariophyllorum.
3129 5583 3155 5624 f
3189 5586 3417 5656 Papyrii
3469 5601 3664 5645 canas.
3716 5600 3743 5638 ε
3779 5584 3889 5643 rid:

508 5643 714 5700 Baron.
746 5649 822 5702 ad
867 5666 997 5706 ann.
1027 5654 1188 5708 Dom.
1236 5649 1360 5709 324.
