4072 6176
174 335 315 395 4521
1022 341 1346 406 HISTORIA.
1376 344 1467 399 DE
1511 344 1682 401 VITIS
1721 345 1886 402 ROM.
1927 345 2123 403 PONT.
2155 378 2228 388 —
2263 348 2317 403 S.
2359 348 2747 407 SILVESTER.
3448 347 3587 407 4522

503 463 634 526 41.
692 471 713 499 ·
758 463 1003 527 Eodem
1049 465 1342 543 tempore
1393 464 1547 529 fecit
1604 469 2085 530 Constantinus
2138 472 2489 547 Augustus
2537 472 2889 535 basilicam
2937 474 3008 536 in
3060 476 3312 557 palatio
3348 470 3577 539 Se'sso-

421 562 636 638 riano,
669 560 784 624 ubi
839 564 1042 624 etiam
1095 561 1176 624 de
1232 562 1424 641 ligno
1475 566 1723 626 sanctae
1789 566 2005 628 crucis
2072 567 2339 629 Domini
2398 570 2604 630 nostri
2663 572 2824 632 Jesu
2889 571 3139 633 Christi
3208 574 3450 654 posuit,
3515 574 3580 633 et
3698 570 3713 579 “

428 676 593 720 auro
623 661 688 720 et
742 659 1035 737 gemmis
1093 660 1444 739 conclusit,
1479 661 1597 723 ubi
1652 663 1860 725 etiam
1917 667 1981 726 et
2038 681 2281 726 nomen
2351 666 2646 727 ecclesiae
2703 666 3056 747 dedicavit,
3120 687 3268 750 qua
3326 687 3583 748 cogno-

421 756 728 817 minatur
777 773 990 837 usque
1036 759 1107 820 in
1153 758 1548 821 hodiernum
1595 760 1773 822 diem
1831 761 2269 825 Hierusalem.
2333 765 2411 824 In
2470 780 2600 843 quo
2652 765 2793 826 loco
2861 767 3211 829 constituit
3278 767 3573 829 donum:

336 854 377 915 5
416 852 817 917 candelabra
874 872 1079 917 aurea
1137 860 1202 917 et
1268 860 1590 935 argentea
1646 860 1803 918 ante
1869 858 2139 936 lignum
2200 863 2510 922 sanctum
2542 861 2838 923 lucentia
2895 862 3266 925 secundum
3332 878 3580 925 nume-

422 968 573 1013 rum
622 950 1141 1029 Evangeliorum
1182 956 1490 1033 quatuor,
1537 972 1687 1034 quas
1718 957 2169 1033 pensaverunt
2217 954 2495 1033 singula
2542 956 2749 1019 libras
2795 958 3126 1037 triginta;
3161 960 3376 1041 phara
3416 977 3575 1022 can-

420 1048 621 1109 thara
667 1051 990 1127 argentea
1033 1050 1557 1130 quinquaginta,
1607 1069 1754 1132 quae
1803 1055 2255 1130 pensaverunt
2293 1053 2573 1131 singula
2624 1055 2831 1117 libras
2880 1073 3023 1134 xv;
3068 1057 3399 1137 scyphum
3450 1074 3579 1118 au-

424 1162 610 1209 reum
645 1147 1101 1226 purissimum,
1163 1148 1279 1227 qui
1342 1150 1647 1225 pensavit
1706 1149 1912 1212 libras
1959 1170 2052 1228 x;
2102 1151 2344 1213 calice's
2410 1152 2887 1216 ministeriales
2952 1172 3186 1216 aureos
3253 1154 3575 1235 quinque,

424 1249 786 1327 pensantes
829 1246 1136 1324 singulos
1182 1247 1389 1309 libras
1437 1248 1750 1326 singulas
1785 1271 1799 1327 ;
1835 1250 2119 1329 scyphos
2152 1253 2504 1328 argenteos
2552 1254 2708 1329 tres,
2742 1255 3100 1330 pensantes
3138 1252 3344 1314 libras
3385 1255 3528 1314 octo
3562 1273 3577 1330 ;

306 1343 382 1403 10
424 1342 662 1404 calices
727 1341 1203 1404 ministeriales
1269 1347 1622 1421 argenteos
1687 1343 1912 1405 decem
1946 1391 1960 1420 ,
2035 1347 2429 1423 pensantem
2494 1344 2703 1406 libras
2773 1346 3022 1426 binas;
3064 1350 3381 1428 patenam
3448 1364 3581 1409 au-

425 1455 628 1516 ream,
672 1443 1068 1517 pensantem
1099 1440 1305 1502 libras
1359 1439 1634 1519 decem;
1681 1443 1996 1519 patenam
2052 1444 2445 1520 argenteam
2503 1460 2665 1505 auro
2726 1444 2986 1506 clusam
3043 1462 3196 1506 cum
3264 1444 3575 1525 gemmis,

424 1540 817 1617 pensantem
870 1534 1076 1598 libras
1123 1539 1676 1618 quinquaginta;
1726 1539 1948 1616 ipsum
1999 1544 2309 1602 sanctum
2362 1542 2573 1602 altare
2630 1559 2931 1619 aureum,
2966 1542 3142 1622 quod
3198 1545 3434 1620 pensat
3489 1542 3580 1603 li-

425 1636 581 1698 bras
638 1635 961 1698 ducentas
1022 1639 1086 1697 et
1147 1637 1704 1717 quinquaginta;
1767 1655 1954 1700 amas
2018 1642 2397 1717 argenteas,
2466 1642 2828 1720 pensantes
2894 1640 3102 1703 libras
3165 1639 3439 1718 viginti.
3497 1641 3580 1701 Et

427 1735 654 1795 omnia
709 1752 1023 1813 agrorum
1052 1735 1230 1797 circa
1280 1737 1613 1813 palatium
1665 1736 1958 1799 ecclesia
1987 1736 2157 1798 dono
2228 1736 2430 1799 dedit.
2493 1739 2659 1800 Item
2714 1739 3043 1816 possessio
3099 1740 3409 1819 Sponsas,
3468 1739 3583 1799 via

303 1834 380 1895 15
422 1831 779 1908 Lavicana,
822 1835 1149 1912 prastans
1223 1832 1467 1894 solidos
1546 1833 1866 1896 ducentos
1948 1834 2310 1911 sexaginta
2390 1837 2455 1897 et
2501 1834 2632 1896 duo
2679 1857 2693 1913 ;
2738 1834 2863 1897 sub
2938 1836 3209 1898 civitate
3282 1837 3586 1897 Lauren—

425 1930 598 1992 tium
644 1931 659 1963 ¹
707 1930 1034 2008 possessio
1078 1931 1333 2007 Patras,
1377 1933 1704 2009 preestans
1747 1930 1995 1993 solidos
2055 1933 2322 1993 centum
2365 1934 2429 1993 et
2468 1932 2755 2010 viginti‘;
2804 1932 2929 1994 sub
2968 1933 3236 1995 civitate
3255 1932 3589 2011 Nepesina

428 2029 755 2108 possessio
811 2028 1151 2105 Anglesis,
1217 2035 1544 2106 praestans
1595 2029 1839 2092 solidos
1906 2032 2175 2092 centum
2220 2031 2761 2111 quinquaginta:
2828 2029 2954 2092 sub
3017 2030 3290 2093 civitate
3344 2046 3590 2109 supra—

429 2127 679 2205 scripta
719 2125 1045 2205 possessio
1099 2128 1374 2204 Terega,
1431 2128 1759 2204 praestans
1811 2127 2058 2190 solidos
2111 2132 2379 2190 centum
2431 2127 2916 2208 quadraginta;
2967 2127 3091 2189 sub
3142 2126 3413 2189 civitate
3464 2144 3589 2189 su-

426 2225 799 2303 prascripta
869 2224 1132 2287 Falisca
1195 2224 1521 2305 possessio
1564 2226 1890 2305 Herculis,
1941 2243 2090 2305 quae
2148 2225 2396 2288 donata
2451 2228 2553 2287 est
2615 2227 2922 2303 Augusto
2992 2224 3452 2302 Constantino,
3525 2227 3591 2286 et

303 2326 385 2387 20
434 2326 784 2401 Augustus
843 2323 1086 2385 obtulit
1146 2325 1441 2387 ecclesiae
1502 2326 1942 2405 Hierusalem,
2018 2329 2346 2406 praestans
2408 2326 2655 2389 solidos
2697 2341 2874 2404 CXL;
2922 2325 3082 2388 item
3146 2323 3271 2387 sub
3308 2324 3594 2401 fcivitate

428 2421 691 2483 Falisca
746 2422 1072 2500 possessio
1132 2422 1484 2500 Nimphas,
1541 2428 1867 2501 praastans
1924 2423 2171 2486 solidos
2229 2428 2501 2486 centum
2556 2428 2622 2487 et
2675 2425 3110 2506 quindecim;
3159 2425 3284 2488 sub
3321 2425 3594 2488 civitate

431 2519 637 2580 Juder
677 2521 1005 2600 possessio
1046 2521 1357 2598 Angulas
1400 2524 1726 2599 praestans
1769 2520 2015 2583 solidos
2057 2526 2328 2585 centum
2371 2523 2876 2603 quinquaginta
2902 2527 3072 2586 .tres.

509 2616 620 2681 42
658 2628 683 2657 ο
728 2617 973 2679 Eodem
1023 2620 1318 2698 tempore
1363 2617 1519 2680 fecit
1569 2617 1916 2680 basilicam
1998 2623 2247 2682 sancta:
2292 2622 2611 2700 martyris
2665 2621 2947 2698 Agnetis
3002 2639 3085 2683 ex
3134 2623 3376 2699 rogatu
3417 2621 3598 2683 Con—

438 2715 704 2777 stantiaa
746 2715 902 2777 ﬁliaa
946 2733 1105 2787 suae,
1153 2718 1219 2777 et
1261 2714 1729 2793 baptisterium
1781 2716 1850 2777 in
1906 2716 2135 2779 eodem
2189 2718 2350 2796 loco,
2401 2717 2520 2779 ubi
2571 2723 2636 2780 et
2693 2718 3035 2797 baptizata
3074 2721 3174 2779 est
3225 2734 3408 2780 soror
3456 2717 3603 2796 ejus

440 2812 832 2874 Constantia
888 2830 1038 2875 cum
1105 2813 1252 2875 ﬁlia
1305 2814 1596 2891 Augusti
1666 2831 1707 2874 a
1759 2814 2074 2876 Silvestro
2138 2814 2470 2894 episcopo,
2537 2814 2654 2876 ubi
2715 2814 2965 2876 donum
3034 2814 3381 2876 constituit
3419 2813 3587 2876 hoc:

429 2914 744 2989 patenam
774 2926 857 2972 ex
909 2927 1070 2972 auro
1114 2911 1471 2990 purissimo
1520 2916 1913 2991 pensantem
1969 2912 2175 2974 libras
2209 2913 2460 2991 vigniti
2507 2935 2522 2990 ;
2570 2913 2844 2974 calicem
2887 2927 3164 2973 aureum
3199 2914 3595 2989 pensantem

306 3010 347 3071 5
417 3008 624 3070 libras
694 3007 962 3085 decem;
1052 3024 1383 3085 coronam,
1468 3009 1758 3089 pharum
1824 3010 2225 3071 cantharum
2306 3027 2459 3071 cum
2517 3007 2858 3088 delphinis
2918 3007 3207 3084 triginta
3270 3024 3353 3067 ex
3431 3024 3595 3069 auro

433 3105 812 3185 purissimo,
865 3108 1260 3184 pensantem
1318 3105 1526 3169 libras
1578 3106 2003 3187 quindecim;
2054 3109 2335 3184 pateuas
2384 3109 2739 3184 argenteas
2764 3102 2955 3179 duas,
3001 3106 3361 3182 pensantes
3412 3102 3595 3181 sing.

434 3203 640 3265 libras
662 3203 955 3281 viginti;
1003 3204 1242 3267 calices
1297 3206 1653 3280 argenteos
1705 3204 2023 3283 quinque,
2071 3205 2430 3281 pensantes
2469 3201 2723 3279 singul.
2778 3198 2985 3260 libras
3030 3198 3296 3277 decem;
3346 3199 3600 3278 phara-

437 3303 762 3364 canthara
800 3305 1123 3379 argentea
1150 3301 1465 3378 triginta,
1511 3301 1870 3379 pensantia
1911 3301 2093 3377 sing.
2143 3299 2350 3361 libras
2387 3300 2572 3375 octo;
2616 3296 3159 3377 pharacanthara
3195 3311 3367 3358 aerea
3409 3296 3604 3359 auri-

433 3399 665 3461 chalca
695 3397 1174 3479 quadraginta.
1252 3399 1628 3461 Cerostrata
1667 3396 2114 3459 aurochalcha
2179 3399 2460 3475 argento
2517 3397 2708 3457 clusa
2750 3393 3054 3471 sigillata
3093 3393 3595 3474 quadraginta;

312 3498 390 3558 10
450 3498 793 3557 lucernam
853 3510 935 3555 ex
990 3511 1150 3555 auro
1208 3494 1569 3572 purissimo
1626 3494 1941 3555 nixorum
1985 3492 2013 3534 ἀ
2074 3492 2422 3555 duodecim
2482 3507 2683 3572 super
2733 3489 3007 3569 fontem,
3069 3508 3218 3572 quae
3274 3491 3602 3570 pensabat

432 3591 583 3653 libr.
626 3610 735 3665 xv,
784 3594 848 3655 et
896 3591 1148 3653 donum
1198 3592 1270 3652 in
1323 3591 1612 3653 reditum
1656 3592 1833 3653 circa
1887 3590 2224 3651 civitatem
2270 3589 2557 3651 Fidenas
2617 3603 2880 3650 omnem
2947 3600 3248 3649 annum°
3275 3590 3601 3667 praestans

433 3689 679 3751 solidos
737 3692 1007 3752 centum
1070 3698 1135 3751 et
1208 3687 1571 3765 sexaginta
1616 3688 1744 3748 Via
1814 3686 2073 3748 Salaria
2134 3686 2260 3747 sub
2318 3685 2676 3751 Pavetinas
2745 3701 2959 3764 usque
3023 3701 3289 3746 omnem
3355 3702 3599 3763 agrum

436 3790 498 3849 S.
572 3791 799 3865 Agnes
864 3790 1298 3866 praestantem
1365 3785 1611 3847 solidos
1677 3788 1947 3847 centum
1996 3788 2060 3845 et
2145 3784 2489 3864 quinque;
2583 3798 2826 3860 agrum
2897 3783 3098 3861 Muci,
3170 3784 3598 3861 prmstantem

431 3884 677 3947 solidos
719 3885 1167 3962 octuaginta;
1221 3885 1551 3964 possessio
1617 3881 2055 3961 Vicopisonis,
2090 3886 2418 3962 praestans
2471 3880 2717 3944 solidos
2769 3879 3086 3943 ducentos
3140 3883 3205 3943 et
3262 3879 3619 3961 quinqua-

316 3985 391 4045 15
436 3983 667 4061 ginta;
718 4000 960 4060 agrum
1001 3982 1279 4044 Caculas
1322 3980 1345 4021 ί
1381 3983 1812 4059 prmstantem
1848 3979 2093 4041 solidos
2134 3985 2425 4043 centum.

474 4080 584 4141 43
632 4091 664 4133 8
698 4080 946 4142 Eodem
1025 4084 1319 4157 tempore
1370 4079 1871 4141 Constantinus
1919 4077 2277 4157 Augustus
2354 4075 2509 4140 fecit
2573 4075 2927 4139 basilicam
2991 4074 3175 4137 beato
3242 4077 3603 4140 Laurentio

421 4177 747 4255 martyri,
803 4178 921 4240 via
964 4175 1336 4238 Tiburtina
1384 4178 1463 4238 in
1492 4192 1738 4255 agrum
1773 4177 2109 4238 Veranum
2144 4192 2363 4257 supra
2399 4173 2817 4237 Arena/rium
2869 4177 3121 4254 cryptae
3159 4175 3224 4235 et
3265 4191 3476 4254 usque
3516 4174 3602 4237 ad

436 4291 672 4353 corpus
711 4277 783 4336 B.
815 4274 1159 4336 Laurentii
1190 4273 1509 4352 martyris
1537 4273 1606 4333 in
1647 4290 1782 4352 qua
1822 4272 1976 4333 fecit
2003 4272 2296 4351 gradum
2321 4273 2730 4335 ascensionis
2757 4277 2823 4334 et
2848 4272 3321 4335 descensionis.
3356 4275 3436 4335 In
3470 4290 3600 4354 quo

422 4374 564 4435 loco
619 4372 991 4435 construxit
1042 4371 1367 4448 absidam,
1428 4374 1493 4432 et
1546 4369 1894 4431 exornavit
1937 4370 2382 4432 marmoribus
2440 4371 2947 4452 porphyreticis,
3013 4374 3077 4432 et
3139 4370 3220 4432 de
3277 4370 3604 4449 superiori

312 4474 354 4531 5
418 4469 557 4532 loco
595 4469 919 4532 conclusit
983 4469 1065 4531 de
1127 4471 1429 4546 argento,
1490 4471 1553 4528 et
1613 4467 1940 4529 cancellos
2008 4482 2090 4529 ex
2149 4472 2428 4546 argento
2484 4468 2843 4547 purissimo
2899 4466 3187 4544 ornavit,
3264 4468 3379 4545 qui
3434 4484 3600 4545 pens

432 4567 640 4628 libras
682 4568 893 4645 mille,
939 4569 1004 4628 et
1057 4570 1213 4631 ante
1270 4565 1491 4645 ipsum
1540 4565 1761 4627 locum
1801 4565 1873 4625 in
1931 4568 2166 4644 crypta
2202 4566 2424 4646 posuit
2481 4564 2825 4625 lucernam
2877 4579 2960 4624 ex
3018 4580 3181 4625 auro
3240 4563 3599 4641 purissimo

437 4662 751 4726 nixorum
810 4663 836 4702 ¹³
883 4662 1129 4741 decem,
1200 4666 1597 4744 pensantem
1652 4660 1769 4722 lib.
1828 4660 2166 4740 triginta;
2215 4679 2526 4724 coronam
2606 4664 3000 4736 argenteam
3055 4677 3208 4722 cum
3265 4659 3604 4741 delphinis

434 4761 959 4842 quinquaginta,
1015 4764 1410 4838 pensantem
1449 4758 1564 4820 lib.
1615 4759 1945 4838 triginta;
1976 4759 2378 4822 candelabra
2406 4775 2578 4821 aerea
2607 4758 2738 4819 duo
2764 4759 2835 4819 in
2865 4757 3147 4838 pedibus
3177 4758 3395 4839 denis,
3442 4777 3605 4840 pen-

433 4859 658 4923 santia
701 4860 880 4937 sing.
930 4858 1082 4920 libr.
1125 4859 1474 4920 trecentas.
1527 4858 1698 4918 Ante
1754 4874 1991 4935 corpus
2049 4856 2226 4919 beati
2267 4856 2611 4919 Laurentii
2657 4856 2974 4937 martyris
3017 4862 3299 4935 argento
3340 4859 3599 4921 clusam

313 4960 394 5020 10
431 4957 809 5036 passionem
858 4955 1093 5035 ipsius,
1141 4953 1392 5032 sigillis
1429 4961 1734 5015 ornatam
1785 4972 1937 5016 cum
1966 4954 2256 5017 lucernis
2286 4953 2580 5035 byssinis
2611 4954 2972 5033 argenteis,
3019 4956 3377 5033 pensantes
3415 4956 3596 5035 sing.

433 5054 583 5116 libr.
638 5050 1041 5133 quindecim.
1090 5052 1357 5113 Donum
1402 5050 1575 5130 quod
1632 5049 1917 5111 obtulit:
1978 5055 2293 5130 patenam
2326 5067 2621 5128 auream,
2665 5054 3061 5130 pensantem
3103 5050 3253 5113 libr.
3299 5051 3593 5133 viginti;

429 5155 710 5231 patenas
753 5153 1110 5229 argenteas
1148 5148 1337 5223 duas,
1391 5150 1748 5227 pensantes
1770 5148 1950 5226 sing.
1982 5148 2133 5210 libr.
2190 5167 2355 5227 xxx;
2390 5149 2721 5229 scyphum
2749 5164 2833 5211 ex
2862 5166 3024 5211 auro
3055 5148 3415 5228 purissimo
3443 5166 3599 5232 pen-
3670 5236 3675 5245 η

1319 5397 1598 5442 ΝΟΤΠῙΛΕ
1664 5397 2085 5443 MARGINALES
2128 5398 2473 5441 FABRO'I‘TI.

256 5633 282 5659 ι
343 5610 487 5671 Vide
555 5610 753 5662 Baron.
833 5606 932 5658 loc.
1009 5606 1101 5659 cit.
1160 5605 1187 5647 b
1236 5608 1613 5661 Lorentum.c
1665 5608 1824 5664 Vide.
1890 5610 2091 5663 Baron.
2169 5607 2267 5660 loc.
2353 5606 2503 5662 cit.d
2559 5607 2917 5677 lychnorum.
2976 5615 3000 5643 θ
3065 5607 3127 5677 C,
3182 5620 3405 5679 agrum.
3457 5606 3476 5652 1
3529 5606 3591 5677 C,

155 5703 454 5767 Casulas.
486 5709 513 5747 ε
548 5696 684 5752 Vide
707 5695 911 5749 Baron.
944 5693 1042 5747 loc.
1083 5695 1172 5748 cit.
1208 5691 1234 5729 ιι
1264 5695 1324 5763 Β,
1358 5694 1716 5763 lychnorum.
