4072 6176
465 313 607 372 4523
1688 309 2045 365 ANASTASII

2259 306 2626 364 OTHECARII
2717 355 2730 368 .
3742 297 3865 356 4524

701 440 963 502 santem
1004 437 1156 500 libr.
1199 455 1289 498 xv
1321 458 1335 516 ;
1371 435 1655 516 scyphos
1683 438 2034 514 argenteos
2065 434 2233 496 duos
2271 436 2629 512 pensantes
2671 435 2850 512 sing.
2887 429 3040 492 libr.
3083 430 3340 506 decem;
3377 426 3626 490 calices
3662 425 3863 486 mini-

701 537 1001 600 steriales
1026 539 1379 614 argenteos
1408 533 1657 611 decem,
1699 536 2057 612 pensantes
2085 532 2264 610 sing.
2302 532 2507 594 libras
2535 533 2788 610 viginti
2816 552 2828 608 ;
2873 547 3064 594 amas
3095 530 3448 606 argenteas
3478 525 3686 600 duas,
3723 540 3866 601 pen-

589 637 662 698 15
705 637 931 697 santes
979 633 1186 695 libras
1230 651 1302 709 x;
1351 633 1566 711 phara
1616 634 1937 710 argentea
1981 631 2269 708 triginta
2297 631 2650 709 pensentia
2678 631 2960 708 singula
3002 627 3153 690 libr.
3202 644 3290 686 xv
3327 647 3342 701 ;
3393 625 3764 685 metretum
3796 639 3866 680 ex

710 749 873 794 auro
914 746 1205 810 pensans
1271 730 1477 792 libras
1533 733 1800 790 centum
1850 728 2373 808 quinquaginta,
2413 730 2788 810 portantem
2846 726 3232 790 medemnas
3296 725 3450 784 tres.
3509 724 3589 783 In
3649 718 3866 780 eodem

710 831 850 891 loco
920 829 1324 907 possession.
1382 827 1735 906 cujusdam
1787 827 2151 907 Cyriacetis
2227 827 2560 904 religiosae
2622 826 2915 900 feminae,
2976 842 3184 906 quam
3240 823 3441 884 ﬁscus
3497 835 3869 897 occupave-

709 929 813 988 rat
865 929 1159 1004 tempore
1200 925 1696 1007 persecutionis.
1767 929 2108 988 Veranum
2171 924 2458 987 fundum
2523 927 2836 1003 priestan.
2921 923 3166 986 solidos
3239 923 3510 985 centum
3585 915 3867 1000 quadra-

709 1024 942 1102 ginta;
987 1023 1383 1102 possession.
1429 1029 1623 1103 Aqua
1669 1025 1870 1085 Turia
1909 1023 1993 1084 ad
2019 1025 2196 1084 latus
2226 1027 2538 1102 przestan.
2565 1022 2810 1092 solidos
2842 1027 3112 1085 centum
3168 1018 3683 1101 quinquaginta
3709 1019 3863 1075 tres:

591 1123 672 1183 20
712 1121 1110 1202 possession.
1181 1122 1498 1199 Augusti,
1561 1123 1893 1184 territorio
1957 1121 2331 1199 Sabinensi,
2407 1125 2721 1201 prsestan.
2796 1121 3066 1183 nomine
3131 1116 3672 1180 Christianorum
3729 1111 3868 1173 soli-

713 1218 831 1281 dos
875 1236 1044 1292 cxx;
1091 1219 1382 1298 posessio
1428 1219 1893 1282 Sufuratarum
1939 1224 2253 1298 praestan.
2312 1219 2557 1280 solidos
2602 1219 2961 1298 sexaginta
3009 1232 3127 1278 sex
3159 1235 3174 1289 ;
3203 1213 3605 1294 possession.
3687 1209 3870 1271 Mici-

713 1334 836 1377 nas
874 1317 1186 1395 Augusti,
1231 1320 1550 1396 praestan.
1607 1317 1852 1380 solidos
1898 1321 2168 1379 centum
2221 1318 2769 1398 quinquaginta;
2821 1315 3218 1397 possession.
3268 1311 3672 1372 Thermulas
3721 1325 3868 1387 pm-

714 1415 917 1475 stant.
953 1414 1196 1476 solidos
1244 1415 1602 1492 sexaginta
1632 1438 1645 1494 ;
1681 1416 2073 1496 possession.
2107 1419 2390 1491 Aranas,
2425 1416 2768 1493 praestant.
2798 1413 3044 1476 solidos
3082 1410 3521 1491 septuaginta
3553 1430 3568 1486 ;
3615 1422 3870 1487 posses-

715 1512 881 1574 sion.
953 1512 1306 1592 Septimiti,
1339 1517 1681 1592 praestant.
1716 1513 1960 1575 solidos
1989 1516 2258 1575 centum
2288 1513 2596 1591 triginta.

795 1611 908 1671 44
933 1620 962 1650 α
998 1610 1264 1673 Eisdem
1301 1610 1710 1689 temporibus
1747 1615 2097 1690 Augustus
2138 1610 2621 1673 Constantinus
2657 1610 2827 1691 fecit
2858 1609 3210 1674 basilicam
3246 1604 3661 1669 beatissimis
3703 1619 3876 1664 mar—

714 1706 980 1787 tyribus
1022 1708 1432 1772 Marcellino
1474 1709 1871 1790 presbytero
1931 1715 1997 1774 et
2046 1713 2251 1773 Petro
2300 1709 2642 1772 eaareista
2696 1710 2870 1772 inter
2931 1711 3115 1771 Duas
3168 1710 3440 1783 Lauros,
3502 1708 3565 1766 et
3602 1719 3869 1764 manso-

718 1805 919 1884 leum,
954 1805 1069 1868 ubi
1100 1807 1491 1870 beatissima
1519 1812 1732 1870 mater
1769 1809 1983 1887 ipsius
2011 1809 2275 1888 sepulta
2321 1813 2429 1871 est
2450 1810 2711 1871 Helena
2766 1810 3098 1887 Augusta,
3151 1809 3222 1870 in
3264 1803 3686 1884 sarcophago
3731 1816 3869 1878 por-

717 1903 1080 1984 phyretico,
1116 1904 1230 1966 via
1275 1907 1633 1985 Lavicana,
1682 1907 1998 1969 milliario
2041 1907 2125 1968 ab
2167 1906 2334 1969 urbe
2375 1909 2582 1969 Roma
2631 1906 2846 1967 tertio.
2903 1909 2981 1968 In
3022 1923 3153 1986 quo
3191 1906 3329 1966 loco
3369 1907 3437 1964 et
3468 1917 3590 1980 pro
3665 1912 3870 1960 amore

637 2003 677 2064 5
714 2003 952 2064 matris
1000 2021 1137 2066 suae
1191 2007 1257 2068 et
1305 2007 1730 2081 veneratione
1781 2008 2164 2070 sanctorum
2215 2005 2439 2087 posuit
2506 2005 2681 2068 dona
2741 2006 2882 2068 voti
2947 2005 3053 2067 sui
3113 2027 3125 2066 :
3197 2006 3512 2085 patenam
3579 2015 3666 2062 ex
3728 2013 3871 2059 auro

717 2101 1098 2181 purissimo,
1149 2107 1544 2183 pensantem
1594 2103 1801 2166 libras
1857 2105 2146 2184 triginta
2207 2105 2542 2186 quinque;
2623 2103 3024 2166 candelabra
3098 2105 3422 2180 argentea
3481 2115 3650 2159 auro
3707 2095 3874 2157 clusa

721 2202 1008 2280 quatuor
1053 2199 1124 2260 in
1160 2201 1439 2280 pedibus
1471 2222 1584 2282 xn,
1639 2203 1996 2285 pensantia
2041 2203 2321 2282 singula
2358 2203 2566 2265 libras
2603 2203 2969 2280 ducentas;
3017 2217 3326 2264 coronam
3393 2215 3475 2258 ex
3535 2213 3703 2257 auro
3757 2210 3875 2272 pu-

718 2297 1006 2378 rissimo,
1065 2317 1213 2379 quae
1263 2304 1364 2362 est
1417 2302 1670 2383 pharus
1722 2302 2086 2365 cantharus
2138 2320 2290 2365 cum
2333 2301 2670 2382 delphinis
2722 2306 2993 2364 centum
3049 2301 3113 2360 et
3161 2297 3436 2375 viginti,
3492 2296 3876 2373 pensantem

725 2394 934 2458 libras
959 2414 1101 2458 xxx
1133 2419 1146 2476 ;
1183 2399 1424 2461 calices
1444 2418 1679 2462 aureos
1716 2403 1874 2480 tres,
1924 2403 2282 2480 pensantes
2326 2400 2589 2478 singuli
2617 2398 2826 2461 libras
2876 2398 3100 2462 decem
3149 2413 3302 2459 cum
3343 2393 3639 2472 gemmis
3674 2388 3876 2469 prasi-

607 2494 682 2554 10
720 2493 828 2553 nis
875 2494 941 2555 et
995 2495 1506 2577 hyacinthinis;
1569 2516 1756 2561 amas
1814 2514 2053 2560 aureas
2109 2498 2301 2575 duas,
2360 2499 2721 2575 pensantes
2765 2497 3078 2574 singulas
3114 2494 3322 2555 libras
3377 2510 3493 2568 x1;
3544 2491 3760 2551 altare
3803 2503 3874 2548 ex

726 2593 1005 2669 argento
1063 2592 1444 2674 purissimo,
1500 2612 1792 2674 pensans
1857 2595 2065 2657 libras
2115 2612 2216 2659 cc.
2275 2599 2448 2658 Ante
2503 2597 2881 2677 sepulcrum
2955 2594 3165 2655 beatae
3231 2592 3500 2653 Helenae
3565 2589 3875 2663 Augusta:

726 2685 882 2749 fecit
944 2707 1028 2750 ex
1076 2692 1344 2752 metallo
1398 2694 1859 2774 porphyretico
1908 2709 1993 2756 ex
2043 2694 2323 2775 sculptis
2379 2693 2650 2772 sigillis,
2713 2692 3255 2773 pharacanthara
3307 2687 3558 2767 viginti
3629 2701 3714 2747 ex
3779 2700 3878 2744 ar—

726 2788 931 2863 gento
977 2788 1358 2866 purissimo,
1407 2805 1687 2868 pensan.
1749 2791 2025 2870 singula
2076 2792 2284 2854 libras
2343 2792 2613 2871 viginti.
2662 2795 2827 2855 Item
2878 2791 2951 2853 in
3001 2790 3282 2852 basilica
3333 2789 3721 2848 sanctorum
3767 2783 3877 2842 Pe-

725 2882 813 2943 tri
865 2883 932 2944 et
995 2884 1370 2948 Marcellini
1439 2886 1692 2949 donum
1763 2888 1939 2968 quod
2011 2889 2192 2952 dedit
2273 2892 2408 2952 tale
2453 2893 2600 2951 est:
2677 2890 2890 2951 altare
2973 2890 3370 2967 argenteum
3422 2882 3872 2964 purissimum,

610 2980 684 3042 15
721 2995 1013 3060 pensans
1057 2980 1265 3044 libras
1299 2983 1660 3064 ducentas;
1707 2989 1988 3065 patenas
2035 3005 2274 3050 aureas
2316 2988 2717 3067 purissimas
2754 2987 2946 3064 duas,
3018 2987 3376 3066 pensantes
3422 2981 3636 3044 libras
3686 2979 3875 3066 quin-

725 3079 983 3160 decim;
1035 3084 1315 3160 patenas
1363 3088 1718 3162 argenteas
1769 3085 1959 3164 duas,
2015 3090 2374 3167 pensantes
2429 3087 2743 3164 singulas
2791 3086 2999 3148 libras
3049 3103 3184 3163 xv;
3238 3083 3568 3164 scyphum
3615 3093 3874 3140 aureum

726 3177 1067 3256 majorem,
1126 3184 1524 3258 pensantem
1605 3183 1815 3246 libras
1878 3185 2151 3264 viginti,
2222 3185 2340 3247 ubi
2411 3201 2654 3247 nomen
2723 3186 3050 3263 Augustae
3117 3182 3553 3260 designatur;
3606 3175 3875 3256 scyphos

727 3279 1083 3354 argenteos
1134 3277 1454 3360 quinque,
1505 3286 1863 3360 pensantes
1916 3283 2172 3362 singuli
2235 3282 2444 3344 libras
2499 3301 2630 3361 xu;
2689 3283 2926 3344 calices
2991 3280 3470 3343 ministeriales
3535 3279 3874 3353 argenteos

723 3373 1000 3452 viginti,
1049 3380 1407 3454 pensantes
1441 3379 1700 3457 singuli
1751 3380 1957 3442 libras
2005 3385 2180 3453 tres;
2239 3399 2426 3443 amas
2479 3384 2837 3457 argenteas
2868 3381 3178 3459 quatuor,
3222 3379 3583 3456 pensantes
3632 3369 3872 3449 singul.

620 3472 700 3536 20
737 3470 946 3533 libras
1002 3490 1132 3550 xv;
1209 3474 1408 3535 annis
1485 3475 1776 3554 singulis
1848 3478 1976 3538 olei
2025 3477 2219 3538 nardi
2277 3476 2497 3558 pistici
2546 3476 2755 3538 libras
2812 3476 3290 3554 noningentas,
3337 3472 3625 3534 balsami
3684 3469 3874 3530 libras

725 3571 1016 3646 centum,
1072 3573 1374 3633 aromata
1422 3572 1772 3635 incensum
1838 3577 1994 3637 ante
2069 3591 2338 3653 corpora
2428 3577 2811 3636 sanctorum
2871 3573 3242 3636 Marcellini
3303 3575 3368 3632 et
3431 3570 3606 3631 Petri
3683 3567 3875 3629 libras

728 3668 1018 3728 centum.
1092 3667 1404 3730 Fundum
1472 3670 1905 3733 Laurentium
1970 3671 2169 3750 juxta
2210 3671 2492 3734 formam
2534 3670 2562 3712 δ
2629 3688 2782 3733 cum
2851 3669 3111 3745 balneo,
3176 3672 3242 3731 et
3326 3684 3592 3730 omnem
3649 3680 3875 3743 agrum

731 3781 773 3826 a
836 3765 1026 3844 porta
1085 3765 1504 3828 Foforritana
1553 3779 1578 3809 ο
1637 3771 1751 3829 via
1804 3769 2152 3830 itineraria
2205 3785 2418 3850 usque
2477 3769 2561 3830 ad
2631 3769 2816 3830 viam
2882 3767 3214 3845 Latinam,
3285 3765 3373 3828 ad
3425 3766 3718 3826 montem
3764 3761 3876 3823 Al—

730 3860 919 3922 bium
963 3862 1015 3922 d.
1059 3865 1205 3942 Ipse
1276 3881 1467 3926 mons
1549 3865 1833 3927 Galbius
1905 3867 2230 3947 possessio
2298 3870 2623 3944 Augustae
2694 3867 2964 3928 Helenae
3028 3867 3354 3946 praestans
3413 3862 3658 3924 solidos
3706 3859 3877 3921 mille

500 4030 502 4032 _
610 3957 690 4022 25
731 3964 1000 4020 centum
1056 3963 1122 4021 et
1183 3961 1456 4039 viginti.
1524 3963 1825 4025 Insulam
1891 3964 2271 4026 Sardiniam
2331 3982 2483 4026 cum
2544 3963 3096 4045 possessionibus,
3165 3961 3476 4024 omnibus
3549 3959 3636 4021 ad
3701 3974 3876 4019 eam—

734 4054 887 4118 dem
938 4057 1449 4138 pertinentibus,
1514 4064 1942 4138 praestantem
2008 4062 2252 4124 solidos
2313 4062 2498 4124 mille
2554 4066 2620 4124 et
2684 4062 2936 4140 viginti
3005 4061 3338 4141 quatuor;
3399 4057 3696 4119 insulam
3743 4056 3878 4115 Mo—

735 4168 974 4215 senum
1025 4173 1178 4217 cum
1224 4157 1752 4235 possessionibus
1802 4159 1884 4221 ad
1945 4159 2248 4222 eamdem
2295 4159 2810 4240 pertinentibus,
2854 4161 3166 4239 praestan.
3213 4156 3456 4218 solidos
3531 4154 3877 4230 octingen—

735 4253 838 4310 tos
909 4253 977 4312 et
1029 4251 1300 4331 decem;
1359 4254 1653 4316 insulam
1731 4256 1983 4318 Attitiae
2052 4261 2117 4319 et
2196 4261 2489 4321 montem
2562 4257 2949 4334 Argentarii
3019 4267 3045 4297 θ
3135 4257 3568 4336 praestantem
3649 4248 3877 4310 solidos

736 4350 1099 4410 sexcentos.
1163 4352 1494 4413 Possessio
1546 4353 1616 4413 in
1674 4354 1998 4417 territorio
2041 4355 2416 4435 Sabinensi,
2473 4373 2623 4436 quae
2679 4355 3197 4433 cognominatur
3265 4351 3351 4415 ad
3422 4354 3606 4414 Duas
3660 4350 3869 4418 Casas,

618 4450 695 4509 30
731 4445 858 4509 sub
894 4448 1119 4509 monte
1149 4447 1474 4526 Lucretio,
1516 4454 1843 4528 praestans
1875 4453 2120 4515 solidos
2152 4453 2493 4516 ducentos.

814 4546 926 4608 45
1015 4545 1039 4588 τ
1061 4545 1306 4609 Eodem
1359 4549 1651 4627 tempore
1699 4549 1856 4612 fecit
1880 4551 2078 4613 basili
2098 4569 2229 4613 1am
2275 4553 2754 4614 Constantinus
2805 4567 2888 4613 ex
2941 4550 3378 4629 suggestione
3455 4547 3761 4610 Silvestri
3815 4545 3872 4605 in

733 4644 1006 4707 civitate
1075 4645 1404 4722 'Ostiensi,
1477 4646 1681 4726 juxta
1768 4653 2032 4729 portum
2099 4650 2284 4712 urbis
2372 4654 2615 4726 Romaa,
2685 4649 3032 4712 beatorum
3105 4648 3555 4727 apostolorum
3624 4643 3796 4707 Petri
3821 4644 3874 4702 et

734 4741 949 4820 Pauli,
992 4745 1058 4805 et
1101 4743 1314 4805 sancti
1375 4745 1657 4806 Joannis
1712 4748 2051 4826 Baptistae,
2113 4747 2228 4809 ubi
2293 4751 2362 4810 et
2412 4748 2664 4810 donum
2715 4747 3006 4808 obtulit:
3076 4750 3391 4825 patenam
3464 4745 3865 4821 argenteam.

735 4840 1126 4918 pensantem
1177 4839 1384 4901 libras
1448 4840 1770 4920 triginta;
1848 4844 2087 4907 calices
2149 4848 2502 4922 argenteos
2567 4843 2814 4921 decem,
2870 4845 3229 4921 pensantes
3279 4839 3486 4901 libras
3552 4839 3868 4918 quinque:

654 4937 694 4997 5
733 4953 919 4997 amas
975 4941 1330 5013 argenteas
1375 4937 1565 5016 duas,
1634 4944 1990 5017 pensantes
2036 4941 2347 5019 singulas
2385 4941 2592 5003 libras
2620 4941 2889 5018 decem;
2954 4939 3167 5020 phara
3206 4941 3529 5016 argentea
3581 4935 3868 5014 triginta.

736 5049 1014 5115 pensan.
1071 5035 1349 5112 singula
1397 5035 1602 5098 libras
1657 5039 2002 5119 quinque;
2063 5039 2348 5120 scyphos
2418 5043 2772 5118 argenteos
2836 5039 3025 5116 duos,
3085 5039 3444 5118 pensantes
3499 5034 3762 5112 singuli
3798 5029 3871 5091 li—

736 5133 893 5195 bras
957 5149 1239 5211 novem;
1324 5138 1641 5212 patenam
1714 5140 2106 5214 argenteam
2185 5138 2610 5200 chrismalem
2684 5136 3124 5216 singularem,
3235 5137 3634 5214 pensantem
3687 5130 3868 5193 libras

737 5229 1000 5309 decem;
1058 5231 1307 5310 pelvim
1352 5247 1436 5294 ex
1496 5237 1776 5312 argento
1858 5234 1944 5296 ad
1987 5233 2419 5314 baptismum,
2476 5237 2870 5314 pensantem
2925 5234 3134 5296 libras
3189 5233 3438 5312 viginti
3484 5255 3498 5310 ;
3572 5229 3866 5292 insulam:

1617 5439 1899 5484 NOTUL/E
1950 5437 2368 5483 MARGINALES
2418 5438 2749 5482 FABROT'I‘I
2759 5469 2772 5481 .

563 5616 597 5658 a
658 5606 795 5660 Vide
835 5609 1036 5663 Baron.
1074 5609 1174 5664 loc.
1216 5612 1289 5664 cit
1337 5607 1367 5649 ι)
1412 5610 1472 5681 C,
1522 5611 1804 5667 Formiam
1875 5621 1899 5650 ο
1976 5623 2173 5666 omnes
2225 5623 2388 5680 agros
2419 5623 2450 5665 a
2484 5615 2646 5678 porta
2685 5607 3044 5662 Sessoriana.
3077 5608 3102 5647 ά
3159 5610 3216 5660 et
3279 5615 3467 5674 usque
3523 5600 3596 5655 ad
3655 5600 3872 5653 montem

490 5689 788 5746 Galbium.
814 5701 838 5729 ο
867 5709 998 5751 cum
1037 5705 1224 5754 monte
1243 5699 1602 5769 Argentario.
1636 5703 1655 5742 ί
1681 5700 1820 5755 Vide
1842 5701 2044 5755 Baron.
2074 5700 2171 5754 loc.
2201 5701 2294 5754 cit.
