4072 6176
201 312 354 370 4525
1038 309 1358 367 HISTORIA
1392 312 1480 366 DE
1521 308 1693 365 vms
1734 308 1902 365 ROM.
1945 307 2143 364 rom.
2181 338 2255 349 —
2290 309 2346 362 s.
2387 292 2775 364 SILVES’I‘ER.
3470 308 3611 366 4526

453 454 602 517 qua
683 435 924 498 dicitur
974 434 1157 496 Assis
1233 434 1303 495 in
1360 433 1687 497 territorio
1755 434 2103 495 Portuensi
2155 437 2220 495 et
2298 433 2515 496 Ostias
2573 436 3071 513 llpossessiones
3149 453 3379 500 omnes
3450 453 3593 499 ma-

333 539 406 599 10
446 536 706 598 ritimas
736 553 946 616 usque
994 533 1078 596 ad
1108 533 1403 612 digitum
1459 533 1639 607 solis,
1694 536 2124 611 prastantem
2180 530 2421 593 solidos
2461 536 2833 605 trecentos;
2887 536 3372 613 possessionem
3414 535 3611 597 Gra—

461 651 687 696 corum
742 633 813 694 in
864 633 1192 694 territorio
1242 630 1621 708 Ardeatino,
1700 635 2128 708 prastantem
2182 629 2426 691 solidos
2508 630 2933 709 octuaginta;
2991 634 3317 711 possessio
3369 632 3612 707 Quiriti

450 732 779 794 territorio
843 730 1152 808 Ostiensi,
1208 732 1534 809 prastans
1612 728 1857 789 solidos
1913 732 2238 790 trecentos
2295 730 2359 789 et
2416 727 2770 797 undecim;
2822 729 3149 809 possessio
3218 731 3610 792 Balneolum

450 829 781 891 territorio
846 828 1155 905 Ostiensi,
1217 829 1539 907 prastans
1590 825 1836 887 solidos
1888 825 2344 905 quadraginta
2394 823 2601 898 duos;
2654 828 2979 904 possessio
3036 827 3367 903 Nunsula,
3434 845 3612 908 pra-

452 930 640 988 stans
714 925 958 988 solidos
1032 925 1341 1001 triginta.
1424 925 1586 1002 Item
1638 924 1815 1003 quod
1888 921 2129 983 obtulit
2196 924 2587 986 Gallicanus
2644 923 2938 985 basilica
3010 925 3613 1003 suprascriptorum

337 1027 409 1086 15
450 1030 831 1087 sanctorum
884 1023 1059 1085 Petri
1110 1024 1175 1084 et
1228 1021 1444 1099 Pauli,
1496 1025 1561 1083 et
1615 1020 1897 1083 Joannis
1953 1020 2295 1101 Baptista,
2353 1019 2421 1082 id
2476 1022 2600 1097 est,
2658 1037 2969 1083 coronam
3017 1026 3410 1100 argenteam
3459 1039 3615 1085 cum

451 1121 807 1201 delphinis,
864 1123 1258 1200 pensantem
1309 1118 1516 1180 libras
1542 1117 1840 1196 viginti;
1893 1118 2167 1180 calicem
2225 1120 2623 1195 argenteum
2661 1120 3156 1199 anaglyphum,
3217 1125 3612 1198 pensantem

452 1218 657 1279 libras
706 1216 1130 1297 quindecim:
1188 1233 1410 1278 amam
1463 1219 1877 1293 argenteam,
1930 1219 2326 1292 pensantem
2377 1215 2587 1279 libras
2637 1235 2837 1289 xvm;
2893 1234 3189 1279 massam
3237 1217 3615 1281 Millianam

451 1314 779 1377 territorio
869 1313 1241 1390 Sabinensi,
1304 1315 1734 1393 prastantem
1812 1311 2053 1373 solidos
2112 1316 2381 1375 centum
2458 1315 2523 1375 et
2578 1313 2959 1395 quindecim
3000 1316 3066 1376 et
3121 1314 3486 1377 trimisium
3539 1315 3614 1400 d;

455 1414 743 1476 fundum
824 1414 1118 1493 picturas
1175 1411 1505 1474 territorio
1597 1410 1986 1488 Velliterno,
2064 1414 2496 1488 prastantem
2577 1412 2822 1474 solidos
2902 1412 3360 1492 quadraginta
3439 1417 3614 1489 tres;

328 1513 409 1575 20
453 1511 738 1573 fundum
821 1513 1137 1572 Surorum
1216 1509 1330 1569 via
1404 1507 1687 1570 Claudia
1748 1506 2079 1569 territorio
2137 1510 2557 1587 Vegentano,
2632 1512 3060 1587 prastantem
3116 1510 3363 1573 solidos
3409 1512 3619 1591 quin-

455 1610 789 1687 quaginta
840 1627 995 1683 sex;
1037 1625 1331 1669 massam
1393 1605 1865 1684 Gargilianam
1910 1605 2241 1667 territorio
2290 1607 2636 1685 Suessano,
2687 1609 3121 1685 prastantem
3168 1608 3413 1672 solidos
3461 1626 3619 1672 sex-

454 1712 676 1769 centos
716 1707 1221 1788 quinquaginta
1252 1706 1575 1786 quinque.

532 1806 644 1867 46
694 1821 718 1849 ο
749 1805 991 1868 Eodem
1054 1808 1355 1883 tempore
1410 1802 1567 1866 fecit
1622 1801 1973 1864 basilicam
2028 1804 2376 1879 Augustus
2429 1804 2909 1867 Constantinus
2956 1805 3029 1867 in
3097 1805 3370 1869 civitate
3409 1805 3623 1869 Alba—

452 1903 669 1979 nensi,
739 1902 1048 1966 videlicet
1126 1903 1341 1965 sancti
1395 1900 1686 1963 Joannis
1751 1899 2094 1978 Baptista,
2176 1899 2291 1961 ubi
2347 1903 2416 1962 et
2460 1903 2684 1981 posuit
2739 1902 2993 1965 donum
3075 1903 3231 1967 hoc:
3299 1906 3618 1984 patenam

455 2005 866 2080 argenteam,
900 2006 1293 2082 pensantem
1322 2000 1529 2062 libras
1550 2016 1734 2061 xxx:
1760 1998 2088 2079 scyphum
2120 2002 2518 2076 argenteum
2541 2001 2963 2076 deauratum,
2996 2004 3391 2080 pensantem
3410 2000 3618 2065 libras

452 2098 841 2172 duodecim;
891 2100 1127 2162 calices
1170 2097 1651 2161 ministeriales
1707 2097 1958 2172 decem,
2015 2101 2379 2174 pensantes
2424 2097 2602 2176 sing.
2640 2098 2847 2161 libras
2891 2102 3065 2175 tres;
3124 2116 3311 2159 amas
3377 2117 3619 2179 argen-

372 2199 411 2259 5
456 2199 599 2257 teas
629 2195 817 2275 duas,
851 2200 1206 2278 pensantes
1237 2196 1418 2275 sing.
1456 2196 1663 2258 libras
1690 2195 1941 2274 viginti
1973 2218 1987 2273 ;
2023 2201 2349 2279 possessio
2379 2201 2603 2262 lacum
2630 2201 2837 2263 Turni
2868 2200 2896 2243 ἀ
2925 2249 2940 2280 ,
2973 2219 3128 2263 cum
3154 2200 3618 2281 adjacentibus

452 2296 957 2375 campestribus,
1031 2299 1357 2376 prastans
1422 2296 1667 2358 solidos
1738 2296 2237 2377 quadraginta;
2293 2298 2619 2376 possessio
2681 2299 2914 2377 Molas,
2986 2302 3313 2379 prastans
3368 2298 3614 2361 solidos

454 2394 990 2477 quinquaginta;
1044 2395 1370 2472 possessio
1448 2393 1877 2473 Albanensis,
1939 2414 2092 2457 cum
2149 2396 2298 2456 lacu
2352 2393 2739 2474 Albanensi,
2792 2399 3118 2475 prastans
3175 2394 3422 2457 solidos
3479 2396 3619 2459 du-

452 2495 675 2555 centos
737 2494 801 2554 et
859 2491 1397 2572 quinquaginta;
1449 2509 1744 2554 massam
1796 2493 1994 2569 Muci,
2050 2496 2476 2572 prastantem
2542 2493 2785 2556 solidos
2841 2497 3109 2558 centum
3157 2494 3615 2575 septuaginta.

456 2591 693 2652 Omnia
738 2605 1011 2653 sceneca
1076 2590 1333 2653 deserta
1388 2591 1495 2652 vel
1537 2590 1763 2653 domos
1820 2590 1996 2651 intra
2052 2590 2283 2652 urbem
2355 2590 2723 2653 Albanensi
2808 2596 3056 2655 sancta
3115 2593 3424 2655 Ecclesia
3490 2592 3618 2655 do-

340 2690 414 2749 10
452 2705 615 2748 num
672 2688 912 2749 obtulit
956 2691 1304 2767 Augustus
1352 2688 1929 2750 Constantiniana
1983 2702 2059 2763 0;
2120 2689 2567 2769 possessiones
2627 2691 2840 2769 Horti,
2914 2693 3309 2770 prastantes
3378 2690 3623 2753 solidos

455 2785 749 2864 viginti;
802 2788 1127 2866 possessio
1185 2785 1430 2848 Tiberii
1485 2785 1787 2863 Casaris,
1851 2788 2179 2864 prastans
2236 2785 2480 2847 solidos
2534 2787 2973 2866 octuaginta;
3036 2787 3363 2869 possessio
3409 2788 3624 2850 Mari-

452 2887 671 2957 tanas,
719 2892 1043 2963 prastans
1073 2882 1316 2944 solidos
1364 2883 1907 2964 quinquaginta;
1944 2900 2241 2946 massam
2281 2886 2551 2962 Nemus,
2607 2889 3036 2964 prastantem
3080 2885 3324 2949 solidos
3365 2886 3625 2951 ducen-

455 2986 557 3045 tos
630 2986 695 3045 et
751 2982 1177 3061 octuaginta;
1245 2982 1572 3063 possessio
1660 2980 2036 3043 Armatiani
2094 2981 2163 3043 in
2222 2982 2548 3043 territorio
2623 2984 2907 3061 Carano,
2986 2987 3312 3061 prastans
3378 2983 3624 3046 solidos

455 3085 721 3146 centum
764 3084 827 3143 et
866 3080 1410 3162 quinquaginta;
1476 3081 1958 3158 possessionem
2004 3079 2457 3157 Statilianam,
2488 3082 2830 3157 prastant.
2864 3080 3111 3142 solidos
3137 3080 3615 3161 septuaginta;

340 3180 414 3240 15
456 3179 939 3258 possessionem
978 3178 1324 3250 Mediana,
1366 3178 1709 3257 prastant.
1746 3175 1993 3237 solidos
2029 3175 2339 3252 triginta.

535 3278 643 3338 47
681 3275 705 3317 f
734 3276 982 3339 Eodem
1030 3279 1323 3353 tempore
1375 3274 1528 3337 fecit
1575 3272 2004 3335 beatissimus
2060 3271 2538 3334 Constantinus
2580 3276 2929 3351 Augustus
2978 3273 3160 3336 intra
3213 3273 3447 3337 urbem
3492 3276 3627 3337 Ca-
3722 3302 3727 3307 ·

456 3392 659 3453 puam
727 3373 1079 3436 basilicam
1158 3373 1630 3451 apostolorum,
1706 3388 1909 3451 quam
1985 3369 2488 3447 cognominavit
2565 3372 3220 3451 Constantinianam,
3298 3372 3414 3435 ubi
3493 3391 3622 3455 po—

456 3474 592 3535 suit
646 3470 823 3533 dona
850 3473 1029 3533 hac:
1076 3475 1354 3550 patenas
1403 3471 1761 3547 argenteas
1819 3469 2011 3545 duas,
2046 3485 2331 3548 pensan.
2401 3468 2714 3547 singulas
2766 3469 2975 3532 libras
3005 3470 3302 3549 viginti;
3338 3471 3624 3552 scyphos

458 3573 810 3646 argenteos
866 3574 1019 3646 tres,
1090 3569 1449 3647 pensantes
1516 3566 1705 3643 sing.
1768 3565 1978 3629 libras
2031 3584 2183 3644 vm;
2246 3566 2485 3629 calices
2540 3567 3016 3630 ministeriales
3086 3586 3203 3630 xv.
3262 3572 3623 3648 pensantes

376 3669 415 3728 5
457 3666 765 3745 singulos
805 3666 1011 3728 libras
1042 3666 1244 3745 duas;
1277 3682 1464 3726 amas
1496 3666 1856 3741 argenteas
1903 3663 2072 3726 duas
2098 3667 2456 3743 pensantes
2485 3665 2797 3743 singulas
2846 3665 3052 3729 libras
3091 3685 3173 3739 x;
3221 3665 3622 3731 candelabra

438 3782 609 3827 area
634 3766 702 3826 in
747 3763 1026 3843 pedibus
1054 3762 1242 3825 denis
1272 3762 1628 3842 pensantia
1658 3761 1937 3839 singula
1958 3761 2164 3823 libras
2191 3778 2461 3839 CLXXX;
2515 3762 3052 3841 pharacanthara
3080 3779 3163 3825 ex
3189 3766 3471 3842 argento
3494 3762 3625 3825 tri-

462 3864 681 3942 ginta.
717 3865 799 3924 Et
838 3863 1090 3924 donum
1116 3860 1291 3941 quod
1338 3859 1616 3921 obtulit:
1661 3858 2141 3938 possessionem
2177 3859 2246 3919 in
2284 3859 2613 3921 territorio
2645 3861 3029 3938 Menterno;
3069 3876 3365 3923 massam
3415 3860 3619 3922 Stati-

455 3963 733 4039 lianam,
813 3964 1244 4040 prastantem
1322 3956 1565 4019 solidos
1650 3959 1977 4019 trecentos
2052 3959 2117 4017 et
2170 3955 2597 4037 quindecim;
2674 3957 3157 4036 possessionem
3225 3961 3298 4021 in
3353 3958 3624 4022 territo-

462 4062 559 4124 rio
630 4062 972 4139 Cagetano
1020 4058 1503 4138 Sprastantem
1564 4053 1808 4116 solidos
1858 4055 2252 4133 octuaginta
2328 4054 2658 4134 quinque;
2726 4056 3210 4134 possessionem
3266 4058 3628 4119 Paternum

343 4159 419 4220 10
454 4158 784 4220 territorio
851 4159 1202 4223 Suessano.
1277 4155 1707 4234 prastantem
1784 4151 2029 4212 solidos
2088 4154 2358 4213 centum
2422 4152 2965 4232 quinquaginta;
3016 4154 3495 4232 possessionem
3543 4153 3630 4216 ad

464 4259 731 4318 centum
785 4254 1114 4317 territorio
1155 4254 1494 4330 Capuano,
1567 4252 1995 4328 prastantem
2067 4249 2311 4312 solidos
2373 4250 2765 4329 sexaginta;
2848 4250 3329 4329 possessionem
3388 4251 3459 4313 in
3510 4268 3631 4315 eo-

463 4353 611 4416 dem
654 4354 985 4416 territorio
1063 4354 1392 4415 Suessano
1450 4348 1921 4425 Gauronicam,
1979 4350 2406 4424 prastantem
2455 4346 2699 4410 solidos
2747 4346 3241 4428 quadraginta;
3275 4348 3634 4428 possessio-

464 4468 617 4514 nem
649 4452 884 4516 Leonis
914 4452 1344 4529 prastantem
1364 4445 1610 4508 solidos
1640 4444 2118 4527 quadraginta.

542 4551 655 4612 48
681 4551 712 4592 h
746 4549 990 4612 Eodem
1045 4550 1337 4624 tempore
1384 4544 1540 4607 fecit
1590 4542 1943 4606 basilicam
1985 4542 2413 4607 beatissimus
2470 4546 2954 4608 Constantinus
3005 4545 3356 4620 Augustus
3403 4543 3475 4607 in
3519 4562 3633 4606 ur-

463 4647 547 4710 be
573 4646 1038 4725 Neapolitana,
1072 4644 1181 4706 cui
1210 4643 1453 4705 obtulit
1500 4646 1565 4704 et
1602 4642 1779 4704 dona
1803 4642 1985 4703 hac:
2047 4647 2326 4721 patenas
2370 4643 2726 4719 argenteas
2776 4643 2969 4717 duas,
3001 4656 3280 4719 pensan.
3317 4640 3496 4720 sing.
3540 4640 3635 4704 1i-

462 4746 618 4808 bras
648 4743 896 4823 viginti
949 4742 1278 4824 quinque;
1333 4741 1618 4819 scyphos
1645 4743 1998 4815 argenteos
2044 4738 2232 4811 duos,
2279 4754 2559 4815 pensan.
2600 4738 2779 4815 sing.
2815 4738 3023 4800 libras
3062 4736 3327 4816 decem;
3388 4738 3627 4803 calices

466 4842 941 4904 ministeriales
993 4858 1109 4917 xv,
1166 4854 1441 4917 pensan.
1479 4838 1657 4915 sing.
1690 4835 1808 4899 lib.
1869 4837 2067 4905 duas;
2106 4854 2292 4898 amas
2349 4839 2706 4914 argenteas
2742 4853 2811 4913 11,
2873 4850 3149 4913 pensan.
3199 4834 3379 4914 sing.
3423 4835 3631 4898 libras

386 4943 425 5003 5
464 4938 890 5021 quindecim;
951 4937 1163 5017 phara
1192 4938 1516 5014 argentea
1569 4953 1693 5014 xx,
1724 4951 2000 5013 pensan.
2031 4935 2310 5015 singula
2357 4933 2563 4995 libras
2591 4936 2776 5012 octo;
2836 4933 3048 5012 phara
3098 4950 3268 4995 area
3294 4950 3420 5013 xx,
3463 4948 3633 5015 pen-

469 5057 614 5102 san.
664 5040 841 5119 sing.
900 5037 1106 5099 libras
1132 5034 1377 5100 decem.
1440 5034 1620 5097 Fecit
1669 5038 1896 5095 autem
1946 5035 2227 5097 formam
2280 5031 2715 5114 aquaductus
2754 5046 2870 5111 per
2906 5029 3227 5092 milliaria
3253 5034 3416 5093 octo.
3451 5029 3635 5094 Fecit

467 5155 622 5201 vero
678 5143 745 5201 et
801 5137 1017 5200 forum
1078 5136 1150 5197 in
1206 5136 1439 5199 eadem
1478 5132 1772 5210 civitate,
1832 5136 1898 5195 et
1951 5132 2201 5195 donum
2257 5131 2499 5193 obtulit
2550 5130 2710 5193 hoc:
2767 5128 3251 5209 possessionem
3301 5128 3624 5209 Machari,

469 5238 898 5317 prastantem
937 5234 1180 5297 solidos
1227 5238 1495 5299 centum
1552 5235 1618 5293 et
1670 5230 2216 5312 quinquaginta;
2274 5228 2756 5309 possessionem
2811 5231 2876 5290 et
2934 5226 3405 5309 Cymbranam,
3456 5242 3638 5307 pra-

1373 5445 1652 5489 NOTULIE
1693 5441 2112 5486 MARGINALES
2153 5440 2496 5484 FABRO'I‘TI.

297 5623 322 5651 ι
353 5610 411 5674 C,
446 5614 677 5680 quaest
730 5606 879 5660 inter
913 5606 1143 5661 Portum
1196 5609 1252 5660 et
1299 5602 1535 5659 Ostiam.
1642 5600 1672 5642 ι)
1718 5601 1774 5666 C,
1836 5599 2181 5655 tremissem.
2287 5608 2312 5637 ε
2370 5596 2511 5652 Vide
2553 5596 2757 5649 Baron.
2804 5594 2902 5648 loc.
2945 5596 3035 5648 cit.
3112 5594 3138 5633 ἀ
3166 5592 3222 5648 C.
3264 5592 3635 5649 Laurentina.

220 5712 250 5739 ο
290 5701 446 5755 Forte
472 5695 907 5754 Constantinus.
1018 5690 1037 5728 τ
1086 5693 1222 5749 Vide
1244 5693 1450 5747 Baron.
1486 5691 1589 5744 loc.
1644 5692 1735 5744 cit.
1831 5704 1858 5742 ε
1883 5688 1941 5755 0,
1972 5688 2268 5756 Gajetano,
2372 5681 2399 5719 ιι
2428 5683 2567 5740 Vide
2592 5684 2795 5737 Baron.
2832 5683 2933 5736 loc.
2959 5685 3052 5737 cit.
