4040 6184
266 262 405 321 4529

1089 263 1407 321 HISTORIA
1439 264 1529 319 DE
1566 263 1741 319 VlTlS
1778 261 1945 317 ROM.
1986 259 2183 317 PONT.
2226 291 2295 301 —
2330 262 2385 320 S.
2426 264 2814 321 SILVESTER.

3528 261 3666 321 4530

266 387 406 459 lices
446 392 745 459 argenteos
783 387 1194 444 ministeriaies
1222 386 1276 457 5,
1324 400 1559 459 pensan.
1606 388 1756 457 sing.
1794 385 1893 441 lib.
1931 385 2291 447 Acellentiae
2312 386 3450 459 haberesancimus.Cujusamplissimus
3472 394 3667 444 noster

261 457 297 513 2
321 478 332 514 ;
359 457 576 513 fundus
600 459 982 515 Percellianus
1010 462 1065 514 in
1091 457 1359 515 territoro
1388 458 1646 513 Sabiensi
1674 462 1901 527 praestat

264 529 483 597 solidos
506 528 604 597 50;
636 528 849 585 fundus
869 530 1240 586 Barbatianus
1289 531 1345 585 in
1375 530 1669 585 territorio
1694 530 1905 583 Feren-

264 602 347 655 sis
370 596 462 673 [A,
497 597 705 673 festis].
740 606 967 669 praestat
993 602 1211 673 solidos
1233 600 1302 673 66
1329 609 1384 656 et
1414 598 1902 673 tremissem,‘fun-

265 670 749 725 tus—Statianusin
795 672 1415 740 territorio'l‘ribulano
1433 678 1659 740 praestat
1686 670 1904 724 solidos

265 741 335 797 66
359 750 413 814 et
439 743 790 814 tremissem;
826 741 1039 797 fundus
1073 738 1163 814 [A,
1190 738 1519 814 Berucolas]
1555 741 1817 814 Beruelas
1846 740 1904 793 in

266 813 558 885 territorio
597 808 818 885 Corano
851 808 1092 879 praestat'
1119 812 1338 885 solidos
1386 810 1455 868 40
1496 808 1588 885 [Α,
1618 808 1732 885 70],
1766 809 1907 885 fun-

262 883 372 937 dus
405 883 761 956 §i|pi_tianus
795 884 851 956 i_n
897 883 1191 956 territorio
1220 884 1438 939 Corano
1482 881 1710 956 prtestai
1757 881 1908 936 soli-

263 956 367 1007 dos
403 950 775 1027 70,:fundusA
796 954 1060 1027 Tauriin
1093 956 1386 1009 territorio
1434 950 1712 1027 Végetano
1734 966 1907 1027 prae-

266 1030 380 1078 stat
434 1024 653 1079 solidos
711 1021 800 1092 42,
851 1024 1065 1080 fundus
1129 1026 1436 1080 Sentianus
1491 1021 1548 1081 in
1612 1022 1904 1079 territorio

262 1094 602 1149 Triburtino
661 1103 891 1163 praestat
946 1095 1114 1150 solid.
1169 1094 1259 1163 30,
1292 1095 1506 1152 fundus
1550 1097 1795 1165 Cejanus
1843 1095 1903 1146 in

264 1166 561 1220 territorio
611 1166 958 1221 Praenestino
1012 1173 1243 1235 praestat
1278 1167 1496 1223 solidos
1535 1165 1905 1235 50,_Fund_us

260 1236 932 1309 'l‘ermulasinterritorio
962 1232 1307 1309 Praenestino
1322 1252 1406 1306 pr.
1435 1233 1736 1309 sol.58[A,
1763 1232 1850 1308 35]
1888 1252 1903 1302 ς

264 1307 552 1376 possessio
605 1307 826 1361 Cilonis
875 1308 1169 1362 territorio
1226 1309 1576 1363 Prmnestino
1632 1307 1908 1376 praestans

262 1377 369 1449 sol.
396 1375 467 1432 58
496 1396 510 1445 ς
538 1378 959 1433 obtulitomnia
992 1380 1311 1434 necessaria
1338 1380 1509 1435 titulo
1542 1375 1784 1449 Equitii.
1805 1376 1908 1430 Hic

260 1446 399 1502 fecit
435 1450 685 1504 ordinat.
718 1453 815 1502 etc.

510 1521 597 1573 Ea:
636 1521 753 1572 cod.
787 1523 967 1587 Regio,
1001 1522 1281 1575 Μαιηγίηο
1324 1526 1373 1575 et
1412 1522 1656 1576 Thuano.

332 1591 475 1644 Num
527 1588 616 1656 34,
670 1592 749 1644 lin
825 1586 876 1645 2.
921 1593 1047 1647 dies
1080 1590 1163 1645 Μ.
1212 1593 1291 1645 lin
1328 1590 1381 1660 3,
1417 1591 1713 1647 Februarii
1752 1595 1809 1645 et
1842 1586 1906 1643 46

259 1660 547 1715 Januarii.
584 1662 684 1714 lin.
708 1659 759 1730 4,
785 1663 842 1716 in
874 1669 1061 1717 monte
1084 1664 1269 1732 Syrati
1302 1661 1380 1732 (in
1405 1679 1502 1716 ora
1532 1665 1605 1723 Μ,
1635 1661 1906 1729 Soractis)

2012 464 2245 529 senatus
2275 458 2506 512 videtur
2531 458 2716 529 gloria
2747 459 3045 523 adornari,
3076 460 3130 514 id
3166 466 3270 527 est,
3309 460 3583 526 patricios
3607 465 3664 514 et

2012 527 2467 601 consulesdeﬁici
2506 527 2672 597 {nec
2724 542 2832 601 non
2894 535 2949 583 et
2999 532 3220 584 caeteris
3275 530 3665 601 dignitatibus

2014 598 2417 665 imperialibus
2446 614 2543 653 eos
2597 600 3029 669 promulgamus
3076 598 3383 669 decorari‘;
3429 610 3481 654 et
3513 604 3666 656 sicut

2017 668 2336 736 imperialis
2357 677 2541 724 exstat
2569 668 3087 738 decorata’militia,
3120 671 3196 724 ita
3225 671 3439 726 clerum
3462 671 3516 726 S.
3550 673 3666 725 Ro-

2018 740 2470 795 manteEcclesue
2492 743 2685 795 ornari
2710 740 3662 811 decernimus;etquetnadmodum

2020 810 2335 878 imperialis
2366 812 2614 881 potentia
2644 812 2892 866 diversis
2909 811 3136 878 ofﬁciis,
3170 812 3662 867 cubiculariorum

2016 893 2215 950 nempe
2236 882 2627 951 ostiariorum,
2666 889 2838 951 atque
2885 883 3138 937 omnium
3168 882 3663 937 cubiculariorum

2014 952 2339 1019 ordinatur,
2405 954 2482 1007 ita
2544 960 2598 1008 et
2662 961 2912 1007 sanctam
2981 953 3286 1007 Romanam
3352 953 3665 1008 Ecclesiam

2015 1022 2553 1078 decorarivolumus
2575 1042 2586 1076 :
2609 1031 2665 1077 et
2684 1024 3118 1091 utamplissime
3146 1023 3471 1091 pontiﬁcale
3490 1026 3667 1079 decus

2019 1091 2351 1164 prefuigeat,
2402 1095 2766 1149 decernimus
2795 1102 2851 1149 et
2899 1094 3003 1149 hoc
3055 1101 3116 1149 ut
3159 1094 3358 1148 clerici
3410 1095 3666 1163 ejusdem

2016 1171 2224 1218 sanctae
2251 1166 2509 1219 Romana:
2534 1166 2791 1220 Ecclesiae
2808 1164 3092 1234 mappulis
3121 1171 3177 1219 et
3203 1165 3664 1223 linteaminibus.

2019 1236 2078 1288 id
2115 1242 2200 1289 est
2229 1236 2863 1308 candidissimocolore
2892 1237 3190 1290 decoratos
3218 1234 3311 1308 (Μ.
3336 1234 3668 1308 decoratis)

2016 1318 2196 1374 equos
2220 1308 2507 1375 equitent;
2540 1314 2595 1361 et
2620 1307 2774 1361 sicut
2794 1312 2984 1361 noster
3010 1306 3243 1362 senatus
3264 1306 3669 1361 calceamentis

2018 1377 2208 1431 utitur
2251 1391 2380 1431 cum
2433 1378 2742 1444 udonibus,
2801 1378 2853 1431 id
2908 1384 2993 1432 est
3041 1378 3287 1433 candido
3336 1378 3670 1433 linteamine

2020 1447 2407 1512 illustrentur,
2441 1454 2496 1502 et
2527 1450 2605 1503 ita
2637 1449 2891 1504 cmlestia
2923 1450 3076 1503 sicut
3099 1456 3321 1503 terrena
3347 1450 3414 1503 ad
3442 1448 3666 1503 laudem

2021 1518 2120 1572 Dei
2183 1520 2540 1573 decorentur.
2610 1520 2727 1573 Prae
2792 1519 3065 1574 omnibus
3125 1527 3311 1574 autem
3375 1519 3666 1573 licentiam

2019 1588 2335 1644 tribuimus
2351 1591 2402 1642 Β.
2422 1590 2695 1644 Silvestro
2717 1589 3217 1645 etsuccessoribus
3238 1592 3361 1659 ejus
3375 1603 3442 1645 ex
3473 1595 3668 1644 nostro

2020 1660 2257 1724 indicto,
2289 1674 2452 1728 quem
2484 1660 2820 1729 pacatus(M.
2852 1660 3127 1729 placatus)
3157 1662 3389 1729 prOprio
3420 1661 3667 1715 consilio

264 1732 790 1809 pers.Co_n_stantini
828 1730 1242 1809 percussust,
1262 1730 1634 1809 _concus_sus)._
1660 1734 1906 1809 Postmo-
1938 1750 1987 1809 Β
2016 1730 2291 1785 clericare
2321 1731 2585 1795 voluerit,
2615 1737 2671 1785 et
2698 1733 3027 1809 in__numero
3056 1732 3460 1809 religiosorum
3487 1731 3669 1809 cleri-f

261 1801 399 1856 dum
430 1804 655 1857 rediens
684 1817 811 1859 cum
832 1801 958 1873 ’glo.
1006 1806 1086 1857 lin
1118 1801 1169 1861 6.
1203 1817 1233 1856 a
1262 1803 1437 1871 lepra.
1474 1801 1906 1859 Hic’Contanti-

264 1884 374 1944 nus
394 1874 700 1936 imperator
721 1883 925 1944 quarto
945 1874 1522 1940 diesuibaptismatis
1546 1873 1905 1943 privilegium

262 1943 527 2014 Ecclesiae
567 1943 828 2000 Romanae
857 1945 1101 1999 contulit
1134 1945 1412 2014 pontiﬁci,
1451 1951 1513 2000 ut
1542 1947 1599 1999 in
1628 1951 1745 1999 toto
1772 1944 1907 1998 orbe

262 2013 517 2069 Romano
549 2015 701 2069 hunc
733 2017 811 2070 ita
842 2022 1013 2084 caput
1045 2013 1306 2074 habeant.
1350 2017 1504 2071 sicut
1528 2017 1717 2071 omnis
1738 2015 1909 2084 judi-

261 2097 381 2157 cern
416 2099 626 2157 regem.
666 2088 723 2140 In
743 2100 808 2141 eo
833 2086 1136 2157 privilegio
1157 2088 1234 2142 ita
1261 2087 1409 2141 inter
1429 2094 1628 2142 caetera
1653 2087 1900 2157 legitur:

263 2154 817 2224 Utilejudicavimus
835 2154 944 2212 una
960 2154 1089 2213 cum
1110 2158 1380 2213 omnibus
1406 2154 1901 2227 satrapisnostris,

260 2232 317 2280 et
345 2228 612 2283 universo
634 2235 854 2296 senatu,
879 2228 1259 2297 optimatibus
1280 2230 1474 2287 etiam.
1504 2236 1559 2283 et
1578 2236 1786 2283 cuncto
1815 2241 1906 2295 po-

262 2297 399 2365 pulo
429 2297 681 2353 Romano
714 2300 955 2368 imperio
986 2299 1327 2368 subjacenti,
1361 2306 1426 2354 ut
1446 2300 1597 2354 sicut
1628 2300 1685 2353 B.
1708 2301 1905 2353 Petrus

264 2371 322 2421 in
355 2368 524 2423 terris
556 2370 811 2425 vicarius
841 2370 976 2424 Filii
1009 2371 1105 2423 Dei
1136 2371 1361 2425 videtur
1385 2384 1508 2425 esse
1526 2373 1901 2436 constitutus,

259 2439 433 2510 etiam
477 2445 536 2494 et
581 2441 878 2509 pontiﬁces
928 2442 1113 2509 ipsius
1177 2442 1461 2510 principis
1515 2442 1905 2510 apostolorum

261 2509 461 2575 vicem,
515 2512 876 2580 principatus
908 2517 1236 2579 potestatem
1284 2509 1737 2582 amplius’quam
1786 2520 1907 2565 ter—

264 2593 413 2634 renae
441 2588 648 2635 nostra:
690 2582 1006 2651 imperialis
1033 2584 1363 2637 serenitatis
1396 2584 1770 2638 mansuetudo
1800 2583 1908 2635 ha—

261 2650 394 2724 bere
444 2652 675 2707 videtur
703 2650 1023 2707 concessam
1048 2668 1079 2708 a
1112 2653 1278 2707 nobis
1332 2661 1637 2724 nostroque
1667 2652 1908 2722 imperio

260 2722 553 2777 obtineat:
579 2725 791 2794 eligent
828 2740 855 2778 s
881 2724 1047 2778 nobis
1076 2726 1263 2793 ipsum
1292 2722 1606 2794 principem
1630 2723 1906 2793 apostolo-

264 2807 413 2857 rum,
447 2794 529 2848 vel
557 2795 683 2863 ejus
713 2796 961 2849 vicarios
984 2795 1177 2849 ﬁrmos
1207 2796 1355 2863 apud
1385 2796 1558 2850 Deum
1581 2809 1704 2855 esse
1728 2801 1909 2864 patro-

265 2877 368 2919 nos
423 2867 489 2919 Et
517 2866 671 2919 sicut
704 2873 895 2920 nostra
920 2873 1003 2920 est
1027 2874 1249 2921 terrena
1279 2867 1599 2935 imperialis
1633 2867 1904 2936 potentia,

264 2936 343 2989 ita
374 2936 499 3004 ejus
522 2943 940 2991 sacrosanctam
970 2938 1273 2992 Romanam
1316 2937 1621 2993 Ecclesiam
1645 2937 1909 2992 decrevi—

264 3019 392 3079 mus
414 3015 744 3079 veneranter
773 3009 1069 3073 honorare,
1097 3008 1418 3078 etamplius
1451 3023 1618 3079 quam
1650 3017 1903 3063 nostrum

2016 1815 2214 1856 corum
2241 1814 2652 1856 connumerare
2678 1801 2879 1857 nullus
2898 1815 2965 1856 ex
3000 1802 3335 1858 hominibus
3364 1807 3669 1871 praesumat

2017 1872 2463 1940 superbeagere.
2518 1874 2883 1928 Decrevimus
2944 1875 3140 1942 itaque
3169 1880 3224 1928 et
3250 1874 3376 1941 hoc,
3400 1874 3669 1941 utipseet

2016 1956 2377 1998 successores
2407 1945 2531 2012 ejus
2561 1944 2898 2011 diademate,
2935 1944 3202 1999 videlicet
3227 1958 3459 2007 corona,
3493 1956 3667 2012 quam

2016 2028 2084 2068 ex
2104 2014 2290 2082 capite
2317 2022 2512 2069 nostro
2541 2015 2629 2069 illi
2656 2016 3050 2070 concessimus
3073 2029 3141 2070 ex
3162 2029 3305 2070 auro
3331 2015 3667 2085 purissimo,

2015 2091 2069 2139 et
2100 2085 2321 2155 gemnis
2353 2086 2623 2152 pretiosis
2658 2088 2741 2140 uti
2769 2086 3011 2141 debeant
3053 2101 3153 2155 pro
3179 2100 3353 2142 onore
3390 2087 3447 2139 B.
3491 2086 3666 2140 Petri.

2014 2158 2139 2224 Ipse
2155 2169 2285 2211 vero
2305 2155 2538 2211 beatissi
2551 2170 2596 2210 m
2611 2172 2676 2211 us
2692 2170 3015 2226 papasuper
3031 2171 3296 2213 coronam
3331 2157 3664 2221 clericatus,

2016 2240 2185 2297 quam
2218 2227 2364 2297 gerit
2388 2229 2455 2282 ad
2487 2228 2728 2297 gloriam
2762 2229 2819 2282 Β.
2856 2229 3005 2283 Petri
3037 2230 3160 2297 ipsa
3181 2243 3247 2283 ex
3269 2242 3412 2284 auro
3446 2240 3557 2282 non
3583 2235 3671 2282 est

2017 2312 2220 2370 passus
2254 2299 2337 2352 uti
2381 2312 2609 2353 corona.
2663 2299 2958 2370 Phrigium
3009 2312 3160 2367 vero,
3203 2299 3448 2354 candido
3481 2300 3668 2354 nitore

2015 2369 2372 2437 splendidam
2423 2371 2896 2425 resurrectionem
2948 2371 3298 2425 Dominicam
3333 2370 3663 2439 designans,

2014 2439 2140 2507 ejus
2164 2441 2556 2496 sacratissimo
2593 2442 2791 2495 vertici
2838 2441 3104 2496 manibus
3140 2442 3353 2496 nostris
3380 2440 3669 2510 imposui-

2018 2525 2163 2572 mus.
2193 2517 2249 2564 et
2279 2517 2531 2565 tenentes
2572 2511 2797 2582 frenum
2836 2514 2971 2582 equi
2999 2513 3188 2581 ipsius
3217 2526 3318 2582 pro
3351 2512 3668 2566 reverentia

2016 2582 2076 2635 B.
2099 2583 2245 2635 Petri
2273 2583 2542 2636 stratoris
2555 2580 2801 2638 ofﬁcium
2828 2580 2917 2637 illi
2936 2580 3670 2639 exhibuimus.Statuentes

2018 2653 2207 2725 eodem
2255 2653 2489 2722 Phrigio
2521 2667 2717 2725 omnes
2748 2667 3110 2708 successores
3138 2656 3263 2724 ejus
3289 2653 3669 2725 singulariter

2022 2722 2105 2778 uti
2153 2725 2209 2776 in
2246 2724 2713 2791 processionibus
2741 2726 2868 2793 ejus
2915 2725 2983 2779 ad
3022 2722 3411 2780 imitationetn'
3438 2724 3667 2793 imperii

2020 2794 2225 2849 nostri.
2274 2793 2429 2848 Unde
2463 2804 2524 2850 ut
2556 2796 2904 2862 pontiﬁcalis
2930 2810 3074 2864 apex
3124 2810 3233 2851 non
3284 2796 3540 2861 vilescat,
3571 2794 3666 2849 sed

2021 2867 2202 2936 magis
2220 2879 2387 2934 quam
2407 2868 2613 2919 terreni
2633 2867 2858 2933 imperii
2874 2866 2906 2919 d
2921 2867 3131 2934 ignitas
3144 2867 3329 2936 gloria
3346 2873 3403 2922 et
3418 2867 3669 2934 potentia

2017 2938 2338 3001 decoretur,
2392 2949 2519 2989 ecce
2572 2942 2684 2989 tam
2748 2936 3020 3005 palatium
3082 2945 3339 2990 nostrum
3382 2948 3669 3005 quamque

2018 3008 2323 3060 Romanam
2346 3005 2564 3069 urbem,
2588 3005 3049 3060 etomnesltalia1
3080 3020 3177 3060 seu
3210 3005 3666 3061 Occidentalium

265 3077 572 3151 imperium
615 3086 1018 3151 terrenumque
1049 3075 1320 3134 thronum
1352 3075 1539 3135 sedem
1572 3079 1906 3151 sacratissi-
1936 3088 1985 3151 ο
2020 3077 2316 3151 regionum
2386 3077 2731 3151 provincias,
2782 3076 3283 3151 loca,___civitates,
3335 3075 3667 3151 beatissimo

263 3150 500 3233 mam-8.
538 3150 681 3233 Petri
715 3150 964 3233 gloriose
984 3151 1262 3233 exaltare,
1296 3150 1615 3233 tribuentes
1640 3150 1780 3233 eiet
1804 3161 1909 3233 po-

264 3224 543 3292 testatem,
576 3218 911 3292 dignitatem
945 3229 1116 3290 atque
1156 3222 1405 3290 vigorem
1437 3227 1491 3273 et
1519 3218 1909 3292 honoriﬁcen-

258 3288 399 3343 tiam
444 3288 817 3360 imperialem,
850 3288 1453 3360 atque—decernentes:
1502 3289 1813 3360 sancimus,
1846 3294 1908 3340 ut

264 3360 650 3428 principatum
676 3358 862 3415 teneat
880 3358 989 3414 tam
1014 3374 1187 3427 super
1200 3366 1447 3428 quatuor
1460 3360 1639 3425 sedes,
1654 3358 1906 3411 Alexan—

259 3430 506 3491 drinam,
538 3431 973 3495 Antiochenam,
1008 3430 1597 3498 Hierosolymitanam,
1621 3430 1908 3482 Constan-

263 3500 725 3567 tinopolitanam,
768 3516 892 3568 quae
917 3501 1089 3553 etiam
1118 3513 1290 3568 super
1315 3513 1510 3554 omnes
1552 3500 1611 3553 in
1639 3500 1907 3553 universo

262 3568 399 3622 orbe
447 3577 726 3624 terrarum
770 3572 866 3625 Dei
924 3570 1224 3635 Ecclesias,
1264 3577 1319 3624 et
1360 3568 1609 3639 pontifex
1663 3571 1760 3640 qui
1806 3583 1907 3638 pro

263 3645 514 3707 tempore
543 3642 729 3710 ipsius
771 3648 1145 3697 sacrosanctae
1173 3642 1435 3696 Romana:
1482 3641 1744 3696 Ecclesite
1768 3640 1910 3695 exti-

262 3711 653 3781 teritcelsior
701 3713 966 3781 princeps
1016 3713 1243 3767 cunctis
1289 3712 1681 3767 sacerdotibus
1728 3712 1909 3766 totius

264 3780 462 3853 mundi
484 3780 718 3853 existat,
751 3789 804 3837 et
820 3780 1568 3853 ejusjudicioquaacumque
1587 3783 1655 3837 ad
1684 3782 1905 3837 cultum

259 3852 358 3905 Dei
412 3851 496 3906 vel
530 3852 692 3907 ﬁdem
734 3851 1227 3916 Christianorum,
1252 3854 1335 3908 vel
1382 3851 1754 3909 stabilitatem
1786 3866 1908 3920 pro-

259 3923 514 3977 curanda
538 3922 755 3978 fuexint
778 3925 1183 3992 disponantur,
1215 3932 1272 3980 et
1305 3924 1453 3980 infra
1482 3925 1753 3979 ecclesias
1785 3923 1906 3977 bea-

263 4000 450 4064 torum
480 3994 871 4057 apostolorum
905 3996 1049 4049 Petri
1081 4001 1137 4049 et
1160 3997 1319 4050 Pauli
1350 4010 1449 4064 pro
1471 3996 1907 4051 continuatione

262 4061 727 4137 luminariorum,
760 4067 1172 4133 possessionem
1205 4061 1529 4137 praediaque
1568 4067 1723 4136 (Max,
1770 4080 1907 4135 pos—

261 4135 582 4189 sessionum
637 4137 863 4204 praedia)
918 4138 1293 4196 contulimus.
1344 4145 1400 4192 et
1439 4135 1618 4192 rebus
1660 4139 1908 4193 diversis

259 4217 355 4258 eas
383 4205 716 4277 ditavimus,
763 4214 819 4261 et
851 4221 947 4276 per
980 4214 1228 4262 nostram
1280 4209 1628 4277 imperialem
1662 4222 1903 4271 sacram,

261 4281 373 4348 tam
402 4276 737 4348 innOriente
764 4292 932 4348 quam
974 4279 1030 4332 in
1060 4276 1386 4347 Occidente,
1419 4280 1586 4333 etiam
1609 4294 1639 4333 a
1664 4280 1909 4347 Septen-

261 4346 605 4419 trionali(M,
626 4346 895 4404 veletiam
914 4351 969 4404 in
992 4350 1525 4419 Septentrionali)et
1542 4346 1903 4404 Meridi’onali

263 4415 445 4489 plaga,
493 4419 764 4474 videlicet
810 4421 866 4474 in
907 4415 1119 4488 Judtea,
1151 4422 1390 4489 Graecia,
1437 4415 1592 4489 Asia,
1640 4421 1904 4489 Thracia,

2020 3145 2274 3213 pontiﬁci
2304 3151 2359 3199 et
2392 3146 2704 3199 universali
2740 3160 2892 3213 papae
2917 3147 3193 3201 Silvestre
3214 3147 3668 3201 centradicitnus

2016 3223 2188 3284 atque
2212 3216 2618 3284 relinquimus,
2653 3223 2708 3270 et
2738 3217 2807 3269 ab
2838 3230 2902 3271 eo
2937 3224 2993 3272 et
3021 3232 3053 3272 a
3084 3217 3517 3272 successoribus
3542 3218 3667 3285 ejus

2020 3298 2116 3353 per
2169 3287 2579 3355 pragmaticum
2628 3288 3004 3342 constitutum
3054 3289 3417 3344 decernimus
3458 3288 3668 3356 dispo-

2017 3357 2219 3421 nenda,
2254 3363 2426 3425 atque
2451 3358 2571 3425 juri
2602 3358 2658 3411 S.
2701 3358 2966 3414 Romanae
3000 3359 3264 3414 Ecclesiae
3294 3359 3667 3414 concedimus

2019 3427 2413 3495 permanenda.
2453 3429 2605 3482 Unde
2635 3442 2951 3499 congruum
2983 3432 3377 3499 perSpeximus
3408 3436 3664 3484 nostrum

2020 3498 2323 3569 imperium
2344 3505 2399 3551 et
2419 3500 2578 3569 regni
2605 3498 2935 3567 potestatem
2949 3498 3345 3556 Orientalibus
3363 3500 3664 3555 transferri

2019 3568 2371 3641 regionibus,
2405 3577 2461 3624 et
2492 3568 2562 3624 in
2606 3571 2886 3639 Byzantize
2940 3574 3245 3641 provincia:
3277 3574 3497 3641 optimo
3541 3572 3665 3626 loco

2019 3640 2238 3692 nomini
2275 3652 2468 3695 n05tro
2512 3641 2798 3696 civitatem
2829 3640 3123 3702 aediﬁcari.
3154 3650 3209 3697 et
3242 3640 3498 3697 noStrum
3541 3641 3666 3695 illic

2017 3711 2297 3782 constitui
2332 3712 2638 3779 imperium
2674 3730 2685 3765 :
2722 3717 2993 3781 quoniam
3044 3715 3139 3769 ubi
3175 3716 3533 3782 principatus
3565 3725 3669 3766 sa~

2017 3781 2309 3855 cerdotum
2342 3787 2398 3855 et
2425 3783 2768 3838 Christianae
2803 3785 3103 3855 religionis
3132 3781 3304 3853 caput
3328 3781 3398 3837 ab
3428 3785 3668 3855 impera-

2017 3858 2140 3924 tore
2164 3852 2379 3907 caelesti
2409 3855 2785 3908 constitutum
2812 3852 3155 3924 est,‘justum
3187 3852 3297 3910 non
3328 3861 3434 3917 est,
3459 3861 3523 3909 ut
3543 3854 3668 3908 illic

2018 3923 2325 3989 imperator
2346 3930 2607 3979 terrenus
2631 3925 2830 3981 habeat
2863 3923 3358 3995 potestatem.Ha:c
3390 3926 3440 3981 si
3473 3925 3667 3993 omnia

2018 4007 2145 4067 quae
2176 4005 2273 4062 per
2301 3994 2444 4049 hanc
2473 3995 2824 4064 imperialem
2845 3994 3085 4067 sacram,
3117 4004 3173 4052 et
3202 4011 3297 4067 per
3316 3997 3431 4051 alia
3448 3996 3666 4051 divalia

2016 4064 2255 4139 decreta
2272 4068 2605 4139 statuimus,
2649 4075 2704 4121 et
2739 4064 3146 4124 conﬁrmamus
3181 4064 3359 4139 usque
3392 4069 3449 4122 in
3497 4067 3665 4121 tinem

2022 4135 2217 4209 mundi
2244 4136 2462 4191 illibata
2480 4142 2532 4191 et
2564 4139 2899 4193 inconcussa
2931 4135 3662 4209 permanere‘decernimus.

2020 4206 2175 4261 Unde
2204 4220 2391 4262 coram
2446 4209 2752 4281 Deorivivo,
2802 4206 3036 4281 quinos
3090 4225 3325 4281 regnare
3378 4211 3664 4280 praecepit.

2018 4284 2074 4331 et
2110 4291 2301 4332 coram
2352 4279 2599 4334 terribili
2650 4282 2775 4349 ejus
2819 4279 3040 4351 judicio
3087 4279 3442 4339 obtestamur
3472 4293 3667 4336 omnes

2023 4355 2249 4403 nostros
2279 4364 2637 4407 successores
2671 4358 3062 4422 imperatores,
3108 4355 3194 4409 vel
3239 4364 3476 4408 cunctos
3507 4352 3669 4418 opti-

2020 4428 2218 4495 mates,
2250 4429 2508 4491 satrapas
2562 4426 2735 4478 etiam
2782 4426 3320 4495 amplissimumque
3378 4428 3664 4483 senatum,

260 4482 451 4562 Africa
474 4494 529 4542 et
548 4491 732 4552 Italia,
758 4482 1333 4547 veldiversis'insulis
1355 4482 1621 4548 nostrisa
1643 4482 1905 4562 largitate
1937 4482 1991 4543 D
2017 4490 2067 4544 ei
2103 4482 2432 4546 universum
2468 4495 2739 4562 populum
2776 4497 2833 4549 in
2878 4482 2997 4550 toto
3035 4495 3171 4549 orbe
3199 4482 3479 4548 terrarum
3514 4482 3667 4547 nunc

258 4558 346 4633 eis
376 4562 785 4633 concessimus,
836 4575 900 4616 ea
935 4576 1169 4630 prorsus
1201 4565 1421 4618 ratione
1456 4569 1517 4618 ut
1557 4577 1655 4633 per
1705 4558 1907 4618 manus

260 4628 581 4684 beatissimi
618 4633 798 4699 patris
826 4628 1007 4705 nostri
1036 4634 1292 4688 silvestri
1324 4628 1575 4689 summni
1616 4634 1905 4705 pontiﬁcis

260 4712 772 4774 successurumque
827 4704 952 4771 ejus
996 4706 1187 4759 omnia
1231 4704 1632 4774 disponantur,
1669 4715 1723 4760 et
1755 4705 1905 4760 infra

260 4768 423 4824 beato
462 4768 732 4846 silvestre
780 4780 835 4827 et
857 4768 1146 4829 'omnibus
1196 4768 1630 4831 successoribus
1677 4779 1804 4846 ejus
1836 4778 1906 4831 de

263 4843 525 4908 praesenti
562 4844 845 4899 tradimus
880 4847 1153 4913 palatium
1192 4847 1421 4915 imperii
1456 4848 1637 4902 nostri
1676 4843 1906 4903 Latera-

262 4916 713 4989 nens_e._Deinde
735 4915 1020 4989 diadema,
1071 4916 1336 4971 videlicet
1382 4932 1649 4973 coronam
1692 4922 1906 4989 capitis

260 4984 517 5059 nominis
564 4987 769 5059 nostri,
808 4987 1100 5059 simulque
1131 4989 1474 5059 Phrigium,
1529 5003 1629 5043 nec
1683 4984 1793 5045 non
1851 4999 1906 5046 et

259 5055 749 5130 superhulnerale,
786 5055 1075 5130 _videlicet
1130 5055 1334 5123 lorum,
1397 5055 1545 5123 quod
1611 5062 1907 5130 imperiale

259 5126 620 5181 circumdare
648 5127 860 5183 assolet
880 5129 1114 5183 collum.
1140 5131 1343 5185 Verum
1371 5133 1541 5186 etiam
1570 5138 1625 5186 et
1654 5126 1907 5187 chlami-

256 5196 387 5271 dem
415 5207 949 5271 purpureamatque
976 5200 1227 5255 tunicam
1261 5203 1600 5270 coccineam,
1636 5212 1691 5260 et
1720 5205 1906 5271 impe-

259 5267 682 5345 rialia‘otnnia
747 5267 1102 5345 indumenta.
1172 5285 1275 5345 seu
1328 5275 1499 5328 etiam
1561 5267 1901 5345 dignitatem

258 5339 649 5412 imperialium
676 5340 1117 5412 praesidentium
1146 5343 1428 5412 equitum.
1457 5339 1822 5400 Conferentes
1849 5347 1901 5400 ei

253 5411 451 5487 etiam_
484 5409 808 5487 imperialla
848 5418 1088 5487 sceptra,
1142 5409 1434 5483 Simulque
1494 5425 1699 5487 cuncta
1738 5417 1905 5487 signa

252 5487 426 5549 atque
438 5477 643 5543 banda,
658 5477 1133 5554 etdiversa'etiam
1147 5496 1282 5536 orna
1296 5477 1478 5538 m'enta
1496 5477 1837 5554 imperialia,
1851 5494 1908 5542 et

253 5563 476 5605 omnem
493 5551 1254 5627 processionem‘imperialis
1282 5551 1646 5624 culminis,‘et
1664 5551 1904 5627 gloriam

258 5621 556 5691 potestatis
571 5627 795 5675 nostrae.
818 5622 966 5678 Viris
994 5625 1164 5677 etiam
1182 5628 1545 5680 reverentissi
1559 5621 1604 5681 tn
1618 5621 1907 5683 islzlericis

253 5692 469 5747 diversi
493 5692 719 5747 ordinis
742 5694 928 5748 eidem
956 5703 1331 5751 sacrosanctae
1354 5697 1616 5753 Romanae
1640 5700 1905 5755 Ecclesia:

255 5763 642 5819 servientibus
661 5763 806 5820 illud
830 5764 1054 5820 culmen
1075 5766 1393 5838 singularis
1424 5772 1757 5839 potentiaeet
1771 5785 1907 5840 prte-

2015 4563 2160 4635 et_in
2200 4569 2485 4635 posterum
2533 4565 2680 4618 nulli
2725 4579 2919 4620 eorum
2966 4566 3367 4635 quoquomodo
3418 4564 3533 4616 haec
3564 4568 3667 4617 aut

2018 4631 2332 4703 infringere
2372 4634 2455 4687 vel
2491 4635 2549 4688 in
2582 4648 2866 4704 quoquam
2899 4631 3165 4691 convelli.
3207 4636 3425 4704 Siquis
3451 4641 3661 4693 autem.

2018 4705 2167 4772 quod
2194 4717 2303 4757 non
2322 4704 2631 4772 credimus,
2653 4707 2710 4759 in
2737 4708 2842 4761 hoc
2867 4715 3168 4762 temerator
3189 4712 3287 4761 aut
3309 4713 3666 4774 contemptor

2016 4774 2297 4839 extiterit,
2378 4777 2620 4830 terrenis
2701 4778 3284 4833 condemnationibus
3370 4777 3658 4845 subjaceat

2020 4845 2377 4919 innodatust
2408 4851 2488 4919 etg
2516 4852 2744 4919 sanctos
2800 4850 2899 4904 Dei
2952 4851 3245 4919 principes
3275 4849 3664 4918 apostolorum

2019 4918 2242 4970 Petrum
2270 4923 2325 4970 et
2358 4917 2592 4972 Paulum
2626 4918 2764 4985 sibi,
2796 4927 2852 4974 et
2889 4917 2963 4975 in'
2992 4917 3254 4989 praesenti
3296 4917 3351 4975 et
3383 4920 3441 4974 in
3473 4924 3665 4973 tutura

2016 4990 2134 5042 vita
2179 4990 2389 5041 sentiat
2434 4991 2754 5061 contrarios
2782 4998 2955 5061 atque
3008 4993 3065 5046 in
3116 4990 3341 5046 inferno
3403 4990 3665 5045 inferiori

2016 5066 2411 5112 concretnatus
2451 5073 2580 5113 cum
2630 5060 2876 5116 diabolo
2905 5069 2962 5117 et
2992 5062 3263 5118 omnibus
3291 5061 3519 5116 deﬁciat
3553 5062 3666 5115 im-

2020 5130 2151 5199 piis.
2188 5129 2370 5202 llujus
2412 5144 2541 5202 vero
2580 5130 2901 5199 imperialis
2935 5135 3116 5188 nostri
3148 5134 3362 5189 decreti
3400 5134 3661 5202 paginam

2018 5201 2272 5269 propriis
2335 5201 2601 5256 manibus
2643 5202 2996 5266 roborantes.
3060 5218 3232 5272 super
3280 5201 3665 5259 venerandum

2014 5286 2225 5340 corpus
2275 5272 2328 5325 Β.
2385 5273 2532 5326 Petri
2592 5276 2915 5342 posuimus.
2964 5278 3105 5331 Data
3152 5277 3340 5330 Romae
3392 5276 3485 5329 Ill.
3538 5273 3662 5328 Kal.

2014 5343 2257 5417 Aprilis.
2309 5342 2390 5397 ΡΙ.
2423 5345 2801 5417 Qpnstantino
2845 5347 3107 5417 Augusto
3152 5356 3357 5415 quarto
3405 5345 3663 5410 consule,

2016 5420 2071 5467 et
2097 5413 2380 5486 Gallicato
2411 5414 2478 5469 IV
2508 5429 2665 5469 cons.
2703 5418 2801 5471 Hic
2831 5413 3001 5471 etiam
3035 5413 3451 5472 Constantinus
3478 5418 3668 5486 impe-

2020 5492 2174 5538 rator
2218 5485 2352 5557 fecit
2386 5486 2442 5557 in
2488 5486 2628 5542 urbe
2678 5489 2871 5557 Roma,
2918 5496 3030 5543 etc.
3092 5490 3197 5541 lin.
3240 5485 3327 5557 40,
3358 5489 3459 5557 qui
3493 5489 3663 5542 etiam

2018 5569 2199 5624 usque
2228 5556 2283 5609 in
2321 5556 2446 5611 hod.
2484 5558 2583 5610 lin.
2635 5556 2719 5624 Μ,
2747 5559 2875 5613 data
2903 5567 3084 5615 const.
3126 5556 3469 5614 ibidemfex
3514 5559 3666 5614 dono

2014 5626 2407 5701 (gonst._Aug._
2441 5628 2683 5684 Donavit
2730 5644 2959 5701 quoque
3005 5646 3159 5700 scyp.
3202 5632 3298 5684 lin.
3352 5627 3438 5694 44,
3486 5630 3665 5684 libras

2014 5699 2182 5772 duas.
2230 5698 2336 5772 lib.
2376 5699 2589 5754 decem.
2642 5698 2902 5772 Patenam
2949 5698 3264 5772 argI'auro
3308 5701 3553 5768 elusam,
3608 5706 3665 5754 et
3754 5738 3759 5743 .

2015 5768 2377 5825 chrismalem
2406 5783 2564 5840 pens.
2600 5771 2701 5826 lib.
2734 5770 2769 5827 5
2797 5791 2814 5845 ς
2850 5772 2969 5829 t'ara
2998 5768 3268 5830 coronata
3293 5773 3485 5829 decem
3519 5783 3664 5840 pen—
