4040 6184
312 328 451 399 4533

304 459 400 530 (Μ,
454 475 586 519 vasa

305 534 597 588 ordinavit
621 534 775 590 sicut
806 536 863 589 in
897 535 1193 591 basilicam
1228 536 1280 589 Β.
1322 534 1618 597 Petri,sed
1645 542 1700 590 et
1729 547 1952 590 crucem

304 616 558 659 auream.
583 606 680 659 lin.
703 602 758 675 7,
776 618 1004 661 auream
1028 620 1199 675 super
1220 607 1471 662 loculum
1494 605 1555 659 Β.
1577 607 1737 661 Pauli
1759 607 1955 660 eodem

307 676 473 729 modo
501 677 694 744 posuit
724 690 877 744 pens.
910 676 1011 731 lib.
1040 674 1161 740 450,
1186 677 1281 732 sed
1306 685 1361 732 et
1381 677 1532 732 dona
1561 678 1670 732 ista
1701 676 1953 745 obtulit;

307 747 721 815 possessionem
762 749 871 803 sub
907 749 1082 803 Tarso
1115 749 1284 803 cilice
1324 748 1573 802 insulam
1613 748 1954 804 Cordianam

309 823 495 885 prtest.
528 817 634 873 sol.
665 816 791 873 800.
823 819 932 888 sub
960 820 1247 875 civitatem
1277 819 1504 888 Tyriam
1537 818 1952 888 possessionem

304 889 529 959 eomitii
574 904 659 957 pr.
690 889 797 945 sol.
827 887 953 953 550,
990 891 1404 957 possessionem
1424 890 1693 959 _Timram
1726 904 1810 959 pr.
1842 887 1947 943 sol.

301 956 429 1025 250,
449 956 873 1030 possessionem
909 961 1235 1015 Formosam
1270 976 1317 1030 p.
1346 976 1390 1015 s.
1416 957 1544 1030 700,
1573 960 1684 1015 olei
1719 956 1952 1015 nardini

304 1002 531 1093 iib.'7"0,
563 1002 880 1086 aromvaiﬁm
918 1002 1020 1086 lib.
1046 1002 1374 1101 ὕὸῗοὶἱεέίεέ
1400 1002 1951 1101 ιίδῗὲὸξέιιιῖοὶνίι.

299 1100 621 1172 Egyptiam
670 1103 1088 1172 possessionem
1126 1097 1292 1158 'Tirei
1348 1097 1618 1172 praestant
1665 1102 1772 1157 sol.
1822 1097 1951 1169 740,

302 1169 418 1243 olei
452 1169 699 1243 'pardini
750 1172 850 1227 lib.
897 1169 989 1243 70,
1024 1172 1278 1243 balsami
1336 1169 1436 1229 lib.
1489 1172 1598 1243 30,,
1635 1178 1951 1243 aromatum

305 1242 410 1297 lib.
452 1240 544 1310 70,
591 1251 811 1300 storace
855 1240 1098 1313 lib.'30,
1147 1250 1355 1299 stactes
1399 1244 1499 1299 lib.
1554 1242 1675 1311 450,
1724 1257 1955 1312 posses—

305 1315 524 1384 sionem
574 1315 848 1369 Basileam
903 1322 1089 1384 przest.
1138 1316 1243 1371 sol.
1292 1313 1418 1383 550,
1472 1323 1789 1371 aromatum
1846 1313 1947 1367 lib.

301 1382 393 1445 50,
454 1385 565 1441 olei
624 1385 854 1440 nardini
906 1382 1019 1441 lib.
1067 1384 1157 1451 20,
1203 1387 1356 1441 croci
1408 1382 1514 1443 lib.
1574 1384 1664 1451 60,
1723 1398 1954 1453 posses-

303 1456 523 1511 sionem
587 1456 789 1512 insulae
844 1457 1286 1512 Machabzeorum
1343 1464 1527 1526 praest.
1561 1452 1782 1512 solidas
1822 1452 1947 1523 540,

303 1528 501 1597 papyri
537 1528 735 1582 mundi
771 1540 1004 1597 racanas
1029 1526 1154 1590 500,
1190 1528 1297 1583 lini
1329 1542 1524 1584 saccos
1550 1526 1677 1584 300.

372 1595 538 1653 Num.
567 1597 655 1665 44,
686 1598 783 1651 lin.
812 1595 867 1661 2,
900 1598 995 1653 ubi
1028 1600 1097 1654 de
1126 1601 1281 1668 ligno
1301 1599 1357 1654 S.
1383 1601 1482 1653 lin.
1512 1597 1564 1664 4,
1591 1599 1648 1654 in
1679 1611 1793 1667 quo
1825 1597 1950 1652 loco

305 1669 417 1724 ista
440 1668 826 1740 donaobtulit
850 1688 863 1723 :
888 1669 1229 1724 candelabra
1254 1679 1519 1740 argentea
1547 1674 1796 1739 quatuor
1818 1675 1950 1724 ante

301 1745 564 1794 sanctum
596 1738 817 1810 lignum
854 1740 1103 1810 lucentia
1135 1754 1248 1795 sec.
1284 1738 1442 1795 num.
1474 1739 1508 1795 4
1541 1738 1771 1810 Evang.,
1806 1753 1949 1810 pen-

1133 331 1450 390 HISTORIA
1487 332 1577 389 DE
1612 332 1789 391 VITIS
1821 332 1995 389 ROM.
2034 331 2234 389 PONT.
2273 364 2346 375 --
2379 334 2437 390 S.
2476 336 2869 393 SILVESTER.

628 476 856 546 quoque
891 462 1262 546 sac._)__aurea
1292 464 1547 546 vel‘arg.
1595 467 1697 546 aut
1734 477 1830 518 aer.
1876 461 1957 518 ita
1978 461 2036 520 A
2064 476 2208 519 auro
2237 464 2565 546 purissimo.
2596 463 2774 546 lin._7.
2808 466 2986 521 libras
3007 465 3712 546 259,.coronamauream,

3582 332 3720 393 4534

2066 549 2191 607 quae
2220 542 2303 590 est
2332 537 2544 603 pharus
2569 538 2881 593 cantharus
2905 552 3031 592 cum
3058 538 3351 607 delphinis
3378 537 3501 594 2'20.
3530 540 3629 592 lin.
3658 537 3712 600 9,

2063 606 2227 661 calic.
2263 606 2456 679 aur._3
2486 621 2615 663 cum
2656 610 2897 679 gemmis
2944 606 3193 677 prasinis
3235 618 3289 664 et
3332 610 3716 679 hiacinthinis

2065 690 2221 750 pens.
2246 692 2288 731 s.
2320 678 2355 731 Ι.
2385 675 2450 732 40
2473 695 2487 743 ς
2513 675 2815 733 ειηιειςέιιιιι.
2837 677 2873 733 2
2898 675 3055 748 pens.
3084 681 3232 750 sing.
3259 680 3355 735 lib.
3384 679 3470 736 40.
3498 682 3596 734 lin.
3625 678 3712 748 44,

2062 747 2352 819 Augustae,
2384 749 2533 818 quod
2557 749 2847 820 sepulchr.
2871 747 2957 804 est
2976 764 3043 804 ex
3070 747 3297 805 metallo
3320 747 3714 820 porphyretico

2062 820 2352 891 excultum
2386 820 2625 891 sigillis,
2673 819 2793 874 fara
2831 822 3107 875 canthara
3138 827 3403 891 argentea
3432 819 3545 887 20';
3574 821 3708 876 item

2064 890 2124 943 in
2157 888 2396 945 basilica
2430 890 2721 946 beatorum
2762 897 2925 945 mart.
2968 888 3285 945 Marcellini
3317 899 3372 946 et
3409 893 3559 946 Petri
3594 892 3711 946 haec

2061 960 2209 1032 dona
2240 961 2488 1016 obtulit:
2518 962 2698 1016 altare
2723 974 2789 1015 ex
2811 968 3044 1032 argento
3076 963 3388 1032 purissimo
3418 976 3573 1032 pens.
3609 962 3714 1016 lib.

2060 1028 2186 1095 200,
2219 1038 2449 1099 patenas
2469 1046 2537 1103 ex
2561 1046 2703 1087 auro
2732 1028 3045 1100 purissimo
3062 1028 3282 1103 pens.
3311 1028 3460 1103 sing.
3492 1033 3596 1088 lib.
3627 1031 3714 1098 45,

2065 1108 2298 1171 patenas
2324 1116 2445 1170 arg.
2471 1101 2507 1157 2
2539 1116 2694 1171 pens.
2730 1103 2879 1174 sing.
2916 1102 3013 1157 lib.
3050 1100 3135 1169 45,
3170 1100 3443 1174 scyphum
3474 1118 3542 1159 ex
3571 1117 3716 1159 auro

2064 1173 2396 1242 purissimo,
2423 1174 2697 1243 majorem
2728 1173 3056 1228 ubinomen
3082 1173 3328 1243 Augusti
3354 1173 3713 1243 designatur,

2063 1256 2220 1312 pens.
2266 1244 2364 1298 lib.
2411 1242 2501 1310 20,
2549 1246 2824 1314 scyphum
2871 1258 3105 1314 aureum
3157 1242 3427 1298 minorem
3472 1242 3567 1313 (M,
3614 1258 3718 1314 ar—

2062 1322 2324 1383 genteum
2382 1317 2477 1381 m.)
2526 1312 2682 1383 petis.
2737 1314 2839 1369 lib.
2892 1312 2975 1377 40,
3033 1315 3277 1384 scyphos
3321 1321 3618 1384 argenteos
3656 1313 3710 1380 5,

2066 1398 2221 1457 pecs.
2254 1387 2405 1457 sing.
2435 1386 2538 1441 lib.
2573 1384 2663 1449 42,
2687 1386 2897 1457 calices
2914 1393 3216 1457 argenteos
3241 1385 3714 1457 Ilministeriales

2059 1454 2150 1521 20,
2189 1454 2487 1525 pensantes
2516 1456 2730 1524 singuli
2769 1456 2867 1511 lib.
2994 1454 3091 1509 lin.
3123 1455 3214 1522 20,
3248 1456 3356 1512 olei
3390 1457 3620 1511 nardini
3650 1472 3706 1526 p.

2063 1527 2165 1582 lib.
2200 1540 2342 1581 cccc.
2372 1528 2471 1596 (M,
2507 1526 2701 1598 acccc.)
2727 1528 2843 1598 Alin.
2884 1525 2973 1593 24,
3016 1532 3271 1598 aromata
3314 1527 3533 1582 incensi
3576 1525 3714 1581 bea—

2061 1600 2138 1652 tis
2170 1600 2519 1667 martyribus
2566 1595 2689 1652 lib.’
2715 1596 2835 1653 400.
2882 1600 2977 1651 lin.
3015 1595 3105 1662 22,
3149 1606 3205 1653 et
3244 1611 3440 1653 omnes
3479 1611 3651 1668 agros
3678 1612 3712 1654 a

2062 1676 2222 1738 porta
2259 1671 2590 1724 Sessoriana
2640 1682 2821 1738 usque
2866 1669 2933 1723 ad
2980 1670 3128 1722 viam
3179 1669 3607 1733 Praenestinam,
3656 1674 3713 1724 et

2059 1754 2241 1809 usque
2278 1741 2347 1794 ad
2378 1742 2529 1794 viam
2577 1741 2852 1807 Latinam,
2885 1746 2940 1793 et
2972 1753 3155 1809 usque
3189 1740 3254 1795 ad
3304 1746 3546 1794 montem
3591 1740 3715 1795 Ga—

301 1808 762 1892 santia_s_ingula
803 1810 906 1865 lib.
950 1809 1043 1892 80,
1079 1810 1201 1865 fara
1243 1813 1515 1892 canthara
1548 1808 1814 1892 argentea
1856 1808 1946 1892 50,
1980 1829 2029 1888 Β
2060 1808 2665 1892 bum‘(M._Gal‘bum),
2713 1808 3123 1892 possessionem
3171 1812 3448 1881 Augustae
3490 1810 3712 1892 Helenae

303 1894 463 1951 pens.
508 1878 649 1935 libr.
680 1878 794 1948 5ος
832 1882 1075 1950 scyphos
1115 1887 1411 1951 argenteos
1441 1880 1493 1948 4,
1533 1878 1690 1951 peris.
1737 1880 1951 1951 singuli

302 1949 407 2007 lib.
428 1949 577 2019 8(M,
604 1949 973 2021 scyphum’ex
998 1965 1139 2007 auro
1167 1949 1479 2020 purissimo
1509 1949 1664 2022 p‘ens.
1694 1951 1797 2006 lib.
1827 1950 1952 2021 40);

300 2023 511 2093 calices
539 2035 745 2093 aureos
778 2022 1190 2093 ministeriales
1218 2024 1431 2091 decem,
1468 2029 1768 2093 pensantes
1797 2024 1948 2093 sing.

304 2093 407 2148 lib.
452 2090 489 2147 2
528 2092 624 2162 (Μ,
677 2092 782 2147 lib.
825 2091 878 2162 5)
926 2093 1157 2164 [calices
1200 2090 1497 2164 argenteos
1542 2090 1952 2149 ministerialés

299 2165 491 2219 decem
527 2178 679 2232 pens.
716 2162 941 2235 singuli
968 2163 1069 2219 lib.
1101 2162 1153 2233 5]
1191 2162 1426 2234 (inclusa
1453 2182 1561 2219 non
1588 2171 1716 2219 sunt
1744 2168 1801 2218 in
1830 2165 1946 2218 cod.

298 2235 442 2305 M,);
470 2244 726 2307 patenam
756 2248 1172 2307 aureampens.
1206 2236 1300 2290 lib.
1336 2235 1420 2303 40,
1458 2242 1715 2307 patenam
1741 2249 1954 2307 argen-

302 2304 449 2373 team
478 2317 621 2362 auro
658 2305 731 2361 cl.
770 2320 818 2375 p.
859 2305 960 2361 lib.
993 2304 1064 2362 50
1091 2305 1187 2373 (Μ,
1221 2319 1363 2363 auro
1392 2304 1471 2363 cl.
1498 2321 1628 2363 cum
1668 2304 1947 2434 gemmisg,

302 2376 481 2431 altare
508 2383 838 2434 argenteum
878 2390 1032 2434 oens.
1068 2377 1171 2431 lib.
1203 2374 1329 2434 250.
1362 2392 1519 2433 amas
1563 2387 1862 2434 argenteas
1932 2421 1947 2434 .

301 2376 481 2431 altare
508 2374 838 2447 argenteum
878 2390 1032 2447 pecs.
1068 2377 1171 2431 lib.
1203 2374 1329 2443 250,
1362 2392 1519 2433 amas
1563 2374 1862 2447 argenteas
1892 2374 1947 2447 3,

304 2460 463 2521 pens.
508 2445 753 2521 singulae
790 2447 893 2521 lib.
936 2445 1050 2521 2ος
1083 2461 1280 2521 omnes
1320 2462 1548 2521 quoque
1589 2445 1757 2521 agros
1795 2445 1952 2504 circa

303 2518 476 2588 palat.
523 2518 778 2573 ecclesiae
820 2520 972 2575 dono
1012 2520 1193 2575 dedit.
1241 2518 1658 2575 Possessionem
1703 2520 1952 2588 Sponsas

300 2603 354 2641 v.
388 2590 446 2644 L.
481 2595 837 2658 prtestantem
869 2589 974 2645 sol.
1003 2588 1129 2653 263,
1157 2590 1266 2645 sub
1289 2592 1575 2646 civitatem
1611 2592 1951 2645 Laurentum

303 2661 717 2731 possessionem
760 2661 972 2723 Patras,
1017 2667 1375 2729 praestantem
1416 2662 1637 2718 solidos
1669 2659 1812 2728 420;
1845 2661 1953 2717 sub

300 2732 534 2803 civitate
587 2732 768 2799 Nepes
831 2733 1245 2800 possessionem
1304 2746 1531 2803 erogam
1591 2738 1952 2802 przestantem

224 2854 227 2855 ν
300 2802 406 2858 sol.
434 2800 535 2858 460
557 2820 571 2867 ς
594 2803 701 2857 sub
724 2803 958 2873 civitate
983 2803 1201 2873 valisca
1215 2800 1640 2873 possessionem
1665 2805 1951 2873 Nymphas

304 2878 661 2941 praestantem
720 2873 825 2929 sol.
885 2870 952 2929 45
1005 2872 1100 2943 (Μ,
1167 2872 1307 2944 445).
1366 2877 1503 2930 Item
1556 2874 1664 2930 sub
1715 2870 1951 2930 civitate

299 2946 523 3000 Valisca
553 2944 966 3014 possessionem
998 2945 1250 3013 Herculi,
1281 2959 1451 3016 quam
1482 2946 1717 3001 donavit
1744 2947 1949 3016 Augu-

300 3024 446 3079 stus,
484 3021 543 3070 et
566 3017 824 3087 Augusta
855 3028 977 3087 eam
1022 3016 1235 3072 obtulit
1288 3017 1550 3072 Ecclesia:
1594 3016 1948 3072 Hierusalem

302 3085 629 3159 praest_.sol.
663 3083 780 3142 ’460
806 3104 820 3152 ;
850 3085 957 3141 sub
1002 3087 1234 3159 civitate
1269 3088 1475 3144 Tuder.
1530 3089 1946 3159 possessionem

295 3155 532 3230 Anguli,
570 3162 931 3230 praestantem
962 3157 1069 3230 sol.
1106 3155 1227 3214 453.

366 3225 527 3285 Num.
573 3225 663 3297 42,
706 3230 804 3282 lin.
851 3226 898 3291 4,
946 3229 1141 3285 eodem
1192 3238 1445 3297 tempore
1486 3227 1622 3282 fecit
1660 3227 1946 3281 Constan-

300 3299 457 3355 tinus
485 3302 529 3354 A
552 3298 633 3368 (in
660 3302 719 3354 Μ
745 3300 893 3354 deest
930 3300 1024 3369 Α).
1072 3298 1369 3369 basilicam
1413 3299 1466 3352 S.
1509 3298 1744 3369 Agnetis
1768 3310 1950 3369 _mar-

299 3373 445 3440 tyris
472 3364 770 3439 ex'rogatu
805 3370 937 3422 ﬁliae
962 3364 1081 3440 sua:
1104 3368 1471 3440 Constantite,
1503 3364 1735 3440 et'bapt.
1762 3367 1863 3419 lin.
1890 3364 1945 3440 2,

296 3437 383 3495 est
403 3437 732 3494 Constantia
760 3452 924 3492 soror
945 3439 1090 3506 ejus,
1120 3444 1176 3492 et
1202 3437 1320 3492 ﬁlia
1347 3438 1589 3508 Augusti
1614 3437 1947 3492 Constantia

295 3524 329 3564 a
357 3510 413 3563 S.
444 3509 582 3563 Silv.
619 3508 907 3577 episcopo,
953 3515 1009 3563 et
1040 3508 1441 3577 baptisterium
1486 3508 1568 3563 ibi
1610 3509 1937 3563 constituit.

294 3579 511 3634 Ibidem
543 3585 730 3634 autem
778 3578 895 3633 haec
935 3579 1084 3634 dona
1115 3579 1369 3634 obtulit:
1406 3586 1662 3634 patenam
1710 3591 1943 3634 auream

298 3663 455 3722 pens.
491 3648 592 3703 lib.
628 3646 718 3715 20,
750 3649 860 3722 cal:
896 3662 1024 3722 aur:
1057 3649 1095 3703 l.
1133 3647 1218 3717 40,
1254 3649 1356 3703 lib.
1392 3646 1457 3705 40
1485 3650 1580 3718 (Μ,
1614 3647 1722 3722 20).
1754 3650 1853 3702 lin.
1883 3650 1939 3718 8,

295 3717 417 3774 fara
450 3733 611 3791 emrea
661 3733 787 3775 aur.
842 3720 940 3773 lin.
990 3717 1046 3787 9,
1098 3727 1378 3775 cerostata
1409 3717 1620 3791 eauric.
1675 3717 1942 3791 argentea

295 3792 405 3862 sig.
439 3787 507 3846 40
540 3791 810 3862 lucernas»
837 3791 1355 3862 aureasunixorum
1397 3789 1483 3859 42,
1517 3806 1690 3860 super
1728 3787 1940 3846 fontem

296 3859 597 3931 pensantes
622 3860 864 3932 singulae
891 3861 991 3915 lib.
1027 3859 1127 3929 45;
1164 3862 1221 3916 in
1255 3862 1483 3917 redditu
1509 3859 1763 3918 ecclesiae
1788 3863 1943 3932 circa

293 3933 583 3988 civitatem
624 3931 918 4004 Sidelenas
961 3945 1132 4004 agros
1173 3939 1504 4002 praestantes
1542 3932 1761 4004 solidos
1794 3931 1939 4004 46ος

295 4004 386 4059 via
407 4004 625 4058 Salaria
647 4003 755 4058 sub
777 4002 1095 4073 parietibus
1116 4017 1297 4073 usque
1322 4011 1651 4074 przestantes
1673 4003 1778 4059 sol.
1806 4002 1939 4074 405;

291 4087 491 4143 agrum
526 4075 692 4129 Mutii
736 4072 1092 4142 praestantem
1132 4072 1349 4145 solidos
1376 4072 1489 4142 80;
1524 4072 1941 4145 possessionem

291 4146 406 4199 vici
438 4145 685 4216 Pisonis.
714 4151 1072 4216 praestantem
1100 4143 1370 4204 501.250:
1398 4143 1598 4216 agrum
1624 4146 1858 4201 Casulas
1887 4162 1940 4215 p.

362 4218 521 4287 Num.
573 4212 662 4276 43,
714 4212 811 4269 Ζίη.
857 4214 912 4281 3,
962 4216 1018 4268 Β.
1071 4217 1154 4279 L.,
1206 4217 1265 4270 in
1308 4212 1509 4286 qua'f.
1553 4217 1765 4287 gradus
1809 4212 1939 4272 Asc.

294 4286 396 4339 lin.
428 4283 568 4358 4,,et
591 4287 837 4354 desuper
868 4287 1053 4358 lacum
1084 4286 1267 4358 conc].
1300 4283 1356 4341 e't
1383 4288 1453 4342 de
1482 4283 1601 4358 arg.
1632 4288 1943 4356 purissimo

294 4369 453 4428 pens.
485 4357 617 4411 libr.
648 4370 727 4428 m.
756 4358 852 4428 lin.
881 4356 934 4422 6,
966 4357 1068 4412 lib.
1095 4355 1185 4425 20,
1212 4371 1479 4413 coronam
1509 4355 1726 4427 eira’rg.
1757 4361 1944 4428 puris-

292 4426 437 4482 simo
461 4441 592 4483 cum
622 4428 685 4481 D.
720 4427 754 4481 ι.
781 4425 836 4491 9,
870 4428 927 4481 B.
962 4430 1017 4499 L7.
1054 4436 1289 4499 argento
1318 4430 1536 4484 clausis
1563 4425 1781 4498 sigillis
1806 4428 1943 4485 fecit

295 4500 616 4566 passionem
640 4499 829 4566 ipsius
846 4512 979 4570 cum
996 4498 1251 4555 lucernis
1270 4500 1425 4555 nixis
1445 4501 1732 4570 argenteis
1749 4502 1941 4555 decem

2064 1887 2251 1950 przest.
2286 1882 2391 1936 sol.
2423 1880 2563 1936 320:
2598 1881 2846 1950 insulam
2878 1881 3201 1936 Sardiniam
3234 1880 3363 1935 cum
3395 1895 3543 1950 poss.
3581 1882 3712 1937 suis

2060 1967 2115 2008 o.
2142 1953 2231 2007 ad.
2262 1966 2310 2008 e.
2345 1968 2398 2022 p.
2428 1968 2481 2020 p.
2507 1951 2613 2007 sol.
2639 1949 2747 2013 34:
2779 1953 3067 2022 Mexenam
3093 1966 3222 2022 cum
3254 1966 3403 2021 poss.
3439 1952 3565 2007 suis
3592 1965 3704 2007 on.

2060 2023 2128 2079 ad
2148 2020 2397 2079 eamdem
2426 2024 2668 2078 insulam
2701 2024 2905 2091 pertin.
2926 2024 3024 2076 lin.
3045 2020 3135 2086 28,
3160 2020 3407 2077 insulam
3434 2024 3708 2091 Matinite,

2062 2108 2187 2164 quae
2198 2101 2283 2150 est
2302 2108 2462 2150 mons
2474 2090 2850 2165 Argentarius
2872 2100 3251 2162 prastantem.
3268 2090 3472 2165 lin.29,
3497 2108 3713 2163 posses-

2060 2167 2280 2220 sionem
2308 2172 2363 2219 in
2387 2165 2683 2220 territorio
2710 2164 3039 2230 Sabinense,
3065 2179 3191 2235 quae
3212 2164 3537 2235 appellatur
3559 2167 3711 2220 Duas

2058 2237 2250 2301 Casas,
2275 2237 2382 2291 sub
2408 2242 2596 2291 monte
2620 2237 2864 2291 Lucretii
2892 2242 3247 2304 praestantem
3267 2234 3488 2290 solidos
3510 2234 3634 2291 200.

2128 2309 2292 2362 Num.
2333 2305 2421 2371 45,
2471 2308 2570 2360 lin.
2618 2305 2670 2369 4,
2719 2307 2937 2361 hisdem
2980 2306 3337 2375 temporibus
3377 2306 3513 2361 ferit
3558 2307 3709 2362 idem

2056 2377 2352 2447 Augustus
2369 2392 2435 2433 ex
2453 2393 2617 2448 sugg.
2636 2378 2775 2432 Silv.
2799 2378 3053 2446 episcopi
3077 2376 3375 2432 basilicam
3402 2378 3456 2431 in
3478 2378 3712 2432 civitate

2058 2394 2352 2447 AllgllSlllS
2369 2394 2435 2433 ΘΧ
2453 2394 2617 2503 sugg.
2636 2394 2775 2432 δην.
2799 2394 3053 2446 episcopi
3077 2394 3375 2432 Dasmcam
3402 2394 3456 2431 1η
3478 2394 3706 2432 οινιιειῐε

2058 2449 2219 2505 Ostia
2242 2451 2405 2517 juxta
2437 2463 2490 2517 p.
2567 2489 2580 2502 .
2613 2450 2677 2503 Κ.
2708 2450 2767 2503 in
2799 2449 3010 2503 honore
3040 2449 3091 2501 Β.
3127 2452 3322 2518 Apost.
3355 2449 3411 2502 P.
3439 2455 3494 2503 et
3524 2448 3706 2513 Pauli,

2060 2521 2371 2575 etJoannis
2402 2520 2687 2588 Biptistte,
2719 2519 3059 2588 ubiobtulit
3087 2520 3203 2574 haec
3227 2519 3374 2575 dona
3400 2536 3413 2571 :
3449 2526 3707 2588 patenam

2061 2605 2179 2661 arg.
2216 2604 2374 2660 pens.
2404 2586 2513 2661 lib.
2545 2588 2635 2645 30.
2670 2592 2768 2643 lin.
2799 2586 2854 2656 7,
2900 2590 3000 2645 lib.
3032 2587 3087 2655 8,
3126 2596 3238 2659 pat.
3285 2604 3404 2661 arg.
3442 2586 3478 2644 Ι.
3506 2586 3546 2661 7
3577 2590 3711 2645 sin—

2062 2659 2229 2732 gu‘lan
2265 2662 2363 2715 lin.
2395 2659 2448 2727 9,
2482 2661 2659 2724 Assii,
2695 2675 2821 2731 quae
2850 2670 2937 2716 est
2966 2661 3117 2716 inter
3151 2659 3380 2732 Portum
3407 2667 3462 2732 et
3488 2660 3709 2715 Ostiam

2061 2728 2350 2787 civitatem
2378 2728 2765 2799 possessiones
2790 2745 2985 2786 omnes
3016 2735 3203 2786 marit.
3234 2733 3331 2784 lin.
3360 2728 3445 2793 44,
3477 2745 3711 2800 posses-

2061 2805 2253 2859 siones
2299 2803 2531 2872 Quirini
2583 2803 2641 2856 in
2688 2803 2876 2857 territ.
2920 2802 3183 2857 Ostiense
3228 2803 3571 2872 praestasol.
3616 2800 3705 2860 42.

2063 2870 2453 2944 possessiones
2503 2874 2560 2927 in
2612 2874 2837 2944 insulas
2884 2870 3370 2940 praestantes'sol.
3421 2870 3537 2938 30;
3573 2875 3706 2928 item

2059 2942 2273 3001 Obtulit
2292 2944 2551 2999 Gallican
2565 2958 2629 2996 us
2649 2942 2904 2997 basilicte
2926 2944 3271 3011 supradictae
3291 2944 3382 2998 SS.
3408 2944 3708 3011 apostolo-

2060 3030 2186 3071 rum
2218 3016 2362 3069 Petri
2399 3021 2456 3068 et
2488 3013 2668 3069 Pauli.
2697 3021 2753 3067 et
2781 3014 3017 3067 Joannis
3048 3014 3334 3079 Baptistae,
3369 3015 3486 3067 haec
3512 3014 3701 3068 dona:

2057 3099 2325 3140 coronam
2357 3098 2477 3153 arg.
2512 3084 2610 3135 lin.
2648 3080 3009 3153 47,Agmassam
3054 3083 3386 3153 Mallianum
3423 3083 3480 3137 in
3515 3085 3700 3138 territ.

1975 3152 2022 3210 Ο
2056 3156 2369 3210 Sabinense
2413 3151 2494 3221 pr.
2531 3153 2638 3207 sol.
2677 3151 2778 3208 445
2805 3159 2861 3207 et
2901 3154 3217 3223 tremissem
3250 3172 3264 3223 ;
3294 3152 3538 3209 fundum
3574 3156 3706 3210 Pic-

2777 3238 2859 3292 pr.
2890 3224 2996 3279 sol.
3033 3220 3121 3285 43,
3155 3220 3397 3279 fundum
3426 3225 3703 3281 Surorum

2826 3309 2907 3362 pr.
2934 3294 3041 3349 sol.
3065 3292 3153 3361 57,
3179 3296 3251 3349 M.
3283 3296 3350 3350 G.
3387 3296 3447 3349 in
3479 3304 3612 3350 terr.
3644 3297 3700 3350 S.

2059 3239 2222 3281 coras
2254 3226 2312 3278 in
2341 3232 2476 3278 terr.
2508 3223 2742 3278 Bellimo

2060 3296 2149 3351 via
2175 3295 2414 3349 Claudia
2448 3294 2509 3348 in
2540 3300 2674 3349 terr.
2706 3296 2791 3360 V.,

2128 3368 2293 3423 Num.
2335 3364 2423 3431 46,
2462 3366 2558 3418 lin.
2606 3363 2658 3429 4,
2707 3365 2924 3420 hisdem
2973 3366 3329 3435 temporibus
3369 3364 3503 3421 fecit
3551 3368 3699 3422 idem

2057 3438 2201 3503 Aug.
2244 3439 2300 3491 in
2341 3439 2449 3491 civ.
2493 3435 2619 3491 Alb.
2668 3436 2966 3491 basilicam
3012 3438 3069 3490 in
3118 3438 3333 3492 honore
3371 3437 3426 3492 S.
3466 3438 3702 3493 Joannis

2056 3509 2344 3579 Baptistae,
2383 3508 2478 3562 ubi
2498 3506 2723 3579 obtulit
2768 3508 2882 3561 haec
2922 3507 3113 3563 dona:
3155 3514 3411 3577 patenam
3443 3521 3564 3579 arg.
3600 3510 3700 3562 lin.

2054 3576 2107 3647 4,
2142 3576 2246 3633 lib.
2274 3578 2327 3634 6.
2363 3579 2460 3631 (in.
2493 3577 2546 3646 5,
2583 3578 2974 3643 possessiones
3019 3581 3387 3634 Lacmuturni
3422 3593 3471 3633 c.
3507 3576 3697 3648 adjac.

2095 3656 2388 3704 ratstantes
2417 3649 2524 3703 sol.
2557 3647 2626 3704 60
2655 3668 2669 3715 ς
2700 3648 2941 3704 fundum
2989 3651 3161 3705 Molas
3194 3656 3550 3718 praestantem
3584 3647 3698 3706 sol.

2050 3665 2139 3777 50.
2173 3721 2586 3777 possessionem
2621 3720 2995 3775 Albanensem
3024 3735 3073 3774 ιε.
3105 3720 3142 3774 l.
3176 3721 3296 3775 Alb.
3337 3728 3694 3777 praestantem

2128 3763 2140 3783 ,
2173 3721 2586 3788 possessionem
2621 3720 2995 3775 Albanensem
3024 3735 3073 3774 ιε.
3105 3720 3142 3774 l.
3176 3721 3296 3775 Alb.
3337 3728 3694 3788 praestantem
3757 3729 3762 3735 '

2052 3789 2310 3853 sol.
2348 3805 2587 3846 massam
2632 3792 2799 3845 Mutii
2837 3806 2921 3859 pr.
2951 3791 3061 3846 sol.
3096 3788 3237 3847 470:
3271 3793 3465 3847 omnia
3506 3793 3701 3848 senica

2049 3864 2292 3928 deserta,
2336 3863 2421 3916 vel
2461 3862 2660 3917 domos
2685 3861 2937 3917 civitatis
2972 3863 3028 3916 in
3067 3862 3206 3917 urbe
3237 3862 3434 3918 Albam
3463 3881 3479 3932 ;
3506 3864 3700 3918 omnia

2054 3936 2113 3988 in
2154 3933 2381 3988 circuit.
2425 3933 3097 4005 eccl.4Constantinian:e
3143 3934 3358 3988 obtulit
3401 3936 3699 4005 Augustus

2052 4007 2469 4075 possessionem
2504 4003 2721 4075 Tiberii
2764 4004 3003 4058 Ctesaris
3050 4011 3407 4075 praestantem
3456 4003 3563 4060 sol.
3605 4003 3695 4070 80,

2053 4073 2466 4145 possessionem
2487 4074 2611 4129 Orti
2645 4081 3003 4145 praestantem
3027 4075 3134 4130 sol.
3158 4073 3248 4140 20,
3281 4077 3698 4145 possessionem

2054 4144 2397 4201 maritimam
2430 4152 2616 4214 priest.
2649 4145 2758 4201 sol.
2784 4144 2872 4201 50.
2906 4144 3317 4214 possessionem
3347 4147 3700 4202 Armatima—

2054 4230 2182 4272 nam
2208 4218 2265 4271 in
2295 4217 2480 4272 territ.
2506 4217 2726 4273 Corano
2744 4224 2937 4287 priest.
2960 4217 3066 4272 sol.
3090 4215 3180 4285 50,
3206 4219 3277 4283 Μ,
3306 4216 3427 4287 450,
3454 4231 3693 4287 possess.

2051 4288 2416 4357 Statiliannm
2457 4302 2543 4357 pr.
2588 4287 2694 4343 sol.
2735 4285 2826 4353 70,
2862 4290 3279 4356 possessionem
3324 4285 3606 4345 Medinam
3642 4303 3695 4357 p.

2122 4361 2284 4414 Num.
2329 4355 2421 4427 47,
2458 4355 2564 4413 'lin.
2610 4356 2659 4421 4,
2709 4355 2929 4415 hisdem
2973 4359 3325 4428 temporibus
3370 4359 3506 4414 fecit
3548 4355 3697 4414 idem

2050 4429 2347 4500 Augustus
2378 4430 2529 4485 intra
2556 4431 2753 4486 urbem
2778 4430 3027 4500 Capuam
3054 4429 3174 4484 bas.
3203 4432 3267 4485 A.
3299 4430 3397 4482 lin.
3417 4428 3482 4500 _2,
3514 4429 3615 4483 ubi
3642 4436 3697 4500 et

2052 4497 2268 4569 obtulit
2306 4502 2454 4557 dona
2499 4501 2635 4568 hzec,
2681 4508 2792 4569 pat.
2837 4502 2933 4553 lin.
2978 4497 3030 4563 4,
3072 4506 3369 4569 argenteos
3406 4497 3456 4553 4.
3504 4500 3601 4552 lin.
3638 4498 3695 4568 5,

294 4563 449 4639 pens.
484 4563 747 4639 singulae.
783 4571 881 4622 lin.
919 4567 1003 4638 45,
1040 4570 1099 4624 in
1131 4570 1326 4625 eodem
1358 4571 1483 4625 loco
1512 4563 1674 4626 dedit
1707 4585 1942 4640 posses-
1968 4563 2023 4623 D
2053 4572 2157 4626 lib.
2185 4568 2239 4635 7,
2272 4571 2611 4627 candelabra
2626 4563 3054 4640 '4'inipedibus,
3082 4563 3190 4623 etc.
3223 4570 3319 4637 (M,
3354 4563 3695 4640 candelabra

291 4640 509 4695 sionem
536 4641 833 4708 cujusdam
855 4641 1163 4712 Cyriacetis
1196 4640 1482 4711 religiosa:
1505 4642 1749 4711 feminae,
1772 4657 1942 4712 quam

293 4711 467 4782 ﬁscus
496 4724 697 4780 occup.
731 4718 770 4765 t.
817 4710 963 4780 pers.
1011 4710 1253 4767 fundum
1297 4710 1805 4782 Veranum'przesu
1831 4715 1937 4769 sol.

291 4779 415 4849 460,
450 4779 863 4851 possessionem
902 4795 1051 4850 aqua
1079 4783 1283 4837 Tuscia
1315 4784 1353 4837 l.
1386 4780 1475 4850 20,
1525 4779 1941 4852 possessionem

288 4855 433 4923 Aug.
484 4854 543 4907 in
583 4854 770 4907 territ.
810 4852 940 4907 Sab.
978 4860 1335 4922 praestantem
1382 4854 1491 4909 sol.
1536 4852 1656 4922 420,
1710 4870 1942 4923 posses—
1992 4910 1997 4913 _

289 4925 509 4978 sionem
549 4924 845 4980 Termulas
878 4939 970 4994 pr,
992 4924 1099 4979 sol.
1134 4923 1221 4990 60,
1266 4926 1683 4994 possessionem
1718 4927 1941 4982 Doanas

289 4939 509 4978 suonem
558 4939 845 4980 termuus
906 4939 958 4989 _r.
992 4939 1099 4979 son.
1134 4939 1221 4990 ou,
1266 4939 1683 4994 possessnonem
1718 4939 1935 4982 uoanas

288 4994 386 5063 (Μ,
420 4996 656 5066 Deanas)
689 5010 773 5065 pr.
803 4939 910 5067 s04:
942 4993 1032 5062 70,
1069 5002 1325 5067 patenam
1363 5009 1594 5053 auream
1626 5011 1678 5066 p.
1712 4996 1809 5051 lib.
1845 4996 1935 5067 20,

292 5074 523 5134 patenas
552 5063 912 5137 argenteash2
940 5063 1096 5135 pens’.
1134 5066 1233 5121 lib.
1268 5066 1359 5132 30,
1388 5063 1663 5137 scyphum
1697 5081 1764 5122 ex
1794 5063 1938 5125 auro

292 5137 606 5209 purissimo
627 5134 689 5207 'p.
743 5134 904 5209 1.45,
945 5134 1156 5209 calices
1193 5134 1503 5209 argenteos
1526 5140 1939 5196 ministeriales

290 5206 378 5270 40,
421 5206 847 5282 pensusinguli
885 5209 921 5263 Ι.
946 5206 1007 5282 2,
1049 5222 1208 5282 amas
1244 5206 1370 5282 arg.
1397 5208 1434 5264 2
1466 5225 1518 5280 p.
1556 5210 1656 5266 lib.
1696 5208 1783 5279 40,
1816 5209 1937 5266 fara

287 5274 555 5352 argentea
582 5274 679 5352 3Q,
708 5274 867 5352 pecs.
909 5274 1060 5351 sing.
1090 5280 1188 5335 lib.
1223 5274 1577 5350 30,'metreta
1603 5296 1671 5338 ex
1699 5274 1936 5352 argento

288 5346 588 5419 pensantia
614 5346 723 5419 lib.
758 5346 877 5407 450.

229 5445 236 5451 -
290 5416 690 5499 :‘Nu‘m.‘_44,
744 5421 866 5499 Διὶνξ.
943 5420 1002 5499 _4_,_
1080 5422 1306 5499 hisdem
1373 5425 1726 5499 temporibus
1782 5423 1937 5499 fecit

285 5489 699 5546 Constantinus
727 5489 793 5545 A.
836 5491 1129 5547 basilicam
1163 5494 1253 5548 via
1285 5489 1562 5550 Lavirana
1603 5498 1753 5550 inter
1782 5496 1934 5551 Duas

287 5562 503 5636 Lauros
531 5558 714 5615 beatis
761 5563 1113 5636 martyribus
1147 5564 1479 5636 Marcellino
1522 5565 1850 5636 presbytero
1878 5573 1934 5621 et

289 5635 345 5686 P.
387 5644 475 5685 ex.
515 5637 571 5685 et
623 5633 972 5688 mausoleum
1016 5635 1360 5701 construxit,
1409 5635 1506 5690 ubi
1526 5633 1930 5693 beatissimam

285 5702 553 5778 Helenam
592 5704 907 5778 Augustam
951 5711 1185 5778 matrem
1218 5719 1380 5761 suam
1414 5711 1606 5776 posuit
1639 5710 1696 5762 in
1728 5720 1933 5763 sarco—
2041 5715 2228 5764 autem
2272 5707 2511 5763 formam
2537 5702 2698 5778 aqua:
2733 5702 3049 5778 permillia
3088 5705 3145 5761 8.

292 5772 473 5849 phago
517 5772 937 5849 porph'yretico,
973 5775 1070 5831 ubi
1102 5776 1188 5849 iob
1229 5772 1477 5833 amorem
1526 5787 1839 5849 martyrum
1870 5786 1928 5834 et

290 5844 489 5900 matris
517 5859 636 5901 suae
668 5844 783 5901 haec
811 5846 961 5902 dona
999 5848 1116 5904 voti
1156 5853 1249 5905 sui
1288 5849 1536 5906 obtulit:
1572 5844 1831 5920 patenam
1857 5863 1927 5906 ex

2051 4642 2245 4697 Graeca
2274 4639 2306 4695 4
2339 4642 2395 4696 in
2440 4640 2716 4709 pedibus),
2762 4637 2880 4695 fara
2926 4640 3193 4694 canthara
3236 4653 3379 4709 terea
3408 4637 3498 4706 30,
3535 4653 3694 4708 pens.

2053 4712 2336 4785 singelib.
2368 4711 2421 4777 5,
2441 4708 2602 4785 ’[fara
2632 4708 2906 4785 canthara
2926 4716 3211 4785 argentea
3230 4708 3506 4785 30,_pens.
3539 4710 3691 4781 sing.

2053 4780 2173 4839 lib:
2187 4780 2264 4856 8.]
2294 4782 2374 4851 (in
2403 4780 2517 4856 cod.
2551 4785 2627 4837 Μ.
2655 4783 2870 4835 inclusa
2904 4781 3517 4856 desyitt.)_0btulit_que
3544 4780 3695 4856 quo—-

2052 4867 2162 4925 que
2215 4852 2625 4923 possessiones,
2688 4866 2928 4925 massam
2981 4852 3343 4925 Statilianam
3398 4854 3455 4907 in
3504 4852 3689 4925 territ.

2052 4922 2382 4982 Mercorano
2410 4933 2597 4993 pnest.
2628 4925 2734 4980 sol.
2763 4922 2888 4987 345,
2931 4923 3343 4992 possessionem
3372 4925 3604 4978 Munera
3633 4923 3691 4977 in

2053 4998 2239 5053 territ.
2270 4997 2537 5064 Cajetano
2565 5011 2647 5065 pr.
2680 4994 2786 5050 sol.
2818 4993 2909 5065 85,
2932 4999 3362 5065 possessionem
3400 4997 3688 5049 Paternam

2053 5070 2109 5124 in
2145 5063 2673 5135 territ.:‘uessfpr.
2709 5066 2812 5121 sol.
2852 5063 2973 5133 450,
3018 5068 3429 5135 possessionem
3462 5065 3693 5120 Gauro-

2050 5139 2233 5195 nicam
2270 5140 2327 5193 in
2356 5138 2540 5193 territ.
2574 5134 2763 5195 Suess.
2802 5151 2886 5206 pr.
2917 5134 3029 5192 sol.
3054 5134 3141 5202 40,
3171 5137 3589 5206 possessionem
3622 5137 3690 5191 ad

2047 5214 2282 5266 Centum
2313 5210 2371 5264 in
2400 5210 2582 5264 territ.
2612 5204 2672 5264 C.
2704 5204 2928 5278 pr.'sol.
2958 5206 3046 5263 60.

2115 5283 2277 5337 Num.
2303 5279 2389 5349 48,
2418 5282 2499 5335 lin
2546 5279 2596 5344 4,
2622 5276 2841 5335 hisdem
2863 5278 3220 5347 temporibus
3242 5276 3385 5349 fecit
3408 5278 3556 5333 idem
3583 5279 3692 5334 Au-

2087 5360 2253 5409 ustus
2272 5354 2328 5408 in
2354 5348 2546 5407 urbem
2568 5351 2859 5421 Neapolim
2880 5350 3199 5421 basilicam,
3222 5349 3320 5421 ubi
3340 5348 3555 5405 obtulit
3574 5350 3690 5405 haec

2087 5368 2253 5409 llSlllS
2272 5368 2328 5408 ιη
2354 5368 2546 5407 urbem
2568 5368 2859 5421 Neapoum
2880 5368 3199 5410 Dasmcam,
3222 5368 3320 5404 UDI
3340 5368 3555 5405 υυιιιιιι
3574 5368 3690 5405 [ΠΕΟ

2046 5368 2193 5479 ἔθυε
2224 5442 2236 5479 :
2270 5431 2580 5493 patenasa.
2607 5423 2664 5478 d.
2703 5438 2755 5491 p.
2790 5437 2836 5476 s.
2874 5422 2973 5493 |_ib.
3006 5418 3077 5476 25
3105 5439 3119 5493 ς
3150 5419 3359 5475 calices
3388 5428 3691 5493 argenteos

2048 5490 2458 5550 ministeriales
2484 5492 2569 5557 45,
2594 5508 2645 5563 p.
2678 5490 2724 5548 s’.
2749 5493 2851 5548 lib.
2875 5490 2942 5548 2:
2963 5491 3207 5561 scyphos
3225 5490 3523 5563 argenteos
3544 5492 3691 5547 duos

2083 5579 2202 5621 ens.
2231 5566 2450 5634 singuli
2481 5564 2577 5620 lib.
2596 5560 2678 5621 ’40
2703 5583 2718 5632 ς
2749 5578 2905 5619 amas
2934 5560 3232 5634 argenteas
3255 5560 3325 5634 2,7
3348 5576 3501 5634 pens.
3531 5575 3684 5634 sung.

2074 5607 2450 5701 [63752733
2467 5607 2731 5708 sese;
2749 5607 3068 5704 ἕόῗρέιὶξῗ
3082 5634 3232 5760 δίιιῖἑ
3269 5607 3504 5689 ιίδῗ”4ο.
3534 5607 3691 5689 Fecit

2081 5715 2227 5760 utem
2272 5707 2511 5760 formam
2537 5721 2698 5760 auuze
2733 5721 2830 5760 per
2863 5707 3049 5760 millia
3088 5705 3145 5760 8.
3230 5706 3341 5760 ecit
3373 5718 3603 5760 auouue
3632 5710 3687 5758 et

3230 5710 3341 5761 ecit
3373 5718 3603 5775 quoque
3632 5710 3687 5758 et

2043 5778 2230 5837 forum
2255 5785 2311 5835 et
2333 5777 2670 5848 domum,’et
2689 5777 2901 5833 obtulit
2925 5777 3315 5848 possessiones
3344 5777 3516 5831 istas:
3548 5787 3691 5848 pos-

2044 5852 2363 5908 sessionem
2414 5844 2648 5905 Macarii
2688 5865 2773 5919 pr.
2806 5844 2938 5905 sol.'
2968 5845 3091 5920 450,
3138 5848 3552 5919 possessionem
3574 5844 3688 5914 Cy-
