4072 6176
298 338 435 399 4544

1140 341 1459 401 HISTORIA
1496 342 1586 399 DE
1624 340 1798 395 VlTlS
1833 340 2002 395 ROM.
2044 340 2244 397 PONT.
2288 374 2361 383 —
2386 346 2441 399 S.
2469 346 2854 403 SILVESTER.

3558 354 3699 413 4542

290 469 755 544 divisitititulos.
791 472 847 527 id
888 474 1290 544 estEcclesias
1339 471 1670 544 paraeciales
1702 469 1903 544 presby
1962 463 2017 521 A
2046 474 2317 544 ptizatum
2373 474 2775 542 eonsignarent,
2832 482 3058 544 propter
3112 480 3425 535 haereticam
3475 485 3697 536 suasio—

291 542 453 596 teris.
492 543 857 597 Excrescente
888 543 1261 599 multitudine
1313 541 1591 608 ﬁdelium,
1637 541 1940 596 Marcellus

288 610 362 667 25
384 613 588 667 titulos
624 613 679 667 in
708 613 854 668 Urbe
883 616 1210 669 constituit.
1247 615 1481 669 Reddita
1518 626 1649 681 pace
1677 612 1941 667 Ecclesia:

293 683 591 752 pontiﬁces
613 698 708 752 per
731 692 977 751 tempora
996 699 1207 741 auxere
1234 685 1435 740 titulos
1456 683 1646 746 Urbis,
1668 684 1941 738 Silvester

289 755 602 810 constituit
635 755 870 809 titulum
921 758 1160 824 Equitii,
1207 757 1301 812 cui
1338 769 1538 811 nomen
1590 754 1661 810 ab
1707 754 1940 825 Equitio

289 824 640 897 presbytero,
676 826 733 880 in
766 828 934 893 cujus
964 825 1142 883 fundo
1174 828 1399 897 positus
1423 833 1527 882 est.

362 896 532 951 Linea
566 893 650 951 44.
690 927 751 937 -
790 899 960 951 Amas
990 893 1271 965 argenteas
1320 898 1459 952 duas
1496 903 1788 966 pensantes
1814 896 1939 949 sin-

286 968 431 1033 gula:
452 967 633 1038 libras
655 968 845 1021 denas.
881 970 1066 1023 Hama:
1093 979 1222 1024 sunt
1245 982 1377 1024 vasa
1403 983 1432 1023 e
1455 969 1669 1038 quibus
1714 975 1937 1038 acetum

288 1038 376 1092 vel
409 1050 576 1106 aqua,
611 1037 879 1094 funditur
908 1040 974 1094 ad
1008 1040 1421 1107 exstinguenda
1473 1035 1757 1105 incendia,
1804 1039 1838 1094 l.
1882 1035 1936 1105 5,

360 1108 670 1169 Sciendum,
702 1109 758 1164 Π.
790 1110 855 1163 de
884 1112 1039 1179 Ofﬁe.
1061 1115 1307 1179 praefert.
1341 1112 1520 1175 vigit;
1549 1111 1584 1166 l.
1617 1111 1936 1179 Quzesitum,

356 1180 605 1243 Acetum,
632 1181 697 1234 de
726 1178 983 1235 Instruat.
1019 1178 1179 1249 legat.
1218 1183 1362 1237 Plin.
1392 1181 1494 1236 lib.
1530 1196 1613 1239 ttt.
1645 1183 1813 1251 epist.
1847 1178 1935 1235 33.

283 1252 441 1323 Ama:
473 1252 530 1305 in
557 1267 662 1323 usu
690 1252 1102 1317 ecclesiastico,
1134 1262 1270 1309 sunt
1300 1266 1429 1307 vasa
1450 1267 1480 1307 e
1509 1254 1723 1323 quibus
1741 1253 1937 1305 vinum

285 1322 373 1394 vel
400 1334 548 1390 aqua
588 1321 855 1378 funditur
912 1325 969 1379 in
1028 1325 1261 1380 calicem
1321 1321 1549 1394 proiiter
1585 1324 1937 1379 sacriﬁcium

287 1392 479 1446 missa:
530 1395 790 1449 Anastas.
827 1395 885 1448 in
914 1396 1200 1450 Benedict.
1235 1398 1303 1451 lll
1326 1392 1345 1450 ἐ
1384 1417 1407 1445 α
1442 1397 1635 1449 Amam
1671 1408 1837 1449 unam
1870 1408 1937 1448 ex

284 1470 522 1534 argento
556 1466 888 1533 purissimo,
921 1475 1245 1534 pensantem
1274 1467 1451 1522 libras
1476 1468 1688 1521 decem.
1730 1484 1756 1514 υ
1785 1463 1937 1519 Ordo

284 1533 578 1590 Romanus
604 1554 616 1589 :
641 1557 666 1587 α
694 1539 862 1591 Amas
882 1533 1197 1608 argenteas,
1227 1539 1631 1601 cantatorium,
1663 1544 1717 1591 et
1735 1544 1936 1591 caetera

284 1618 421 1678 vasa
455 1619 627 1660 aurea
659 1614 1019 1678 etargentea.
1055 1630 1081 1657 υ
1111 1610 1243 1665 Inde
1264 1610 1469 1664 amula:
1494 1608 1932 1664 diminutivum.

283 1675 553 1731 Anastas.
590 1678 647 1731 in
675 1675 911 1748 Gregor.
946 1682 1013 1733 lll
1044 1698 1055 1733 :
1087 1700 1111 1729 (ι
1146 1681 1205 1734 In
1229 1682 1483 1736 oratorio
1508 1679 1732 1734 amulas
1762 1692 1936 1746 super

281 1754 515 1817 auratas
548 1750 706 1817 paria
735 1751 868 1804 duo.
899 1769 924 1799 »
963 1751 1105 1806 Idem
1142 1752 1198 1804 in
1221 1752 1475 1807 Adriano
1506 1752 1525 1805 ῐ
1560 1770 1572 1805 :
1610 1772 1635 1802 α
1671 1750 1932 1805 Amulam

283 1816 631 1873 oﬂ‘ertoriam
696 1834 864 1874 unam

285 1897 522 1961 septem.
552 1909 576 1938 υ
605 1892 905 1945 llamarum
939 1900 995 1946 et
1027 1893 1388 1949 hamularum
1431 1908 1599 1949 usum
1632 1899 1825 1961 aperte
1855 1892 1935 1946 in-

285 1959 443 2036 dicat
493 1961 645 2036 Ordo
694 1964 1020 2018 Romanus:
1062 1984 1086 2016 ‹‹
1134 1964 1350 2019 Amata:
1386 1959 1769 2036 argenteai‘ad
1802 1964 1936 2017 vina

280 2026 571 2086 fundeuda
608 2040 832 2101 paratae.
878 2052 903 2082 »

356 2102 528 2157 Linea
558 2100 639 2159 45.
676 2134 740 2143 -
771 2106 1037 2158 Patenam
1081 2112 1394 2172 argenteam
1432 2107 1773 2159 chrismalem
1802 2121 1937 2157 auro

283 2171 511 2234 elusam,
533 2180 848 2243 pensantem
870 2176 1039 2228 libras
1062 2171 1323 2246 quinque.
1356 2180 1557 2232 Palena
1579 2177 1934 2241 chrismatis,

282 2249 383 2316 est
403 2252 597 2311 patena
628 2247 684 2301 in
713 2260 825 2316 qua
855 2248 1109 2303 chrisma
1135 2249 1545 2316 deponebatur.
1574 2255 1832 2316 paratum
1865 2251 1934 2304 ad

286 2315 829 2389 ordinationes,’vel
880 2315 1250 2386 baptismum.
1288 2323 1441 2375 Auro
1485 2315 1644 2374 clusa
1692 2317 1932 2389 dicitur,

286 2387 424 2453 quia
455 2388 856 2443 includebatur
885 2404 1056 2444 aurea
1089 2390 1250 2444 theca
1281 2390 1559 2445 custodia:
1598 2403 1791 2444 causa.
1826 2387 1937 2445 Pa—L

286 2460 413 2530 t_e_na
435 2468 519 2512 est
550 2474 645 2513 vas
671 2466 886 2528 patens,
920 2460 975 2514 in
1004 2475 1118 2530 quo
1151 2462 1449 2527 reponitur
1470 2476 1694 2516 sacrum
1727 2477 1938 2530 corpus

282 2526 523 2582 Christi.
558 2526 816 2584 Ana’stas.
868 2532 926 2585 in
969 2526 1291 2587 Nicolaol:
1326 2554 1350 2583 ‹‹
1389 2534 1649 2588 Patenam
1699 2546 1766 2588 ex
1796 2526 1937 2589 auro

289 2600 602 2673 purissimo
657 2602 818 2655 misit
857 2603 1097 2657 Michael
1144 2604 1472 2673 imperator,
1525 2618 1654 2659 cum
1691 2605 1939 2660 diversis

284 2668 582 2744 lapidibus
614 2673 883 2739 pretiosis
908 2672 1078 2735 albis,
1105 2668 1356 2741 prasinis
1385 2682 1441 2729 et
1462 2668 1886 2744 'hyacinthinis.
1910 2694 1936 2725 ι)

288 2740 433 2795 Hinc
463 2752 659 2810 patena
692 2744 861 2798 calici
894 2740 1251 2814 adjung’itur.
1276 2740 1687 2800 Ditmaruslib.
1710 2744 1745 2801 6
1774 2766 1787 2800 :
1828 2768 1852 2799 «
1876 2748 1940 2801 Et

293 2827 558 2886 magnum
592 2814 825 2868 calicem
857 2828 926 2869 ex
957 2816 1152 2870 eodem
1183 2817 1410 2872 metallo
1454 2831 1583 2872 cum
1618 2824 1818 2886 patena
1849 2819 1938 2873 si—

292 2884 408 2938 mul
436 2890 485 2938 et
516 2884 707 2939 fistula
737 2886 911 2942 dedit.
942 2905 964 2933 κ

360 2953 648 3029 Linea45,
685 2954 768 3011 46.
798 2987 869 2997 ~—
914 2958 1095 3012 Phara
1126 2966 1381 3013 coronata
1424 2960 1597 3013 decem
1644 2967 1937 3029 pensantes

284 3027 431 3100 sing.
475 3027 651 3100 libras
699 3034 937 3100 octonas.
973 3029 1191 3084 Pharus
1236 3037 1323 3085 est
1354 3032 1539 3099 majus
1598 3027 1788 3100 lychni
1836 3045 1936 3086 seu

286 3097 617 3171 candelabri
650 3099 738 3153 vel
772 3100 1019 3154 lucernae
1062 3115 1241 3171 genus
1292 3097 1635 3156 trans‘latitie
1680 3116 1710 3155 a
1756 3104 1936 3157 Pharo

285 3168 697 3235 Alexandrina,

289 3240 557 3294 Anastas.
589 3239 724 3295 infr.
761 3242 864 3297 hoc
894 3242 1017 3297 loco
1054 3259 1066 3295 :
1102 3264 1127 3295 «
1168 3239 1416 3297 Pharum
1465 3256 1530 3298 ex
1561 3256 1703 3297 auro
1737 3245 1937 3310 puris-

285 3312 457 3378 simo,
492 3312 622 3366 item
675 3312 913 3380 pharum
968 3313 1302 3368 cantharum
1335 3327 1401 3367 ex
1448 3327 1590 3367 auro
1622 3315 1936 3380 purissimo

285 3390 418 3436 ante
439 3381 636 3447 altare,
662 3384 719 3437 in
744 3399 857 3453 quo
876 3384 1034 3437 ardet
1055 3383 1240 3437 oleum
1269 3385 1563 3439 nardicum
1593 3383 1883 3450 pisticum.
1907 3402 1931 3432 ››

284 3454 356 3507 Et
388 3468 633 3507 rursus:
683 3474 707 3504 «
744 3454 988 3509 Pharum
1030 3454 1365 3508 cantharum
1423 3461 1750 3524 argenteum
1805 3458 1934 3510 cum

284 3524 582 3591 delphinis
611 3532 834 3579 centum
892 3532 949 3579 et
996 3525 1226 3595 viginti.
1264 3544 1289 3574 ι)
1326 3526 1470 3580 Idem
1530 3526 1588 3579 in
1638 3526 1930 3581 Adriano:

289 3616 315 3645 α
352 3596 505 3648 Fecit
546 3602 601 3650 et
633 3599 815 3650 larum
849 3597 1112 3665 majorem
1154 3598 1209 3650 in
1242 3598 1431 3650 eadem
1461 3595 1612 3651 beati
1656 3598 1801 3651 Petri
1835 3610 1936 3651 ec-

283 3666 460 3720 clesia
495 3667 551 3720 in
594 3674 786 3736 typum
837 3667 1046 3733 crucis,
1083 3668 1181 3737 qui
1226 3668 1434 3737 pendet
1476 3673 1607 3722 ante
1640 3667 1935 3737 presbyte—

286 3737 461 3804 rium,
494 3737 787 3792 habentem
816 3738 1083 3793 candelas
1116 3736 1271 3793 4365.
1311 3756 1335 3787 ι
1373 3740 1520 3793 Idem
1556 3739 1612 3793 in
1648 3736 1929 3793 Benedict.

282 3809 356 3862 [II
391 3826 463 3879 :a
509 3809 752 3863 Pharum
797 3810 1132 3864 cantharum
1173 3818 1501 3879 argenteum
1545 3811 1826 3864 sedentem
1873 3811 1933 3864 in

326 3878 531 3934 edibus
553 3889 821 3949 quatuor.
854 3881 910 3934 in
932 3894 1044 3949 quo
1064 3878 1293 3935 lucerna
1316 3882 1491 3935 simul
1518 3888 1572 3935 et
1597 3882 1743 3936 cerei
1772 3895 1937 3950 pone-

323 3958 498 4005 antur
549 3952 714 4018 juxta
777 3952 1097 4015 lectorium,
1151 3953 1297 4006 miro
1358 3966 1526 4017 onere
1581 3950 1794 4006 fecit.»
1830 3955 1934 4007 Leo

280 4021 572 4076 Ostiensis
607 4022 871 4076 Chronic.
902 4024 1056 4077 Cass.
1093 4023 1186 4077 lib.
1220 4037 1303 4085 Ill,
1337 4037 1459 4090 cap.
1489 4019 1550 4077 34
1586 4041 1597 4075 :
1638 4045 1663 4074 ιι
1697 4024 1851 4078 Fecit
1881 4029 1936 4078 et

287 4093 529 4161 pharum
559 4107 682 4147 cum
712 4091 778 4147 42
806 4094 1197 4149 exstrinsecus
1225 4093 1646 4163 pertinentibus
1674 4094 1937 4150 turribus

282 4178 408 4231 sex,
438 4171 493 4219 et
544 4165 783 4234 triginta
836 4164 1275 4233 lampadibus.»
1330 4165 1693 4220 Walafridus
1734 4165 1935 4220 Strabo

283 4235 399 4289 Vit.
433 4235 486 4289 S.
538 4235 687 4289 Galli
740 4234 843 4289 lib.
895 4249 956 4299 ll,
1016 4250 1137 4305 cap.
1183 4234 1271 4295 34,
1323 4238 1469 4304 apud
1503 4238 1632 4291 Sur.
1681 4241 1817 4289 tom.
1850 4237 1930 4290 V:

286 4326 314 4356 α
349 4306 552 4360 Farum
587 4321 711 4375 qua:
736 4312 867 4360 ante
896 4308 1075 4361 altare
1100 4308 1283 4361 sancti
1314 4306 1461 4362 Galli
1497 4306 1790 4375 pendebat,
1836 4322 1936 4375 pro

285 4377 663 4431 incendendis
688 4377 1095 4433 luminaribus.
1128 4397 1152 4426 ››
1184 4379 1280 4432 Ait
1301 4378 1483 4432 oleum
1517 4391 1547 4432 e
1572 4378 1750 4433 nardo
1780 4379 1940 4444 pisti-

282 4461 436 4512 cum,
468 4448 519 4500 id
554 4455 639 4503 est
671 4448 852 4511 fidele,
881 4451 1214 4517 pretiosum.
1258 4456 1321 4503 ut
1376 4449 1549 4503 Marci
1601 4447 1687 4512 44,
1757 4448 1816 4499 νά
1850 4450 1935 4501 δου

286 4524 513 4570 πιστικοῦ
593 4519 918 4587 llieronym.
974 4521 1030 4574 in
1088 4520 1283 4574 Matth.
1335 4519 1435 4574 lib.
1494 4534 1571 4585 tv,
1631 4534 1752 4587 cap.
1803 4469 1874 4573 $6
1915 4528 2020 4587 :1)

286 4524 513 4570 πιστικοῦ
593 4519 918 4589 llieronym.
974 4521 1030 4574 in
1088 4520 1283 4574 Matth.
1335 4519 1435 4574 lib.
1494 4534 1571 4585 tv,
1631 4534 1752 4588 cap.

285 4610 313 4639 α
344 4591 593 4645 Nardum
622 4591 913 4658 pisticum,
945 4590 1049 4646 hoc
1072 4599 1159 4646 est
1180 4604 1375 4645 verum
1405 4597 1462 4644 et
1480 4591 1696 4661 absque
1724 4591 1876 4645 dolo.
1904 4610 1929 4639 »

284 4662 575 4733 Interdum
604 4661 781 4729 pharo
802 4662 1073 4732 jungitur
1100 4663 1432 4730 cantharus,
1468 4663 1618 4732 quod
1642 4669 1730 4717 est
1754 4676 1933 4733 genus

284 4732 461 4799 vasis,
490 4733 583 4787 cui
617 4734 1029 4802 superponitur
1059 4734 1288 4802 pharus.

358 4805 524 4858 Num.
567 4801 656 4867 35,
687 4805 789 4858 lin.
833 4804 888 4857 8.
919 4834 992 4843 —
1039 4801 1109 4857 Et
1136 4805 1371 4858 chrisma
1417 4804 1486 4856 ab
1530 4807 1770 4873 episeopo
1798 4820 1933 4857 con-

282 4877 396 4944 ﬁci.
435 4875 794 4929 Consecratio
825 4876 1161 4930 chrismatis
1195 4882 1282 4929 est
1306 4875 1532 4929 ordinis
1562 4876 1925 4944 episcopalis,

283 4959 357 5001 ex
384 4947 601 5015 synodo
628 4947 876 5001 Romana
921 4946 1111 5001 habita
1160 4946 1268 5000 sub
1297 4946 1569 5000 Silvestro
1606 4960 1729 5001 can.
1772 4946 1823 4999 4.
1856 4948 1929 5000 Ea

282 5023 374 5072 est
404 5018 574 5071 vetita
611 5017 975 5086 presbyteris,
1007 5024 1063 5071 et
1098 5018 1228 5073 data
1259 5017 1402 5071 solis
1436 5018 1747 5085 episcopis.
1775 5018 1926 5087 quod

288 5087 548 5157 probavit
581 5102 705 5157 syn.
748 5089 1009 5157 Carthag.
1072 5103 1134 5153 ιι,
1187 5102 1288 5143 can
1345 5086 1399 5152 3,
1445 5086 1925 5158 etCarthag.iu,.

284 5171 413 5213 can.
443 5158 532 5224 68,
561 5173 683 5213 can.
720 5159 781 5212 Si
803 5160 984 5227 jubet,
1013 5166 1068 5215 et
1093 5173 1210 5230 seq.
1244 5158 1333 5228 26,
1364 5174 1457 5229 qu.
1515 5158 1567 5214 6.
1604 5159 1925 5229 Hieronym.

287 5230 349 5284 in
375 5231 600 5298 Sophon
632 5247 643 5282 :
683 5251 707 5281 ‹‹
742 5231 1071 5285 Sacerdotes
1097 5245 1340 5300 quoque.
1385 5232 1485 5301 qui
1534 5231 1675 5286 dant
1707 5231 1931 5299 baptis-

286 5314 465 5367 mum,
497 5307 553 5355 et
576 5301 657 5371 ad
709 5303 1125 5356 Eucharistiam
1150 5301 1377 5357 Domini
1410 5302 1799 5371 imprecantur
1823 5302 1932 5356 ad-

284 5376 536 5438 ventum,
560 5370 779 5425 faciunt
805 5371 991 5426 oleum
1012 5372 1365 5436 chrismatis,
1386 5370 1591 5428 manus
1609 5373 1930 5439 imponunt,

284 5442 725 5498 catechumenos
749 5443 1045 5507 «radiant,
1076 5444 1294 5509 levitas,
1318 5449 1374 5497 et
1396 5443 1545 5498 alios
1569 5444 1935 5497 constituunt

285 5511 630 5582 sacerdotes,
664 5530 689 5558 »
724 5510 1030 5566 Frodoard.
1067 5514 1123 5567 in
1152 5513 1417 5567 Chronic.
1451 5513 1520 5567 ad
1554 5526 1689 5566 ann.
1716 5510 1840 5582 967,
1862 5515 1933 5569 de

282 5580 641 5654 Adalberone
664 5582 1031 5654 Laudunensi
1059 5584 1322 5651 episcopo
1352 5601 1364 5636 :
1398 5604 1422 5633 «
1457 5584 1651 5637 Remis
1688 5580 1935 5654 denique

287 5661 477 5726 postea
498 5650 619 5705 Kal.
644 5652 882 5726 Aprilis,
903 5654 1205 5726 episcopus
1221 5650 1306 5707 est
1326 5654 1652 5726 ordinatus,
1668 5654 1723 5709 in
1738 5650 1933 5710 sancto

290 5724 607 5781 Palmarum
662 5724 777 5791 die,
824 5725 955 5778 exin
1018 5726 1352 5779 Laudunum
1401 5724 1648 5792 rediens,
1708 5740 1930 5782 sacrum

289 5795 541 5852 chrisma
572 5796 822 5850 sacravit
849 5796 1239 5851 ecclesiastico
1271 5809 1443 5862 more,
1479 5813 1505 5844 υ
1538 5802 1645 5852 etc.

364 5867 531 5922 Linea
582 5864 635 5922 9.
686 5868 757 5921 Et
806 5868 1157 5938 privilegium
1203 5868 1333 5937 epist
1351 5870 1466 5938 opis
1509 5867 1680 5942 dedit,
1726 5875 1787 5927 ut
1830 5870 1933 5925 ba-

728 3186 854 3243 qua:
881 3172 950 3243 de
975 3180 1136 3226 nocte
1180 3173 1582 3243 navigantibus
1612 3172 1934 3227 adlucebat.
1971 3182 2019 3243 α
2045 3171 2223 3243 dutus
2251 3174 2356 3243 est,
2381 3175 2456 3243 ut
2487 3181 2596 3236 app

2050 558 2188 619 nem.
2222 543 2605 619 Consignatio
2625 560 2723 600 seu
2769 543 3127 604 conﬁrmatio
3155 550 3569 619 baptizatorum
3610 559 3698 609 est

2050 614 2276 668 ordinis
2298 616 2760 692 epi_scopalis,_et_
2776 618 3104 692 pertinetad
3121 614 3417 692 episcopos
3448 630 3693 690 tantum,

2049 698 2116 739 ex
2143 687 2358 761 synodo
2384 688 2631 741 Romana
2672 687 2861 761 habita
2895 689 3003 743 sub
3028 687 3331 748 Silvestro:
3347 693 3506 761 Quod
3533 687 3697 750 com?

2052 756 2349 832 probatum
2397 764 2482 832 est
2526 772 2651 832 can.
2683 760 3019 827 Presbyteris
3049 767 3103 815 et
3152 776 3263 832 seq.
3326 756 3390 818 de
3436 782 3694 823 consecr..

2047 823 2185 881 dist.
2223 823 2273 889 4,
2302 842 2428 882 can.
2460 831 2535 882 De
2581 829 2683 893 his,
2733 823 2870 884 can:
2912 833 3133 893 Manus,
3181 823 3285 887 can
3316 836 3616 890 Novissime
3642 845 3696 892 et

2050 911 2206 968 seqq.
2244 899 2310 972 de
2342 915 2602 972 consecr.,
2634 900 2771 972 dist,
2798 899 2851 954 5.
2890 902 3214 972 Hieronym.
3250 904 3315 959 ad
3372 904 3695 962 Luciferia—

2050 981 2153 1023 nos
2183 1010 2197 1037 ,
2222 990 2247 1020 α
2277 971 2397 1024 Νοη
2451 970 2679 1040 quidem
2725 970 2915 1026 abnuo
2950 970 3115 1028 hanc
3140 989 3264 1030 esse
3311 975 3695 1033 Ecclesiarum

2049 1041 2544 1116 consuetudinem,
2583 1048 2646 1116 ut
2682 1043 2751 1097 ad
2796 1057 2912 1099 eos.
2947 1045 3047 1116 qui
3085 1045 3250 1116 longe
3278 1047 3335 1101 in
3370 1048 3697 1104 minoribus

2051 1110 2295 1185 urbibus
2328 1112 2815 1185 perpresbyteros
2842 1121 2899 1169 et
2926 1110 3211 1171 diaconos
3240 1116 3511 1185 baptizati
3538 1127 3693 1184 sunt,

2049 1183 2354 1265 episcopus
2380 1182 2448 1237 ad
2482 1185 2897 1265 invocationem
2929 1187 3116 1241 sancti
3162 1182 3418 1257 Spiritus
3468 1182 3695 1245 manum

2051 1262 2124 1307 im
2137 1262 2434 1322 positurus
2462 1262 2747 1309 excurrat.

2118 1325 2292 1401 Linea
2318 1322 2406 1401 40._
2444 1355 2515 1363 —
2544 1326 2645 1401 Hic
2678 1331 2739 1401 et
2777 1327 2871 1379 hoc
2904 1331 3210 1401 constituit,
3262 1335 3322 1383 ut
3362 1332 3698 1401 baptizatum

2048 1394 2230 1474 liniret
2258 1397 2540 1474 presbyter
2567 1398 2872 1474 chrismate
2898 1394 3133 1474 levatum
3171 1401 3237 1454 de
3280 1394 3447 1471 aqua,
3474 1408 3699 1474 propter

2046 1469 2376 1520 occasionem
2406 1469 2672 1521 transitus
2712 1472 2919 1521 mortis.
2977 1469 3452 1529 Chrismatioiseu
3474 1469 3659 1529 “un—cli

2045 1536 2459 1607 baptizatorum
2481 1539 2745 1593 instituta
2763 1553 2791 1592 a
2809 1539 3083 1596 Silvestro
3103 1550 3329 1610 propter
3341 1546 3696 1600 occasionem

2047 1611 2330 1682 transitus
2357 1610 2581 1682 mortis.
2612 1610 2666 1665 id
2712 1616 2796 1664 est
2840 1618 3072 1682 propter
3120 1611 3446 1682 frequentes
3501 1630 3693 1682 casus,

2045 1681 2144 1749 qui
2190 1680 2622 1749 contingebant,
2656 1687 2718 1735 ut
2763 1694 2960 1736 recens
3003 1680 3280 1750 baptiza‘ti
3316 1685 3565 1742 obirent.
3617 1680 3696 1741 De

2045 1751 2498 1824 quogvicecomes
2525 1752 2595 1805 de
2629 1753 2898 1820 Baptism.
2935 1752 3032 1807 lib.
3064 1767 3119 1822 v,
3152 1768 3275 1824 cap.
3310 1754 3363 1810 3.

922 1831 1246 1890 pensantem
1305 1822 1484 1877 libras
1536 1824 1831 1891 sexaginta
1880 1829 1934 1875 et
1972 1822 2016 1881 Β
2117 1822 2283 1876 Linea
2318 1820 2398 1876 14.
2427 1853 2494 1863 —
2520 1825 2620 1877 Hic
2643 1826 2924 1888 constituit
2963 1830 3024 1877 ut
3062 1820 3248 1879 nullus
3279 1827 3451 1881 laicus
3489 1831 3695 1884 crimen

2044 1894 2460 1965 clericoinferre
2489 1894 2710 1965 audeat.
2745 1903 2854 1948 etc.
2884 1896 2961 1949 Ex
2979 1897 3193 1965 synodo
3219 1897 3467 1954 Romana
3499 1900 3695 1957 habita

2045 1963 2443 2019 subSilvestro
2461 1978 2585 2018 can.
2618 1961 2701 2032 44,
2730 1965 2886 2032 laici,
2920 1961 3028 2021 non
3067 1968 3581 2027 audiunturtestes
3608 1972 3693 2026 vel

2046 2042 2406 2111 accusatores
2459 2036 2732 2111 glversus
2778 2042 3136 2111 episcopum,
3186 2052 3311 2111 can.
3360 2043 3580 2097 Nullus.
3636 2040 3692 2111 2,

2049 2102 2847 2182 qu._7_,‘can.‘Testimonium
2889 2102 2994 2177 44,'
3034 2102 3134 2182 qui
3196 2108 3247 2179 4,
3296 2114 3433 2181 quia
3483 2102 3695 2182 Oppido

2049 2178 2215 2303 mult;
2248 2176 2444 2232 infesti
2471 2178 2555 2233 eis
2580 2179 2857 2244 existunt,
2885 2176 3012 2234 can.
3036 2176 3244 2247 Laicos,
3275 2176 3401 2237 can.
3430 2176 3605 2247 Laici,
3636 2182 3693 2252 2,

2049 2264 2143 2303 au.
2213 2290 2223 2300 .

2046 2264 2143 2317 qu.
2184 2264 2223 2303 ι.

2118 2321 2288 2374 Linea
2322 2315 2498 2372 42.—-
2538 2321 2638 2373 Hie
2674 2323 2968 2383 constitute
3021 2330 3083 2374 ut
3135 2324 3352 2377 diaconi
3396 2326 3692 2380 dalmaticu

2046 2396 2328 2444 uterentur
2358 2393 2416 2442 in
2446 2392 2702 2455 Ecclesia,
2748 2398 2797 2444 et
2818 2394 2991 2461 pallio
3038 2394 3293 2448 linostino
3340 2396 3475 2449 laeva
3514 2414 3693 2451 eorum

2047 2467 2335 2527 tegeretur,
2377 2468 2463 2515 etc
2506 2462 2763 2516 Silvestri
2823 2463 3155 2519 institutum
3202 2473 3307 2528 est,
3358 2474 3419 2521 ut
3466 2468 3691 2523 diaconi

2047 2533 2313 2587 Ecclesia:
2338 2532 2599 2586 Romanae
2628 2534 2958 2589 dalmaticis
2986 2540 3283 2592 uterentur
3315 2539 3466 2593 intra
3496 2539 3695 2595 Eccle-

2049 2604 2211 2658 siam.
2239 2604 2471 2657 Caeteris
2499 2604 2868 2659 interdictum
2888 2613 2973 2659 est
2997 2622 3103 2661 usu
3127 2609 3467 2666 dalmaticaa.
3490 2611 3601 2665 nisi
3623 2624 3693 2664 ex

2051 2674 2377 2743 privilegio,
2405 2681 2465 2728 ut
2491 2675 2943 2742 Arelatensibus,
2963 2690 3087 2731 can.
3108 2678 3414 2733 Communis
3434 2679 3504 2735 23
3527 2682 3691 2745 dist.,

2048 2746 2131 2799 vel
2165 2745 2338 2799 certis
2362 2745 2588 2810 diebus,
2608 2759 2711 2799 can
2758 2747 3073 2813 deJejunio,
3103 2745 3191 2803 76.
3218 2750 3355 2804 dist.
3382 2752 3693 2807 Dalmatica

2049 2822 2132 2870 est
2161 2817 2356 2870 tunica
2387 2816 2514 2869 sine
2546 2817 2789 2871 manicis
2820 2832 2944 2885 qua:
2976 2825 3061 2871 est
3091 2821 3267 2874 vestis
3295 2821 3689 2878 diaconorum.

2048 2887 2357 2961 Augustin.
2398 2886 2611 2961 Quaest,
2658 2888 2838 2961 Yeter.
2871 2887 3112 2961 Testam.
3146 2904 3268 2957 cap.
3305 2888 3413 2946 46:
3451 2914 3476 2943 α
3517 2892 3692 2961 Quasi

2051 2972 2160 3013 non
2191 2958 2366 3031 hodie
2387 2957 2613 3031 diaconi
2652 2956 2982 3031 dalmaticis
3010 2956 3328 3031 induantur
3357 2963 3511 3017 sicut
3537 2956 3694 3031 'epi-

2048 3028 2225 3097 scopi.
2251 3046 2277 3076 »
2308 3030 2370 3081 Et
2395 3028 2697 3081 Ammiam.
2729 3028 2826 3081 lib.
2851 3041 2924 3082 xx
2946 3041 2979 3080 v
3008 3045 3020 3079 :
3050 3048 3073 3078 α
3102 3030 3440 3085 Pectoralem
3464 3028 3697 3088 tunicu-

2047 3099 2158 3154 lam
2192 3098 2317 3153 sine
2350 3099 2593 3151 manicis
2624 3104 2854 3168 textam,
2887 3099 3071 3152 Maras
3088 3100 3323 3168 quidam
3353 3103 3580 3158 nomine
3615 3106 3693 3157 in-

2601 3167 2777 3239 ellant
2801 3167 3140 3239 Christiani,
3165 3170 3462 3228 diaconus.
3495 3192 3519 3222 »
3561 3174 3691 3228 Dal-

2049 3242 2266 3294 matica:
2287 3239 2524 3293 additur
2543 3238 2778 3308 pallium
2804 3238 3139 3294 linostulum
3167 3241 3224 3295 in
3252 3242 3384 3296 laeva
3409 3245 3465 3298 in
3485 3250 3691 3301 ornatu

2046 3311 2409 3384 clericorum.
2446 3309 2593 3384 quod
2624 3309 3231 3384 est_pallium_lineum,
3255 3313 3403 3382 alba,
3426 3329 3525 3371 seu
3546 3330 3628 3370 ma
3641 3331 3694 3384 p-

2049 3383 2204 3451 pula,
2224 3396 2334 3451 qua
2371 3380 2928 3453 utebanturdiaroni
2955 3381 3220 3437 Ecclesia:
3247 3380 3529 3453 Romanae,
3561 3380 3687 3441 can.

2046 3449 2338 3528 Diacou'us,
2360 3466 2485 3505 can.
2520 3452 2682 3528 illud,
2708 3449 2777 3528 935
2802 3452 2939 3528 dist.
2971 3453 3084 3507 Hoc
3113 3462 3219 3521 est,
3248 3449 3688 3528 orarium'quod

2045 3524 2527 3593 diaconiﬂgestant
2559 3524 2617 3576 in
2636 3523 2878 3578 sinistro
2915 3525 3169 3589 humero,
3194 3541 3319 3582 can.
3355 3529 3531 3583 Unum
3556 3523 3692 3583 bra—

2044 3598 2208 3655 rium,
2241 3592 2332 3648 25}
2360 3594 2496 3647 dist.

2116 3666 2286 3719 Linea
2318 3661 2401 3718 44.
2428 3694 2499 3704 -
2526 3665 3047 3743 Hi_c__constituit,_ut
3075 3669 3262 3743 nullus
3290 3671 3517 3727 clericus
3529 3689 3691 3743 prop-

2044 3741 2124 3791 ter
2152 3751 2372 3790 causam
2418 3736 2717 3803 quamlibet
2745 3739 2804 3791 in
2853 3740 3062 3791 curiam
3093 3740 3364 3806 introiret,
3423 3736 3690 3798 nee-mite

2031 3808 2277 3875 judicem
2306 3810 2537 3860 cinctum
2558 3823 2778 3860 causam
2806 3807 3023 3873 diceret,
3064 3811 3176 3863 nisi
3222 3813 3279 3863 in
3307 3814 3566 3868 Ecclesia.
3613 3816 3690 3870 Ex

2045 3880 2259 3948 synodo
2298 3879 2547 3952 Romana
2587 3877 2695 3932 sub
2733 3877 3005 3952 Silvestro
3044 3887 3286 3948 vetatur,
3322 3897 3389 3938 ne
3424 3887 3558 3952 quis
3583 3886 3692 3941 cle-

2046 3953 2204 4004 ricus
2230 3949 2629 4021 causamdicat
2651 3949 2800 4015 apud
2822 3949 3075 4021 judicem
3098 3952 3374 4021 cinctum,
3402 3949 3457 4009 id
3481 3963 3566 4011 est
3595 3958 3689 4012 ci—

2044 4021 2235 4084 vilem,
2264 4034 2388 4095 can.
2418 4020 2613 4075 Nullus
2642 4021 2884 4084 clericus,
2919 4018 3003 4095 44.
3049 4037 3147 4095 qu.
3183 4021 3231 4076 4.
3259 4018 3440 4079 Cincti
3467 4028 3691 4095 judices

2047 4099 2183 4147 sunt
2214 4090 2588 4162 magistratus
2618 4103 2830 4157 omnes,
2859 4092 2957 4161 qui
2993 4090 3199 4148 habent
3229 4090 3537 4162 imperium
3567 4112 3690 4154 me—

2046 4177 2197 4252 rym,
2245 4160 2342 4232 qui
2395 4160 2823 4252 habebantjusr
2842 4160 3063 4244 cinguli
3107 4173 3162 4218 et
3186 4160 3420 4252 gladii.’
3450 4168 3684 4252 G'regor.

2046 4230 2311 4310 Nagiaqi.
2337 4233 2517 4310 epist“.
2548 4230 2624 4310 46_
2652 4235 2720 4287 ad
2749 4230 3081 4310 Africanum
3108 4230 3236 4310 {7.55:
3266 4237 3363 4310 τὴν
3394 4230 3687 4310 ἀνοίμαἏΟν

2045 4303 2178 4376 χρᾶη
2229 4300 2410 4374 ἀρχὴν)
2450 4301 2538 4355 κᾶν
2582 4303 2668 4369 τὴν
2713 4310 2835 4373 μετὰ
2872 4306 3041 4374 ψίφους
3080 4307 3158 4357 καὶ
3211 4300 3516 4378 τελοίμῶνοςί
3566 4311 3689 4365 Sive

2044 4378 2407 4429 incruentium
2464 4377 2751 4444 imperium
2793 4382 2962 4442 gerat,
2997 4380 3106 4430 sive
3136 4394 3255 4431 cum
3292 4377 3478 4446 gladio
3506 4387 3555 4435 et
3580 4385 3690 4436 cin-

2045 4448 2190 4518 gulo.
2221 4447 2358 4501 Hinc
2378 4447 3340 4518 cinctidiscinctisOpponuntur,id
3370 4452 3689 4518 estjudices

2049 4517 2102 4592 in
2126 4525 2261 4592 actu
2285 4519 2491 4592 positi,
2529 4518 2621 4592 his
2657 4518 2759 4592 qu_i
2810 4518 3146 4592 magistratu
3194 4517 3475 4592 defuncti
3527 4530 3684 4592 sunt,

2042 4587 2240 4643 Sidon.
2285 4583 2381 4641 lib.
2416 4604 2470 4651 ν,
2521 4583 2690 4654 epist,
2725 4583 2801 4639 7:
2849 4607 2873 4636 (ι
2905 4583 3139 4641 Ἑὶιέυῐίε
3183 4590 3336 4655 jura,
3387 4583 3687 4647 distinctis

2046 4658 2367 4727 privilegia.
2406 4676 2430 4705 »
2459 4658 2610 4729 Idem
2632 4656 2937 4729 constituit
2958 4657 3169 4729 Julius,
3201 4660 3271 4714 de
3288 4675 3402 4729 quo
3423 4664 3684 4719 Anastas.

2046 4730 2102 4783 in
2135 4730 2261 4796 ejus
2296 4728 2435 4781 νίῑά
2474 4748 2497 4777 ‹‹
2534 4728 2635 4780 llic
2664 4727 3045 4799 constitutum
3076 4727 3229 4799 fecit,
3256 4727 3320 4786 ut
3351 4733 3550 4788 nullus
3578 4734 3687 4790 cle-

2043 4801 2200 4925 ἓίοιῖδ
2226 4812 2456 4880 causam
2484 4796 2799 4868 quamlibet
2827 4797 2884 4851 in
2932 4799 3166 4867 publico
3212 4796 3426 4873 ageret,
3471 4805 3588 4860 nisi
3623 4806 3680 4861 in

2084 4886 2145 4925 cc
2174 4884 2310 4925 esna.
2344 4890 2368 4918 »

2038 4872 2310 4925 Ecclesia.
2344 4890 2368 4918 »

2114 4944 2283 4997 Linea
2315 4938 2399 5016 45.
2426 4970 2498 4979 -
2544 4941 2645 4994 Hie
2676 4942 3069 5016 constituit,ut
3108 4946 3435 5014 sacriﬁcium
3464 4947 3681 5016 altaris,

2039 5030 2149 5067 non
2178 5016 2237 5066 in
2266 5015 2430 5084 serico
2456 5017 2618 5080 atque
2648 5015 2705 5064 in
2742 5029 2928 5081 panno
2955 5015 3119 5068 tincto
3144 5016 3522 5084 celebraretur,
3575 5015 3686 5074 nisi

2041 5090 2254 5158 tantum
2284 5086 2343 5135 in
2372 5083 2626 5158 linteam:
2676 5088 2882 5138 terreno
2913 5085 3023 5158 lino
3055 5093 3362 5155 procreato.
3424 5083 3684 5158 synodus

2040 5156 2288 5212 Romana
2319 5154 2426 5209 sub
2455 5155 2739 5223 Sylvestro
2759 5156 2983 5226 statuit,
3026 5154 3095 5211 ne
3117 5154 3476 5214 sacriﬁcium'
3498 5161 3683 5216 missa:

2039 5227 2360 5282 celebretur
2398 5227 2454 5279 in
2499 5238 2684 5293 panno
2730 5227 2934 5291 serico,
2963 5228 3051 5282 vel
3078 5230 3280 5289 tincto,
3303 5230 3398 5285 sed
3426 5232 3484 5285 in
3530 5230 3683 5288 lineo

2042 5305 2283 5363 tantum,
2319 5309 2445 5357 can,
2480 5296 2747 5364 Consulto,
2796 5299 2860 5351 de
2899 5300 3161 5365 Consecr.,
3208 5300 3347 5355 dist.
3412 5298 3462 5354 4.
3498 5302 3683 5358 Vestis

2044 5370 2194 5424 linea
2218 5366 2332 5422 fuit
2361 5366 2586 5437 insngne
2636 5370 3014 5424 sacerdotum.
3063 5369 3306 5425 Jacobus
3358 5374 3684 5430 Nazarenus

2042 5440 2195 5496 lineo
2245 5444 2465 5493 tantum
2521 5437 2695 5506 pallio
2748 5455 2885 5495 usus
2941 5448 3047 5509 est,
3112 5442 3311 5496 Matth.
3368 5456 3506 5497 xiv:
3562 5446 3680 5499 Fu-

2039 5514 2121 5579 git
2143 5510 2471 5575 adolescens,
2489 5510 2678 5563 relicta
2698 5511 2944 5573 sindone,
2998 5528 3109 5580 qua
3132 5518 3248 5565 erat
3268 5516 3517 5569 amictus.
3550 5517 3684 5573 Inde

2041 5583 2165 5637 alba
2199 5581 2420 5636 dicitur
2450 5581 2625 5635 vestis
2648 5595 2809 5637 sacra
2851 5582 3213 5638 clericorum.
3250 5584 3403 5639 Paul.
3442 5587 3675 5645 Diacon.

2040 5653 2113 5727 de
2134 5653 2242 5727 Vit.
2270 5654 2331 5727 ιτ.
2360 5652 2698 5727 Emeritens.
2724 5668 2847 5727 cap.
2874 5653 2941 5707 6:
2980 5675 3005 5704 «
3037 5654 3316 5727 Quoniam
3351 5656 3533 5727 igitur
3559 5660 3680 5714 Do-

2043 5724 2255 5777 minico
2274 5724 2392 5791 die,
2412 5724 2548 5777 dum
2572 5722 2630 5777 in
2652 5725 2865 5779 atrium
2887 5739 3015 5780 cum
3040 5726 3238 5781 multis
3256 5722 3683 5787 ﬁliisEcclesite

2044 5795 2315 5921 teigderet,
2349 5801 2418 5919 ἶιι
2453 5808 2576 5849 mos
2624 5800 2731 5863 est,
2762 5796 3206 5855 archidiaconus
3252 5813 3383 5856 cum
3426 5801 3581 5858 clero
3619 5803 3680 5857 in

2044 5880 2071 5921 Η
2140 5881 2209 5921 IS.
2245 5884 2271 5915 1)
2315 5878 2343 5921 e
2371 5880 2419 5920 (Σ.

2039 5865 2209 5936 albis,
2245 5884 2271 5915 ››
2315 5872 2419 5921 etc.
