4072 6176
413 318 552 378 4543

1642 319 2001 376 ΑΝΑ8ΤΑ5Π
2040 319 2582 376 BlBLlOTHECARlI

3681 319 3824 376 4544

478 445 649 499 Linea
674 442 761 500 20.
792 444 1175 499 Subdiaconus
1197 458 1370 497 annos
1401 446 1660 512 quinque,
1699 448 1875 498 custos
1899 460 2058 496 τηαν-
2080 440 2137 499 Α
2170 456 2290 498 mas
2310 442 2644 509 excludunt,
2663 440 2830 514 idest
2859 442 3206 514 examinant,
3235 442 3318 496 vel
3349 442 3595 514 probant
3624 457 3827 514 argen-

406 520 587 583 tyrum
632 531 805 569 annos
856 518 1118 583 quinque.
1167 515 1371 569 Custos
1420 523 1729 585 martyrum
1772 528 1881 568 non
1935 520 2056 569 erat

403 600 604 640 nomen
645 587 860 655 proprii
891 588 1123 655 gradus,
1147 599 1245 639 seu
1269 586 1494 639 ordinis
1515 586 1917 649 ecclesiastici,
1957 585 2051 639 sed

401 655 573 711 ofﬁcii
610 657 1118 712 subdiaconorum.
1140 658 1183 710 A
1208 656 1451 710 Fabiano
1470 664 1680 723 septem
1709 656 1851 711 subd
1866 657 2050 710 iaconi

404 729 461 782 in
494 727 637 782 Urbe
671 728 953 788 instituti,
1002 726 1101 794 qui
1134 728 1379 781 notariis
1426 728 1657 782 totidem
1691 741 1787 796 per
1834 734 2049 795 septem

404 799 667 869 regiones
697 798 869 853 Urbis
893 797 1199 865 dispositis
1228 798 1613 869 imminerent.
1647 806 1707 853 ut
1736 806 1859 852 acta
1894 812 2052 852 mar—

405 876 591 938 tyrum
624 870 679 922 in
718 871 959 937 integro,
996 868 1048 921 id
1078 875 1164 922 est
1192 883 1258 922 ex
1291 868 1399 923 fide
1430 870 1951 927 conscriberentur.
1988 875 2051 923 ut

403 939 765 994 observatum
808 947 893 994 est
936 954 1001 993 ex
1037 940 1341 995 Anastasio
1386 941 1443 994 in
1506 939 1771 994 Fabiano.
1835 941 2047 995 Horum

404 1008 652 1086 ofﬁcium
684 1012 854 1086 etiam
876 1016 997 1086 erat
1024 1011 1317 1086 custodire
1342 1018 1635 1081 martyres,
1669 1010 2047 1086 hisalimeuta

407 1082 465 1136 in
493 1095 717 1136 carcere
749 1082 1103 1145 ministrare,
1125 1095 1366 1151 corpora
1398 1089 1748 1136 mortuorum
1782 1082 2045 1149 sepelire.

403 1158 459 1206 et
488 1165 684 1206 cavere
726 1166 793 1207 ne
837 1152 1191 1220 sepultorum
1236 1166 1471 1221 corpora
1519 1154 1894 1221 eriperentur.
1954 1153 2045 1207 Vel

402 1223 670 1278 custodes
702 1231 1012 1293 martyrum
1047 1223 1381 1292 legebantur
1409 1237 1475 1278 ex
1504 1224 1707 1279 ordine
1732 1223 2047 1278 subdiaco-

403 1306 629 1361 norum,
688 1302 985 1364 postquam
1062 1294 1511 1349 subdiaconatus
1557 1307 1788 1349 munere
1861 1293 2047 1349 functi

401 1370 591 1419 essent
634 1365 1097 1435 quinquennium
1149 1383 1163 1433 ς
1223 1374 1279 1420 et
1322 1366 1522 1420 horum
1558 1378 1767 1419 munus
1820 1370 1942 1419 erat
1989 1366 2043 1419 in

446 1436 886 1504 uinquennium,
944 1440 1248 1504 antequam
1317 1450 1653 1507 progressus
1710 1442 1925 1505 pateret
1976 1437 2045 1492 ad

445 1507 790 1561 iaconatum.

471 1578 636 1631 Num.
671 1575 759 1641 36,
787 1577 936 1632 linea
962 1573 1015 1631 2.
1039 1609 1113 1619 --
1140 1580 1440 1645 Fastigium
1462 1583 1775 1644 argenteum
1798 1578 2043 1631 batutile.

302 1680 310 1686 -
401 1647 1133 1719 Basilicatlonstantiniana
1183 1650 1457 1705 adornata
1481 1649 1714 1719 fastigio
1754 1656 2044 1719 argenteo.

398 1718 649 1789 Templis
682 1732 1029 1787 paganorum
1063 1720 1235 1789 adjici
1272 1720 1488 1774 solebat
1520 1718 1841 1788 fastigium,
1877 1720 1931 1774 id
1959 1725 2047 1775 est

2168 521 2310 569 tum.
2352 514 2662 583 Augustin.
2696 512 2766 568 de
2784 513 2986 580 Sp‘irit.
3018 512 3266 567 etlitter.
3293 527 3415 580 cap.
3459 512 3513 566 tl
3548 535 3561 568 :
3600 535 3627 563 α
3663 512 3826 568 [ῖήἀθ

2166 593 2217 639 et
2249 584 2576 639 exclusores
2606 584 3152 655 dicunturquidam
3186 584 3434 638 artifices
3467 586 3817 655 argentarii.

2164 656 2302 736 Hinc
2326 664 2408 736 est
2438 662 2493 709 et
2523 655 2663 736 illud
2702 656 2759 736 in
2791 654 3031 736 Psalmis
3062 672 3082 736 Ξ
3116 656 3187 736 Et
3207 654 3593 736 emoludantur.
3614 659 3704 736 ii"
3722 660 3823 736 qui

2160 728 2377 795 probati
2404 733 2533 780 sunt
2561 731 2805 793 argento.
2843 743 2868 773 »
2895 728 3040 783 Idem
3068 726 3124 779 in
3155 726 3377 780 Psalm.:
3414 748 3435 775 α
3458 728 3634 781 xxxiv
3658 726 3825 780 Unde

2160 798 2440 853 dicuntur
2467 805 2522 851 et
2556 798 2612 851 in
2661 804 2783 851 arte
2827 797 3155 867 argentaria
3206 798 3551 865 exclusores,
3592 799 3647 852 id
3706 806 3819 861 est,

2164 870 2405 938 quadam
2433 867 2774 923 confusione
2812 881 3011 922 massae
3040 868 3107 923 ad
3163 882 3281 923 sua:
3332 867 3527 924 forma:
3572 882 3822 938 expres-

2159 953 2337 995 801⁵65.
2374 958 2399 987 ι)

2229 1011 2401 1064 Linea
2426 1007 2515 1064 33.
2542 1039 2611 1047 -
2632 1009 2911 1063 Canthara
2933 1015 3235 1075 cyrostrala
3262 1012 3319 1063 in
3345 1013 3548 1077 gremia
3570 1011 3818 1063 basilica

2157 1086 2411 1147 argentm
2443 1083 2863 1149 quinquaginta.
2882 1081 3161 1135 Canthara
3195 1089 3505 1135 cerostrata
3526 1090 3533 1135 ε
3544 1082 3632 1135 sic
3652 1082 3811 1135 enim

2159 1151 2480 1221 legendum,
2512 1152 2594 1205 vel
2649 1152 2996 1220 simpliciter
3032 1154 3365 1219 cerostrata)
3395 1159 3531 1207 sunt
3561 1166 3693 1205 vasa
3749 1153 3809 1205 in

2158 1225 2373 1291 quibus
2410 1222 2764 1277 collocantur
2792 1223 2961 1285 cerei,
2997 1223 3080 1277 vel
3126 1223 3390 1277 lucernae.
3444 1225 3709 1277 Anastas.
3748 1223 3808 1275 in

2157 1294 2372 1361 Vigilio
2404 1311 2415 1346 :
2450 1313 2475 1343 α
2508 1294 2861 1348 Cerostastas
2884 1300 3182 1363 argenteas
3229 1294 3531 1348 deauratas
3562 1295 3811 1360 majores

2158 1366 2322 1427 duas,
2357 1378 2482 1433 qua:
2507 1371 2661 1418 stant
2696 1378 2873 1434 usque
2900 1363 3070 1418 hodie
3090 1372 3220 1419 ante
3246 1378 3456 1434 corpus
3479 1364 3628 1418 beati
3657 1365 3805 1417 Petri

2157 1436 2422 1504 apostoli.
2452 1452 2477 1485 ιν
2503 1436 2765 1489 Anastas.
2800 1435 2855 1488 in
2882 1436 3132 1490 Honorio
3156 1454 3173 1489 :
3202 1435 3469 1491 «Fecitet
3489 1443 3808 1489 cerostatas

2158 1507 2401 1575 majores
2418 1519 2486 1561 ex
2514 1512 2749 1576 argento
2777 1507 2935 1574 paria
2959 1506 3095 1572 duo,
3122 1520 3246 1575 quae
3267 1515 3404 1561 sunt
3433 1512 3566 1561 ante
3593 1521 3807 1574 corpus

2158 1577 2308 1632 beati
2343 1578 2492 1631 Petri
2530 1577 2795 1645 apostoli.
2839 1594 2865 1624 ››
2900 1577 3047 1631 Idem
3109 1578 3165 1631 in
3201 1579 3379 1632 Leone
3414 1580 3484 1632 [Il
3517 1595 3530 1629 :
3587 1597 3614 1625 α
3651 1577 3807 1630 Fecit

2156 1654 2468 1703 cerostatas
2508 1649 2746 1714 majores
2769 1647 3065 1701 versatiles
3090 1648 3443 1717 anaglyphos
3468 1661 3537 1702 ex
3570 1655 3806 1715 argento

2158 1720 2485 1788 purissimo.
2523 1736 2548 1767 ››
2590 1721 2651 1773 1η
2678 1718 2973 1774 cantharis
3002 1717 3237 1771 ardebat
3262 1719 3471 1783 oleum,
3507 1720 3563 1772 in
3608 1718 3805 1787 pbaris

398 1788 648 1865 culmen,
675 1796 911 1865 ornatus
937 1788 1373 1865 causa.Ar_n0b.
1410 1791 1509 1865 lib.
1543 1792 1840 1865 t__advers._
1861 1790 1998 1865 Gent
2030 1810 2045 1844 :
2077 1805 2128 1865 Β
2154 1792 2390 1865 εει-εχει
2421 1789 2689 1865 lucernae.
2717 1789 3014 1865 Bulenger.
3036 1788 3107 1844 de
3126 1790 3286 1865 Rom.
3313 1789 3571 1865 pont_iﬁc.
3596 1789 3697 1865 lib.
3736 1803 3799 1850 lt,

401 1879 427 1911 α
460 1860 687 1928 Templa
728 1860 962 1928 felibus,
994 1861 1301 1927 scarabeis,
1330 1870 1385 1917 et
1412 1861 1660 1925 buculis,
1694 1862 2046 1916 sublimibus

398 1937 535 1985 sunt
552 1933 698 1986 elata
723 1930 1000 2001 fastigiis.
1027 1952 1052 1982 »
1072 1934 1250 2002 Eque
1275 1935 1422 2002 apud
1446 1932 1807 1987 Christianos
1824 1933 2045 1988 uadibus

399 2003 579 2056 sacris
612 2002 844 2073 fastigia
871 2004 1088 2073 imponi
1125 2005 1300 2059 moris
1331 2003 1462 2058 fuit.
1492 2005 1567 2057 De
1603 2005 1842 2058 basilica
1890 2004 2046 2058 Con—

401 2075 756 2128 stantiniana
784 2080 1025 2131 testatur
1054 2076 1395 2130 Anastasius
1423 2075 1527 2129 hoc
1551 2075 1692 2142 loco,
1716 2083 1772 2129 et
1805 2074 1952 2129 infra
1985 2075 2044 2129 in

398 2143 651 2198 Sixtolll
683 2163 695 2198 :
726 2164 751 2195 α
788 2146 938 2201 Fecit
976 2154 1163 2201 autem
1216 2146 1675 2213 Valentinianus,
1718 2159 1783 2200 ex
1843 2153 2041 2213 rogatu

397 2214 542 2268 Sixti
575 2216 851 2287 episcopi,
880 2216 1173 2287 fastigium
1203 2223 1531 2285 argenteum
1558 2217 1613 2270 in
1650 2217 1889 2271 Basilica
1910 2219 2049 2271 Con-

399 2280 945 2355 stantiniana,'quod
971 2280 1301 2342 a‘Barbaris
1339 2287 1628 2343 sublatum
1658 2287 1861 2342 fuerat.
1896 2306 1918 2333 υ
1953 2289 2047 2341 Fa-

399 2357 639 2425 stigium
685 2358 858 2427 hujus
888 2358 1144 2413 basilica‘
1172 2359 1285 2414 fuit
1312 2372 1379 2413 ex
1412 2365 1645 2428 argento
1689 2358 1941 2413 batulili.
1988 2359 2042 2412 id

397 2434 503 2491 est,
530 2429 835 2500 conflatum
860 2444 923 2484 ex
943 2437 1207 2500 argenteo
1234 2432 1407 2485 ducto
1432 2431 1487 2484 in
1518 2428 1777 2499 laminas,
1807 2430 1956 2498 quod
1984 2429 2047 2483 fit

399 2499 769 2566 percussione
804 2499 1042 2566 metalli,
1071 2514 1203 2556 voce
1254 2501 1423 2556 ducta
1471 2515 1499 2553 a
1543 2501 1743 2555 Latino
1803 2501 2040 2567 huluere,

399 2569 546 2640 quod
581 2577 746 2624 sonat
766 2578 1060 2639 percutere.
1098 2573 1276 2626 Plaut.
1297 2573 1353 2626 in
1375 2572 1615 2626 Casina:
1650 2593 1675 2621 α
1698 2571 2044 2640 Sculpoueas

398 2639 615 2762 guibus
644 2640 914 2722 batuatur
937 2642 1043 2695 tibi
1068 2656 1150 2696 os.
1184 2641 1544 2722 n'l‘ranquill.
1573 2643 1630 2695 in
1656 2639 2039 2711 Caligul.cap.

434 2707 469 2761 “2
501 2728 513 2761 :
558 2730 583 2759 α
613 2711 1024 2762 Mvrmillonem
1049 2726 1078 2762 e
1123 2713 1259 2762 ludo
1291 2712 1533 2762 rudibus
1560 2726 1747 2762 secum
1800 2713 2039 2762 batuen-

399 2707 469 2762 32
501 2728 513 2761 :
558 2730 583 2759 α
613 2711 1024 2777 Myrmillonem
1049 2726 1078 2765 e
1122 2713 1259 2766 ludo
1291 2707 1533 2765 rudibus
1560 2726 1747 2766 secum
1784 2707 2045 2767 'batuen-

398 2786 531 2833 tem.
564 2797 588 2828 »
622 2782 687 2833 Et
709 2794 833 2848 cap.
855 2779 965 2835 54:
1004 2803 1028 2831 «
1064 2783 1334 2835 Batuebat
1385 2783 1746 2849 pugnatoriis
1786 2783 1981 2838 armis.
2017 2802 2041 2831 n

399 2850 515 2904 Hoc
536 2864 732 2915 sensu,
763 2852 955 2907 eadem
994 2865 1126 2907 νοιτθ
1158 2866 1298 2907 usus
1341 2858 1427 2906 est
1454 2854 1715 2906 Anastas.
1756 2852 1891 2907 infr.
1943 2856 2045 2908 hoc

401 2920 525 2976 loco
566 2939 577 2974 :
618 2944 643 2973 ιι
671 2922 889 2993 Altaria
916 2932 1125 2989 septem
1152 2936 1219 2977 ex
1258 2929 1492 2993 argento
1536 2922 1791 2978 batutili.
1828 2943 1854 2972 υ
1881 2925 2045 2979 Edes

401 2998 660 3063 augustae
673 2994 841 3047 etiam
867 2992 1162 3062 fastigium
1184 2993 1446 3049 habuere.
1468 2994 1611 3049 Flor.
1632 2994 1730 3048 lib.
1754 2994 2037 3063 tv.cap.2:

402 3082 428 3112 α
460 3064 666 3117 Omnes
692 3064 933 3119 honores
951 3078 1128 3119 unum
1160 3066 1215 3118 in
1239 3065 1551 3134 principem
1576 3066 1863 3131 congesti:
1890 3069 2043 3121 circa

2154 1876 2277 1930 cap.
2302 1860 2336 1915 6
2359 1879 2370 1914 :
2396 1881 2421 1911 α
2442 1864 2496 1914 In
2526 1861 2821 1915 cantharis
2861 1861 3031 1913 etiam
3064 1860 3398 1915 mittebatur
3423 1862 3562 1915 thus
3579 1859 3805 1915 sufﬁtus

2154 1945 2394 1987 causa.»
2423 1937 2685 1986 Anastas.
2718 1933 2775 1985 in
2805 1930 3069 1985 Benedict
3123 1933 3189 1985 lll
3216 1949 3229 1985 :
3268 1952 3293 1981 α
3325 1931 3678 1987 Cantharum
3705 1932 3808 1986 in-

2156 2003 2497 2069 terrasilem,
2529 2003 2586 2056 in
2615 2015 2758 2071 quas
2791 2002 2929 2056 thus
2965 2004 3237 2056 mzttitur.
3276 2022 3300 2050 υ

2228 2075 2397 2128 Linea
2432 2071 2521 2129 34.
2555 2103 2627 2112 -
2676 2074 2913 2126 Metretaz
2956 2078 3061 2126 tres
3100 2089 3167 2126 e1:
3217 2078 3443 2139 argento
3484 2076 3802 2142 purissima,

2155 2151 2431 2215 portantes
2460 2145 2690 2211 singulm
2720 2144 3014 2197 medimnos
3046 2144 3240 2205 decem,
3273 2152 3380 2215 etc.
3442 2145 3678 2199 Metreta
3722 2153 3808 2199 est

2160 2230 2423 2271 mensura
2471 2215 2850 2283 liquidorum,
2905 2221 3036 2283 puta
3066 2216 3183 2269 vini
3223 2217 3307 2269 vel
3334 2214 3467 2270 olei.
3495 2217 3807 2271 continens

2159 2288 2475 2342 medimnos
2501 2288 2715 2341 decem.
2748 2287 3066 2340 Medimnus
3090 2287 3245 2353 capit
3273 2287 3496 2340 modios
3520 2300 3646 2340 sex.
3682 2289 3803 2340 Me—

2156 2359 2367 2413 dimnte
2401 2358 2614 2412 mentio
2648 2356 2889 2412 habetur
2924 2358 3120 2411 Joann.
3148 2371 3272 2425 cap.
3304 2356 3341 2411 2
3368 2375 3380 2410 :
3407 2356 3587 2409 τΗσαν
3614 2359 3641 2407 δ
3697 2354 3806 2409 ὲκε-

2155 2430 2315 2498 ὗδρξαι
2356 2429 2522 2480 λυθναὶ
2559 2428 2606 2489 ἒξ
2656 2428 2869 2498 astuant
2905 2426 3030 2478 κατὰ
3066 2427 3150 2479 τὸν
3192 2425 3493 2497 καταρεσμόν
3524 2435 3625 2479 τῶν
3675 2426 3806 2481 Ἰου-

2155 2494 2307 2551 δαῖων
2346 2506 2601 2571 χωροῦσαι
2647 2494 2740 2549 οἱνᾶ
2781 2499 3020 2567 μετρητὰς
3071 2500 3177 2557 δύο,
3221 2499 3249 2564 ἤ
3300 2494 3446 2568 ipsi;
3501 2499 3687 2551 Erant
3734 2501 3805 2571 ibi

2154 2563 2622 2640 hydriaE'lapidew
2658 2585 2754 2622 sea:
2778 2563 2985 2637 posita),
3036 2563 3340 2623 secundum
3365 2563 3807 2639 puriﬁcatione"!

2153 2643 2481 2708 Judaeorum,
2514 2644 2783 2710 capientes
2808 2641 3041 2706 singulae
3064 2646 3318 2693 metretas
3348 2641 3511 2701 duas,
3545 2648 3645 2693 aut
3676 2648 3802 2694 tres.

2154 2712 2330 2781 Quem
2354 2714 2421 2767 ad
2450 2726 2614 2767 usum
2644 2725 2673 2765 a
2700 2712 3075 2766 Constantino
3094 2713 3298 2766 dicatae
3325 2712 3445 2765 sint
3468 2711 3800 2779 bujusmodi

2158 2791 2425 2848 metretze,
2460 2796 2570 2837 non
2597 2782 2849 2837 alienum
2880 2789 2966 2837 est
3002 2783 3231 2837 credere
3259 2796 3354 2837 eas
3378 2783 3565 2845 datas,
3586 2782 3803 2851 quibus

2155 2857 2548 2909 contineretur
2582 2853 2769 2907 oleum
2805 2861 3033 2922 propter
3064 2853 3329 2908 lucernas
3361 2853 3654 2907 Ecclesize.
3684 2854 3803 2908 Me—

2158 2932 2333 2987 tretaa,
2353 2925 2611 2980 solebant
2630 2923 2842 2989 offerri,
2870 2924 3005 2993 quia
3026 2934 3186 2978 erant
3207 2928 3261 2978 in
3294 2939 3401 2979 usu
3430 2924 3719 2985 Ecclesiae.
3740 2933 3801 2978 ut

2157 2995 2305 3052 infra
2339 2997 2444 3051 hoc
2467 2996 2623 3051 loco:
2656 3015 2679 3047 «
2713 2998 2973 3065 Metretas
2998 3002 3295 3065 argenteas
3319 2996 3466 3049 duas
3500 3003 3801 3058 pensantes

2155 3067 2333 3121 libras
2353 3068 2646 3122 ducentas.
2684 3084 2710 3114 ››
2737 3068 2800 3120 Et
2829 3064 2963 3127 infr,
2996 3066 3141 3120 eod.:
3175 3088 3201 3114 ‹‹
3237 3067 3530 3120 Metretum
3563 3081 3633 3121 ex
3662 3080 3801 3121 auro

398 3134 931 3217 templaimagines,
955 3136 1020 3217 _in
1053 3136 1276 3217 theatro
1304 3137 1581 3217 distincta
1612 3137 1791 3191 radiis
1811 3151 2040 3217 corona,
2073 3157 2121 3217 ο
2156 3152 2399 3217 pensans
2420 3138 2605 3217 libras
2632 3145 2859 3192 centum
2892 3137 3313 3208 quinquaginta
3342 3145 3667 3206 portantem
3698 3150 3803 3191 me-

397 3212 702 3276 suggestus
733 3208 789 3259 in
843 3208 1026 3273 curia,
1071 3206 1364 3276 fastigium
1403 3208 1460 3261 in
1499 3207 1689 3276 domo,
1724 3210 1936 3264 mensis
1982 3210 2039 3263 in

399 3275 559 3330 caelo.
612 3294 638 3325 ιο
670 3276 930 3332 Ambros.
968 3278 1027 3331 in
1064 3275 1269 3332 Psalm.
1302 3291 1509 3331 cxvm:
1555 3300 1581 3326 «
1614 3275 1732 3333 Nan
1762 3280 1951 3334 stellat
1982 3287 2043 3334 ut

400 3344 633 3417 fastigia
674 3347 1017 3419 culminum,
1053 3363 1179 3418 quae
1224 3348 1365 3403 bene
1408 3356 1556 3404 tecta
1599 3354 1771 3420 atque
1823 3352 2045 3406 munita

396 3423 552 3471 sunt.
598 3436 623 3465 ι)

469 3488 639 3542 Linea
687 3486 740 3542 9.
784 3519 858 3530 —-
904 3490 1033 3543 dum
1066 3494 1285 3557 gemmis
1332 3492 1709 3545 Alabandinis
1753 3493 1813 3545 in
1852 3493 2043 3546 oculis.

397 3558 769 3631 Alabandinze
794 3574 914 3631 gem
927 3575 1025 3615 mae
1046 3568 1199 3616 sunt.
1228 3578 1352 3631 qua:
1376 3569 1651 3631 petuntur
1671 3577 1737 3617 ex
1756 3563 2044 3618 Alabanda

399 3630 539 3685 urbe
566 3631 764 3701 Caria’,
802 3630 947 3687 haud
996 3632 1193 3701 procul
1226 3630 1258 3687 a
1289 3630 1572 3689 Maiandro
1618 3635 1715 3689 flu.
1754 3636 1897 3689 Plin.
1938 3634 2040 3689 lib.

396 3703 828 3775 guuncapﬂ:
851 3724 876 3754 ‹‹
907 3704 1287 3775 Alabandicos
1312 3705 1639 3775 crystallos.
1676 3724 1701 3755 ιι
1738 3707 1883 3761 Idem
1917 3720 2038 3775 cap.

393 3767 426 3824 7
457 3773 638 3840 ejusd.
666 3767 789 3828 li'b.:
825 3795 849 3824 α
880 3767 1683 3830 Alabandicoscarbunculos.
1719 3795 1743 3825 »
1777 3767 2037 3831 Anastas.

397 3843 457 3924 in
488 3844 767 3925 Gregorio
802 3846 871 3900 ιν
914 3864 926 3899 :
977 3866 1002 3897 α
1045 3846 1454 3902 Alamandinas
1500 3848 1744 3917 majores
1804 3861 2041 3903 numero

393 3921 625 3983 viginti.
663 3932 689 3983 η

468 3986 639 4040 Linea
664 3982 750 4041 40.
775 4016 842 4025 -
871 3990 958 4041 Ea:
986 3993 1209 4053 argento
1235 3989 1487 4043 dolulico.
1532 3990 1842 4058 Argentum
1873 3989 2043 4045 dola-

397 4055 575 4128 ticum
607 4065 1014 4128 estargentum
1042 4058 1319 4122 dolatum,
1355 4060 1437 4114 vel
1465 4055 1816 4116 dedolatum.

470 4126 639 4179 Linea
668 4124 753 4180 43.
785 4124 857 4166 ὲ-
896 4130 1175 4182 Cmneram
1229 4131 1463 4184 basilica:
1512 4149 1580 4185 ea:
1624 4148 1759 4185 auro
1810 4134 2037 4185 trimme.

396 4195 646 4263 Camera,
677 4197 731 4251 id
762 4204 848 4251 est
868 4200 1095 4253 testudo
1120 4201 1374 4254 basilicae
1394 4203 1903 4264 Constantiniana,
1929 4201 2043 4258 fuit

398 4266 661 4335 laqueata
685 4280 752 4320 ex
780 4280 921 4322 auro
945 4269 1229 4335 Trimmae,
1262 4271 1315 4325 id
1355 4279 1439 4325 est
1472 4286 1537 4327 ex
1564 4287 1705 4328 auro
1754 4274 1927 4329 ducto
1982 4266 2040 4328 in

394 4336 677 4392 bracteas.
706 4338 911 4393 Eodem
941 4352 1113 4394 sensu
1147 4340 1250 4395 hac
1273 4355 1406 4396 voce
1436 4358 1575 4397 usus
1625 4350 1711 4397 est
1762 4346 2030 4399 Anastas.

394 4408 502 4464 hoc
528 4408 691 4463 loco:
728 4429 753 4459 «
807 4410 961 4465 Fecit
1002 4418 1189 4465 autem
1254 4418 1311 4466 et
1348 4426 1626 4467 cameram
1674 4413 1928 4469 basilica
1974 4429 2041 4471 ex

394 4480 776 4557 trimmaauri
807 4479 1135 4557 fulgentem.
1165 4500 1190 4531 n
1217 4483 1296 4537 De
1327 4498 1439 4553 quo
1464 4484 1762 4557 Bulenger.
1786 4486 1857 4541 de
1881 4487 2033 4542 Rom.

396 4550 600 4621 pontif.
641 4551 745 4621 lib.
771 4565 831 4619 Il,
867 4550 992 4621 cap.
1026 4550 1115 4607 67.

464 4623 634 4676 Linea
680 4620 763 4676 Π.
807 4653 881 4663 -
919 4620 1187 4693 Scyphum
1230 4628 1562 4693 singularem
1593 4644 1660 4681 ea:
1703 4630 1919 4682 metallo
1944 4645 2037 4681 co-

390 4694 531 4767 rallo
556 4699 827 4758 ornatum,
858 4696 1102 4763 undique
1137 4696 1203 4749 de
1229 4701 1450 4762 gemmis
1468 4701 1714 4767 prasinis
1737 4705 1785 4753 et
1800 4701 2037 4767 hyacin—

392 4764 584 4841 thinis__
613 4780 748 4841 auro
796 4767 1169 4841 interclusum.
1205 4764 1485 4841 Scyphius,
1529 4771 1676 4837 quod
1728 4778 1814 4824 est
1840 4764 2038 4841 'genus

395 4835 610 4903 poculi,
644 4836 713 4911 de
745 4836 988 4911 gemmis»
1013 4850 1153 4893 auro
1204 4835 1562 4911 interclusus
1598 4841 1837 4905 dicitur,
1862 4835 2037 4911 'quia

429 4918 625 4960 emma:
674 4906 1072 4962 includuudur
1112 4922 1275 4963 auro.
1324 4910 1534 4965 Paulus
1578 4911 1635 4964 in
1686 4912 1724 4965 L
1771 4906 2038 4965 Pediaulis

460 4974 511 5038 4,
540 4978 606 5031 de
629 4993 751 5030 aur.
787 4982 837 5031 et
862 4984 1077 5045 argent.
1107 4980 1250 5047 legat
1282 4998 1299 5033 :
1335 5000 1361 5030 α
1391 4982 1545 5035 Auro
1578 4980 1726 5036 facto
1756 4981 2043 5037 adnume-

392 5054 603 5103 rantur
623 5061 855 5119 gemmaa
877 5062 1019 5104 auro
1050 5050 1307 5105 inclusae.
1344 5069 1368 5099 υ
1395 5052 1537 5106 Hinc
1557 5052 1876 5107 inclusores
1894 5053 2038 5108 dicti

389 5119 817 5193 auriticestqui
864 5133 1297 5193 gemmasgauro
1329 5120 1651 5177 includunt.
1700 5124 2029 5193 Hieronym.

390 5188 493 5243 lib.
527 5203 558 5242 ν
592 5190 650 5244 in
680 5188 954 5245 Hierem.:
989 5212 1014 5241 α
1044 5190 1256 5246 Fabros
1276 5197 1486 5250 autem.
1519 5200 1575 5247 et
1601 5188 1927 5249 inclusores
1953 5195 2036 5250 vel

390 5259 536 5335 legis
565 5261 924 5335 interpretes,
954 5268 1126 5331 atque
1149 5263 1412 5335 doctores
1454 5263 1728 5319 debemus
1758 5266 2036 5335 accipere,

392 5332 476 5385 vel
500 5332 752 5387 artiﬁces
784 5331 1220 5402 iuclusoresque
1251 5334 1403 5401 auri,
1445 5341 1617 5403 atque
1660 5331 2034 5404 gemmarum,

391 5415 515 5469 qua:
544 5415 638 5457 ars
663 5405 813 5472 apud
837 5404 1109 5458 barbaras
1130 5404 1393 5459 nationes
1417 5406 1834 5473 pretiosissima
1865 5414 1969 5461 est.
2005 5426 2032 5458 ι)

388 5474 694 5546 Augustin.
726 5475 796 5546 de
822 5474 1129 5546 Mirabilib.
1175 5488 1319 5530 sacr.
1348 5476 1612 5545 Scriptur
1668 5475 1769 5531 lib.
1805 5492 1867 5544 ll,
1896 5493 2025 5546 cap.

388 5538 459 5597 29
488 5538 507 5593 Ξ
533 5562 558 5591 α
588 5544 894 5616 Militibus,
918 5554 973 5601 et
1001 5545 1199 5615 fabris,
1232 5554 1288 5601 et
1317 5538 1731 5603 inclusoribus.
1768 5567 1793 5598 »
1829 5538 2032 5603 Eodem

389 5623 561 5667 sensu
588 5613 847 5670 Anastas.
884 5613 1027 5672 ’infr.
1062 5613 1326 5673 hoc'ioco
1354 5618 1507 5672 dixit
1536 5636 1546 5669 :
1598 5638 1622 5667 α
1682 5619 2034 5675 Candelabra

387 5681 717 5761 aurichalca
737 5693 945 5761 septem
971 5702 1037 5743 ex
1060 5695 1314 5759 argento,
1343 5688 1651 5761 interclusa
1671 5690 1885 5761 sigillis
1913 5706 2036 5760 pro-

389 5753 713 5825 phetarum.
745 5772 771 5803 ιι
801 5753 867 5809 Et
896 5772 1068 5825 supra
1096 5753 1163 5811 εἷι
1197 5753 1455 5816 Patenam
1488 5753 1852 5816 chrismalem
1890 5753 2032 5817 auro

388 5826 628 5885 elusam.
651 5843 678 5877 ι»
698 5826 739 5881 Ε
764 5829 1056 5884 contrario
1077 5828 1407 5887 exclusores
1427 5830 1725 5896 dicuntur,
1750 5833 1850 5904 qui
1879 5846 2031 5903 gem-

2066 4530 2119 4589 D

2152 3209 2382 3264 dimnos
2415 3215 2546 3264 tres.
2593 3228 2618 3257 υ

2227 3281 2397 3335 Linea
2426 3278 2515 3335 35.
2548 3310 2615 3317 -
2658 3278 2999 3333 Candelabra
3052 3279 3365 3333 aurichalca
3419 3285 3625 3346 septem
3676 3286 3800 3332 ante

2155 3352 2376 3417 altaria,
2407 3367 2527 3403 cum
2555 3356 2755 3403 ornatu
2785 3366 2879 3403 suo
2906 3367 2973 3403 ea:
2999 3356 3245 3416 argento,
3278 3352 3581 3402 interclusa
3600 3350 3797 3416 sigillis

2149 3424 2563 3491 praphcturum.
2587 3420 2935 3477 Candelabra
2967 3434 3034 3475 ex
3053 3420 3386 3476 aurichalco
3413 3420 3679 3475 solebant
3707 3434 3797 3474 or-

2158 3495 2283 3548 nari
2334 3494 2570 3562 sigillis,
2612 3493 2666 3546 id
2699 3498 2785 3546 est
2813 3492 2999 3562 signis
3042 3491 3429 3561 apostolorum
3490 3492 3799 3559 propheta—

2157 3579 2306 3619 rum.
2339 3567 2532 3618 Anast.
2566 3562 2701 3617 infr.
2737 3563 2839 3617 hoc
2880 3562 3043 3617 loco:
3080 3583 3105 3613 α
3138 3563 3289 3616 Fecit
3313 3568 3502 3615 autem
3541 3563 3799 3616 candela-

2155 3634 2254 3690 bra
2286 3634 2614 3690 aurichalca
2660 3635 2718 3688 in
2753 3633 2990 3700 pedibus
3021 3633 3213 3688 decem
3262 3645 3519 3698 numero,
3552 3642 3800 3701 quatuor

2153 3706 2423 3761 conclusa
2450 3720 2579 3760 cum
2631 3704 2873 3774 sigilllis
2902 3704 3209 3774 argenteis.
3256 3704 3577 3757 Cerostrata
3621 3717 3788 3757 auro-

2153 3778 2350 3832 cbalca
2381 3782 2617 3846 argento
2646 3789 2784 3830 cura
2804 3775 3063 3846 sigillata
3106 3774 3508 3844 quadraginta.
3544 3793 3566 3821 υ
3595 3774 3798 3845 Sigilla

2152 3855 2291 3903 sunt
2318 3845 2548 3917 parvula
2573 3847 2754 3917 signa.
2786 3845 3001 3917 Gregor
3047 3846 3256 3900 Turou.
3288 3846 3358 3899 de
3390 3848 3596 3899 Mirac.
3644 3859 3800 3899 mar-

2155 3886 2406 3989 ἵὶἑῗι
2422 3886 2754 3988 ἱ,“‹ἒΞιῖῘ¹ϊὶ“ἱ
2785 3886 2828 3969 ἔ
2840 3886 3256 3989 Χὲὄὲθιῖξὸῖἰξ
3277 3886 3802 3989 ξιῇιῖἔὶὲξλῖἱι-ἰῖέί-

2153 3986 2316 4061 giliis
2351 3986 2688 4061 prostratus.
2727 4006 2751 4036 ιο
2775 3987 3177 4061 Υθεῐθείθιίᾳω
3216 3986 3477 4041 solebant
3512 3987 3801 4061 intexi__si-

2152 4058 2312 4131 giliis
2332 4058 2433 4131 seu
2457 4060 2865 4130 imagunculis,
2889 4060 3038 4113 unde
3056 4059 3337 4131 dicuntur
3356 4064 3538 4131 vestes
3562 4058 3801 4131 sigilla-

2153 4128 2241 4201 fze,
2264 4134 2320 4186 L.
2353 4129 2440 4187 ll.
2466 4132 2526 4185 C.
2553 4128 2652 4184 Th.
2686 4131 2751 4184 de
2770 4132 2962 4185 scenic.
2994 4130 3063 4184 de
3089 4143 3204 4199 quo
3236 4128 3403 4198 plura
3427 4128 3692 4183 dicemus
3720 4129 3802 4182 iu-

2154 4201 2238 4257 fra
2268 4217 2374 4259 suo
2402 4203 2545 4257 loco.

2223 4275 2393 4329 Linea
2422 4270 2507 4327 M.
2536 4303 2602 4310 —
2629 4274 3089 4339 Thymiamatcria
3113 4271 3300 4323 ducem
3321 4286 3458 4323 aura
3475 4272 3795 4340 purissima.

2149 4344 2565 4399 Constantinus
2594 4343 2807 4398 obtulit
2834 4341 3447 4412 thymiamateriaduo,
3475 4343 3531 4395 id
3564 4350 3652 4395 est
3672 4341 3801 4395 thu-

2154 4415 2364 4479 ribula,
2396 4418 2464 4470 ad
2510 4414 2620 4469 hus
2656 4411 2999 4470 adolend’um
3031 4420 3163 4467 ante
3192 4412 3387 4466 altare.
3424 4411 3799 4481 Thymiama—

2151 4489 2360 4542 terium
2400 4503 2432 4540 a
2478 4487 2671 4541 Grmco
2735 4487 3049 4554 θυμιατήριον
3099 4484 3251 4554 Ejus
3322 4496 3488 4537 usum
3543 4483 3801 4537 ostendit

2149 4560 2411 4612 Anastas.
2470 4556 2528 4610 in
2583 4552 2839 4625 Sergio:
2875 4576 2900 4605 ‹‹
2937 4552 3037 4608 Hic
3085 4552 3222 4608 fecit
3268 4553 3797 4625 thymiamaterium

2147 4642 2382 4684 aureum
2419 4628 2622 4695 majus,
2654 4624 2783 4683 cum
2849 4626 3134 4680 columnis
3159 4631 3216 4679 et
3251 4624 3615 4695 cooperculo,
3646 4624 3799 4693 quod

2148 4694 2600 4768 suspenditante
2632 4698 2913 4767 imagines
2931 4704 3043 4750 tres
3078 4709 3281 4750 aureas
3302 4694 3457 4768 beati
3489 4696 3639 4768 Petri
3670 4709 3800 4768 apo-

2147 4764 2303 4840 stoli,
2340 4771 2396 4824 in
2424 4783 2535 4837 quo
2563 4764 2882 4840 incensum,
2911 4773 2969 4840 et
2992 4766 3460 4840 odorsuavitatis
3481 4764 3650 4819 festis
3669 4767 3800 4840 die-

2149 4837 2300 4905 bus,’
2357 4841 2660 4894 missarum
2732 4838 3010 4893 solemnia
3081 4837 3463 4899 celebrantur,
3524 4837 3794 4904 omnipo—

2150 4913 2290 4981 tenti
2356 4913 2469 4965 Deo
2510 4910 2844 4980 apulentius
2894 4909 3166 4963 mittitur.
3206 4907 3473 4981 nThuris
3525 4907 3796 4981 adoleudi

2148 4978 2597 5052 antiquissimus
2625 4981 2891 5036 Ecclesiae
2915 4978 3519 5052 rituscommendatur
3552 4996 3568 5052 :_
3600 4980 3795 5052 Evagr.

2149 5054 2254 5109 lib.
2287 5045 2607 5124 iv,_cap.6:
2653 5052 3001 5124 Buutarrjpiov
3046 5045 3336 5124 ἐξητήςιατο,
3376 5049 3461 5124 fati
3497 5048 3666 5124 πάντῃ
3718 5045 3796 5124 sev

2148 5124 2331 5196 χρόνον
2355 5115 2419 5175 ⁷ἐν
2463 5115 2506 5195 ᾧ
2543 5115 2937 5196 καθειστίιςιεισᾶγ
2981 5115 3447 5196 ξπιθυμιάσριςηέξὶ
3485 5127 3577 5196 Ιῆς
3612 5118 3795 5196 ’ἑαυτὸν

2149 5186 2323 5265 ῥ’ξπτει,
2388 5186 2687 5265 πρόσευχαῖς
2752 5186 2805 5244 te
2860 5192 2939 5243 καὶ
2994 5186 3150 5265 litat;
3201 5187 3286 5265 τόγ
3332 5187 3440 5243 Θεὸν
3488 5186 3791 5265 ἷλεούμενας.

2151 5262 2513 5320 Thuribulum
2553 5262 2821 5333 postulat,
2845 5268 2896 5316 et
2920 5268 3027 5316 toto
3051 5262 3228 5325 choro,
3261 5263 3321 5333 in
3346 5276 3452 5329 quo
3473 5262 3643 5314 simul
3662 5276 3796 5333 eon-

2145 5340 2419 5398 stiterunt,
2456 5331 2578 5389 thus
2612 5335 2834 5388 adolens
2883 5349 2937 5386 se
2974 5334 3272 5401 prosternit
3305 5332 3477 5398 humi,
3512 5331 3791 5400 precibus.

2144 5413 2193 5463 et
2237 5407 2575 5461 orationibus
2614 5408 2785 5459 Deum
2809 5404 3159 5473 placaturus.
3290 5408 3295 5413 '

2215 5480 2386 5533 Linea
2420 5475 2504 5533 47.
2538 5507 2608 5516 -
2634 5478 2853 5530 Fontem
2897 5480 3168 5542 sanctum,
3207 5476 3304 5527 ubi
3360 5474 3672 5543 baptizatus
3722 5478 3795 5527 est

2142 5550 2429 5616 Augustus
2481 5549 2871 5603 Constantinus
2910 5547 2978 5599 ab
3009 5546 3191 5598 eodem
3227 5548 3475 5615 episcopo
3513 5547 3789 5600 Silvestra.

2141 5620 2408 5675 Cessante
2441 5622 2852 5689 persecutione,
2886 5616 3230 5689 baptisteria
3264 5618 3559 5689 instituta
3594 5618 3651 5670 in
3685 5617 3789 5670 Ec-

2142 5691 2361 5756 clesiis,
2382 5687 2649 5759 baptismi
2675 5687 3005 5745 conferendi
3038 5700 3212 5742 causa
3242 5687 3466 5759 Fontes
3497 5692 3793 5759 vocarunt,

2142 5763 2293 5832 quod
2324 5761 2396 5816 ab
2426 5755 2599 5817 initio
2622 5760 2940 5832 baptismus
2968 5757 3408 5832 ministrabatur
3432 5755 3792 5832 infantibus.

2140 5827 2289 5890 Fons
2326 5833 2453 5905 iste,
2490 5834 2547 5889 in
2581 5827 2709 5903 quo
2736 5829 3060 5901 baptizatus
3097 5836 3183 5885 est
3210 5828 3652 5902 Constantinus,
3684 5827 3799 5884 fuit
