4072 6176
507 267 646 327 4547

1749 266 2115 323 ANASTASII
2153 265 2696 324 BlBLIOTHECARII

3791 263 3911 324 4588

507 392 614 449 hoc
649 396 756 464 est,
786 394 936 465 quod
968 392 1053 450 ait
1096 405 1227 450 mox
1256 390 1636 465 Anastasius:
1676 390 1746 445 Et
1773 388 2060 444 cancellos
2084 400 2151 442 ex
2175 384 2236 447 A
2269 386 2444 465 simul
2484 393 2539 443 et
2570 387 2764 443 fistula
2791 386 2971 444 dedit.
2996 403 3024 465 ξ)
3051 386 3176 465 _Alii_
3200 395 3362 465 erant
3395 389 3653 465 majores
3691 387 3910 465 calices.

509 462 752 536 argento
776 462 1092 535 purissimo
1119 463 1364 522 ornavit.
1396 462 1667 536 Sepulcra
1699 465 2020 536 martyriim
2051 471 2157 536 so-

513 529 708 594 lebant
731 529 1006 612 cancellis
1033 536 1262 612 ambiri.
1294 529 1703 612 Augustiusde
1727 533 1903 612 Civit.
1927 531 2024 612 Dei
2051 529 2155 612 lib.

509 622 654 678 xxii,
668 623 790 679 cap.
807 607 860 664 8.
881 630 907 660 «
927 608 1092 679 Venit
1110 612 1166 662 et
1186 603 1418 670 Pascha]
1433 605 1741 679 atqueipso
1757 604 1852 660 die
1872 604 1996 660 dom
2010 603 2160 679 inico

513 675 696 749 mane,
730 675 861 736 cum
888 680 1003 748 jam
1051 677 1318 749 frequens
1351 675 1597 747 populus
1629 678 2076 749 praesensesset,
2106 675 2162 727 et

515 752 629 808 loci
656 745 841 806 sancti
875 745 1177 817 cancellos,
1207 748 1306 805 ubi
1339 745 1676 818 martyrium
1707 753 1848 812 erat,
1885 747 2031 802 idem
2058 745 2163 814 ju-

513 823 863 896 venisorans
883 827 1117 896 teneret.
1139 839 1166 871 ι)
1196 821 1432 896 gregor.
1459 821 1672 896 Turon.
1692 819 1762 874 de
1782 818 1978 896 Mirac.
2004 829 2165 896 m_ar-_-

518 898 628 964 tyr.
652 893 756 949 lib.
787 906 826 960 ι,
859 906 981 963 cap.
1008 890 1080 948 28
1104 909 1118 946 :
1143 913 1169 943 α
1196 887 1480 964 Hocenim
1509 890 1839 964 sepulcrum
1856 888 1964 944 sub
1990 887 2162 964 altari

515 958 879 1032 collocatum,
914 958 1076 1020 valde
1104 977 1296 1019 rarum
1321 958 1599 1032 habetur‘;
1623 962 1718 1018 sed
1743 961 1844 1032 qui
1872 972 2034 1032 orare
2057 958 2164 1013 de—

518 1005 1862 1105 ἕῖἁέἲέιῖζἷιᾶἒτὶιῖιὲἱέιῖἑῶιῖεἷᾶἴιῖῐξίἱεἱόἔίἶεἴιιθ
1883 1029 2162 1100 ambitur,

515 1107 735 1182 accedit
764 1121 938 1182 super
967 1106 1314 1182 sepulcrum.
1352 1123 1379 1154 »
1447 1176 1460 1182 _
1671 1177 1682 1182 Α
1893 1179 1900 1182 _
2131 1171 2141 1182 ,

590 1178 759 1234 Linea
788 1174 1184 1234 6f—Et'ante
1228 1179 1409 1247 ipsum
1441 1176 1614 1231 locum
1660 1177 1721 1230 in
1748 1179 1939 1244 crypta
1979 1174 2165 1247 posuit

517 1249 796 1304 lucernam
833 1265 902 1304 ea:
941 1265 1077 1304 auro
1100 1244 1418 1318 purissima,
1465 1261 1753 1316 myrarum
1782 1244 2166 1318 decem.‘Con-

517 1321 812 1377 stantinus
840 1324 971 1376 ante
993 1316 1322 1390 sepulcrum
1349 1320 1405 1373 B.
1441 1317 1736 1390 Laurentii
1762 1316 2030 1390 martyris
2049 1327 2164 1390 po-

518 1392 641 1448 suit
689 1392 978 1448 lucernam
1009 1387 1261 1447 auream.
1308 1392 1592 1458 Lucernte,
1625 1395 1682 1444 et
1711 1387 1917 1459 lychni
1966 1387 2166 1442 ardere

518 1462 782 1520 solebant
807 1468 939 1518 ante
959 1462 1222 1532 sepulcra
1250 1466 1561 1530 martyrum
1594 1464 1649 1515 et
1670 1465 1996 1532 sanctorum
2019 1469 2165 1532 con-_-

516 1533 820 1590 fessarum.
855 1533 999 1588 Ante
1028 1528 1353 1602 sepulcrum
1386 1528 1444 1586 Β.
1473 1533 1700 1586 Thomas
1730 1529 1975 1600 apostoli
2011 1528 2160 1598 apud

518 1606 784 1662 Edessam
809 1605 988 1675 Syria:
1015 1604 1229 1660 arsisse
1271 1603 1524 1675 traditur
1553 1603 1799 1675 lychnus
1833 1607 2160 1675 perpetuus,

518 1678 645 1733 sine
688 1673 936 1732 fomento
983 1675 1096 1731 olei
1137 1676 1452 1746 syrpique:
1496 1673 2156 1746 de'qu9_Greg.iTu_ron.

2270 459 2371 528 qui
2398 465 2638 515 ornatus
2667 472 2842 515 causa
2871 457 3185 527 pendebant
3230 459 3288 514 in
3326 459 3590 515 arcubus
3617 459 3708 515 vel
3743 457 3915 514 trabi-

2268 529 2395 586 bus.
2427 531 2698 587 Anastas.
2753 531 2811 586 in
2846 531 3059 586 Leone:
3113 548 3139 581 α
3195 530 3346 586 Fecit
3377 532 3435 586 in
3468 531 3727 587 basilica
3783 529 3914 584 beati

2269 601 2430 658 Pauli
2462 602 2709 672 apostoli
2739 601 2947 657 calices
2979 601 3220 670 majores
3250 599 3518 658 fundatas
3545 617 3618 658 ex
3662 606 3916 673 argenta,

2273 673 2372 744 qui
2420 675 2663 744 pendent
2711 673 2768 728 in
2802 686 2940 728 arcu
2991 673 3224 744 majore,
3259 687 3496 730 numero
3525 675 3839 738 undecim,
3877 679 3921 726 et

2273 743 2549 816 aliosqui
2601 745 2848 815 pendent
2877 746 3027 816 inter
3059 743 3356 800 columnas
3396 746 3668 816 majores,
3729 745 3919 800 dextra

2273 815 2525 886 laevaque
2555 829 2793 872 numera
2842 815 3246 940 quadraginta.
3283 835 3308 865 ι)
3351 817 3416 872 Et
3450 815 3600 872 infr.
3664 819 3729 872 in
3765 816 3922 870 eod.:

2276 907 2301 938 α
2335 887 2491 940 Fecit
2509 888 2779 940 autemin
2807 885 3047 940 basilica
3107 888 3220 940 eati
3258 887 3682 940 Petrianostoli
3717 886 3922 940 calices

2276 907 2301 938 (ι
2335 885 2491 943 Fecit
2509 891 2699 943 autem
2719 888 2779 942 in
2807 885 3047 942 basilica
3071 885 3220 942 beati
3258 887 3406 943 Petri
3427 888 3682 958 apostoli
3717 886 3924 943 calices

2275 959 2515 1030 majores
2561 971 2629 1014 ex
2667 964 2906 1030 argento
2938 958 3340 1028 mundissimo,
3370 961 3467 1030 qui
3510 961 3720 1030 sedent
3759 971 3926 1028 super

2273 1027 2463 1086 trabes
2493 1043 2613 1101 arg.
2639 1048 2666 1080 ››
2700 1027 2768 1085 Et
2799 1027 2986 1101 infra:
3023 1050 3048 1081 α
3081 1030 3235 1086 Fecit
3256 1027 3621 1086 vero'calices
3653 1027 3925 1086 fundatas

2271 1114 2339 1156 ex
2381 1100 2636 1172 argento,
2684 1101 2785 1172 qui
2843 1100 3085 1170 pendent
3137 1101 3288 1156 inter
3336 1101 3640 1158 columnas
3682 1102 3924 1170 majores

2271 1171 2735 1242 dextralaevaque
2749 1171 3023 1240 basilicae,
3042 1185 3278 1244 nurnero
3291 1173 3587 1244 sexaginta
3602 1183 3884 1243 quatuor.
3899 1191 3920 1220 ι

2272 1245 2468 1314 Neque
2490 1244 2870 1300 omittendum
2902 1243 3052 1314 quod
3085 1243 3312 1311 calices,
3340 1243 3585 1314 quarum
3618 1259 3773 1300 usus
3812 1251 3928 1299 erat

2273 1315 2341 1370 ad
2400 1315 2962 1384 communicandum,
3029 1315 3921 1376 dicebanturcommunicales:
3995 1341 4000 1348 -

2278 1405 2303 1438 α
2333 1387 2488 1442 Fecit
2528 1399 2656 1458 vero
2707 1386 3154 1458 communicales
3205 1399 3272 1442 ex
3317 1394 3553 1458 argento
3604 1388 3925 1457 purissima

2277 1470 2375 1528 per
2393 1457 2653 1528 singulas
2675 1457 2957 1529 regiones,
2979 1458 3077 1527 qui
3113 1457 3494 1529 praecederent
3516 1471 3616 1528 per
3647 1459 3927 1513 stationes

2276 1542 2374 1599 per
2420 1541 2624 1584 manus
2651 1528 3071 1599 acalythorum.
3107 1547 3132 1578 ι›
3181 1528 3304 1600 Alii
3336 1535 3502 1585 erant
3551 1530 3793 1599 calices,
3829 1532 3921 1600 qui

2275 1605 2514 1656 ornatus
2540 1613 2708 1656 causa
2756 1601 3114 1669 ponebantur
3140 1599 3292 1656 circa
3318 1601 3519 1657 altare.
3547 1601 3823 1656 Anastas.
3847 1599 3922 1655 ’in

2277 1674 2460 1728 Leone
2485 1671 2583 1728 IV:
2621 1692 2648 1723 (ι
2683 1670 2911 1727 Obtulit
2947 1672 3117 1728 etiam
3148 1672 3204 1725 Β.
3233 1673 3398 1728 Petro
3425 1672 3694 1741 apostolo
3719 1672 3925 1728 calices

517 1749 588 1805 de
634 1747 903 1822 Miracu‘l.
954 1741 1187 1822 martyri
1226 1741 1336 1801 i‘ib.’
1386 1761 1457 1822 1,
1483 1741 1631 1822 cap.‘
1667 1743 1768 1800 3'2:
1822 1741 1876 1797 «'
1900 1743 2164 1822 Lychnus
2195 1760 2247 1822 Β
2279 1744 2348 1800 de
2367 1741 3919 1822 argento,_quisedentsupercircuitualtaris.animle,

515 1819 724 1876 etenim
760 1818 908 1874 inibi
937 1815 1161 1888 positus
1190 1823 1363 1888 atque
1394 1817 1786 1886 illuminatus,
1816 1820 1948 1871 ante
1978 1815 2163 1888 locum

517 1890 830 1960 sepulturas
863 1887 1072 1960 ipsius,
1104 1887 1511 1960 perpetualiter
1526 1888 1620 1943 die
1639 1895 1945 1960 noctuque,
1968 1887 2167 1942 divina

519 1958 664 2042 nutu
692 1958 1030 2042 resplendet,
1063 1958 1283 2042 anulla
1316 1958 1582 2042 fomento
1607 1959 1717 2042 olei
1746 1959 2041 2042 s‘cinpique
2065 1971 2169 2012 ac—

515 2034 760 2104 cipiens,
786 2029 822 2082 'n
856 2039 963 2104 etc.
995 2033 1142 2104 Ante
1170 2031 1497 2104 sepulcrum
1531 2029 1969 2104 Felicispiolani
2008 2043 2166 2104 mar-7

518 2097 664 2175 tyi‘is
696 2097 975 2175 pendebat
1005 2097 1268 2175 lychnus,
1303 2103 1374 2158 de
1408 2115 1522 2173 quo
1552 2102 1871 2175 idem_Tur.
1906 2114 2028 2175 cap.
2063 2097 2166 2156 404

516 2171 712 2246 ejusd.
739 2175 919 2246 libr.7:
969 2195 994 2228 α
1025 2171 1107 2231 Ad
1155 2174 1329 2244 hujus
1361 2171 1590 2246 quoque
1617 2171 2161 2246 cellulaeparietem,

517 2243 632 2319 q'uo
649 2245 1108 2319 beatumfcorpus
1133 2243 1357 2319 tumulo
1379 2243 1686 2319 conditum
1701 2243 2166 2319 requi_escit,_ad-

518 2314 695 2375 liaeret
721 2314 1050 2388 appendens
1092 2318 1368 2388 porticus,
1404 2316 1464 2371 in
1497 2329 1608 2387 qua
1652 2316 1980 2388 dependens
2029 2314 2165 2388 fune

517 2385 783 2461 lychnus.
800 2385 1009 2446 lumen
1041 2385 1166 2461 loco
1185 2385 1560 2461 consueverat
1586 2387 1940 2461 ministrare,
1967 2405 1993 2436 ››
2019 2385 2165 2441 Ante

515 2457 728 2532 corpus
755 2461 819 2532 B.
848 2459 1141 2532 Laurentii
1175 2460 1447 2530 martyris
1464 2457 1558 2532 bis
1585 2471 1750 2532 senas
1777 2458 2040 2532 lucernas
2063 2471 2166 2512 ar-

517 2530 988 2617 genteasobtulit
1006 2532 1192 2617 etiam
1207 2531 1648 2617 Constantinus,
1663 2530 1740 2617 de
1759 2531 2160 2617 qqunast-as.

520 2601 669 2659 infra
699 2603 804 2658 hoc
834 2603 958 2659 loco
989 2621 1000 2656 :
1029 2624 1056 2654 α
1089 2603 1232 2658 Ante
1261 2615 1472 2670 corpus
1502 2601 1648 2656 beati
1677 2601 1969 2656 Laurentii
2007 2613 2165 2654 mar-

517 2674 685 2743 tyris,
711 2678 948 2743 argento
982 2673 1198 2728 clusam
1246 2673 1568 2743 passionem
1603 2673 1791 2739 ipsius
1815 2671 2038 2743 sigillis
2061 2685 2164 2743 or:-

517 2740 728 2809 natam,
766 2740 895 2798 cum
929 2743 1184 2798 lucernis
1214 2740 1465 2811 bymixis
1489 2741 1589 2811 (sic
1628 2743 1740 2810 lege
1759 2759 1863 2811 pro
1878 2740 2164 2812 byssinis)

515 2814 825 2886 argenteis.
874 2831 900 2861 »
936 2814 1187 2886 Lucerna
1229 2813 1650 2886 _bymixos_est,
1693 2813 2164 2886 quaaibabetwduo

517 2882 679 2956 myxa
717 2884 888 2954 (deus:
922 2884 1174 2956 ,méches).
1198 2882 1478 2956 Anastas.
1511 2883 1569 2938 in
1597 2884 1782 2956 Leana
1822 2885 1914 2956 III.
1951 2904 1977 2936 «
2008 2885 2165 2956 Fecit

513 2952 1068 3025 lucernasmajores
1093 2952 1300 3010 fusiles
1327 2954 1591 3024 bymixas
1616 2954 1966 3025 anaglyphas
1993 2955 2159 3012 duas.

587 3029 758 3084 Linea
787 3023 870 3082 46.
908 3023 976 3066 ἑ-
1010 3027 1078 3080 In
1098 3026 1280 3080 eodem
1309 3023 1420 3080 laba
1449 3029 1716 3096 possessio
1736 3023 2025 3094 cujusdam
2051 3028 2165 3096 Cy—

511 3101 730 3154 riacetis
778 3099 1048 3166 religiosa.o
1091 3099 1328 3164 feminae,
1382 3113 1548 3166 quam
1601 3101 1762 3166 ﬁscus
1807 3103 2165 3166 occupaverat

513 3177 748 3242 tempore
774 3169 1186 3242 persecutionis.
1224 3170 1532 3242 Martyrum
1572 3168 1717 3242 bona
1751 3168 1886 3242 ﬁsco
1924 3169 2164 3242 addice-

513 3237 742 3298 ban'tur.
766 3237 1092 3310 Hieronym.
1123 3239 1194 3295 de
1217 3237 1494 3309 Scriptor.
1514 3239 1886 3296 ecclesiastic.
1911 3253 2032 3310 cap.
2057 3237 2157 3296 54.:

515 3334 540 3365 α
565 3315 841 3385 Origenes
879 3312 981 3382 qui
1011 3316 1077 3385 et_
1108 3311 1505 3385 Adamen_t_ius,
1532 3311 1754 3385 decimo
1805 3311 1992 3366 Severi
2026 3313 2166 3385 Per-

513 3382 727 3440 tinacis
769 3395 941 3453 anno,
1011 3382 1286 3437 adversus
1337 3382 1702 3437 Christianos
1769 3384 2166 3450 persecutione

513 3461 814 3525 commota,
877 3453 1126 3525 Leonida
1165 3459 1342 3525 patre,
1397 3453 1614 3509 Christi
1673 3453 1944 3525 martyrio
1995 3469 2168 3510 coro-

513 3533 668 3596 nato,
723 3523 852 3581 cum
903 3537 1002 3581 sex
1047 3523 1344 3596 fratribus,
1402 3530 1458 3596 et
1492 3530 1669 3579 matre
1687 3524 1884 3596 vidua
1924 3539 2170 3596 paupere

516 3594 873 3668 relinquitur
900 3613 914 3650 :
954 3609 1070 3651 rem
1096 3596 1249 3651 enim
1277 3594 1622 3652 familiarem
1647 3595 1720 3651 ob
1749 3594 2167 3653 confessionem

515 3667 734 3728 Christi
764 3667 938 3737 ﬁscus
963 3672 1357 3737 occupaverat.
1389 3685 1415 3716 υ

587 3743 754 3797 Νιιιιι.
779 3735 868 3805 lii,
903 3739 1055 3794 linea
1082 3735 1130 3793 4'.
1158 3767 1232 3778 —
1258 3739 1478 3792 Eisdem
1508 3738 1835 3808 temporibus
1857 3739 2170 3796 Constanti-

513 3829 617 3870 nus
663 3813 794 3880 fecit
852 3811 1135 3864 basilicam
1191 3810 1515 3864 beatissimis
1543 3811 1881 3877 martyribus
1927 3813 2172 3866 Marcel—

518 3887 631 3940 lino
655 3883 1078 3954 presbyterOLet
1097 3882 1248 3954 Petro
1278 3883 1579 3943 eaarcistae,
1619 3883 1764 3935 inter
1789 3882 1930 3936 duas
1960 3883 2163 3950 lauros,

517 3962 568 4012 et
594 3953 927 4010 mausoleum
957 3953 1054 4006 ubi
1093 3953 1404 4006 beatissima
1432 3956 1606 4006 mater
1641 3953 1816 4022 ipsius
1857 3954 2070 4023 sepulta
2093 3959 2170 4010 est

516 4028 725 4083 Helena
753 4025 1010 4091 Augusta
1051 4024 1114 4077 in
1154 4024 1489 4094 sarwphaga
1509 4023 1912 4092 porphyretico,
1938 4027 2030 4079 via
2071 4026 2174 4080 La-

514 4100 730 4160 vicana,
789 4096 1053 4149 milliaria
1104 4093 1174 4147 ab
1217 4093 1350 4149 urbe
1402 4097 1572 4149 Roma
1619 4097 1798 4148 tertio.
1845 4097 1998 4151 Inter
2026 4097 2171 4153 duas

523 4170 760 4232 Lauros,
789 4166 1070 4235 idrnomen
1101 4165 1226 4220 loco
1250 4167 1434 4235 posito
1457 4166 1550 4220 via
1583 4167 1881 4235 Lavicana,
1912 4169 2082 4223 tertio
2099 4168 2170 4224 ab

523 4237 672 4294 Urbe
715 4234 1008 4299 milliaria,
1037 4236 1201 4302 juxta
1246 4234 1409 4305 quem
1440 4235 1854 4292 Constantinus
1874 4234 2172 4295 exstruxit

526 4307 826 4365 basilicam
864 4305 958 4361 SS.
990 4305 1308 4360 Marcellini
1341 4313 1395 4360 et
1428 4308 1596 4361 Petri.
1647 4307 1728 4362 Ibi
1760 4309 2028 4365 Severum
2061 4311 2173 4366 ab-

525 4392 746 4436 sessum
800 4376 870 4451 ab
913 4376 1021 4451 his_
1054 4376 1384 4451 qui__er_ant_
1401 4378 1649 4451 partium
1679 4379 1887 4451 Cassii,
1920 4381 2082 4451 Nigri
2116 4386 2173 4438 et

522 4451 743 4520 Albini,
777 4447 950 4505 refert
979 4446 1596 4520 Tertuli.Apologetic.
1641 4462 1765 4518 cap.
1808 4446 1913 4506 35':
1956 4446 2173 4509 {Unde

525 4518 739 4591 Cassii,
787 4528 845 4577 et
884 4519 1082 4591 Nigri,
1117 4523 1175 4573 et
1209 4518 1429 4585 Albini,
1482 4520 1634 4576 unde
1687 4521 1783 4591 qui
1831 4523 1981 4578 inter
2027 4525 2172 4581 duas

530 4590 727 4651 lauros
755 4590 1021 4665 obsident
1047 4590 1358 4665 Caesarem,
1403 4591 1552 4665 unde
1603 4590 2000 4662 qui’faucibus
2046 4597 2172 4665 ejus

528 4663 936 4739 eXprimendis
973 4660 1349 4739 palaestricam
1398 4663 1524 4732 ejus
1551 4660 1835 4735 exercent,
1889 4667 2038 4722 unde
2067 4660 2168 4739 Qui

530 4733 738 4795 armati
768 4734 1042 4805 palatium
1075 4733 1426 4803 irrumpunt.
1452 4753 1478 4784 υ

602 4803 784 4864 Linea
809 4803 892 4880 48.
919 4833 993 4845 —
1006 4805 1220 4880 Calices
1239 4807 1626 4880 ministeriales
1646 4812 1927 4880 argenteos
1949 4810 2166 4880 viginti,

520 4885 817 4954 pensantes
835 4876 1078 4954 singulos
1116 4876 1287 4930 libras
1317 4883 1451 4954 tres.
1482 4878 1701 4954 Calices
1723 4879 1827 4954 alii
1859 4876 2024 4936 erant
2052 4876 2172 4954 ini-:-

532 4948 720 5019 nores,
752 4949 852 5020 qui
874 4948 1366 5020 erantcomparati
1383 4949 1451 5004 ad
1481 4950 1866 5006 ministerium
1893 4953 2167 5008 sacriﬁcii

532 5019 783 5092 altaris,’
808 5020 974 5092 unde
1006 5019 1417 5092 ministeriales
1459 5020 1627 5087 dicti,
1662 5028 1726 5077 ut
1757 5021 1846 5077 hic
1874 5029 1929 5078 et
1979 5023 2164 5080 infra:

538 5115 564 5148 α
593 5090 812 5151 Calices
837 5090 1468 5164 ministerialesdecem
1485 5100 1784 5162 pensantes
1812 5094 1962 5164 sing.
1993 5094 2173 5152 libras

533 5175 669 5223 tres.
703 5184 729 5214 υ
761 5164 832 5220 Ει.
861 5162 1010 5217 infra
1036 5163 1364 5235 gquCalices
1397 5162 1809 5220 ministeriales
1841 5162 2170 5235 quindecim

535 5241 836 5316 pensantes
856 5232 1076 5316 singuli
1101 5231 1281 5288 libras
1295 5233 1458 5316 duas.
1485 5254 1512 5316 ιο
1537 5237 1685 5292 Idem
1710 5237 1766 5290 in
1790 5231 1976 5316 Marco
1992 5255 2008 5316 ε
2020 5259 2059 5316 ⁵σε
2077 5240 2174 5294 Ca-

529 5303 670 5366 lices
696 5303 1108 5364 ministeriales
1156 5310 1454 5375 argenteos
1481 5311 1616 5371 tres,
1665 5313 1963 5376 pensantes
1993 5309 2174 5368 libras

531 5381 718 5436 binas.
755 5397 780 5430 υ
814 5377 963 5433 Idem
998 5375 1057 5430 in
1105 5377 1385 5431 Damaso:
1441 5396 1466 5427 ς(
1515 5375 1731 5433 Calices
1764 5379 2173 5440 ministeriales

530 5456 828 5520 argenteos
854 5447 1112 5520 quinque
1139 5453 1440 5516 pensantes
1468 5448 1730 5520 singulos
1759 5449 1939 5505 libras
1969 5457 2104 5509 tres.
2139 5472 2167 5506 ι

531 5519 748 5578 Calices
781 5534 910 5577 cum
965 5519 1218 5590 syphone
1247 5522 1422 5590 erant
1452 5519 1662 5576 calices
1710 5535 1838 5576 cum
1872 5521 2063 5581 fistula
2097 5527 2164 5583 ad

531 5593 976 5648 ministrandum
1001 5589 1337 5662 sanguinem
1368 5589 1600 5662 Christi.
1629 5592 1871 5648 Conrad.
1902 5593 1960 5648 in
1982 5595 2169 5654 Chro-

529 5664 640 5720 nic.
657 5664 980 5733 Moguntin:
1006 5682 1033 5714 ‹‹
1055 5661 1448 5717 Eranttlstulte
1470 5664 1726 5734 quinque
1745 5665 1812 5720 ad
1837 5670 2168 5724 communi-
2230 5702 2232 5704 τ

529 5734 775 5792 candum
791 5737 1068 5802 argentea:
1093 5734 1400 5789 deauratze.
1425 5751 1452 5783 n
1471 5735 1764 5792 Ditmarus
1785 5736 1885 5792 lib.
1924 5752 2012 5794 vt:
2047 5761 2073 5794 α
2096 5743 2167 5798 Et

530 5817 800 5878 magnum
851 5801 1086 5860 Calicem
1138 5817 1208 5860 ex
1261 5803 1457 5862 eodem
1511 5805 1759 5880 metallo,
1799 5821 1928 5868 cum
1959 5816 2164 5882 patena

2282 1821 2582 1885 pensantes
2608 1815 2808 1870 libras.
2836 1833 2861 1864 ι)
2888 1815 2981 1869 Vel
3011 1815 3350 1870 ministeria.
3377 1819 3578 1870 Anast.
3609 1816 3670 1870 in
3688 1816 3919 1870 Adrian.

2265 1887 2301 1941 -Ι
2331 1904 2344 1940 :
2373 1907 2399 1939 α
2444 1889 2578 1942 Item
2613 1885 2750 1941 fecit
2798 1891 3055 1955 patenam
3086 1892 3144 1942 et
3171 1885 3484 1942 calicemin
3515 1887 3766 1942 basilica
3784 1886 3920 1942 beati

2278 1957 2430 2013 Petri
2461 1957 2708 2028 apostoli
2756 1971 2857 2026 pro
2907 1957 3271 2028 quatidianis
3303 1958 3661 2013 ministeriis
3692 1972 3761 2013 ex
3791 1972 3922 2014 aura

2277 2029 2615 2099 purissimo.
2633 2046 2658 2078 ι)
2673 2028 2791 2084 Alii
2806 2029 3621 2098 erantmajorescumansisad
3639 2037 3918 2086 ornatum.

2274 2101 2346 2157 de
2377 2099 2591 2170 quibus
2614 2101 2876 2156 Anastas.
2925 2101 2983 2156 in
3018 2102 3196 2156 Leone
3225 2101 3331 2156 III:
3370 2121 3396 2153 α
3427 2102 3496 2156 Et
3539 2100 3788 2156 calicem
3819 2116 3921 2156 a-

2269 2172 2452 2298 Larem
2483 2185 2612 2228 cum
2641 2172 2882 2243 gemmis
2909 2176 2966 2227 et
3005 2172 3166 2228 ansis
3202 2170 3449 2241 duabus,
3485 2180 3823 2242 pensantem
3855 2173 3921 2226 li-

2317 2255 2409 2298 ras
2435 2243 2858 2298 quinquaginta
2889 2249 3036 2298 octo.
3070 2261 3097 2292 n
3130 2247 3240 2298 etc.
3269 2244 3418 2298 Idem
3454 2243 3514 2298 in
3543 2245 3749 2298 eodem
3777 2263 3790 2298 :
3826 2243 3921 2298 Ob—

2317 2255 2409 2298 ras
2435 2243 2858 2314 quinquaginta
2889 2249 3036 2311 octo,
3070 2261 3097 2292 ι)
3130 2247 3240 2299 etc.
3269 2244 3418 2299 Idem
3454 2243 3514 2298 in
3543 2245 3749 2300 eodem
3777 2263 3790 2298 :
3826 2243 3922 2299 0b-

2276 2315 2404 2369 tulit
2431 2316 2651 2370 calicem
2695 2316 2957 2383 majorem
3003 2314 3305 2382 fundatum
3334 2330 3456 2369 cum
3487 2315 3761 2384 syphone,
3795 2332 3922 2386 pen-

2274 2391 2483 2440 santem
2509 2386 2680 2456 libras
2704 2388 2935 2453 triginta
2959 2390 3008 2440 et
3031 2391 3246 2456 septem.

2353 2460 2403 2508 !.i
2458 2474 2519 2511 ιιι
2556 2455 2648 2512 25.
2678 2487 2751 2497 -
2778 2458 3023 2511 Insulam
3053 2455 3372 2512 Sardiniam
3412 2472 3537 2511 cum
3558 2461 3922 2527 possessioni-

2276 2530 2371 2581 bus
2403 2529 2649 2582 manibus
2669 2528 2745 2582 ad
2774 2529 3013 2582 eamdem
3047 2528 3476 2584 pertinentibus.
3513 2529 3923 2584 Constantinus

2273 2599 2600 2655 Sardiniam
2622 2599 2868 2654 insulam
2898 2599 3112 2656 obtulit
3130 2599 3388 2655 basilica;
3407 2601 3499 2655 SS.
3529 2601 3857 2657 Marcellini
3876 2608 3925 2655 et

2274 2671 2425 2726 Petri
2456 2683 2488 2725 a
2510 2685 2569 2726 se
2594 2671 2839 2726 conditae
2873 2671 2931 2726 in
2961 2672 3148 2726 dotem
3180 2671 3468 2726 Ecclesiae.
3496 2674 3644 2727 Inde
3671 2673 3924 2728 Sardinia

2277 2741 2469 2797 insula
2495 2740 2610 2798 fuit
2638 2743 2792 2811 juris
2818 2748 2874 2797 et
2924 2743 3296 2812 proprietatis
3327 2743 3602 2798 Ecclesia:
3647 2745 3921 2800 Romana.

2273 2814 2343 2870 de
2372 2827 2486 2887 quo
2514 2813 2572 2868 in
2599 2827 2733 2887 cap.
2763 2816 2832 2887 _S_i
2866 2814 3230 2887 diligentiae
3257 2818 3578 2885 Praescript.
3620 2822 3680 2872 et
3708 2829 3832 2887 cap.
3859 2816 3923 2869 Ειι

2275 2889 2341 2952 te,
2373 2884 2438 2938 de
2448 2884 2693 2953 jurejur.
2722 2884 2820 2940 ubi
2845 2885 3000 2953 dixi.

2345 2957 2512 3011 Num.
2538 2953 2625 3020 45,
2657 2955 2809 3012 linea
2833 2952 2889 3010 7.
2921 2986 2992 2996 —
3018 2957 3282 3010 Patenam
3307 2962 3636 3024 argenteam
3658 2958 3925 3011 carisim-

2274 3025 2374 3080 lem
2427 3028 2781 3094 singularem,
2853 3032 3174 3097 pensantem
3230 3027 3401 3082 libras
3468 3029 3682 3082 decem.
3740 3031 3923 3084 Paton:

2272 3097 2605 3153 chrismalis
2633 3105 2717 3153 est
2750 3112 2864 3160 vas,
2901 3100 2958 3153 in
3013 3112 3128 3169 quo
3154 3104 3414 3154 servatur
3447 3099 3741 3164 chrisma,
3783 3113 3924 3155 cam—

2273 3177 2530 3242 paratum
2557 3169 2624 3242 ad
2644 3169 3111 3225 chrismationem
3136 3183 3234 3225 seu
3259 3171 3592 3226 unctionem
3630 3171 3924 3242 baptizato-

2275 3254 2420 3296 rum.
2454 3241 2873 3296 Chrismarium
2907 3245 3106 3296 vocant
3147 3241 3344 3311 synod.
3377 3241 3767 3299 Altissiodor.
3815 3256 3921 3297 can.

2273 3312 2340 3367 6:
2367 3332 2392 3364 α
2431 3311 2748 3381 Presbyteri
2780 3313 3033 3367 chrisma
3084 3318 3298 3381 petant,
3328 3313 3424 3368 sed
3471 3327 3608 3368 cum
3641 3314 3920 3369 chrisma-

2280 3383 2365 3455 rio
2391 3388 2447 3439 et
2473 3382 2673 3451 linteo,
2697 3384 2850 3439 sicut
2875 3383 3140 3455 reliquiae
3161 3391 3491 3439 sanctorum
3517 3386 3826 3455 deportari
3855 3399 3926 3440 sc-

2279 3454 2416 3510 lent.
2451 3473 2478 3504 »
2514 3455 2749 3510 Patenas
2777 3455 2843 3510 ad
2879 3454 3128 3511 chrisma
3161 3461 3324 3510 vocat
3358 3454 3632 3510 Anastas.
3672 3457 3732 3511 in
3764 3461 3925 3512 Inno-

2279 3526 2506 3581 centio:
2547 3547 2573 3576 α
2617 3526 2854 3582 Patenas
2883 3527 3030 3581 duas
3054 3527 3121 3580 ad
3163 3526 3416 3581 chrisma
3452 3535 3772 3596 pensantes
3815 3529 3927 3582 sin-

2279 3596 2650 3724 gulaslibras
2672 3605 2938 3667 quatuor.
2969 3597 3350 3680 n_Ampullam
3375 3597 3723 3653 chrismatis
3748 3599 3925 3669 Optat.

2341 3668 2519 3724 ilewt.
2547 3667 2780 3724 advers.
2813 3670 3096 3724 Donatist.
3133 3669 3235 3724 lib.
3263 3683 3302 3724 ιι
3333 3688 3346 3723 :
3385 3689 3411 3720 α
3435 3670 3776 3724 Amnullam
3810 3684 3925 3724 auo-

2341 3667 2780 3740 ilevit.advers.
2813 3669 3096 3740 Donatist.
3133 3669 3235 3724 lib.
3263 3683 3302 3724 ιι
3333 3688 3356 3740 εί
3385 3689 3411 3720 α
3435 3670 3776 3738 Ampullam
3804 3667 3929 3740 quo-

2280 3753 2391 3810 que
2415 3739 2749 3796 chrismatis
2780 3754 2880 3811 per
2904 3739 3233 3812 fenestram,
3255 3739 3722 3812 utfrangeretur,
3752 3739 3931 3811 jacta—

2280 3817 2500 3867 verunt.
2539 3829 2566 3861 ››

2351 3883 2522 3954 Linea
2550 3879 2706 3954 8.7—-
2734 3883 2937 3937 Peluim
2959 3899 3027 3938 ea:
3053 3887 3279 3951 argento
3303 3883 3380 3937 ad
3413 3883 3780 3954 baptismum.
3811 3882 3928 3938 Pel-

2279 3953 2366 4026 vis
2389 3955 2459 4026 ad
2481 3953 2826 4026 baptismum
2847 3959 2934 4010 est
2962 3955 3186 4025 hydria,
3212 3967 3325 4026 qua
3344 3953 3768 4012 continebatur
3794 3967 3930 4026 aqua

2279 4024 2576 4096 benedicta
2602 4026 2671 4096 ad
2704 4024 3075 4096 baptismum.

2352 4097 2524 4152 Linea
2555 4094 2640 4152 46.
2665 4127 2739 4137 —
2757 4094 2986 4154 Calicem
3010 4101 3326 4165 argenteum
3346 4097 3755 4166 anaglyplium,
3780 4097 3931 4153 Cilix

2281 4167 2640 4240 anaglyphus
2691 4173 2780 4224 est
2816 4168 3068 4235 caelatus,
3106 4168 3161 4224 id
3211 4173 3314 4235 est,
3362 4168 3551 4239 signis
3580 4182 3686 4224 seu
3720 4170 3932 4240 sigillis

2283 4225 2632 4311 inscvulptus.
2664 4241 2803 4296 Vasa
2836 4225 3155 4310 anaglypha
3187 4225 3325 4296 sunt
3344 4225 3476 4294 vasa
3498 4240 3721 4306 calam,
3750 4225 3931 4311 signis

2281 4324 2381 4367 seu
2407 4309 2624 4382 sigillis
2641 4309 3238 4382 insculptafA’nastas.
3269 4311 3325 4366 in
3350 4311 3586 4366 Adrian.
3609 4329 3622 4364 :
3645 4332 3670 4362 α
3693 4309 3926 4367 Cruce

2285 4381 2669 4438 interrasilem
2717 4381 3115 4453 anaglypham.
3174 4401 3200 4432 υ
3246 4381 3396 4437 Idem
3449 4383 3507 4436 in
3541 4384 3924 4438 Innocentio:

2287 4474 2312 4505 α
2366 4454 2649 4524 Scyphum
2688 4460 3020 4524 argenteum
3070 4453 3542 4525 anaglypbatum.
3580 4473 3607 4503 ι
3661 4455 3822 4509 Idem
3878 4455 3925 4506 in

2205 4499 2256 4559 Ι)
2283 4499 3036 4581 ἰεόιῖἒἰιἰ“;’“α“ᾗι“ἓξιίἰὶἶη“’ἔι
3063 4499 3721 4594 naumachia;
3731 4499 3924 4580 ἲῖῐιεὶἒ

2284 4596 2515 4668 rasilem
2545 4609 2613 4652 ex
2651 4610 2795 4652 aura
2839 4596 3176 4668 purissimo,
3232 4597 3565 4668 pendentem
3599 4596 3662 4652 in
3697 4598 3920 4668 pergula

2281 4673 2411 4724 ante
2440 4667 2640 4723 altare.
2694 4686 2720 4718 υ
2775 4665 3014 4739 Ρθιεειιιίι
3042 4665 3172 4723 erat
3209 4665 3416 4722 exedra
3454 4672 3590 4739 ante
3635 4665 3920 4739 altaiﬂiu

2281 4753 2394 4866 gina
2436 4739 3080 4866 rsponebantursacra
3107 4739 3370 4796 donaria.
3426 4738 3566 4794 Vide
3611 4739 3815 4810 Cujac.
3847 4738 3918 4806 il,

2353 4827 2400 4866 8.
2510 4851 2524 4865 .

2279 4826 2524 4868 008.16.

2349 4883 2518 4938 Num.
2553 4880 2640 4950 48,
2675 4881 2824 4938 linea
2867 4881 2921 4939 6.
2953 4911 3023 4922 —
3050 4882 3196 4937 Fecit
3247 4886 3429 4938 autem
3477 4884 3723 4950 formam
3753 4897 3920 4953 aqu:-

2280 4954 2476 5009 ductus
2499 4969 2600 5024 per
2622 4955 2890 5009 milliaria
2917 4958 3058 5009 octo.
3095 4954 3310 5010 Forma:
3334 4959 3473 5010 sunt
3500 4955 3742 5010 canales
3775 4963 3917 5011 strn—

2281 5026 2468 5093 ctiles,
2502 5041 2601 5096 per
2629 5039 2772 5095 quos
2791 5038 2939 5096 aqua
2962 5025 3221 5093 ducitur,
3249 5031 3312 5081 ut
3344 5025 3435 5082 hic
3463 5032 3523 5080 et
3550 5025 3592 5078 1.
3641 5040 3682 5094 ι,
3717 5040 3836 5086 vm,
3865 5038 3912 5077 ιι

2281 5112 2332 5153 c.
2380 5097 2484 5151 Th.
2533 5098 2605 5154 de
2658 5097 3020 5168 Aquazduct.,
3069 5102 3136 5168 ut
3183 5096 3364 5152 forma
3416 5100 3713 5168 Augusta,
3759 5097 3914 5154 fama

2280 5168 2540 5238 Claudia,
2573 5169 2634 5224 d.
2691 5167 2734 5222 l.
2765 5183 2864 5223 vm
2899 5174 2956 5224 et
2987 5182 3064 5237 Ix,
3114 5167 3294 5224 forma
3339 5167 3704 5234 Sabatbena,
3726 5171 3796 5227 de
3819 5179 3911 5238 qua

2281 5239 2544 5294 Anastas.
2599 5238 2740 5296 infr.
2802 5241 2861 5295 in
2917 5240 3188 5308 Honorio,
3237 5246 3294 5296 et
3325 5239 3384 5294 in
3432 5240 3686 5296 Adrian.
3719 5244 3760 5302 1,
3791 5241 3912 5296 etin

2281 5311 2517 5381 Gregor.
2571 5312 2660 5376 IV,
2721 5309 2902 5367 forma
2930 5311 3181 5380 Trajani.
3232 5311 3577 5366 Anastasius
3640 5314 3703 5368 in
3735 5312 3911 5369 Felice.

2281 5382 2512 5438 Formas
2541 5381 2714 5439 Urbis
2742 5383 2894 5439 inter
2917 5382 3224 5453 spectanda
3255 5383 3444 5452 ipsius
3478 5396 3664 5453 opera
3693 5383 3916 5441 celebrat

2279 5455 2478 5510 Sidon.
2513 5453 2614 5509 lib.
2650 5467 2689 5521 ι,
2731 5455 2897 5523 epist.
2926 5452 2998 5510 5:
3041 5473 3066 5506 α
3100 5455 3253 5509 Inter
3283 5453 3400 5510 haec
3436 5452 3633 5523 patuit
3676 5463 3735 5512 et
3767 5459 3919 5510 liam

2278 5525 2633 5595 conspectui,
2661 5526 2830 5594 cujus
2861 5525 3015 5597 mihi
3050 5537 3160 5580 non
3193 5525 3378 5582 solum
3430 5525 3676 5597 formas,
3706 5537 3921 5584 verum-

2277 5599 2450 5654 etiam
2478 5597 2850 5656 naumachias
2874 5595 3106 5653 videbar
3133 5601 3490 5668 epotaturus.
3523 5615 3553 5648 ι»

2949 5703 3244 5762 BENCINI.

2344 5817 2516 5872 Num.
2539 5810 2630 5886 3L,
2653 5813 2810 5872 linea
2839 5809 2929 5869 40.
2962 5839 3033 5854 —
3059 5812 3191 5868 Haec
3228 5811 3375 5868 dona
3399 5813 3721 5872 constituit.
3755 5815 3932 5872 Vasa-
