4072 6176
520 280 650 341 4554

1743 275 2099 334 ANASTASII
2140 271 2684 330 BIBLIOTHECARII

3806 272 3923 332 45.δὲ

521 406 779 480 parasito
800 403 1097 480 m_e_o_._igl_ln
1142 399 1426 480 Ecclesias
1447 399 1664 480 itaque
1702 398 2169 480 Christianorum
2193 395 2253 456 A
2283 394 2638 480 Pontiﬁcalis
2669 393 2820 480 infra
2847 394 2905 478 in
2935 394 3226 480 Severino,
3252 409 3383 452 cum
3408 395 3714 453 Thesauri
3742 394 3921 451 Eccle-

519 469 1051 550 canthariadhibiti
1067 477 1205 550 sunt
1223 473 1292 528 ad
1315 469 1880 550 liquidalretinenda,
1902 469 2171 550 deputata

521 557 707 607 tamen
730 548 796 604 ad
821 548 1007 604 lumen
1035 546 1324 612 alendum,
1352 540 1420 599 ex
1443 544 1681 599 materia
1702 542 1788 598 vel
1817 540 2168 612 pretiosiori,

520 628 586 680 ut
639 635 708 678 ex
739 620 1016 692 balsamo,
1065 618 1190 692 oleo
1241 609 1506 692 nardino,
1539 628 1696 692 cera,
1729 609 1843 692 _aut
1873 609 2173 692 similibus

522 692 856 764 liquoribus
885 691 954 746 ad
983 681 1296 746 ardendum
1338 681 1511 764 aptis.
1539 681 1844 764 lleperitur
1875 689 2062 764 autem
2091 681 2175 737 di-

523 755 655 821 ctus
684 763 997 820 cantharus
1025 755 1394 824 cerostratus,
1418 758 1503 814 vel
1536 755 1775 827 pharum
1808 755 2170 827 cantharum,

524 835 611 892 vel
650 834 965 909 cantharus
992 833 1356 904 simpliciter.
1390 829 1438 886 Α
1479 824 1658 909 forma
1689 835 1760 909 et_
1785 840 1952 897 opere
1979 824 2171 909 forsan

526 906 833 964 tessellitio
854 906 1047 962 dictus
1073 901 1498 970 cerostratus;a
1525 901 1700 970 pharo
1730 901 2174 970 desuperimpo-

527 979 662 1042 sito,
686 977 771 1033 sic
798 977 948 1046 quod
973 990 1099 1033 cum
1125 976 1248 1032 oleo
1273 966 1844 1046 candelae—arderent;
1875 966 1960 1025 Sic
1984 966 2165 1046 infra:

529 1070 557 1102 α
590 1039 836 1105 Pharum
867 1049 1203 1104 cantharum
1225 1061 1293 1102 ex
1318 1057 1460 1101 auro
1479 1044 1793 1114 purissimo
1819 1039 1949 1114 ante
1969 1039 2167 1114 altare,

528 1123 586 1178 in
617 1134 729 1192 quo
750 1121 912 1176 ardet
930 1120 1121 1192 oleum
1143 1111 1528 1192 nardinum...
1568 1114 1668 1192 ubi
1699 1113 1950 1192 candelae
1971 1111 2174 1192 ardent

527 1207 595 1248 ex
621 1184 745 1264 oleo
776 1191 1022 1264 nardino
1072 1191 1361 1264 pisticolA»
1411 1187 1756 1264 Salmasius
1769 1184 2074 1264 adeundus
2100 1184 2172 1264 .in

526 1263 827 1333 Exercit.;
879 1262 1028 1317 Plin.
1065 1252 1191 1333 pag,
1239 1257 1362 1333 463.
1402 1258 1684 1333 Canthara
1724 1257 2002 1333 dicuntur
2056 1252 2171 1321 hic,

529 1335 680 1406 quod
709 1326 960 1402 tempore
981 1326 1481 1406 Longébardorum
1506 1326 2173 1406 frequentissimus-usus

532 1396 766 1462 nomina
806 1396 1130 1460 masculini"
1145 1402 1370 1473 generis
1418 1402 1477 1455 in
1507 1396 1720 1473 plurali
1750 1410 1985 1473 numero
2020 1396 2077 1450 in
2108 1411 2174 1449 ra

531 1477 860 1604 teirénlnare,
884 1480 940 1531 et
969 1467 1175 1530 efferre
1180 1473 1329 1530 unde
1349 1467 1573 1530 constat
1597 1471 1665 1527 de
1695 1477 1948 1540 tempore
1968 1467 2172 1522 harum

532 1561 564 1604 a
651 1563 667 1602 ι
702 1559 918 1602 tonum.

532 1547 918 1604 additionum.

604 1619 896 1692 Fundam._
925 1617 1304 1692 Prosequitur
1333 1612 1766 1692 consarcinator
1795 1609 2005 1692 referre
2036 1622 2175 1692 pos-

534 1690 822 1747 sessiones
864 1689 1029 1745 datas
1079 1683 1359 1746 ecclesiis.
1409 1688 1501 1740 Hie
1535 1698 1665 1740 vero
1692 1683 1986 1740 censendae
2015 1683 2171 1737 anti—

535 1759 1306 1834 quissimagexinsigniloco
1323 1761 1582 1834 exstante
1604 1757 1663 1834 in
1688 1755 1890 1834 l_ibe_ll_o_
1911 1751 2169 1834 Faustini
2206 1767 2258 1827 Β

534 1826 590 1907 (ξι
614 1832 935 1907 Marcellini
958 1826 1148 1907 oblato
1168 1830 1487 1907 Theodosio
1502 1827 1857 1907 seniori,ubi
1877 1826 2176 1907 loquentes

535 1905 604 1961 de
634 1904 897 1960 basilicis
923 1903 1338 1960 catholicorum
1362 1903 1529 1956 aiunt
1554 1919 1567 1953 :
1597 1920 1623 1952 α
1647 1899 1901 1954 Habeant
1919 1897 2009 1952 illi
2028 1897 2177 1951 basi-

539 1977 683 2032 licas
709 1989 849 2032 auro
877 1980 1264 2044 coruscantes,
1299 1973 1796 2044 pretiosorumque
1828 1980 2174 2044 marmorum

539 2047 854 2104 ambitione
873 2047 1126 2110 vestitas,
1160 2039 1484 2102 vel’ei‘ectas
1505 2042 1929 2114 magniﬁcentia
1946 2039 2178 2114 colum-

540 2133 763 2188 narum,
789 2118 1035 2174 habeant
1060 2122 1349 2188 porrectas
1369 2117 1430 2188 in
1450 2113 1683 2185 longum
1713 2113 2173 2188 possessiones._»

536 2191 655 2246 Jam
677 2182 812 2262 ergo
854 2182 1076 2247 adulto'
1099 2189 1204 2245 hoc
1243 2187 1454 2262 saculo
1484 2182 1688 2257 quarto
1715 2182 2181 2262 'basilicisassi-

537 2267 720 2334 gnata;
747 2256 1193 2334 arantporrectaz
1221 2263 1282 2314 in
1309 2256 1528 2334 longum
1548 2260 1934 2334 possessiones:
1967 2256 2178 2310 Harum

540 2328 824 2405 pleraeque
875 2328 1228 2405 obvenerunt
1278 2330 1540 2405 ecclesiis
1591 2342 1657 2384 ex
1718 2328 2178 2405 Christianorum

540 2401 1024 2476 possessionibus,
1063 2409 1122 2460 et
1171 2402 1368 2476 fundis
1419 2408 1672 2476 tempore
1715 2401 2179 2476 persecutionum

541 2469 1084 2550 ﬁscoadjudicatis.
1119 2469 1864 2550 Magniﬁcentia'lvero‘sive
1895 2471 1960 2550 in
2004 2469 2177 2550 vasis,

537 2549 657 2603 sive
687 2548 748 2602 in
780 2541 998 2609 fundis,
1031 2551 1088 2603 et
1117 2541 1330 2602 annuis
1382 2542 1708 2601 redditibus
1737 2543 1999 2599 ecclesiis
2028 2541 2180 2596 datis

537 2619 712 2674 etiam
733 2619 883 2687 apud
902 2619 1068 2688 plura
1080 2616 1476 2688 conventicula
1489 2616 1887 2688 haereticorum
1902 2611 2178 2688 enitebat.

538 2690 704 2744 Tales
726 2682 1317 2743 erant'haareticorum
1362 2685 1636 2747 ecclesiis,
1662 2685 1876 2740 Justini
1908 2691 1965 2739 et
1991 2682 2180 2739 Justi—

539 2759 702 2815 niani
727 2771 864 2826 aevo,
907 2759 1008 2828 qui
1035 2758 1260 2812 easdem
1293 2758 1604 2828 eripientes
1635 2756 1704 2810 ab
1737 2755 2044 2828 hzcreticis.
2077 2767 2180 2828 ca-

539 2825 888 2886 tholicorum
919 2825 1184 2886 ecclesiis
1235 2825 1627 2898 assignarunt.
1657 2828 1716 2880 In
1751 2826 1964 2896 Pelagii
1989 2825 2181 2898 4_epi-

535 2901 682 2959 stola
711 2901 841 2957 data
870 2899 1233 2956 Childeberto
1286 2895 1629 2953 Francorum
1660 2898 1780 2968 regi
1811 2895 1995 2952 exatat
2021 2895 2180 2966 frag-

536 2977 789 3030 mentum
835 2971 1095 3042 epistolae
1137 2969 1339 3042 Vigilii
1370 2970 1438 3025 ad
1486 2967 1897 3042 ,lustlnia’num,
1940 2968 2038 3023 ubi
2066 2967 2181 3022 hmo

539 3045 842 3116 leguntur:
871 3040 902 3095 ξι
935 3045 1060 3116 Haec
1087 3043 1212 3116 ipsa
1245 3041 1325 3116 ita
1345 3040 1730 3112 contigerunt,
1774 3045 1838 3096 ut
1868 3053 1997 3116 cum
2022 3043 2179 3109 pater

2281 467 2381 522 siaa
2405 466 2476 522 ab
2505 465 2748 522 exarcha
2771 466 3097 535 rapiuntur.

2351 540 2517 594 Num.
2551 537 2640 607 35,
2677 537 2827 593 linea
2853 535 2901 592 4.
2930 568 3004 579 —-
3029 541 3132 593 Hic
3159 539 3287 605 fecit
3317 542 3687 594 constitutum
3706 538 3780 592 de
3805 542 3924 592 σπειιὶ

2282 611 2522 664 ecclesia.
2547 610 2840 665 Materiam
2863 610 3301 666 constitutionis
3339 612 3600 667 indicare
3619 611 3840 667 omisit
3863 611 3926 664 Li-

2284 681 2382 736 ber
2413 681 2786 737 Pontiﬁcalis.
2822 682 3080 738 Forsitan
3127 689 3253 753 post
3285 683 3661 738 Constantini
3693 695 3926 737 conver-

2285 753 2501 808 sionem
2539 753 2826 825 generalia
2863 754 3090 809 decreta
3131 754 3318 810 edidit
3363 768 3464 824 pro
3507 756 3929 810 restauratione

2283 825 2689 881 ecclesiasticae
2713 825 3064 896 disciplinae,
3092 825 3378 896 praecipue
3391 839 3494 896 pro
3518 825 3696 895 lapsu
3722 825 3930 880 multo-

2286 910 2410 952 rum
2442 897 2499 950 in
2531 897 2808 952 decennio
2841 910 3057 967 magna:
3089 897 3509 967 persecutionis
3557 897 3676 953 sub
3705 897 3929 953 Diocle-

2285 967 2464 1023 tiano.
2488 969 2613 1023 Haec
2631 981 2760 1023 vero
2774 973 3058 1037 spectasse
3073 969 3142 1024 ad
3159 969 3498 1026 universum
3516 969 3746 1032 orbem,
3760 982 3826 1024 ac
3846 981 3930 1037 per

2285 1038 2908 1112 singulasprovincias
2925 1054 2958 1096 a
2991 1040 3362 1110 pontiﬁcibus
3385 1041 3614 1096 directa
3642 1041 3927 1112 generalia

2285 1109 2411 1180 quae
2433 1109 2777 1183 dicebantur
2793 1109 3040 1183 decreta,
3073 1112 3316 1168 suadent
3345 1118 3465 1168 tum
3500 1109 3788 1178 aliorum,
3817 1118 3926 1167 tum

2286 1181 2623 1252 pontiﬁcum
2665 1183 2770 1238 hoc
2795 1184 2919 1253 ipso
2945 1181 3156 1240 saeCulo
3186 1183 3498 1240 viventium
3533 1190 3924 1240 monumenta.

2283 1253 2612 1310 Arelatense
2667 1254 2817 1309 enim
2857 1255 3170 1311 concilium
3216 1256 3442 1312 decreta
3502 1269 3617 1310 non
3672 1255 3795 1310 nisi
3843 1267 3929 1323 per

2283 1324 2617 1381 Silvestrum
2657 1325 3053 1382 denuntianda
3082 1325 3243 1383 orbis
3291 1325 3563 1383 catholici
3610 1326 3928 1396 provinciis

2283 1395 2558 1468 decernit.
2573 1397 2757 1467 Synod
2769 1413 2836 1454 us
2847 1399 3205 1455 Sardicensis
3225 1395 3926 1468 pariterJulio’epistolam

2283 1467 2667 1540 dedit,quam
2701 1469 2947 1540 reliquis
2977 1467 3267 1540 episcopis
3314 1469 3552 1524 minime
3589 1468 3924 1524 mittendam

2283 1539 2543 1609 censuit;
2571 1545 2627 1596 et
2654 1539 3024 1611 encyclicam,
3047 1541 3161 1596 nisi
3184 1539 3359 1611 prius
3381 1541 3638 1596 Romano
3665 1539 3929 1609 pontiﬁce

2283 1611 2623 1681 compellato
2672 1612 2917 1682 reliquis
2955 1612 3244 1682 episcopis
3301 1613 3543 1667 minime
3594 1611 3925 1666 mittendam

2285 1683 2596 1808 gutabatS.
2616 1684 2977 1754 Augustinus
2996 1697 3172 1754 supra
3189 1684 3478 1767 laudatus.
3501 1684 3570 1738 Et
3593 1683 3925 1739 Gratianus.

2333 1753 2517 1808 alente
2532 1760 2872 1808 imperatore
2884 1754 3173 1808 defuncto.
3186 1771 3284 1808 aui
3301 1755 3923 1808 hmmsesnromoverat.

2333 1753 2517 1810 alente
2532 1753 2872 1826 imperatore
2884 1753 3173 1826 defunéto,
3186 1756 3284 1826 qui
3301 1755 3923 1826 haamsespromoverat,

2285 1839 2414 1910 cum
2466 1825 2634 1910 vellet
2674 1825 2980 1882 formulam
3022 1825 3537 1910 ﬁdei'Sequendam
3560 1825 3926 1910 ab‘omnibus

2289 1896 2513 1969 habere,
2555 1898 2861 1969 Damasum
2896 1899 3136 1969 rogavit,
3189 1896 3288 1969 qui
3330 1904 3547 1954 tomum
3599 1897 3811 1959 edidit,
3841 1896 3923 1969 cui

2287 1968 2756 2039 subscripserunt
2801 1968 2852 2024 4.
2883 1968 3148 2025 Meletius
3187 1968 3583 2025 Antiochenus
3626 1970 3689 2024 in
3717 1968 3925 2039 synodo

2285 2035 2659 2111 Antiochena,
2683 2047 2736 2096 et
2762 2040 2973 2112 reliqui
3001 2039 3322 2098 Orientales
3342 2040 3605 2112 episcopi
3639 2055 3699 2096 n.
3731 2035 3853 2112 4'57,
3879 2047 3924 2112 et

2289 2055 2659 2111 antiocnena,
2683 2055 2736 2096 et
2762 2055 2973 2112 reliqui
3001 2055 3322 2098 urientaies
3342 2055 3538 2110 episco
3584 2057 3605 2095 ι
3639 2055 3699 2096 n.
3731 2055 3853 2106 τοι,
3879 2055 3922 2092 ei

2289 2112 2414 2194 ipsa
2444 2112 2698 2194 synodus
2715 2113 3069 2194 (acumenica
3083 2055 3581 2194 C(Lnstantinopori
3592 2118 3750 2194 tana.
3775 2110 3922 2194 Quod

2291 2183 2498 2256 iterum
2549 2185 2668 2256 egit
2717 2183 2826 2240 sub
2871 2184 3084 2240 Siricio
3140 2184 3520 2256 Theodosius,
3563 2189 3632 2239 ut
3674 2196 3784 2256 suo
3810 2182 3925 2256 loco

2289 2253 2622 2310 notandum.
2649 2255 2900 2312 Siricius
2933 2257 3148 2326 pariter
3192 2255 3454 2311 meminit
3488 2255 3712 2311 decreti
3757 2253 3926 2309 editia

2290 2326 2519 2383 Liberio
2561 2326 2632 2382 de
2675 2340 2788 2383 non
2835 2327 3257 2397 rebaptizandis
3306 2326 3617 2394 haereticis,
3661 2333 3928 2394 vocatque

2291 2397 2552 2480 generale
2584 2399 2885 2480 decretum
2923 2413 3021 2480 per
3034 2398 3390 2480 provincias
3421 2398 3816 2480 publicatum;
3856 2399 3926 2450 ita

2293 2468 2392 2524 ille
2427 2471 2481 2542 in
2507 2469 2752 2542 epistola
2776 2468 3064 2526 decretali’
3082 2471 3152 2526 ad
3181 2470 3495 2542 Himerium
3527 2470 3750 2542 (tomnl
3779 2468 3922 2542 Cone.

2295 2556 2347 2613 p.
2389 2539 2536 2610 848.)
2566 2562 2591 2592 «
2625 2542 2814 2613 Prima
2846 2543 3038 2613 itaque
3061 2541 3280 2613 paginae
3308 2548 3420 2597 tua:
3453 2538 3921 2613 frontelsignasti.

2290 2611 2608 2682 baptizatos
2631 2612 2702 2668 ab
2731 2611 3193 2683 impiis—Arianis
3221 2612 3505 2682 plurimos
3528 2612 3601 2668 ad
3637 2611 3809 2668 ﬁdem
3839 2623 3930 2664 ca-

2291 2684 2573 2756 tholicam,
2597 2683 2890 2751 festinare,
2909 2690 2965 2741 et
2989 2685 3265 2756 quosdam
3295 2684 3364 2740 de
3381 2683 3677 2740 fratribus
3704 2683 3926 2747 nostris,

2289 2757 2512 2812 eosdem
2543 2755 2732 2813 denuo
2762 2755 3053 2826 baptizare
3076 2755 3250 2826 velle;
3287 2756 3436 2825 quod
3478 2769 3596 2811 non
3627 2756 3788 2820 licet,
3814 2767 3926 2826 cum

2292 2827 2398 2884 hoc
2426 2827 2548 2883 ﬁeri
2599 2831 2656 2882 et
2701 2825 3010 2897 Apostolus
3039 2833 3206 2894 vetet,
3243 2825 3308 2882 et
3351 2840 3608 2883 canones
3639 2825 3931 2882 contradi-

2289 2904 2455 2954 cant:
2486 2904 2541 2954 et
2573 2905 2700 2969 post
2718 2906 3003 2955 cassatum
3033 2899 3397 2954 Ariminense
3417 2898 3743 2954 concilium
3769 2897 3931 2969 missa

2289 2970 2358 3024 ad
2395 2968 2718 3039 provincias
2747 2983 2778 3025 a
2810 2984 2932 3026 ven.
2970 2983 3116 3026 nem.
3169 2972 3589 3039 praedecessore
3619 2983 3748 3026 meo
3775 2968 3932 3024 Libe-

2291 3040 2381 3096 rio
2397 3040 2682 3112 generalia
2694 3043 2918 3098 decreta
2934 3041 3292 3112 prohibeant.
3311 3062 3337 3092 n
3350 3041 3724 3112 Obsequium
3742 3039 3932 3112 deinde

534 3109 720 3172 veater
763 3109 1244 3171 clementissimus
1297 3109 1608 3182 imperator
1662 3125 1858 3168 omnes
1913 3111 2173 3184 haereses.
2206 3116 2254 3180 ί]
2289 3109 2735 3184 exspectandum
2763 3109 3036 3169 audacter
3064 3115 3417 3183 pronuniiat.
3449 3109 3543 3184 (hi
3573 3114 3812 3168 decretis
3837 3127 3880 3164 ε.
3903 3109 3932 3162 8

536 3202 664 3259 quae.
704 3184 1231 3259 ConstanstinOpoli
1278 3181 1578 3254 epiScOpos
1631 3197 1786 3259 suos,
1815 3187 1872 3259 et
1903 3181 2176 3238 ecclesias

533 3255 662 3316 cum
679 3259 904 3330 magnis
921 3256 1265 3330 redditibus,
1280 3263 1609 3330 etvasorum
1624 3255 1978 3323 diversitate,
1997 3266 2178 3330 usque

536 3332 607 3386 ad
641 3325 894 3400 tempora
933 3328 1163 3400 imperii
1207 3329 1333 3398 ejus
1386 3325 1751 3400 habueru_nt._
1790 3326 2094 3400 everterit__;
2123 3330 2179 3379 et

537 3396 787 3458 sublatis
807 3396 1079 3456 basilicas
1099 3396 1295 3456 eorum
1327 3402 1500 3465 atque
1521 3396 1866 3465 redditibus,
1908 3396 2179 3452 omnibus

536 3473 674 3529 aliis
704 3472 894 3537 rebus,
917 3471 1220 3528 catholicis
1236 3468 1570 3525 tradiderit.
1603 3487 1629 3520 ››
1652 3471 1806 3524 Inter
1828 3482 1923 3524 eas
1951 3468 2180 3523 divitia-

538 3558 666 3601 rum
696 3543 948 3614 potentia
962 3541 1613 3614 numerabaturAriana,
1642 3539 2176 3614 quaeadJnstiniani

537 3609 792 3686 tempora
808 3615 1064 3686 reliquas
1077 3613 1333 3686 anteibat
1347 3609 1773 3686 magniﬁcentia
1801 3609 2110 3686 fundorum
2124 3613 2181 3665 et

538 3682 1026 3754 ornamentorum,
1078 3699 1204 3756 quae
1253 3682 1754 3756 ﬁscovindicavit
1789 3683 2176 3756 Justinianus,

539 3759 815 3829 Procopio
839 3763 980 3814 teste
1004 3752 1234 3829 conlato
1262 3757 1320 3810 in
1356 3754 1500 3829 Hist.
1534 3768 1739 3829 arcan.‘
1764 3768 1889 3825 pag.
1920 3752 1983 3829 _54
2017 3771 2028 3808 :
2059 3773 2084 3805 α
2114 3755 2177 3808 In

542 3824 744 3887 horum
772 3843 918 3900 quos
947 3833 1149 3900 vocant
1192 3824 1797 3900 hzereticorumfanis,
1829 3824 1894 3880 ac
1921 3827 1997 3881 iis
2028 3838 2182 3894 prae-

537 3903 759 3971 sertim,
794 3896 854 3957 in
877 3900 1094 3971 quibus
1121 3899 1250 3955 Arii
1297 3904 1449 3954 secta
1478 3896 1886 3971 celebraretur,
1917 3909 2054 3971 Opes
2085 3909 2182 3952 rec

499 3993 502 3997 ’
539 3968 934 4029 εοηὰθδειηιιιῖ·
963 3972 1129 4042 plane
1181 3982 1355 4041 supra
1386 3982 1557 4039 quam
1605 3968 1882 4042 credibile
1906 3968 2181 4042 cuiquam

541 4049 640 4099 sit.
669 4046 863 4114 Neque
883 4038 1035 4098 enim
1064 4038 1648 4114 senatusluniversus,
1675 4046 1774 4096 aut
1799 4039 1912 4114 alia
1939 4038 2180 4114 Bomani

540 4110 828 4183 praecipue
857 4127 986 4182 pars
1017 4114 1246 4181 imperii
1279 4113 1348 4168 de
1391 4111 1618 4183 divitiis
1647 4125 1777 4167 cum
1819 4112 1893 4165 iis
1921 4110 2184 4183 delubris

543 4182 794 4241 conferri
823 4189 1027 4253 potest.
1056 4185 1193 4238 Nam
1212 4185 1288 4239 iis
1308 4182 1578 4238 omnibus
1598 4191 1719 4238 erat
1739 4195 1899 4237 sacra
1925 4182 2183 4250 supellex

542 4269 612 4312 ex
639 4268 805 4325 auro,
843 4261 899 4310 et
922 4260 1177 4325 argento,
1214 4253 1486 4324 pretiosis
1529 4253 1822 4322 lapidibus
1843 4254 1998 4325 omni
2031 4268 2184 4324 opu-

540 4328 718 4384 lentia
743 4323 801 4382 et
827 4323 1199 4396 capia'major
1221 4323 1234 4380 ξ
1260 4326 1494 4396 Domus,
1519 4329 1575 4378 et
1602 4325 1734 4396 Pagi
1771 4323 2135 4381 refertissimi
2165 4343 2181 4394 ;

545 4395 933 4471 possessiones
987 4395 1200 4467 ubique
1261 4395 1536 4466 gentium,
1579 4399 1637 4450 et
1688 4395 1846 4471 :quid
1889 4396 2048 4452 aliud
2098 4400 2186 4471 est

541 4466 886 4528 mortalibus
914 4481 1086 4539 opum
1115 4466 1305 4540 genus
1337 4484 1352 4536 ;
1380 4470 1588 4540 utpote
1604 4466 1818 4537 quibus
1843 4481 2006 4540 nemo
2035 4469 2188 4540 prin-

542 4525 1065 4613 cipum’aliquando
1077 4525 1398 4613 molestiam
1420 4525 1903 4613 intulissetQuin
1916 4525 2186 4613 etm'ultis
2211 4525 2266 4588 D

546 4610 714 4670 rectas
752 4610 1052 4669 sententia:
1078 4610 1415 4667 hominibus
1443 4624 1540 4680 per
1563 4612 1920 4667 occasionem
1951 4611 2097 4667 artis
2132 4615 2189 4666 et

549 4685 810 4741 instituti
834 4683 1153 4739 necessaria
1179 4684 1248 4739 ad
1271 4683 1474 4753 vitam,
1495 4682 1629 4737 inde
1644 4683 2008 4753 suppeditata
2028 4686 2184 4738 sunt.

548 4759 760 4813 Horum
790 4768 924 4826 ergo
949 4754 1290 4824 templorum
1323 4752 1611 4826 publicata
1650 4752 1796 4809 bona
1830 4754 2018 4826 praeda
2057 4753 2191 4826 fue-

553 4832 690 4885 runt
710 4824 1036 4883 Justiniano
1064 4825 1341 4897 Augusto.
1379 4842 1406 4877 ιο
1422 4824 1599 4897 _Hisce
1620 4824 2083 4894 possessionibus
2107 4825 2192 4881 di-

554 4904 671 4956 tata
727 4897 1088 4968 resplenduit
1144 4894 1684 4968 s'emperlbasilica
1709 4897 2004 4966 Vaticana,
2063 4910 2190 4967 quae

553 4971 772 5041 ubique
809 4966 1069 5041 gentium
1097 4966 1786 5041 patrimoniaobtinebat,
1818 4972 1881 5041 et
1902 4973 2034 5041 post
2056 4966 2192 5023 Lon-

556 5038 1214 5116 gobardosiconoclastre
1233 5052 1358 5116 man
1368 5053 1434 5116 us
1448 5038 1785 5116 injecerunt,
1803 5040 1887 5094 uti
1899 5040 1981 5116 _A_d
1993 5039 2193 5116 rianus

557 5107 616 5171 in
644 5112 888 5183 epistola
932 5116 1189 5183 exstante
1216 5115 1326 5166 act.
1365 5107 1402 5165 2
1437 5107 1692 5180 septimae
1739 5111 1964 5183 synodi,
1991 5116 2075 5183 _et
2132 5111 2192 5167 in

556 5181 738 5242 altera
765 5184 897 5254 data
925 5181 1132 5254 Carolo
1152 5185 1374 5254 Magno,
1401 5195 1522 5254 qua
1543 5193 1672 5254 eum
1700 5182 1913 5236 excitat
1939 5181 2007 5254 ad
2037 5195 2194 5254 recu-

555 5256 806 5328 peranda
843 5251 1285 5328 ablata,_videre
1323 5257 1427 5321 est,
1469 5251 1576 5328 ubi
1601 5252 1772 5307 etiam
1797 5253 2008 5328 aperis,
2043 5253 2194 5310 unde

550 5323 615 5386 ea
646 5327 796 5384 bona
824 5325 1176 5382 obvenerint.
1204 5345 1231 5380 α
1253 5325 1386 5394 Qua:
1408 5323 1778 5394 perdiversos
1799 5324 2188 5395 imperatores,

468 5429 470 5431 >
559 5401 834 5470 patricios
858 5398 1052 5470 etiam,
1085 5404 1141 5452 et
1175 5397 1324 5470 alios
1352 5398 1527 5470 Deum
1557 5395 1843 5470 timentes,
1871 5411 1970 5466 pro
1992 5410 2189 5470 eorum

554 5468 761 5526 anima:
804 5469 1059 5525 mercede
1113 5473 1169 5524 et
1205 5468 1364 5524 venia
1395 5468 1758 5535 delictorum,
1817 5469 1874 5523 in
1929 5468 2191 5538 partibus

554 5543 794 5608 Tusciae,
836 5540 1081 5610 Spoleto,
1133 5553 1233 5595 seu
1279 5539 1590 5594 Benevento
1638 5537 1801 5594 beato
1848 5537 2012 5596 Petro
2053 5554 2189 5610 apo-

555 5613 724 5681 stolo,
750 5619 1071 5682 sanctazque
1092 5611 1189 5667 Dei
1213 5615 1269 5666 et
1288 5611 1617 5680 apostolicae
1642 5610 1904 5682 Ecclesiae
1923 5624 2193 5669 concessa

557 5687 714 5750 sunt,
747 5689 802 5736 et
841 5697 939 5751 per
979 5681 1278 5754 nefandam
1311 5686 1532 5752 gentem
1560 5681 2060 5754 Longobardorum
2096 5698 2194 5754 per

559 5765 841 5823 annorum
863 5753 1046 5822 spatia
1066 5753 1352 5809 abstracta
1369 5758 1542 5823 atque
1567 5752 1755 5823 ablata
1773 5759 1929 5810 sunt.
1959 5773 1986 5807 υ
2017 5752 2191 5823 Bona,

549 5833 605 5886 et
636 5822 898 5884 redditus
927 5824 1212 5894 quomodo
1231 5830 1422 5881 essent
1449 5822 1813 5894 expendenda
1838 5827 2004 5884 docet
2027 5822 2195 5886 Liber

2288 3188 2345 3238 et
2376 3181 2532 3254 45.)»
2574 3184 2722 3252 Quid
2772 3183 2842 3240 ab
2875 3181 3162 3241 universis
3213 3190 3337 3252 post
3383 3181 3506 3240 hac
3553 3185 3930 3241 ecclesiisse—

2331 3255 2579 3310 uendum
2599 3255 2697 3324 sit,
2714 3256 2852 3326 quid
2873 3256 3170 3327 vitandum
3189 3257 3439 3323 generali
3461 3256 3930 3327 pronuntiatione

2328 3327 2652 3398 ecernimus
2685 3345 2699 3396 ;
2731 3324 2810 3382 'et
2853 3327 3004 3382 infra
3037 3346 3051 3383 :
3111 3324 3477 3398 Quanquam'
3509 3333 3740 3384 statuta
3791 3324 3927 3398 sedis

2289 3397 2637 3468 apostolicae,
2674 3395 2759 3453 vel
2791 3412 3072 3455 canonum
3118 3395 3467 3455 venerabilia
3508 3399 3759 3454 deﬁnita
3799 3395 3929 3452 nulli

2292 3469 2648 3542 ignoraresit
2673 3470 2941 3526 liberum.
2966 3491 2991 3523 α
3019 3471 3226 3542 Etcum
3247 3471 3628 3526 Constantius
3642 3469 3930 3542 Liberium

2293 3540 2586 3611 impellere
2615 3547 2920 3598 conaretur
2955 3543 3026 3597 ad
3070 3540 3438 3611 infringenda
3487 3541 3686 3610 priora
3719 3541 3931 3596 decreti

2292 3613 2536 3684 impigre
2549 3613 2845 3684 respondit
2864 3612 3154 3669 Liberius:
3183 3632 3208 3663 »
3238 3615 3548 3683 Nunquam
3564 3625 3688 3668 mea
3704 3617 3936 3667 statuta.

2289 3685 2386 3738 sed
2405 3683 2753 3754 apostolica,
2781 3689 2845 3740 ut
2859 3698 3080 3753 semper
3099 3690 3290 3742 essent
3308 3684 3554 3745 ﬁrmata.
3573 3690 3631 3740 et
3648 3684 3936 3754 custodita

2290 3752 2782 3838 perfecitsecutus
2803 3752 3107 3838 ordineml
3124 3757 3769 3838 moremquemajorum
3799 3752 3936 3808 nihil

2290 3826 2424 3882 addi
2459 3827 2819 3897 episcopatui
2862 3827 3023 3883 urbis
3070 3829 3279 3896 Romae,
3315 3826 3467 3882 nihil
3514 3827 3714 3882 minui
3749 3837 3940 3895 passus

2292 3911 2441 3970 sum.
2474 3915 2529 3970 n_
2555 3900 2624 3952 Et
2668 3899 3100 3970 Innocentiusll
3131 3899 3392 3970 generale
3414 3899 3617 3953 Siricii
3647 3898 3938 3970 decretura

2292 3969 2362 4025 de
2380 3968 2654 4025 Caelibatu
2683 3971 2902 4025 editum
2933 3968 3278 4026 conﬁrmans
3301 3971 3716 4026 incunctanter
3739 3968 3943 4024 asserit

2295 4040 2415 4113 haec
2443 4053 2472 4113 a
2507 4040 2678 4113 nullo;
2709 4055 2873 4111 posse
2903 4041 3180 4113 ignorari,
3211 4043 3290 4098 ita
3318 4042 3658 4113 Exsuperiol
3681 4039 3942 4113 scribens

2293 4126 2343 4196 εξ.
2379 4109 2401 4166 4
2438 4112 2592 4196 (tum.
2650 4109 2985 4196 concnpa‘g.
3042 4109 3225 4196 4093):
3259 4134 3287 4165 ‹‹
3318 4115 3456 4196 Nam
3591 4111 3664 4196 ad
3711 4110 3944 4196 aliquos

2294 4182 2611 4254 formalilla
2640 4182 3042 4240 ecclesiastica:
3070 4182 3200 4240 vitae
3240 4186 3477 4254 pariter,
3503 4190 3558 4238 et
3583 4183 3942 4252 discipline,

2293 4269 2420 4325 quae
2445 4253 2514 4309 ab
2557 4255 2826 4326 episcopo
2859 4256 3073 4312 Siricio
3098 4257 3168 4312 ad
3220 4253 3550 4326 provincias
3577 4254 3942 4326 commeat-il.

2294 4325 2791 4411 nonhprobabi'tur
2833 4327 3173 4411 pervenisse,
3213 4325 3747 4411 hisignorat‘ionis
3786 4325 3942 4381 venia

2296 4398 2637 4470 remittetur,
2678 4399 2756 4453 ita
2786 4404 2852 4454 ut
2879 4399 2950 4455 de
2971 4404 3175 4455 caetero
3221 4398 3508 4470 incipiant
3529 4398 3941 4470 abstinere.

2294 4468 2354 4525 Si
2374 4469 2471 4539 qui
2489 4474 2677 4526 autem
2701 4470 2882 4526 scisse
2907 4469 3144 4527 formam
3166 4468 3391 4528 vivendi
3421 4471 3656 4526 missam
3679 4484 3718 4525 a
3737 4468 3943 4525 Siricio

2297 4542 2661 4611 deteguntur,
2697 4555 2880 4612 neque
2927 4543 3122 4598 statim
3153 4542 3500 4612 cupiditates
3528 4541 3819 4598 libidinis
3844 4539 3941 4594 ab—

2294 4612 2521 4683 jecisse,
2553 4612 2643 4683 illi
2687 4618 2824 4669 sunt
2849 4614 3036 4670 modis
3059 4613 3330 4670 omnibus
3355 4613 3770 4670 submovendi.
3805 4632 3829 4662 ι

2369 4682 2543 4755 Linea
2567 4682 2618 4740 3.
2653 4715 2726 4725 —
2763 4684 3000 4750 Quorum
3042 4686 3462 4755 chirographum
3480 4688 3754 4740 cucurrit.
3783 4686 3938 4755 Syn-

2299 4754 2496 4834 bolum
2543 4769 2743 4834 nempe
2779 4757 3071 4834 Nicaenum
3099 4754 3574 4834 directumprbis
3601 4758 3793 4834 totius
3819 4754 3937 4834 opif

2300 4827 2514 4899 _sc0pis,
2549 4828 2648 4897 qui
2674 4840 2784 4883 non
2817 4827 3196 4885 interfuerant
3219 4829 3489 4899 concilio,
3524 4834 3595 4884 ut
3618 4830 3674 4884 ei
3700 4827 3938 4884 subscri-

2300 4897 2519 4968 berent,
2555 4904 2619 4970 ut
2661 4899 2842 4956 totius
2870 4899 3030 4956 orbis
3057 4913 3340 4956 consensu
3383 4897 3931 4970 repraesentaretur:

2301 4969 2655 5026 consuetudo
2687 4970 2803 5027 haec
2843 4977 2907 5027 ut
2935 4971 3274 5028 conciliaria
3309 4969 3536 5028 decreta
3585 4972 3663 5028 ab
3682 4969 3938 5027 omnibus

2302 5041 2695 5114 reciperentur
2744 5047 2872 5112 post
2907 5043 3421 5114 denuntiationem,
3451 5043 3699 5100 inducta
3724 5042 3936 5097 videtur

2301 5112 2371 5167 ab
2392 5113 2691 5186 apostolis,
2722 5114 2824 5186 qui
2850 5120 2976 5184 post
3003 5114 3315 5172 concilium
3354 5112 3930 5186 Hierosolymitaaum

2301 5189 2411 5258 act.
2466 5183 2565 5258 45,,
2602 5183 2863 5255 Paulum,
2895 5186 3244 5258 _Barnabam,
3273 5187 3502 5254 ludam,
3539 5193 3602 5242 et
3629 5183 3808 5258 Sylam
3833 5183 3936 5236 de-

2305 5255 3592 5330 lectosmiserunt,utfratribusdenuntiareut
3618 5255 3931 5330 synodica;-

2305 5328 2363 5382 in
2399 5327 2502 5400 illo
2527 5333 2679 5385 coetu
2709 5323 3119 5400 editamJlinc
3148 5330 3207 5385 in
3255 5329 3364 5386 ﬁne
3387 5330 3610 5400 capitis
3634 5323 3844 5400 dicitur
3868 5323 3936 5377 de

2303 5398 2512 5472 Paulo:
2549 5419 2576 5451 ‹‹
2613 5399 3042 5456 Perambulabat
3090 5407 3278 5456 autem
3321 5398 3544 5472 Syriam
3575 5408 3640 5457 et
3667 5399 3936 5456 Ciliciam.

2301 5470 2647 5543 conﬁrmans
2663 5472 2966 5527 ecclesias:
2989 5473 3328 5543 praecipiens
3342 5470 3648 5528 custodire
3677 5474 3942 5542 praecepta

2299 5542 2690 5612 apostolorum
2721 5551 2776 5598 et
2830 5544 3143 5599 seniorum.
3168 5542 3207 5594 ’n
3237 5544 3607 5601 Consuetudo
3640 5543 3756 5599 fuit
3787 5552 3947 5595 rece—

2305 5614 2568 5683 ptissima
2589 5614 2792 5684 primis
2807 5614 2994 5670 tribus
3008 5615 3342 5685 saculis,ut
3356 5615 3676 5672 identidem
3695 5615 3953 5670 observa.

2305 5690 2426 5741 tum
2447 5690 2535 5741 est
2558 5685 2616 5741 in
2633 5685 3032 5755 superioribus
3049 5688 3224 5744 notis.
3242 5687 3455 5743 Atante
3469 5688 3770 5743 Nicaenam
3788 5698 3955 5754 syno-

2302 5757 2439 5813 dum
2469 5770 2600 5828 cum
2639 5757 2957 5828 Alexander
2979 5759 3304 5828 patriarcha
3330 5759 3498 5815 Alex.
3526 5763 3589 5815 et
3617 5759 3796 5816 Osius
3829 5756 3956 5812 Arii

2309 5827 2656 5901 incipientes
2688 5826 3077 5901 blasphemiae
3113 5829 3615 5903 condemnassent,
3667 5841 3963 5900 usumque
