4072 6176
198 278 354 340 4553

960 329 962 331 ,
1058 280 1380 340 HISTORIA
1419 283 1510 339 DE
1546 282 1724 340 VITIS
1761 281 1928 340 ROM.
1969 281 2172 341 PONT.
2214 314 2282 326 —
2320 286 2376 341 S.
2407 286 2798 346 SILVESTER.

3484 291 3623 350 4554

195 404 625 486 trucisomousii
663 403 1022 486 probassent,
1062 418 1160 476 per
1188 406 1488 486 epistolam
1515 406 1860 486 encyclicam
1899 404 1952 466 A
1983 406 2202 486 sionem
2232 408 2618 486 Ariminensis
2646 411 2883 467 concilii
2925 413 3050 486 sine
3079 414 3458 486 ambiguitate
3491 416 3631 470 mit-

193 477 432 532 decreta
462 476 889 546 denuntiantes,
923 477 1323 546 episcoporum
1368 476 1690 535 absentium
1738 477 1870 535 suf-

194 518 391 621 fragia
411 518 1213 621 _p‘ostularunt_.wf:)ulod?e’l’ert
1712 518 1871 605 nostra

194 616 547 692 llis'toriaU.
578 633 615 683 ι,
650 619 739 692 tit.
784 616 838 690 7,
871 633 996 690 pag.
1024 618 1110 691 6):
1159 641 1184 692 ςι
1215 623 1356 676 Ante
1403 616 1681 692 syno‘dum
1720 634 1871 692 quo-

194 704 319 760 que
349 691 636 762 Nicanam
679 691 1064 746 Alexandrum
1109 691 1469 748 Alexandria
1512 691 1867 762 episcopum,

191 775 336 816 cum
376 761 722 817 Nicomedia
764 768 1113 819 versaretur.
1167 770 1222 818 et
1270 765 1329 818 in
1360 761 1559 819 Osium
1594 761 1869 820 Corduba

193 832 345 905 quin
356 847 465 904 que
485 847 612 889 cum
631 847 696 889 eo
713 840 896 900 erant,
915 833 1213 904 episcOpos
1232 835 1550 901 incidisset,
1576 835 1870 905 synodicls

193 902 502 976 suffragiis
561 905 896 960 convenisse
950 902 1019 960 de
1073 902 1435 973 pradicando
1504 902 1649 962 Filio
1709 906 1864 960 Patri

193 977 488 1043 omousio,
518 976 773 1046 Arioque
814 975 1272 1032 condemnando:
1304 997 1328 1027 ι)
1377 980 1573 1033 Exstat
1616 977 1866 1032 Alexan-

191 1046 360 1101 drini
388 1047 658 1116 synodica
691 1049 748 1102 in
791 1060 901 1117 qua
931 1047 1132 1119 relatis
1159 1048 1284 1103 Arii
1315 1049 1514 1118 impiis
1543 1048 1864 1119 conatibus,

193 1125 256 1172 et
281 1120 569 1190 sententia
590 1119 816 1189 synodi,
854 1118 939 1174 sic
964 1118 1033 1173 ad
1056 1132 1182 1190 rem
1211 1119 1372 1176 orbis
1401 1121 1700 1190 episcopos
1719 1118 1868 1176 comé

197 1189 376 1257 pellat
406 1189 474 1245 ad
523 1188 1005 1259 subscriptionem
1045 1188 1203 1260 (tom.
1238 1192 1258 1245 Ι
1288 1188 1472 1254 Cone.)
1520 1188 1650 1247 ante
1675 1192 1866 1246 Nica—

196 1273 338 1333 ilum
368 1260 596 1333 conc):
633 1281 658 1313 α
693 1263 857 1330 Istos,
894 1261 1151 1330 inquam,
1198 1260 1403 1318 fratres
1432 1263 1785 1333 charissimi,
1809 1266 1864 1317 et

195 1330 313 1386 fide
349 1331 647 1388 nobiscum
685 1332 1110 1388 consentientes
1139 1334 1385 1388 aversati
1415 1347 1527 1389 una
1559 1330 1861 1388 nobiscum

190 1407 397 1484 contra
428 1404 686 1488 insanam
721 1417 917 1488 eorum
944 1405 1636 1488 temeritatemadjungite
1657 1403 1863 1459 suffra-

234 1473 314 1538 ia,
346 1487 457 1530 non
484 1475 654 1530 aliter
692 1488 757 1530 ac
777 1475 882 1546 alii
929 1475 1160 1546 collegae
1205 1473 1541 1546 nostri,’qui
1573 1489 1689 1530 rem
1716 1488 1862 1546 agre

217 1546 410 1614 erunt,
464 1546 562 1616 qui
610 1545 885 1616 epistolas
931 1545 1128 1602 contra
1174 1547 1318 1603 istos
1377 1545 1624 1616 scriptas
1669 1547 1736 1601 ad
1775 1545 1862 1601 me

194 1617 502 1682 miserunt,
536 1618 635 1687 qui
665 1617 864 1673 libello
890 1617 1164 1674 adversus
1191 1632 1287 1674 eos
1313 1618 1470 1674 edito
1491 1617 1857 1686 subscripse-

193 1692 368 1742 runt:
424 1703 549 1757 qua
581 1688 771 1744 omnia
809 1702 907 1758 per
939 1688 1117 1743 ﬁlium
1149 1703 1334 1745 meum
1388 1689 1702 1759 Appionem
1725 1689 1860 1743 dia-

1982 480 2162 552 tendi.
2199 497 2225 530 »
2254 481 2589 537 Mittebatur
2621 488 2914 552 propterea
2936 480 3338 541 formularium
3363 486 3628 542 subscri—

1982 551 2360 627 ptionum,_ne
2384 553 2441 606 in
2477 553 2599 627 illis
2629 551 3134 627 edendisvarietas
3164 565 3506 627 occurreret,
3541 558 3628 614 uti

1979 623 2234 700 ostendit
2256 621 2466 700 factum
2487 624 2710 700 Aurelii
2733 625 3201 700 Carthaginensis
3218 621 3505 700 episcopi,
3526 631 3626 700 qui

1982 644 2234 677 USLUIIUIL
2257 644 2466 678 lautum
2487 644 2710 680 Aurel"
2733 644 3201 696 uartnaglnenSIs
3218 644 3409 696 episco
3456 645 3494 696 ι,
3526 644 3625 700 QUI

1982 692 2326 767 inplenario
2350 695 2625 750 adversus
2655 695 2992 767 Pelagianos
3023 704 3217 753 coacto
3248 644 3516 767 concifio,
3545 701 3625 755 ita

1980 762 2474 834 subscriptionum
2529 762 2862 822 servandam
2901 767 2972 822 ab
3026 768 3362 824 absentibus
3392 762 3630 825 formam

1977 834 2804 910 decernit._«Quemadmodum
2836 839 3198 895 subscribere
3223 842 3626 910 unusquisque

1978 912 2228 961 vestrum
2251 907 2470 980 debeat,
2505 908 2742 964 dilectio
2763 917 2947 965 vestra
2976 918 3278 980 cognoscat
3303 929 3316 980 ;
3346 907 3467 966 sive
3495 907 3630 980 quo-

1979 991 2106 1050 rum
2134 979 2509 1045 synodalibus
2527 981 2704 1050 gestis
2731 979 3082 1049 subscriptio
3104 982 3220 1050 jam
3250 979 3492 1048 tenetur,
3512 979 3630 1038 sive

1979 1049 2079 1117 qui
2105 1061 2216 1104 non
2238 1050 2514 1119 potuistis
2536 1049 2719 1106 eidem
2744 1051 3002 1121 plenario
3025 1049 3205 1108 totius
3231 1052 3433 1108 Africa
3457 1054 3628 1108 inter-

1976 1131 2100 1193 esse
2130 1121 2398 1193 concilio.
2444 1140 2469 1170 »
2519 1124 2714 1193 Neque
2761 1122 2922 1178 locus
2966 1129 3085 1178 erat
3118 1122 3443 1193 refragandi
3482 1123 3626 1180 sub-

1977 1191 2304 1260 scriptioni,
2343 1193 2458 1247 nisi
2501 1191 2635 1248 cum
2686 1194 2943 1262 periculo
2973 1198 3028 1248 et
3072 1200 3203 1249 nota
3229 1191 3625 1250 contumacia.

1974 1261 2043 1334 Ea
2055 1267 2220 1334 ustus
2244 1272 2540 1332 prepterea
2561 1261 2821 1320 Reiensis
2838 1265 3164 1334 episcopus,
3187 1265 3323 1320 dum
3346 1265 3625 1321 Lucidum

1973 1332 2547 1405 Pradestinﬁatianum
2586 1332 2959 1405 hortatum—ut
2975 1332 3159 1391 editis
3177 1349 3274 1391 sex
3295 1336 3623 1392 anathema-

1972 1403 2164 1459 tismis
2203 1404 2614 1472 subscriberet,
2639 1403 3222 1476 quibus'reliquijam
3261 1407 3629 1476 subscripse-

1973 1481 2102 1529 rant
2125 1476 2399 1545 episcopi,
2432 1476 2511 1532 ita
2543 1477 2958 1532 comminatur:
2990 1497 3016 1528 «
3048 1476 3205 1545 Quod
3240 1479 3291 1532 si
3327 1491 3448 1533 eam
3481 1477 3624 1533 sub-

1971 1546 2336 1616 scriptam...
2394 1548 2784 1603 transmittere
2813 1547 3084 1614 volueris,
3135 1555 3327 1617 aperte
3360 1549 3549 1606 adhuc
3577 1555 3630 1605 te

1973 1617 2031 1688 in
2055 1631 2246 1673 errore
2272 1617 2588 1674 subsistere
2621 1620 2746 1688 ipso
2775 1618 3012 1674 silentio
3041 1618 3462 1688 comprobabis.
3499 1637 3524 1668 ιο
3546 1619 3630 1674 Li-

1945 1687 2071 1743 ‘ber
2103 1689 2238 1744 hinc
2262 1687 2678 1760 conficiebatur
2706 1689 2907 1746 harum
2938 1687 3339 1760 epistolarum,
3371 1690 3626 1746 subscri-

188 1771 403 1839 conum
424 1759 615 1839 ad_vo_s
635 1759 806 1839 misi__-,
831 1774 894 1814 ac
924 1761 1170 1839 primu_m
1198 1760 1470 1839 epistolas
1487 1760 1857 1839 collegarum,
1884 1778 1938 1839 Β
1972 1761 2128 1828 ption
2142 1766 2405 1839 ur_n,__aut
2451 1759 2879 1839 saﬁ‘ragiorum,
2913 1762 3081 1839 cujus
3117 1759 3334 1839 aliqua
3368 1761 3623 1839 exempla

193 1830 302 1898 qui
329 1835 465 1902 sunt
497 1831 556 1885 in
588 1836 706 1887 tota
737 1830 973 1902 Egypto
995 1836 1052 1885 et
1096 1831 1401 1899 Thebaide,
1427 1833 1636 1887 deinde
1660 1845 1856 1887 eorum

191 1903 301 1973 qui
328 1900 580 1970 Libyam,
612 1900 988 1970 Pentapolim,
1021 1902 1263 1971 Syriam,
1298 1903 1544 1973 Lyciam,
1576 1903 1862 1972 Pamphy-

194 1971 357 2045 liam,
397 1973 610 2028 Asiam.
636 1973 1100 2045 Cappadociam,
1134 1979 1188 2028 et
1232 1971 1380 2028 alias
1406 1975 1667 2045 regiones
1701 1971 1860 2029 hisee

193 2042 227 2097 ﬁ
241 2043 478 2099 nitimas
501 2043 795 2114 incolunt;
820 2058 1062 2115 quorum
1082 2045 1404 2114 exemplum
1422 2042 1519 2100 vos
1544 2045 1856 2114 imitantes,

194 2127 533 2183 persuasum
565 2115 741 2171 habeo
767 2116 834 2170 ad
872 2129 974 2170 nos
1005 2116 1204 2171 itidem
1237 2117 1474 2172 daturos
1507 2116 1751 2170 litteras.
1790 2117 1860 2171 Et

190 2199 328 2257 cum
385 2185 576 2241 multa
621 2186 751 2241 alia
780 2187 1109 2242 curationes
1139 2187 1208 2242 ad
1251 2187 1354 2242 hos
1407 2187 1711 2255 sanandos,
1759 2187 1858 2257 qui

195 2256 305 2312 hoc
337 2269 528 2312 errore
555 2257 835 2314 vulnerati
863 2266 1019 2324 sunt,
1047 2257 1324 2313 adhibita
1359 2259 1514 2325 sint;
1548 2265 1668 2314 tum
1703 2256 1857 2314 istud

191 2327 368 2382 etiam
397 2329 709 2399 remedium
751 2329 819 2383 ad
868 2329 1207 2384 medicinam
1239 2330 1447 2399 p0pulo
1483 2329 1555 2384 ab
1595 2330 1727 2385 istis
1753 2328 1861 2384 de-

191 2405 360 2468 cepto
389 2397 705 2456 faciendam
734 2400 1025 2455 inventum
1059 2406 1145 2455 est
1175 2397 1614 2471 obtemperanti,
1648 2406 1704 2456 et
1728 2413 1856 2457 cum

189 2482 534 2544 consensum
567 2471 911 2544 collegarum
938 2476 1264 2528 nostrorum
1291 2472 1638 2544 intelligant,
1661 2484 1858 2527 eorum

190 2542 542 2614 auctoritate
604 2542 672 2614 ad
729 2544 1125 2614 panitentiam
1180 2555 1239 2598 se
1280 2557 1408 2600 sero
1459 2542 1783 2614 recipient,
1826 2560 1852 2592 ››

188 2610 498 2683 Suﬁ‘ragia,
556 2610 834 2684 epistula,
876 2618 932 2669 et
979 2614 1442 2684 subscriptiones
1498 2610 1853 2685 epi‘scOpales

189 2690 470 2756 vocantur
514 2684 834 2740 curationis
861 2699 1060 2756 genus,
1113 2685 1442 2742 adhibitum
1472 2684 1546 2742 ab
1595 2685 1850 2742 Ecclesia

188 2755 260 2810 ad
317 2768 658 2827 consensum
713 2755 1148 2827 ostendendum,
1187 2762 1249 2813 ut
1290 2771 1358 2813 ex
1403 2763 1692 2826 pastorum
1738 2756 1850 2812 do-

188 2826 443 2882 centium
467 2827 719 2882 eamdem
740 2827 1062 2884 doctrinam
1090 2826 1330 2885 aSsensu
1364 2829 1588 2884 adversi
1624 2841 1848 2884 errores

188 2905 622 2971 evacuarentur.
670 2900 900 2955 Pondus
933 2902 1255 2970 argumenti
1288 2901 1614 2971 expendens
1661 2900 1847 2971 hare-

189 2970 418 3026 siarcha
462 2972 652 3042 Arius,
702 2973 839 3028 dum
895 2971 1082 3040 primo
1128 2970 1478 3042 impietatem
1523 2985 1591 3026 ex
1625 2970 1844 3026 nefario

187 3056 288 3099 ore
343 3045 644 3115 eructavit,
705 3042 929 3099 similes
981 3043 1338 3115 episcOpales
1383 3043 1843 3112 subscriptiones

187 3113 791 3185 studuitextorquere;
814 3121 871 3170 et
906 3129 974 3170 ne
995 3113 1184 3184 plebes
1216 3121 1273 3170 et
1289 3114 1394 3185 alii
1414 3115 1840 3184 deciperentur,

193 3189 394 3244 iisdem
418 3183 1133 3252 denuntiavitAlexander,
1158 3186 1258 3240 has
1277 3183 1561 3241 fallaciter
1577 3185 1760 3242 fuisse
1776 3185 1846 3240 ab

191 3257 573 3340 haresiarcha
594 3262 845 3340 ex_tortas
868 3256 1067 3340 (ibid‘.):
1097 3257 1356 3340 Synodus
1383 3257 1594 3340 itaque
1618 3258 1848 3340 Nicana

199 3331 321 3401 pari
344 3329 763 3401 consuetudine
795 3335 921 3398 post
950 3328 1170 3384 editum
1209 3328 1501 3401 decretum
1556 3330 1846 3401 episcopis

193 3399 331 3458 aliis
362 3414 461 3471 per
489 3400 681 3456 orbem
727 3401 1086 3467 constitutis,
1129 3399 1229 3468 qui
1257 3404 1565 3468 prasentes
1595 3400 1846 3456 concilio

193 3487 304 3530 non
336 3471 661 3536 adfuerant,
688 3471 832 3526 illud
878 3471 1174 3538 intimans,
1201 3471 1846 3540 requiritsubscriptio-

200 3560 316 3602 nes.
346 3543 932 3614 Philostorgiussecta
947 3541 1570 3614 Eunomianus,etArii
1592 3541 1844 3611 perﬁdia

191 3618 480 3684 addictus,
502 3629 613 3670 non
631 3613 795 3686 negat
817 3614 1173 3686 reliquorum
1196 3613 1596 3686 episcoporum
1614 3627 1843 3670 consen-

193 3703 326 3746 sum
365 3687 692 3755 arcessisse,
711 3684 820 3741 “sed
853 3684 1008 3741 more
1033 3684 1207 3741 solito
1231 3697 1348 3740 rem
1377 3685 1844 3756 obtegendo,,as—

192 3762 796 3818 seritcircumventos
839 3756 1020 3814 fuisse
1075 3756 1264 3828 (Ibid.,
1327 3770 1382 3811 n.
1411 3755 1498 3826 9):
1531 3778 1560 3809 α
1613 3758 1844 3813 Fatetur

190 3847 390 3889 omnes
420 3831 551 3887 ﬁdei
580 3829 840 3886 formula
869 3830 1112 3885 Nicana
1147 3829 1661 3892 convenisse......,
1695 3829 1846 3885 reli—

191 3918 481 3975 quamque
509 3903 799 3975 cohortem
852 3901 936 3975 ad_
954 3901 1232 3972 synodum
1267 3901 1606 3975 traductam.
1643 3919 1668 3950 »
1715 3901 1843 3956 Ari-

193 3971 480 4031 minenses
500 3973 756 4043 episcopi
782 3980 905 4043 post
923 3971 1166 4042 lapsum,
1192 3985 1321 4043 cum
1344 3971 1764 4028 circumventos
1785 3986 1846 4028 se

191 4047 453 4103 siderent
484 4041 831 4100 Arianorum
863 4041 1004 4110 arte,
1036 4041 1292 4114 universi
1323 4043 1381 4096 in
1416 4043 1659 4112 epistola
1685 4057 1848 4114 ency-

190 4119 341 4173 clica
377 4116 692 4184 subscripti
739 4115 866 4171 orbi
899 4115 1166 4169 universo
1193 4113 1548 4169 Palinodiam
1582 4113 1847 4184 recanta-

191 4195 350 4257 runt,
390 4201 457 4242 ex
497 4183 726 4243 Liberio
777 4187 946 4256 epist.
1001 4185 1068 4240 ad
1123 4185 1445 4242 Orientales
1490 4184 1668 4257 (epist.
1717 4183 1838 4256 M):

193 4281 219 4313 α
250 4256 459 4316 omnes
483 4259 571 4330 illi
591 4257 707 4314 fere
726 4256 1003 4328 episcopi,
1036 4257 1135 4330 qui
1162 4257 1414 4330 Arimini
1437 4263 1842 4330 convenerunt,

193 4333 415 4402 quique
434 4330 518 4386 vel
543 4329 848 4386 fallacibus
877 4329 1114 4402 inescati
1147 4328 1457 4399 illecebris,
1484 4329 1574 4384 vel
1601 4331 1655 4384 vi
1683 4328 1848 4385 com-'-

194 4401 372 4474 pulsi,
408 4416 439 4458 a
469 4402 578 4457 ﬁde
607 4409 725 4457 tum
760 4401 991 4474 quidem
1035 4401 1432 4474 desciverunt;
1476 4405 1845 4474 nuncltamen

190 4470 262 4530 ad
294 4487 490 4530 sanam
514 4477 754 4529 mentem
779 4470 1012 4540 reversi,
1035 4471 1165 4527 ﬁdei
1189 4470 1448 4526 formula
1463 4471 1534 4526 ab
1555 4472 1845 4542 episcopis

187 4546 440 4601 Arimini
470 4545 797 4600 convocatis
822 4544 988 4600 edita
1011 4544 1312 4598 anathema
1329 4542 1768 4614 denuntiarunt,
1793 4551 1847 4600 et

191 4617 327 4672 ﬁdei
351 4616 671 4683 catholica,
695 4623 749 4671 et
776 4614 1106 4686 apostolica
1132 4615 1335 4668 Nicaa
1352 4614 1698 4670 conﬁrmata
1720 4615 1850 4671 sub-

190 4689 577 4758 scripserunt,
604 4687 997 4758 etrnobiscum
1025 4687 1142 4758 jam
1175 4698 1286 4741 una
1335 4687 1783 4742 communicant.
1819 4705 1844 4737 n

186 4756 376 4831 (Frag.
409 4756 463 4829 2,
497 4772 622 4831 pag.
658 4756 838 4828 4349.)
877 4760 1027 4831 inter
1071 4756 1386 4831 fragmenta
1419 4759 1613 4831 operis
1660 4759 1850 4816 histo—

189 4827 304 4887 rici
327 4827 612 4900 deperdifi
629 4831 685 4885 S.
708 4827 915 4885 Hilarii
943 4833 1127 4884 exstat
1151 4827 1395 4900 epistola
1416 4829 1594 4884 Italia
1619 4831 1852 4899 episco-

190 4898 488 4972 porum‘ad
525 4901 802 4972 Illyricos,
823 4901 920 4972 qui
947 4900 1167 4972 Ursacii
1191 4906 1246 4955 et
1264 4898 1522 4956 Valentis
1543 4898 1848 4957 fraudibus

190 4971 409 5029 irretiti
440 4971 630 5029 adhuc
659 4973 718 5028 in
735 4971 928 5028 errOre
952 4971 1378 5042 detinebantur,
1403 4979 1458 5028 et
1489 4978 1553 5028 ut
1577 4974 1663 5028 eis
1688 4986 1850 5027 rese—

186 5051 390 5101 rarent
425 5043 703 5111 fraudem,
742 5044 990 5100 aliorum
1029 5045 1428 5114 episcOporum
1469 5043 1849 5099 subscriben-

188 5117 343 5172 tium
372 5114 652 5188 formulas
678 5117 962 5188 dirigunt,
1008 5121 1070 5170 ut
1100 5121 1201 5171 aut
1228 5115 1484 5184 exempla
1509 5121 1846 5188 sequantur,

184 5193 300 5243 aut
354 5187 441 5242 uti
474 5189 723 5258 separati
767 5187 1188 5256 a’reliquorum
1219 5197 1389 5256 catu,
1434 5187 1842 5243 declarentur:

187 5280 218 5312 at
264 5258 658 5331 Ariminensis
675 5258 910 5314 concilii
938 5263 1160 5331 statuta
1177 5259 1556 5328 quorumdam
1575 5259 1850 5331 tergiver-

184 5330 420 5386 satione
465 5337 755 5399 corrupta,
781 5331 910 5401 jure
942 5330 1365 5385 rescindimus:
1404 5345 1648 5401 quorum
1675 5330 1848 5386 etiam

183 5401 546 5470 exemplaria
575 5400 1016 5456 transmittenda
1045 5403 1397 5470 censuimus,
1422 5400 1495 5457 ’ut
1517 5416 1618 5458 nec
1651 5403 1711 5457 in
1745 5402 1850 5457 ﬁde

186 5471 518 5538 retinenda,
569 5483 670 5524 nec
704 5471 764 5525 in
795 5470 1144 5527 confutando
1199 5473 1550 5527 Ariminensi
1600 5473 1850 5528 concilio

184 5542 387 5612 aliqua
411 5540 704 5616 videretur
720 5555 842 5616 esse
864 5543 1280 5616 condissensio.
1304 5543 1646 5616 Quicunque
1671 5544 1851 5616 igitur

192 5621 408 5671 nostra
439 5612 844 5685 unanimitatis
874 5617 1032 5681 Optat
1063 5612 1267 5685 habere
1299 5612 1676 5683 consortium,
1699 5612 1852 5685 'qui—

189 5698 426 5755 cunque
453 5683 809 5740 individuam
844 5697 1034 5755 pacem
1069 5684 1367 5740 nobiscum
1400 5685 1605 5742 habere
1634 5683 1852 5743 deside-

194 5762 456 5832 rat,_qu_a
478 5761 850 5832 sun_t_nostra
879 5756 1176 5832 sententia
1206 5757 1573 5832 comprobare
1596 5758 1847 5832 festinet,

200 5771 307 5823 rat,
332 5771 456 5884 ana
478 5771 616 5812 sunt
643 5771 850 5812 nOStra
879 5771 1176 5812 sententia
1206 5771 1573 5828 compronare
1596 5771 1847 5832 testlnet,

200 5833 267 5886 ut
295 5826 332 5884 ﬁ
375 5829 427 5885 ei
452 5841 486 5885 a
511 5827 679 5886 nobis
707 5833 1029 5887 memorata
1052 5827 1536 5901 subscriptionem
1566 5838 1623 5890 et
1648 5833 1850 5891 rescis-

1879 4512 1930 4573 D

1971 1845 2142 1898 supra
2169 1831 2455 1887 dedimus.
2488 1834 2554 1887 Et
2593 1831 2697 1887 hcc
2753 1833 2877 1901 ipso
2903 1831 3133 1900 saculo,
3175 1833 3235 1887 in
3262 1845 3434 1888 causa
3465 1833 3622 1887 Mar—

1969 1901 2122 1966 celli,
2144 1916 2273 1958 cum
2297 1908 2428 1958 ante
2453 1903 2815 1959 Sardiciense
2838 1907 2986 1959 esset
3006 1903 3331 1968 damnatus,
3360 1903 3418 1957 in
3442 1917 3620 1958 unum

1969 1973 2237 2028 volumen
2277 1973 2737 2044 subscriptiones
2766 1979 2821 2030 et
2850 1974 3124 2044 suffragia
3157 1974 3383 2030 redacta
3408 1974 3623 2030 dicun-

1971 2049 2068 2116 tur
2108 2044 2166 2116 in
2198 2045 2440 2113 epistola
2471 2046 2746 2116 synodica
2791 2046 3152 2101 Sardicensis
3176 2044 3436 2116 concilii,
3467 2046 3618 2115 quod

1970 2115 2172 2188 Ariani
2213 2114 2519 2188 coegerunt
2549 2116 2703 2188 (tom.
2764 2117 2805 2188 [ί
2840 2116 3020 2186 Conc.,
3056 2130 3183 2188 pag.
3224 2114 3378 2188 639):
3414 2135 3439 2188 tr
3480 2114 3619 2170 Nam

1971 2185 2120 2241 liber
2143 2185 2564 2243 Sententiarum
2583 2193 2771 2244 exstat
2796 2187 2852 2242 in
2878 2185 3070 2258 ipsum
3085 2185 3155 2243 ab
3180 2185 3470 2257 episcopis
3496 2199 3626 2242 con-

1971 2258 2262 2326 scriptus;
2288 2259 2346 2330 in
2377 2273 2489 2330 quo
2516 2259 2667 2330 libro
2697 2261 2867 2330 etiam
2901 2259 3000 2314 isti
3029 2259 3129 2329 qui
3155 2271 3306 2315 nunc
3334 2272 3463 2330 cum
3497 2258 3622 2327 ipso

1971 2335 2105 2384 sunt
2119 2329 2568 2400 Marcelloatque
2586 2329 2673 2385 illi
2691 2329 2896 2386 favent.
2921 2331 2979 2384 in
3005 2330 3128 2398 ipsa
3146 2335 3304 2386 sente
3322 2329 3430 2384 itia
3450 2341 3621 2384 manu

1971 2400 2204 2472 propria
2243 2400 2733 2472 subscripserunt.
2770 2420 2795 2451 ι)
2842 2403 2905 2457 In
2931 2401 3212 2472 archiviis
3236 2400 3620 2472 Ecclesiarurm

1973 2471 2304 2543 istiusmodi
2329 2471 2789 2543 subscriptiones
2806 2471 3282 2530 custodiebantur
3299 2484 3522 2543 summa
3541 2471 3625 2543 di-

1968 2541 2234 2624 ligentia:
2266 2543 2361 2598 Sic
2389 2541 3324 2624 antiochenorum‘episcoporum
3350 2541 3618 2624 subscri-

1967 2615 2191 2683 ptiones
2222 2619 2374 2671 torno
2403 2616 2631 2671 Damasi
2663 2615 3028 2671 authenticas
3071 2616 3131 2668 in
3153 2615 3414 2669 archiviis
3450 2627 3620 2683 apos-

1963 2682 2137 2739 tolica
2149 2685 2293 2740 sedis
2313 2689 2586 2740 reservari
2603 2691 2848 2742 testatur
2869 2687 3044 2743 codex
3076 2685 3356 2743 antiquus
3385 2682 3616 2739 bibliot.

1963 2755 2248 2811 Vaticana
2286 2755 2358 2811 ab
2388 2756 2678 2814 Holstenio
2721 2757 2776 2812 in
2808 2757 3156 2813 Collectione
3197 2753 3449 2811 Romana
3484 2753 3618 2810 edi-

1961 2831 2074 2884 tus.

2026 2898 2148 2953 Alii
2191 2899 2484 2954 imbecilles
2519 2897 2648 2968 208,
2706 2901 2805 2969 qui
2841 2901 3208 2968 exposuerunt
3250 2897 3412 2966 ﬁdem
3450 2897 3616 2969 inte-

1953 2987 2130 3039 gram.
2169 2973 2480 3026 Numerum
2528 2967 2788 3043 assignat
2816 2967 3241 3040 episcoporum,
3271 2969 3370 3038 qui
3413 2967 3611 3043 aliquo

1958 3043 2369 3112 impedimento
2419 3039 2679 3112 detenti,’
2712 3039 2910 3098 adesse
2964 3053 3078 3112 non
3124 3044 3357 3108 potuere
3410 3039 3613 3112 synodi

1877 3101 1926 3164 Ο
1957 3101 2184 3168 Nicena
2204 3113 2602 3182 celebrationi,
2625 3101 2694 3169 ex
2719 3115 2810 3169 his
2839 3101 3139 3168 confectus
3159 3101 3457 3182 catalogus
3472 3110 3619 3166 sub-

1958 3185 2360 3252 scribentium,
2404 3190 2704 3256 exstatque
2731 3184 2881 3255 apud
2934 3183 3230 3256 Gelasium
3284 3183 3611 3256 Cizicenum

1957 3257 2026 3312 de
2051 3257 2212 3312 Actis
2247 3256 2500 3311 Nicanis
2531 3254 2631 3311 lib'.
2678 3270 2739 3326 ιι,
2771 3254 2959 3325 caput
2987 3254 3283 3320 ultimum,
3324 3267 3456 3311 cum
3482 3255 3614 3324 epi-

1957 3329 2209 3398 graphe:
2264 3347 2289 3380 α
2329 3327 2634 3398 Catalogus
2679 3329 2769 3384 SS.
2823 3327 3250 3398 episcoporum,
3318 3341 3416 3397 per
3464 3339 3612 3398 quos

1955 3397 2172 3466 Sancta,
2224 3403 2280 3454 et
2309 3397 2658 3454 universalis
2697 3399 2952 3469 synodus
2991 3400 3178 3454 Nicea
3209 3405 3402 3454 coacta
3454 3397 3615 3453 misit

1955 3470 2226 3527 omnibus
2287 3471 2345 3524 in
2391 3474 2509 3526 toto
2558 3470 2694 3526 orbe
2741 3476 3021 3526 terrarum
3082 3470 3184 3526 Dei
3225 3469 3501 3526 Ecclesiis
3548 3483 3613 3524 ea

1957 3556 2082 3612 qua
2103 3541 2173 3596 ab
2199 3541 2364 3610 ipsis,
2389 3555 2489 3611 per
2512 3542 2790 3611 Spiritum
2813 3550 3097 3610 sanctum,
3126 3543 3184 3597 in
3211 3555 3274 3597 ea
3300 3543 3618 3598 constituta

1955 3618 2112 3670 sunt.
2140 3631 2165 3662 υ
2199 3613 2419 3668 Exinde
2448 3614 2697 3668 solvitur
2726 3615 3116 3670 controversia
3139 3615 3210 3669 de
3242 3627 3480 3670 numero
3500 3614 3618 3682 epi-

1954 3697 2280 3754 scoporum,
2335 3685 2436 3755 qui
2471 3684 2650 3740 veluti
2691 3691 2997 3754 prasentes
3036 3685 3287 3740 concilio
3327 3685 3613 3740 celebrato

1954 3761 2353 3825 numerantur,
2423 3770 2552 3811 cum
2599 3762 2754 3813 certo
2811 3761 3032 3813 constet
3086 3756 3267 3812 multo
3305 3755 3612 3812 inferiores

1955 3827 2330 3885 celebrationi
2363 3826 2639 3884 adfuisse.
2673 3830 2812 3884 Nam
2844 3828 3163 3898 Ephesinos
3207 3829 3401 3884 Patres
3429 3827 3614 3884 fuisse

1956 3901 2024 3956 ad
2080 3913 2176 3954 sex
2211 3899 2398 3954 millia
2436 3899 2678 3969 dicitur,
2710 3913 2839 3955 cum
2889 3906 3077 3956 tamen
3128 3900 3362 3956 ducenti
3389 3904 3614 3956 tantum

1955 3970 2284 4027 adfuerint:
2331 3975 2387 4024 et
2426 3971 2912 4027 Chalcedonenses
2942 3971 3104 4026 mille
3147 3971 3446 4042 ducentos,
3483 3985 3611 4027 cum

1953 4047 2178 4125 tantum
2194 4112 2207 4125 ‘
2225 4042 2478 4124 sexcenti
2496 4043 2762 4125 triginta.
2775 4043 3090 4125 astiterint.
3144 4044 3430 4125 Numerus
3455 4043 3611 4098 enim

1957 4114 2057 4170 ille
2081 4112 2400 4185 exuberans
2428 4112 2840 4185 intelligendus
2863 4114 2932 4169 de
2961 4114 3254 4184 episcopis
3273 4121 3328 4170 et
3356 4129 3612 4185 prasen-

1955 4185 2114 4241 tibus
2141 4192 2197 4240 et
2226 4184 2587 4244 absentibus.
2617 4185 2718 4254 qui
2750 4190 2933 4240 tamen
2964 4185 3050 4241 vel
3100 4193 3232 4242 ante
3263 4184 3612 4243 celebratio-

1956 4271 2103 4326 nem,
2139 4255 2227 4311 vel
2284 4261 2476 4325 postea
2516 4255 2648 4312 ﬁdei
2687 4256 2933 4312 articulo
2963 4257 3446 4326 subscripserant.
3494 4258 3617 4327 Qua

1954 4328 2340 4398 expliCatione
2383 4328 2524 4383 bene
2570 4341 2821 4398 expensa
2853 4327 3019 4385 facile
3065 4329 3347 4386 enodatur
3388 4330 3611 4385 dictum

1954 4400 2226 4456 Dalmatii
2278 4400 2636 4455 sanctissimi
2680 4400 3169 4464 archimandrita,
3222 4401 3323 4470 qui
3367 4401 3612 4456 audiens

1957 4471 2087 4526 ﬁdei
2119 4472 2382 4540 jacturas
2417 4485 2513 4540 per
2541 4472 2912 4527 Nestorianos
2938 4473 3253 4534 immissas,
3282 4477 3339 4525 et
3396 4471 3458 4526 in
3483 4473 3610 4527 dies

1956 4548 2175 4613 auctas,
2203 4542 2588 4598 Theodosium
2616 4543 2686 4613 ab
2714 4542 2925 4597 aulicis
2954 4543 3430 4610 circumventum,
3460 4548 3516 4596 et
3548 4543 3607 4597 in

1958 4612 2169 4671 Patres
2194 4613 2514 4683 Ephesinos
2556 4612 2832 4668 offensum
2862 4613 3228 4681 conveniens,
3269 4618 3324 4667 et
3371 4626 3606 4668 eorum-

1957 4688 2080 4743 dem
2130 4686 2521 4755 defensionem
2548 4683 2876 4752 suscipiens
2922 4684 2980 4738 in
3006 4683 3287 4755 Apologia
3312 4683 3464 4740 dixit
3491 4683 3602 4755 (ap.

1957 4759 2169 4812 Deltan.
2216 4771 2266 4825 p.
2303 4754 2446 4826 408),
2484 4758 2881 4825 imperatorem
2918 4754 3326 4824 interpellans:
3361 4776 3388 4808 α
3427 4756 3612 4811 Cate—

1959 4843 2084 4883 rum
2119 4841 2219 4898 pro
2251 4827 2455 4896 altera,
2488 4827 2594 4882 hoc
2623 4832 2709 4881 est
2733 4839 2833 4896 pro
2861 4833 3021 4896 parte
3043 4826 3380 4898 Cyrilliana,
3414 4841 3604 4883 coram

1958 4899 2226 4955 omnibus
2267 4899 2430 4955 dixi:
2487 4910 2585 4953 sex
2628 4897 2815 4952 millia
2867 4911 2935 4953 ne
2972 4898 3374 4968 episcOporum
3404 4899 3608 4954 audire

1959 4971 2140 5038 malit,
2169 4984 2240 5024 an
2268 4984 2447 5026 unum
2474 4975 2696 5026 tantum
2720 4968 3028 5034 hominem,
3052 4983 3296 5040 eumque
3319 4970 3560 5039 impium
3582 4968 3610 5023 ?

1956 5043 2062 5098 Sex
2093 5042 2280 5097 millia
2318 5047 2508 5098 autem
2538 5055 2635 5099 eos
2665 5041 2906 5111 aiebam,
2941 5043 3041 5112 qui
3083 5040 3191 5097 sub
3224 5041 3614 5111 metropolita-

1959 5126 2161 5170 norum
2211 5115 2712 5170 sanctissimorum
2744 5115 3144 5184 episcOporum
3181 5118 3456 5183 potestate
3503 5114 3611 5170 de-

2001 5190 2116 5240 unt.
2154 5202 2180 5233 »
2212 5185 2455 5240 Sanctus
2472 5187 2620 5241 enim
2641 5185 2892 5256 Cyrillus
2917 5191 3044 5254 post
3062 5185 3349 5254 duplicem
3371 5185 3613 5241 Alexan-

2002 5257 2185 5312 rinam
2215 5256 2493 5326 synodum
2521 5261 2651 5311 ante
2679 5257 2978 5327 Ephesina
3015 5256 3476 5327 celebrationem,
3510 5273 3607 5327 sy-

1962 5329 2226 5384 nodicam
2255 5328 2642 5396 metropolitis
2671 5326 2905 5392 direxit,
2936 5333 2992 5383 et
3016 5328 3288 5384 consonis
3313 5326 3610 5397 suffragiis

1959 5401 2261 5455 Nestorius
2295 5399 2655 5470 proscriptus
2684 5405 2790 5454 est.
2832 5399 3046 5454 Laudat
3077 5400 3173 5454 hic
3201 5399 3256 5454 S.
3289 5399 3612 5456 Dalmatius

1962 5485 2260 5527 numerum
2291 5485 2513 5532 eorum,
2543 5471 2644 5540 qui
2679 5471 3028 5540 Epheslnum
3074 5471 3363 5525 decretum
3397 5484 3614 5540 appro-

1963 5543 2231 5598 baverant
2270 5543 2427 5614 (tom.
2465 5545 2510 5598 lI
2548 5538 2819 5614 ῠοησηξρ.
2855 5538 2998 5614 439).
3049 5542 3119 5596 Et
3149 5542 3213 5614 in
3244 5541 3409 5611 plena
3434 5538 3612 5599 Chal-

1960 5611 2285 5670 cedonensi'
2321 5615 2538 5684 synodo
2569 5620 2680 5669 act.
2713 5611 2747 5668 4
2775 5613 3083 5682 Cecropius
3130 5613 3435 5684 episcopus
3480 5629 3611 5671 cum

1957 5687 2148 5742 decem
2179 5685 2573 5757 Egyptiorum
2605 5686 3032 5757 episcoporum,
3058 5687 3160 5757 qui
3185 5685 3461 5743 Dioscoro
3507 5701 3616 5743 eo-

1962 5771 2147 5830 usque
2184 5756 2600 5830 contumaciter
2653 5757 2921 5830 stabant,
2946 5756 3423 5830 refugiebantque
3462 5759 3611 5814 sub-

1960 5829 2213 5888 scribere
2237 5829 2496 5902 epistola
2524 5829 2862 5903 dogmatica
2889 5829 2948 5886 S.
2991 5830 3216 5902 Leonis,
3264 5829 3616 5903 tergiversa—
