  <div class='ocr_page' id='page_1' title='image "/cluster/home/n/w/nwhite01/storage/ocr_20150623/127/hvd.32044054759881/786.png"; bbox 0 0 4040 6184; ppageno 0'>
   <div class='ocr_carea' id='block_1_1' title="bbox 269 375 402 436">
    <p class='ocr_par' dir='ltr' id='par_1_1' title="bbox 269 375 402 436">
     <span class='ocr_line' id='line_1_1' title="bbox 269 375 402 436; baseline 0.03 -3"><span class='ocrx_word' id='word_1_1' title='bbox 269 375 402 436; x_wconf 76' lang='lat'><strong>1561</strong></span> 
     </span>
    </p>
   </div>
   <div class='ocr_carea' id='block_1_2' title="bbox 1086 367 2832 433">
    <p class='ocr_par' dir='ltr' id='par_1_2' title="bbox 1086 367 2832 433">
     <span class='ocr_line' id='line_1_2' title="bbox 1086 367 2832 433; baseline 0.001 -4"><span class='ocrx_word' id='word_1_2' title='bbox 1086 372 1405 431; x_wconf 79' lang='lat' dir='ltr'><strong>HISTORIA</strong></span> <span class='ocrx_word' id='word_1_3' title='bbox 1440 372 1532 430; x_wconf 82' lang='lat' dir='ltr'><strong>DE</strong></span> <span class='ocrx_word' id='word_1_4' title='bbox 1568 371 1746 429; x_wconf 81' lang='lat' dir='ltr'><strong>VITIS</strong></span> <span class='ocrx_word' id='word_1_5' title='bbox 1785 367 1954 429; x_wconf 78' lang='lat' dir='ltr'><strong>ROM.</strong></span> <span class='ocrx_word' id='word_1_6' title='bbox 1993 369 2196 428; x_wconf 87' lang='lat' dir='ltr'><strong>PONT.</strong></span> <span class='ocrx_word' id='word_1_7' title='bbox 2237 399 2311 414; x_wconf 92' lang='lat'><strong><em>—</em></strong></span> <span class='ocrx_word' id='word_1_8' title='bbox 2346 369 2402 427; x_wconf 93' lang='lat' dir='ltr'><strong>S.</strong></span> <span class='ocrx_word' id='word_1_9' title='bbox 2442 372 2832 433; x_wconf 81' lang='lat' dir='ltr'><strong>SILVESTER.</strong></span> 
     </span>
    </p>
   </div>
   <div class='ocr_carea' id='block_1_3' title="bbox 3519 376 3661 440">
    <p class='ocr_par' dir='ltr' id='par_1_3' title="bbox 3519 376 3661 440">
     <span class='ocr_line' id='line_1_3' title="bbox 3519 376 3661 440; baseline 0.028 -3"><span class='ocrx_word' id='word_1_10' title='bbox 3519 376 3661 440; x_wconf 75' lang='lat'><strong>1562</strong></span> 
     </span>
    </p>
   </div>
   <div class='ocr_carea' id='block_1_4' title="bbox 269 493 3675 574">
    <p class='ocr_par' dir='ltr' id='par_1_4' title="bbox 269 493 3675 574">
     <span class='ocr_line' id='line_1_4' title="bbox 269 493 3675 574; baseline 0.001 -17"><span class='ocrx_word' id='word_1_11' title='bbox 269 498 589 574; x_wconf 66' lang='lat' dir='ltr'><strong>exregulls</strong></span> <span class='ocrx_word' id='word_1_12' title='bbox 613 497 847 574; x_wconf 69' lang='lat' dir='ltr'><strong>criterii</strong></span> <span class='ocrx_word' id='word_1_13' title='bbox 875 495 1438 574; x_wconf 79' lang='lat' dir='ltr'><strong>jam_constitutls_ln</strong></span> <span class='ocrx_word' id='word_1_14' title='bbox 1463 493 1914 574; x_wconf 16' lang='lat' dir='ltr'><strong>AProlegomenls.</strong></span> <span class='ocrx_word' id='word_1_15' title='bbox 1947 495 2003 555; x_wconf 86' lang='lat' dir='ltr'><strong>A</strong></span> <span class='ocrx_word' id='word_1_16' title='bbox 2031 493 2255 574; x_wconf 76' lang='lat' dir='ltr'><strong>gnttum</strong></span> <span class='ocrx_word' id='word_1_17' title='bbox 2286 494 2431 574; x_wconf 59' lang='lat' dir='ltr'><strong>ipsis</strong></span> <span class='ocrx_word' id='word_1_18' title='bbox 2461 495 2736 574; x_wconf 68' lang='lat' dir='ltr'><strong>Kalendis</strong></span> <span class='ocrx_word' id='word_1_19' title='bbox 2758 497 3016 574; x_wconf 81' lang='lat' dir='ltr'><strong>Januarii</strong></span> <span class='ocrx_word' id='word_1_20' title='bbox 3039 500 3096 558; x_wconf 89' lang='lat' dir='ltr'><strong>in</strong></span> <span class='ocrx_word' id='word_1_21' title='bbox 3119 502 3252 560; x_wconf 89' lang='lat' dir='ltr'><strong>sede</strong></span> <span class='ocrx_word' id='word_1_22' title='bbox 3277 499 3366 574; x_wconf 76' lang='grc'>45,</span> <span class='ocrx_word' id='word_1_23' title='bbox 3393 505 3525 560; x_wconf 90' lang='lat' dir='ltr'><strong>ante</strong></span> <span class='ocrx_word' id='word_1_24' title='bbox 3549 503 3675 574; x_wconf 49' lang='lat' dir='ltr'><strong>Ini-3</strong></span> 
     </span>
    </p>
   </div>
   <div class='ocr_carea' id='block_1_5' title="bbox 333 565 1918 638">
    <p class='ocr_par' dir='ltr' id='par_1_5' title="bbox 333 565 1918 638">
     <span class='ocr_line' id='line_1_5' title="bbox 333 565 1918 638; baseline -0.005 -10"><span class='ocrx_word' id='word_1_25' title='bbox 333 565 610 628; x_wconf 73' lang='lat' dir='ltr'><strong>Observat</strong></span> <span class='ocrx_word' id='word_1_26' title='bbox 642 565 1086 626; x_wconf 83' lang='lat' dir='ltr'><strong>Schelestratius</strong></span> <span class='ocrx_word' id='word_1_27' title='bbox 1122 582 1190 624; x_wconf 86' lang='lat' dir='ltr'><strong>ex</strong></span> <span class='ocrx_word' id='word_1_28' title='bbox 1236 567 1511 638; x_wconf 90' lang='lat' dir='ltr'><strong>producta</strong></span> <span class='ocrx_word' id='word_1_29' title='bbox 1539 565 1918 638; x_wconf 79' lang='lat' dir='ltr'><strong>inscriptione</strong></span> 
     </span>
    </p>
   </div>
   <div class='ocr_carea' id='block_1_6' title="bbox 261 635 1914 710">
    <p class='ocr_par' dir='ltr' id='par_1_6' title="bbox 261 635 1914 710">
     <span class='ocr_line' id='line_1_6' title="bbox 261 635 1914 710; baseline -0.004 -13"><span class='ocrx_word' id='word_1_30' title='bbox 261 643 487 699; x_wconf 89' lang='lat' dir='ltr'><strong>Ceionii</strong></span> <span class='ocrx_word' id='word_1_31' title='bbox 530 641 682 698; x_wconf 83' lang='lat' dir='ltr'><strong>Rutii</strong></span> <span class='ocrx_word' id='word_1_32' title='bbox 714 639 928 708; x_wconf 85' lang='lat' dir='ltr'><strong>Albini,</strong></span> <span class='ocrx_word' id='word_1_33' title='bbox 963 640 1061 710; x_wconf 90' lang='lat' dir='ltr'><strong>qui</strong></span> <span class='ocrx_word' id='word_1_34' title='bbox 1095 653 1210 696; x_wconf 89' lang='lat' dir='ltr'><strong>cos.</strong></span> <span class='ocrx_word' id='word_1_35' title='bbox 1236 635 1756 710; x_wconf 63' lang='lat' dir='ltr'><strong>&#39;ordinariustuit</strong></span> <span class='ocrx_word' id='word_1_36' title='bbox 1785 649 1914 691; x_wconf 86' lang='lat' dir='ltr'><strong>cum</strong></span> 
     </span>
    </p>
   </div>
   <div class='ocr_carea' id='block_1_7' title="bbox 264 707 1915 780">
    <p class='ocr_par' dir='ltr' id='par_1_7' title="bbox 264 707 1915 780">
     <span class='ocr_line' id='line_1_7' title="bbox 264 707 1915 780; baseline -0.001 -12"><span class='ocrx_word' id='word_1_37' title='bbox 264 713 462 770; x_wconf 87' lang='lat' dir='ltr'><strong>Flavio</strong></span> <span class='ocrx_word' id='word_1_38' title='bbox 487 713 860 769; x_wconf 91' lang='lat' dir='ltr'><strong>Constantino</strong></span> <span class='ocrx_word' id='word_1_39' title='bbox 889 707 1080 766; x_wconf 79' lang='lat' dir='ltr'><strong>cedem</strong></span> <span class='ocrx_word' id='word_1_40' title='bbox 1114 723 1266 766; x_wconf 91' lang='lat' dir='ltr'><strong>anno</strong></span> <span class='ocrx_word' id='word_1_41' title='bbox 1295 707 1419 773; x_wconf 89' lang='grc'>335,</span> <span class='ocrx_word' id='word_1_42' title='bbox 1455 723 1568 780; x_wconf 92' lang='lat' dir='ltr'><strong>quo</strong></span> <span class='ocrx_word' id='word_1_43' title='bbox 1597 708 1915 780; x_wconf 83' lang='lat' dir='ltr'><strong>desinente.</strong></span> 
     </span>
    </p>
   </div>
   <div class='ocr_carea' id='block_1_8' title="bbox 262 778 1918 840">
    <p class='ocr_par' dir='ltr' id='par_1_8' title="bbox 262 778 1918 840">
     <span class='ocr_line' id='line_1_8' title="bbox 262 778 1918 840; baseline -0.004 -1"><span class='ocrx_word' id='word_1_44' title='bbox 262 785 317 839; x_wconf 92' lang='lat' dir='ltr'><strong>S.</strong></span> <span class='ocrx_word' id='word_1_45' title='bbox 354 785 628 840; x_wconf 88' lang='lat' dir='ltr'><strong>Silvester</strong></span> <span class='ocrx_word' id='word_1_46' title='bbox 652 783 825 838; x_wconf 89' lang='lat' dir='ltr'><strong>vitam</strong></span> <span class='ocrx_word' id='word_1_47' title='bbox 859 788 913 837; x_wconf 88' lang='lat' dir='ltr'><strong>et</strong></span> <span class='ocrx_word' id='word_1_48' title='bbox 943 782 1341 838; x_wconf 80' lang='lat' dir='ltr'><strong>Pontiﬁcatum</strong></span> <span class='ocrx_word' id='word_1_49' title='bbox 1369 778 1731 835; x_wconf 68' lang='lat' dir='ltr'><strong>sanctissime</strong></span> <span class='ocrx_word' id='word_1_50' title='bbox 1750 778 1918 834; x_wconf 90' lang='lat' dir='ltr'><strong>clau-</strong></span> 
     </span>
    </p>
   </div>
   <div class='ocr_carea' id='block_1_9' title="bbox 265 849 1910 924">
    <p class='ocr_par' dir='ltr' id='par_1_9' title="bbox 265 849 1910 924">
     <span class='ocr_line' id='line_1_9' title="bbox 265 849 1910 924; baseline -0.005 -13"><span class='ocrx_word' id='word_1_51' title='bbox 265 857 362 924; x_wconf 89' lang='lat' dir='ltr'><strong>sit,</strong></span> <span class='ocrx_word' id='word_1_52' title='bbox 389 872 425 910; x_wconf 91' lang='lat' dir='ltr'><strong>a</strong></span> <span class='ocrx_word' id='word_1_53' title='bbox 475 855 803 910; x_wconf 72' lang='lat' dir='ltr'><strong>Caesarianis</strong></span> <span class='ocrx_word' id='word_1_54' title='bbox 853 853 1182 924; x_wconf 66' lang='lat' dir='ltr'><strong>temporibus</strong></span> <span class='ocrx_word' id='word_1_55' title='bbox 1232 849 1595 924; x_wconf 82' lang='lat' dir='ltr'><strong>ad&#39;eumdem</strong></span> <span class='ocrx_word' id='word_1_56' title='bbox 1623 850 1910 924; x_wconf 74' lang='lat' dir='ltr'><strong>consulem,</strong></span> 
     </span>
    </p>
   </div>
   <div class='ocr_carea' id='block_1_10' title="bbox 262 920 1915 981">
    <p class='ocr_par' dir='ltr' id='par_1_10' title="bbox 262 920 1915 981">
     <span class='ocr_line' id='line_1_10' title="bbox 262 920 1915 981; baseline -0.004 0"><span class='ocrx_word' id='word_1_57' title='bbox 262 920 546 981; x_wconf 84' lang='lat' dir='ltr'><strong>numerari</strong></span> <span class='ocrx_word' id='word_1_58' title='bbox 575 941 750 980; x_wconf 87' lang='lat' dir='ltr'><strong>annos</strong></span> <span class='ocrx_word' id='word_1_59' title='bbox 802 920 1055 979; x_wconf 75' lang='lat' dir='ltr'><strong>Julianos</strong></span> <span class='ocrx_word' id='word_1_60' title='bbox 1079 920 1204 979; x_wconf 70' lang='lat'><strong>384.</strong></span> <span class='ocrx_word' id='word_1_61' title='bbox 1244 925 1346 978; x_wconf 93' lang='lat' dir='ltr'><strong>Tot</strong></span> <span class='ocrx_word' id='word_1_62' title='bbox 1394 922 1544 978; x_wconf 90' lang='lat' dir='ltr'><strong>enim</strong></span> <span class='ocrx_word' id='word_1_63' title='bbox 1575 935 1765 976; x_wconf 85' lang='lat' dir='ltr'><strong>revera</strong></span> <span class='ocrx_word' id='word_1_64' title='bbox 1788 921 1915 976; x_wconf 88' lang='lat' dir='ltr'><strong>col-</strong></span> 
     </span>
    </p>
   </div>
   <div class='ocr_carea' id='block_1_11' title="bbox 265 990 1918 1068">
    <p class='ocr_par' dir='ltr' id='par_1_11' title="bbox 265 990 1918 1068">
     <span class='ocr_line' id='line_1_11' title="bbox 265 990 1918 1068; baseline -0.004 -15"><span class='ocrx_word' id='word_1_65' title='bbox 265 999 530 1068; x_wconf 85' lang='lat' dir='ltr'><strong>liguntnr</strong></span> <span class='ocrx_word' id='word_1_66' title='bbox 552 1016 566 1066; x_wconf 84' lang='lat'><strong>;</strong></span> <span class='ocrx_word' id='word_1_67' title='bbox 591 995 846 1068; x_wconf 80' lang='lat' dir='ltr'><strong>siannis</strong></span> <span class='ocrx_word' id='word_1_68' title='bbox 873 996 1100 1064; x_wconf 72' lang='lat' dir='ltr'><strong>epochae</strong></span> <span class='ocrx_word' id='word_1_69' title='bbox 1118 995 1336 1068; x_wconf 85' lang='lat' dir='ltr'><strong>Christi</strong></span> <span class='ocrx_word' id='word_1_70' title='bbox 1349 993 1672 1068; x_wconf 83' lang='lat' dir='ltr'><strong>communis</strong></span> <span class='ocrx_word' id='word_1_71' title='bbox 1693 990 1800 1068; x_wconf 71' lang='grc'><strong>335</strong></span> <span class='ocrx_word' id='word_1_72' title='bbox 1824 991 1918 1068; x_wconf 76' lang='lat' dir='ltr'><strong>ad-</strong></span> 
     </span>
    </p>
   </div>
   <div class='ocr_carea' id='block_1_12' title="bbox 261 1064 1918 1136">
    <p class='ocr_par' dir='ltr' id='par_1_12' title="bbox 261 1064 1918 1136">
     <span class='ocr_line' id='line_1_12' title="bbox 261 1064 1918 1136; baseline -0.003 -13"><span class='ocrx_word' id='word_1_73' title='bbox 261 1064 479 1124; x_wconf 62' lang='lat' dir='ltr'><strong>da&#39;ntur</strong></span> <span class='ocrx_word' id='word_1_74' title='bbox 494 1064 583 1124; x_wconf 83' lang='lat' dir='ltr'><strong>illi</strong></span> <span class='ocrx_word' id='word_1_75' title='bbox 603 1066 690 1135; x_wconf 74' lang='grc'><strong>46,</strong></span> <span class='ocrx_word' id='word_1_76' title='bbox 707 1066 922 1136; x_wconf 90' lang='lat' dir='ltr'><strong>quibus</strong></span> <span class='ocrx_word' id='word_1_77' title='bbox 941 1079 1127 1122; x_wconf 91' lang='lat' dir='ltr'><strong>annus</strong></span> <span class='ocrx_word' id='word_1_78' title='bbox 1144 1067 1410 1136; x_wconf 81' lang='lat' dir='ltr'><strong>princeps</strong></span> <span class='ocrx_word' id='word_1_79' title='bbox 1423 1064 1918 1136; x_wconf 81' lang='lat' dir='ltr'><strong>ordinationisJu-</strong></span> 
     </span>
    </p>
   </div>
   <div class='ocr_carea' id='block_1_13' title="bbox 265 1134 1916 1205">
    <p class='ocr_par' dir='ltr' id='par_1_13' title="bbox 265 1134 1916 1205">
     <span class='ocr_line' id='line_1_13' title="bbox 265 1134 1916 1205; baseline -0.004 -10"><span class='ocrx_word' id='word_1_80' title='bbox 265 1139 435 1196; x_wconf 68' lang='lat' dir='ltr'><strong>lianae</strong></span> <span class='ocrx_word' id='word_1_81' title='bbox 471 1152 642 1196; x_wconf 72' lang='lat' dir='ltr'><strong>aaram</strong></span> <span class='ocrx_word' id='word_1_82' title='bbox 681 1134 903 1193; x_wconf 79' lang='lat' dir='ltr'><strong>Christi</strong></span> <span class='ocrx_word' id='word_1_83' title='bbox 953 1134 1309 1193; x_wconf 84' lang='lat' dir='ltr'><strong>communem</strong></span> <span class='ocrx_word' id='word_1_84' title='bbox 1348 1134 1654 1205; x_wconf 84' lang='lat' dir='ltr'><strong>antecedit,</strong></span> <span class='ocrx_word' id='word_1_85' title='bbox 1691 1134 1916 1191; x_wconf 91' lang='lat' dir='ltr'><strong>incluso</strong></span> 
     </span>
    </p>
   </div>
   <div class='ocr_carea' id='block_1_14' title="bbox 266 1207 1915 1279">
    <p class='ocr_par' dir='ltr' id='par_1_14' title="bbox 266 1207 1915 1279">
     <span class='ocr_line' id='line_1_14' title="bbox 266 1207 1915 1279; baseline -0.004 -14"><span class='ocrx_word' id='word_1_86' title='bbox 266 1213 392 1278; x_wconf 83' lang='lat' dir='ltr'><strong>ipso</strong></span> <span class='ocrx_word' id='word_1_87' title='bbox 412 1224 584 1279; x_wconf 91' lang='lat' dir='ltr'><strong>anno,</strong></span> <span class='ocrx_word' id='word_1_88' title='bbox 627 1223 800 1279; x_wconf 83' lang='lat' dir='ltr'><strong>quem</strong></span> <span class='ocrx_word' id='word_1_89' title='bbox 825 1216 1040 1279; x_wconf 70' lang='lat' dir='ltr'><strong>vocant</strong></span> <span class='ocrx_word' id='word_1_90' title='bbox 1079 1210 1437 1276; x_wconf 82' lang='lat' dir='ltr'><strong>confusionis,</strong></span> <span class='ocrx_word' id='word_1_91' title='bbox 1469 1221 1501 1263; x_wconf 90' lang='lat' dir='ltr'><strong>a</strong></span> <span class='ocrx_word' id='word_1_92' title='bbox 1521 1207 1741 1262; x_wconf 61' lang='lat' dir='ltr'><strong>Caesare</strong></span> <span class='ocrx_word' id='word_1_93' title='bbox 1775 1219 1915 1275; x_wconf 89' lang='lat' dir='ltr'><strong>pro-</strong></span> 
     </span>
    </p>
   </div>
   <div class='ocr_carea' id='block_1_15' title="bbox 260 1277 1912 1350">
    <p class='ocr_par' dir='ltr' id='par_1_15' title="bbox 260 1277 1912 1350">
     <span class='ocr_line' id='line_1_15' title="bbox 260 1277 1912 1350; baseline -0.005 -13"><span class='ocrx_word' id='word_1_94' title='bbox 260 1277 436 1338; x_wconf 84' lang='lat' dir='ltr'><strong>ducto</strong></span> <span class='ocrx_word' id='word_1_95' title='bbox 485 1277 582 1350; x_wconf 87' lang='lat' dir='ltr'><strong>per</strong></span> <span class='ocrx_word' id='word_1_96' title='bbox 622 1277 748 1337; x_wconf 80' lang='lat' dir='ltr'><strong>dies</strong></span> <span class='ocrx_word' id='word_1_97' title='bbox 777 1277 907 1337; x_wconf 76' lang='lat'><strong>445.</strong></span> <span class='ocrx_word' id='word_1_98' title='bbox 953 1279 1012 1336; x_wconf 92' lang='lat' dir='ltr'><strong>Si</strong></span> <span class='ocrx_word' id='word_1_99' title='bbox 1040 1293 1170 1335; x_wconf 92' lang='lat' dir='ltr'><strong>vero</strong></span> <span class='ocrx_word' id='word_1_100' title='bbox 1193 1285 1452 1335; x_wconf 74' lang='lat' dir='ltr'><strong>servetur</strong></span> <span class='ocrx_word' id='word_1_101' title='bbox 1478 1291 1751 1350; x_wconf 90' lang='lat' dir='ltr'><strong>numerus</strong></span> <span class='ocrx_word' id='word_1_102' title='bbox 1776 1289 1912 1330; x_wconf 90' lang='lat' dir='ltr'><strong>ann.</strong></span> 
     </span>
    </p>
   </div>
   <div class='ocr_carea' id='block_1_16' title="bbox 260 1349 1912 1430">
    <p class='ocr_par' dir='ltr' id='par_1_16' title="bbox 260 1349 1912 1430">
     <span class='ocr_line' id='line_1_16' title="bbox 260 1349 1912 1430; baseline -0.004 -22"><span class='ocrx_word' id='word_1_103' title='bbox 260 1349 716 1430; x_wconf 30' lang='lat' dir='ltr'><strong>3$0Jexpressus</strong></span> <span class='ocrx_word' id='word_1_104' title='bbox 747 1351 833 1430; x_wconf 85' lang='lat' dir='ltr'><strong>in</strong></span> <span class='ocrx_word' id='word_1_105' title='bbox 885 1364 1182 1430; x_wconf 77' lang='lat' dir='ltr'><strong>marmore.</strong></span> <span class='ocrx_word' id='word_1_106' title='bbox 1225 1355 1421 1430; x_wconf 62' lang='lat' dir='ltr'><strong>exacte</strong></span> <span class='ocrx_word' id='word_1_107' title='bbox 1468 1349 1742 1430; x_wconf 76' lang='lat' dir='ltr'><strong>congruit</strong></span> <span class='ocrx_word' id='word_1_108' title='bbox 1783 1360 1912 1402; x_wconf 80' lang='lat' dir='ltr'><strong>cam</strong></span> 
     </span>
    </p>
   </div>
   <div class='ocr_carea' id='block_1_17' title="bbox 259 1419 1913 1494">
    <p class='ocr_par' dir='ltr' id='par_1_17' title="bbox 259 1419 1913 1494">
     <span class='ocr_line' id='line_1_17' title="bbox 259 1419 1913 1494; baseline -0.004 -16"><span class='ocrx_word' id='word_1_109' title='bbox 259 1424 452 1494; x_wconf 90' lang='lat' dir='ltr'><strong>spatio</strong></span> <span class='ocrx_word' id='word_1_110' title='bbox 486 1419 800 1494; x_wconf 87' lang='lat' dir='ltr'><strong>intercepto</strong></span> <span class='ocrx_word' id='word_1_111' title='bbox 819 1435 850 1476; x_wconf 91' lang='lat' dir='ltr'><strong>a</strong></span> <span class='ocrx_word' id='word_1_112' title='bbox 878 1422 1065 1491; x_wconf 90' lang='lat' dir='ltr'><strong>primo</strong></span> <span class='ocrx_word' id='word_1_113' title='bbox 1094 1435 1243 1494; x_wconf 88' lang='lat' dir='ltr'><strong>anno</strong></span> <span class='ocrx_word' id='word_1_114' title='bbox 1275 1419 1913 1494; x_wconf 63' lang='lat' dir='ltr'><strong>tormaa_Julian:e_nova\</strong></span> 
     </span>
    </p>
   </div>
   <div class='ocr_carea' id='block_1_18' title="bbox 261 1489 1910 1562">
    <p class='ocr_par' dir='ltr' id='par_1_18' title="bbox 261 1489 1910 1562">
     <span class='ocr_line' id='line_1_18' title="bbox 261 1489 1910 1562; baseline -0.004 -12"><span class='ocrx_word' id='word_1_115' title='bbox 261 1489 657 1550; x_wconf 75' lang='lat' dir='ltr'><strong>ordinationis</strong></span> <span class='ocrx_word' id='word_1_116' title='bbox 685 1489 774 1562; x_wconf 70' lang='lat'><strong>£5,</strong></span> <span class='ocrx_word' id='word_1_117' title='bbox 829 1489 962 1548; x_wconf 80' lang='lat' dir='ltr'><strong>ante</strong></span> <span class='ocrx_word' id='word_1_118' title='bbox 985 1506 1156 1549; x_wconf 65' lang='lat' dir='ltr'><strong>ieram</strong></span> <span class='ocrx_word' id='word_1_119' title='bbox 1185 1492 1404 1548; x_wconf 89' lang='lat' dir='ltr'><strong>Christi</strong></span> <span class='ocrx_word' id='word_1_120' title='bbox 1430 1491 1499 1547; x_wconf 89' lang='lat' dir='ltr'><strong>ad</strong></span> <span class='ocrx_word' id='word_1_121' title='bbox 1545 1489 1910 1547; x_wconf 89' lang='lat' dir='ltr'><strong>consulatum</strong></span> 
     </span>
    </p>
   </div>
   <div class='ocr_carea' id='block_1_19' title="bbox 260 1564 895 1622">
    <p class='ocr_par' dir='ltr' id='par_1_19' title="bbox 260 1564 895 1622">
     <span class='ocr_line' id='line_1_19' title="bbox 260 1564 895 1622; baseline -0.005 -1"><span class='ocrx_word' id='word_1_122' title='bbox 260 1566 484 1622; x_wconf 90' lang='lat' dir='ltr'><strong>Ceionii</strong></span> <span class='ocrx_word' id='word_1_123' title='bbox 516 1565 642 1620; x_wconf 83' lang='lat' dir='ltr'><strong>Ruﬁ</strong></span> <span class='ocrx_word' id='word_1_124' title='bbox 675 1564 895 1620; x_wconf 83' lang='lat' dir='ltr'><strong>Albini.</strong></span> 
     </span>
    </p>
   </div>
   <div class='ocr_carea' id='block_1_20' title="bbox 331 1629 1910 1706">
    <p class='ocr_par' dir='ltr' id='par_1_20' title="bbox 331 1629 1910 1706">
     <span class='ocr_line' id='line_1_20' title="bbox 331 1629 1910 1706; baseline -0.003 -16"><span class='ocrx_word' id='word_1_125' title='bbox 331 1637 399 1691; x_wconf 88' lang='lat' dir='ltr'><strong>Et</strong></span> <span class='ocrx_word' id='word_1_126' title='bbox 425 1637 691 1706; x_wconf 83' lang='lat' dir='ltr'><strong>quoniam</strong></span> <span class='ocrx_word' id='word_1_127' title='bbox 731 1636 842 1691; x_wconf 93' lang='lat' dir='ltr'><strong>huc</strong></span> <span class='ocrx_word' id='word_1_128' title='bbox 885 1637 1186 1692; x_wconf 82' lang='lat' dir='ltr'><strong>evaserunt</strong></span> <span class='ocrx_word' id='word_1_129' title='bbox 1209 1634 1458 1706; x_wconf 88' lang='lat' dir='ltr'><strong>aliorum</strong></span> <span class='ocrx_word' id='word_1_130' title='bbox 1482 1647 1548 1689; x_wconf 89' lang='lat' dir='ltr'><strong>ac</strong></span> <span class='ocrx_word' id='word_1_131' title='bbox 1574 1635 1782 1706; x_wconf 66' lang='lat' dir='ltr'><strong>nostra:</strong></span> <span class='ocrx_word' id='word_1_132' title='bbox 1802 1629 1910 1685; x_wconf 83' lang='lat' dir='ltr'><strong>ob-</strong></span> 
     </span>
    </p>
   </div>
   <div class='ocr_carea' id='block_1_21' title="bbox 259 1701 1911 1777">
    <p class='ocr_par' dir='ltr' id='par_1_21' title="bbox 259 1701 1911 1777">
     <span class='ocr_line' id='line_1_21' title="bbox 259 1701 1911 1777; baseline -0.004 -15"><span class='ocrx_word' id='word_1_133' title='bbox 259 1701 614 1763; x_wconf 66' lang='lat' dir='ltr'><strong>servat&#39;iones</strong></span> <span class='ocrx_word' id='word_1_134' title='bbox 641 1707 711 1762; x_wconf 89' lang='lat' dir='ltr'><strong>de</strong></span> <span class='ocrx_word' id='word_1_135' title='bbox 754 1706 1045 1775; x_wconf 81' lang='lat' dir='ltr'><strong>pontiﬁcia</strong></span> <span class='ocrx_word' id='word_1_136' title='bbox 1085 1705 1481 1777; x_wconf 85' lang='lat' dir='ltr'><strong>chronologia,</strong></span> <span class='ocrx_word' id='word_1_137' title='bbox 1528 1709 1592 1777; x_wconf 82' lang='lat' dir='ltr'><strong>ut</strong></span> <span class='ocrx_word' id='word_1_138' title='bbox 1619 1704 1688 1759; x_wconf 91' lang='lat' dir='ltr'><strong>ad</strong></span> <span class='ocrx_word' id='word_1_139' title='bbox 1732 1701 1911 1757; x_wconf 87' lang='lat' dir='ltr'><strong>fastos</strong></span> 
     </span>
    </p>
   </div>
   <div class='ocr_carea' id='block_1_22' title="bbox 259 1775 1910 1846">
    <p class='ocr_par' dir='ltr' id='par_1_22' title="bbox 259 1775 1910 1846">
     <span class='ocr_line' id='line_1_22' title="bbox 259 1775 1910 1846; baseline -0.004 -12"><span class='ocrx_word' id='word_1_140' title='bbox 259 1778 614 1846; x_wconf 86' lang='lat' dir='ltr'><strong>consulares,</strong></span> <span class='ocrx_word' id='word_1_141' title='bbox 641 1784 698 1832; x_wconf 92' lang='lat' dir='ltr'><strong>et</strong></span> <span class='ocrx_word' id='word_1_142' title='bbox 725 1778 793 1832; x_wconf 92' lang='lat' dir='ltr'><strong>ad</strong></span> <span class='ocrx_word' id='word_1_143' title='bbox 825 1778 1142 1833; x_wconf 68' lang='lat' dir='ltr'><strong>Caesariana</strong></span> <span class='ocrx_word' id='word_1_144' title='bbox 1167 1775 1421 1846; x_wconf 81' lang='lat' dir='ltr'><strong>tempora</strong></span> <span class='ocrx_word' id='word_1_145' title='bbox 1445 1775 1717 1831; x_wconf 90' lang='lat' dir='ltr'><strong>studeant</strong></span> <span class='ocrx_word' id='word_1_146' title='bbox 1746 1786 1910 1828; x_wconf 89' lang='lat' dir='ltr'><strong>eam-</strong></span> 
     </span>
    </p>
   </div>
   <div class='ocr_carea' id='block_1_23' title="bbox 2029 567 3668 648">
    <p class='ocr_par' dir='ltr' id='par_1_23' title="bbox 2029 567 3668 648">
     <span class='ocr_line' id='line_1_23' title="bbox 2029 567 3668 648; baseline 0.007 -30"><span class='ocrx_word' id='word_1_147' title='bbox 2029 568 2176 648; x_wconf 53' lang='lat' dir='ltr'><strong>tium</strong></span> <span class='ocrx_word' id='word_1_148' title='bbox 2207 578 2332 648; x_wconf 64' lang='lat' dir='ltr'><strong>aera:</strong></span> <span class='ocrx_word' id='word_1_149' title='bbox 2373 567 2591 648; x_wconf 75' lang='lat' dir='ltr'><strong>Christi</strong></span> <span class='ocrx_word' id='word_1_150' title='bbox 2628 571 2996 648; x_wconf 81' lang='lat' dir='ltr'><strong>communis;</strong></span> <span class='ocrx_word' id='word_1_151' title='bbox 3029 578 3084 628; x_wconf 90' lang='lat' dir='ltr'><strong>et</strong></span> <span class='ocrx_word' id='word_1_152' title='bbox 3114 567 3381 648; x_wconf 84' lang='lat' dir='ltr'><strong>quintum</strong></span> <span class='ocrx_word' id='word_1_153' title='bbox 3429 575 3487 648; x_wconf 74' lang='lat' dir='ltr'><strong>C.</strong></span> <span class='ocrx_word' id='word_1_154' title='bbox 3526 573 3668 632; x_wconf 86' lang='lat' dir='ltr'><strong>Julii</strong></span> 
     </span>
    </p>
   </div>
   <div class='ocr_carea' id='block_1_24' title="bbox 2025 635 3670 718">
    <p class='ocr_par' dir='ltr' id='par_1_24' title="bbox 2025 635 3670 718">
     <span class='ocr_line' id='line_1_24' title="bbox 2025 635 3670 718; baseline 0.007 -28"><span class='ocrx_word' id='word_1_155' title='bbox 2025 635 2268 718; x_wconf 64' lang='lat' dir='ltr'><strong>Caesaris</strong></span> <span class='ocrx_word' id='word_1_156' title='bbox 2292 638 2656 718; x_wconf 69' lang='lat' dir='ltr'><strong>consulatum</strong></span> <span class='ocrx_word' id='word_1_157' title='bbox 2677 641 2860 718; x_wconf 75' lang='lat' dir='ltr'><strong>eidem</strong></span> <span class='ocrx_word' id='word_1_158' title='bbox 2892 635 3042 718; x_wconf 83' lang='lat' dir='ltr'><strong>anno</strong></span> <span class='ocrx_word' id='word_1_159' title='bbox 3066 635 3448 718; x_wconf 75' lang='lat' dir='ltr'><strong>assignemus,</strong></span> <span class='ocrx_word' id='word_1_160' title='bbox 3471 646 3529 701; x_wconf 91' lang='lat' dir='ltr'><strong>in</strong></span> <span class='ocrx_word' id='word_1_161' title='bbox 3554 657 3670 718; x_wconf 88' lang='lat' dir='ltr'><strong>quo</strong></span> 
     </span>
    </p>
   </div>
   <div class='ocr_carea' id='block_1_25' title="bbox 2025 708 3666 772">
    <p class='ocr_par' dir='ltr' id='par_1_25' title="bbox 2025 708 3666 772">
     <span class='ocr_line' id='line_1_25' title="bbox 2025 708 3666 772; baseline 0.006 -11"><span class='ocrx_word' id='word_1_162' title='bbox 2025 708 2198 762; x_wconf 89' lang='lat' dir='ltr'><strong>etiam</strong></span> <span class='ocrx_word' id='word_1_163' title='bbox 2255 721 2407 764; x_wconf 88' lang='lat' dir='ltr'><strong>mors</strong></span> <span class='ocrx_word' id='word_1_164' title='bbox 2450 708 2694 766; x_wconf 68' lang='lat' dir='ltr'><strong>Caesaris</strong></span> <span class='ocrx_word' id='word_1_165' title='bbox 2739 711 3074 770; x_wconf 90' lang='lat' dir='ltr'><strong>collocanda</strong></span> <span class='ocrx_word' id='word_1_166' title='bbox 3123 708 3220 770; x_wconf 67' lang='lat' dir='ltr'><strong>esi</strong></span> <span class='ocrx_word' id='word_1_167' title='bbox 3239 708 3447 772; x_wconf 75' lang='lat' dir='ltr'><strong>idibus</strong></span> <span class='ocrx_word' id='word_1_168' title='bbox 3474 708 3666 772; x_wconf 71' lang='lat' dir='ltr'><strong>Maitii</strong></span> 
     </span>
    </p>
   </div>
   <div class='ocr_carea' id='block_1_26' title="bbox 2022 778 3671 847">
    <p class='ocr_par' dir='ltr' id='par_1_26' title="bbox 2022 778 3671 847">
     <span class='ocr_line' id='line_1_26' title="bbox 2022 778 3671 847; baseline 0.005 -13"><span class='ocrx_word' id='word_1_169' title='bbox 2022 778 2186 847; x_wconf 87' lang='lat' dir='ltr'><strong>juxta</strong></span> <span class='ocrx_word' id='word_1_170' title='bbox 2213 779 2468 835; x_wconf 88' lang='lat' dir='ltr'><strong>rationes</strong></span> <span class='ocrx_word' id='word_1_171' title='bbox 2497 787 2742 836; x_wconf 91' lang='lat' dir='ltr'><strong>nostras.</strong></span> <span class='ocrx_word' id='word_1_172' title='bbox 2771 783 2997 840; x_wconf 82' lang='lat' dir='ltr'><strong>Annum</strong></span> <span class='ocrx_word' id='word_1_173' title='bbox 3062 798 3196 842; x_wconf 90' lang='lat' dir='ltr'><strong>vero</strong></span> <span class='ocrx_word' id='word_1_174' title='bbox 3228 785 3364 843; x_wconf 90' lang='lat' dir='ltr'><strong>huic</strong></span> <span class='ocrx_word' id='word_1_175' title='bbox 3392 800 3422 842; x_wconf 90' lang='lat' dir='ltr'><strong>a</strong></span> <span class='ocrx_word' id='word_1_176' title='bbox 3451 787 3671 843; x_wconf 69' lang='lat' dir='ltr'><strong>Caesare</strong></span> 
     </span>
    </p>
   </div>
   <div class='ocr_carea' id='block_1_27' title="bbox 2027 849 3667 928">
    <p class='ocr_par' dir='ltr' id='par_1_27' title="bbox 2027 849 3667 928">
     <span class='ocr_line' id='line_1_27' title="bbox 2027 849 3667 928; baseline 0.007 -25"><span class='ocrx_word' id='word_1_177' title='bbox 2027 849 2408 918; x_wconf 74' lang='lat' dir='ltr'><strong>praemissum,</strong></span> <span class='ocrx_word' id='word_1_178' title='bbox 2435 850 2564 907; x_wconf 91' lang='lat' dir='ltr'><strong>dico</strong></span> <span class='ocrx_word' id='word_1_179' title='bbox 2594 852 2942 928; x_wconf 77' lang='lat' dir='ltr'><strong>explicatum</strong></span> <span class='ocrx_word' id='word_1_180' title='bbox 2967 856 3105 928; x_wconf 90' lang='lat' dir='ltr'><strong>totis</strong></span> <span class='ocrx_word' id='word_1_181' title='bbox 3130 856 3334 913; x_wconf 91' lang='lat' dir='ltr'><strong>diebus</strong></span> <span class='ocrx_word' id='word_1_182' title='bbox 3351 853 3472 927; x_wconf 80' lang='lat'><strong>445,</strong></span> <span class='ocrx_word' id='word_1_183' title='bbox 3502 871 3667 928; x_wconf 89' lang='lat' dir='ltr'><strong>quem</strong></span> 
     </span>
    </p>
   </div>
   <div class='ocr_carea' id='block_1_28' title="bbox 2027 924 3670 992">
    <p class='ocr_par' dir='ltr' id='par_1_28' title="bbox 2027 924 3670 992">
     <span class='ocr_line' id='line_1_28' title="bbox 2027 924 3670 992; baseline 0.005 -17"><span class='ocrx_word' id='word_1_184' title='bbox 2027 927 2323 990; x_wconf 88' lang='lat' dir='ltr'><strong>propterea</strong></span> <span class='ocrx_word' id='word_1_185' title='bbox 2377 929 2771 992; x_wconf 91' lang='lat' dir='ltr'><strong>nuncupatum</strong></span> <span class='ocrx_word' id='word_1_186' title='bbox 2805 924 3074 981; x_wconf 90' lang='lat' dir='ltr'><strong>historici</strong></span> <span class='ocrx_word' id='word_1_187' title='bbox 3101 933 3418 984; x_wconf 88' lang='lat' dir='ltr'><strong>memorant</strong></span> <span class='ocrx_word' id='word_1_188' title='bbox 3463 924 3670 983; x_wconf 80' lang='lat' dir='ltr'><strong>annum</strong></span> 
     </span>
    </p>
   </div>
   <div class='ocr_carea' id='block_1_29' title="bbox 2026 993 3668 1068">
    <p class='ocr_par' dir='ltr' id='par_1_29' title="bbox 2026 993 3668 1068">
     <span class='ocr_line' id='line_1_29' title="bbox 2026 993 3668 1068; baseline 0.006 -24"><span class='ocrx_word' id='word_1_189' title='bbox 2026 993 2382 1068; x_wconf 83' lang='lat' dir='ltr'><strong>confusionis.</strong></span> <span class='ocrx_word' id='word_1_190' title='bbox 2417 993 2493 1048; x_wconf 85' lang='lat' dir='ltr'><strong>Ex</strong></span> <span class='ocrx_word' id='word_1_191' title='bbox 2530 993 2620 1068; x_wconf 71' lang='lat' dir='ltr'><strong>his</strong></span> <span class='ocrx_word' id='word_1_192' title='bbox 2639 994 2847 1051; x_wconf 92' lang='lat' dir='ltr'><strong>diebus</strong></span> <span class='ocrx_word' id='word_1_193' title='bbox 2876 993 3289 1068; x_wconf 80' lang='lat' dir='ltr'><strong>445,postremi</strong></span> <span class='ocrx_word' id='word_1_194' title='bbox 3315 997 3440 1067; x_wconf 84' lang='lat'><strong>365,</strong></span> <span class='ocrx_word' id='word_1_195' title='bbox 3456 999 3668 1055; x_wconf 88' lang='lat' dir='ltr'><strong>consti-</strong></span> 
     </span>
    </p>
   </div>
   <div class='ocr_carea' id='block_1_30' title="bbox 2026 1065 3666 1140">
    <p class='ocr_par' dir='ltr' id='par_1_30' title="bbox 2026 1065 3666 1140">
     <span class='ocr_line' id='line_1_30' title="bbox 2026 1065 3666 1140; baseline 0.005 -23"><span class='ocrx_word' id='word_1_196' title='bbox 2026 1067 2438 1140; x_wconf 7' lang='lat' dir='ltr'><strong>[nuntiannum</strong></span> <span class='ocrx_word' id='word_1_197' title='bbox 2472 1065 2757 1140; x_wconf 76' lang='lat' dir='ltr'><strong>Iulianum</strong></span> <span class='ocrx_word' id='word_1_198' title='bbox 2787 1065 3155 1140; x_wconf 69' lang='lat' dir='ltr'><strong>prolepticum</strong></span> <span class='ocrx_word' id='word_1_199' title='bbox 3193 1066 3280 1140; x_wconf 78' lang='lat'><strong>46,</strong></span> <span class='ocrx_word' id='word_1_200' title='bbox 3323 1065 3456 1126; x_wconf 85' lang='lat' dir='ltr'><strong>ante</strong></span> <span class='ocrx_word' id='word_1_201' title='bbox 3498 1083 3666 1126; x_wconf 67' lang='lat' dir='ltr'><strong>ueram</strong></span> 
     </span>
    </p>
   </div>
   <div class='ocr_carea' id='block_1_31' title="bbox 2023 1133 3666 1212">
    <p class='ocr_par' dir='ltr' id='par_1_31' title="bbox 2023 1133 3666 1212">
     <span class='ocr_line' id='line_1_31' title="bbox 2023 1133 3666 1212; baseline 0.005 -25"><span class='ocrx_word' id='word_1_202' title='bbox 2023 1133 2411 1212; x_wconf 68' lang='lat' dir='ltr'><strong>Christianam</strong></span> <span class='ocrx_word' id='word_1_203' title='bbox 2442 1139 2568 1190; x_wconf 90' lang='lat' dir='ltr'><strong>:cui</strong></span> <span class='ocrx_word' id='word_1_204' title='bbox 2595 1149 2748 1212; x_wconf 80' lang='lat' dir='ltr'><strong>anno</strong></span> <span class='ocrx_word' id='word_1_205' title='bbox 2767 1133 2901 1194; x_wconf 81' lang='lat' dir='ltr'><strong>dico</strong></span> <span class='ocrx_word' id='word_1_206' title='bbox 2921 1133 3478 1212; x_wconf 59' lang='lat' dir='ltr'><strong>e&#39;sseassignandum</strong></span> <span class='ocrx_word' id='word_1_207' title='bbox 3505 1157 3666 1211; x_wconf 85' lang='lat' dir='ltr'><strong>quar-</strong></span> 
     </span>
    </p>
   </div>
   <div class='ocr_carea' id='block_1_32' title="bbox 2025 1208 3671 1281">
    <p class='ocr_par' dir='ltr' id='par_1_32' title="bbox 2025 1208 3671 1281">
     <span class='ocr_line' id='line_1_32' title="bbox 2025 1208 3671 1281; baseline 0.005 -23"><span class='ocrx_word' id='word_1_208' title='bbox 2025 1209 2139 1281; x_wconf 84' lang='lat' dir='ltr'><strong>tum</strong></span> <span class='ocrx_word' id='word_1_209' title='bbox 2183 1208 2426 1281; x_wconf 68' lang='lat' dir='ltr'><strong>Caesaris,</strong></span> <span class='ocrx_word' id='word_1_210' title='bbox 2457 1208 2818 1281; x_wconf 79' lang='lat' dir='ltr'><strong>consulatum,</strong></span> <span class='ocrx_word' id='word_1_211' title='bbox 2854 1214 2911 1264; x_wconf 93' lang='lat' dir='ltr'><strong>et</strong></span> <span class='ocrx_word' id='word_1_212' title='bbox 2957 1208 3214 1281; x_wconf 75' lang='lat' dir='ltr'><strong>reliquos</strong></span> <span class='ocrx_word' id='word_1_213' title='bbox 3249 1209 3320 1267; x_wconf 93' lang='lat'><strong>80</strong></span> <span class='ocrx_word' id='word_1_214' title='bbox 3349 1208 3671 1281; x_wconf 52' lang='lat' dir='ltr'><strong>diesfnar-</strong></span> 
     </span>
    </p>
   </div>
   <div class='ocr_carea' id='block_1_33' title="bbox 2026 1276 3666 1352">
    <p class='ocr_par' dir='ltr' id='par_1_33' title="bbox 2026 1276 3666 1352">
     <span class='ocr_line' id='line_1_33' title="bbox 2026 1276 3666 1352; baseline 0.005 -22"><span class='ocrx_word' id='word_1_215' title='bbox 2026 1280 2136 1352; x_wconf 82' lang='lat' dir='ltr'><strong>tem</strong></span> <span class='ocrx_word' id='word_1_216' title='bbox 2159 1277 2412 1352; x_wconf 78' lang='lat' dir='ltr'><strong>ejusdem</strong></span> <span class='ocrx_word' id='word_1_217' title='bbox 2433 1278 2566 1352; x_wconf 80' lang='lat' dir='ltr'><strong>anni</strong></span> <span class='ocrx_word' id='word_1_218' title='bbox 2591 1276 2956 1352; x_wconf 77' lang='lat' dir='ltr'><strong>confusionis</strong></span> <span class='ocrx_word' id='word_1_219' title='bbox 2983 1276 3389 1352; x_wconf 74' lang='lat' dir='ltr'><strong>praecedentem</strong></span> <span class='ocrx_word' id='word_1_220' title='bbox 3420 1276 3519 1338; x_wconf 88' lang='lat' dir='ltr'><strong>eos</strong></span> <span class='ocrx_word' id='word_1_221' title='bbox 3541 1280 3666 1349; x_wconf 83' lang='lat'><strong>365,</strong></span> 
     </span>
    </p>
   </div>
   <div class='ocr_carea' id='block_1_34' title="bbox 2026 1346 3670 1424">
    <p class='ocr_par' dir='ltr' id='par_1_34' title="bbox 2026 1346 3670 1424">
     <span class='ocr_line' id='line_1_34' title="bbox 2026 1346 3670 1424; baseline 0.004 -24"><span class='ocrx_word' id='word_1_222' title='bbox 2026 1346 2125 1424; x_wconf 84' lang='lat' dir='ltr'><strong>qui</strong></span> <span class='ocrx_word' id='word_1_223' title='bbox 2153 1347 2584 1424; x_wconf 72' lang='lat' dir='ltr'><strong>constituebant</strong></span> <span class='ocrx_word' id='word_1_224' title='bbox 2613 1361 2824 1405; x_wconf 91' lang='lat' dir='ltr'><strong>annum</strong></span> <span class='ocrx_word' id='word_1_225' title='bbox 2859 1348 2927 1407; x_wconf 79' lang='lat'><strong>46</strong></span> <span class='ocrx_word' id='word_1_226' title='bbox 2954 1346 3258 1422; x_wconf 66' lang='lat' dir='ltr'><strong>(Julianum</strong></span> <span class='ocrx_word' id='word_1_227' title='bbox 3291 1346 3670 1424; x_wconf 77' lang='lat' dir='ltr'><strong>prolepticum)</strong></span> 
     </span>
    </p>
   </div>
   <div class='ocr_carea' id='block_1_35' title="bbox 2022 1419 3670 1494">
    <p class='ocr_par' dir='ltr' id='par_1_35' title="bbox 2022 1419 3670 1494">
     <span class='ocr_line' id='line_1_35' title="bbox 2022 1419 3670 1494; baseline 0.005 -23"><span class='ocrx_word' id='word_1_228' title='bbox 2022 1422 2154 1494; x_wconf 76' lang='lat' dir='ltr'><strong>ante</strong></span> <span class='ocrx_word' id='word_1_229' title='bbox 2177 1431 2346 1494; x_wconf 68' lang='lat' dir='ltr'><strong>seram</strong></span> <span class='ocrx_word' id='word_1_230' title='bbox 2373 1419 2588 1494; x_wconf 79' lang='lat' dir='ltr'><strong>Christi</strong></span> <span class='ocrx_word' id='word_1_231' title='bbox 2609 1419 2995 1494; x_wconf 73' lang='lat' dir='ltr'><strong>communem,</strong></span> <span class='ocrx_word' id='word_1_232' title='bbox 3019 1437 3136 1492; x_wconf 89' lang='lat' dir='ltr'><strong>eos,</strong></span> <span class='ocrx_word' id='word_1_233' title='bbox 3167 1419 3514 1494; x_wconf 84' lang='lat' dir='ltr'><strong>inquam,80</strong></span> <span class='ocrx_word' id='word_1_234' title='bbox 3543 1423 3670 1480; x_wconf 90' lang='lat' dir='ltr'><strong>dies</strong></span> 
     </span>
    </p>
   </div>
   <div class='ocr_carea' id='block_1_36' title="bbox 2021 1487 3666 1563">
    <p class='ocr_par' dir='ltr' id='par_1_36' title="bbox 2021 1487 3666 1563">
     <span class='ocr_line' id='line_1_36' title="bbox 2021 1487 3666 1563; baseline 0.004 -21"><span class='ocrx_word' id='word_1_235' title='bbox 2021 1487 2154 1563; x_wconf 88' lang='lat' dir='ltr'><strong>dico</strong></span> <span class='ocrx_word' id='word_1_236' title='bbox 2187 1489 2538 1563; x_wconf 78' lang='lat' dir='ltr'><strong>pertinuisse</strong></span> <span class='ocrx_word' id='word_1_237' title='bbox 2557 1491 2624 1546; x_wconf 93' lang='lat' dir='ltr'><strong>ad</strong></span> <span class='ocrx_word' id='word_1_238' title='bbox 2645 1498 2908 1560; x_wconf 85' lang='lat' dir='ltr'><strong>quartum</strong></span> <span class='ocrx_word' id='word_1_239' title='bbox 2934 1487 3147 1563; x_wconf 72' lang='lat' dir='ltr'><strong>pariter</strong></span> <span class='ocrx_word' id='word_1_240' title='bbox 3173 1487 3516 1550; x_wconf 78' lang='lat' dir='ltr'><strong>consulatum</strong></span> <span class='ocrx_word' id='word_1_241' title='bbox 3545 1496 3666 1552; x_wconf 82' lang='lat' dir='ltr'><strong>Cae-</strong></span> 
     </span>
    </p>
   </div>
   <div class='ocr_carea' id='block_1_37' title="bbox 2022 1560 3667 1637">
    <p class='ocr_par' dir='ltr' id='par_1_37' title="bbox 2022 1560 3667 1637">
     <span class='ocr_line' id='line_1_37' title="bbox 2022 1560 3667 1637; baseline 0.005 -24"><span class='ocrx_word' id='word_1_242' title='bbox 2022 1560 2186 1637; x_wconf 70' lang='lat' dir='ltr'><strong>saris,</strong></span> <span class='ocrx_word' id='word_1_243' title='bbox 2217 1565 2276 1615; x_wconf 89' lang='lat' dir='ltr'><strong>et</strong></span> <span class='ocrx_word' id='word_1_244' title='bbox 2306 1561 2480 1637; x_wconf 79' lang='lat' dir='ltr'><strong>simul</strong></span> <span class='ocrx_word' id='word_1_245' title='bbox 2514 1563 2839 1637; x_wconf 84' lang='lat' dir='ltr'><strong>_ad_terliam</strong></span> <span class='ocrx_word' id='word_1_246' title='bbox 2862 1560 2981 1637; x_wconf 82' lang='lat' dir='ltr'><strong>ejus</strong></span> <span class='ocrx_word' id='word_1_247' title='bbox 2999 1565 3350 1637; x_wconf 70' lang='lat' dir='ltr'><strong>dictaturam,</strong></span> <span class='ocrx_word' id='word_1_248' title='bbox 3378 1573 3440 1622; x_wconf 87' lang='lat' dir='ltr'><strong>ut</strong></span> <span class='ocrx_word' id='word_1_249' title='bbox 3469 1580 3538 1622; x_wconf 81' lang='lat' dir='ltr'><strong>ex</strong></span> <span class='ocrx_word' id='word_1_250' title='bbox 3565 1579 3667 1637; x_wconf 85' lang='lat' dir='ltr'><strong>ge—</strong></span> 
     </span>
    </p>
   </div>
   <div class='ocr_carea' id='block_1_38' title="bbox 2022 1629 3668 1706">
    <p class='ocr_par' dir='ltr' id='par_1_38' title="bbox 2022 1629 3668 1706">
     <span class='ocr_line' id='line_1_38' title="bbox 2022 1629 3668 1706; baseline 0.005 -22"><span class='ocrx_word' id='word_1_251' title='bbox 2022 1629 2220 1706; x_wconf 74' lang='lat' dir='ltr'><strong>nuino</strong></span> <span class='ocrx_word' id='word_1_252' title='bbox 2233 1633 2565 1706; x_wconf 82' lang='lat' dir='ltr'><strong>testimonio</strong></span> <span class='ocrx_word' id='word_1_253' title='bbox 2583 1629 2961 1690; x_wconf 49' lang='lat' dir='ltr'><strong>Fastorum&#39;in</strong></span> <span class='ocrx_word' id='word_1_254' title='bbox 2986 1629 3342 1706; x_wconf 85' lang='lat' dir='ltr'><strong>Capitolinis</strong></span> <span class='ocrx_word' id='word_1_255' title='bbox 3358 1629 3668 1693; x_wconf 77' lang='lat' dir='ltr'><strong>marmori-</strong></span> 
     </span>
    </p>
   </div>
   <div class='ocr_carea' id='block_1_39' title="bbox 2020 1698 3665 1784">
    <p class='ocr_par' dir='ltr' id='par_1_39' title="bbox 2020 1698 3665 1784">
     <span class='ocr_line' id='line_1_39' title="bbox 2020 1698 3665 1784; baseline 0.005 -29"><span class='ocrx_word' id='word_1_256' title='bbox 2020 1698 2344 1784; x_wconf 79' lang='lat' dir='ltr'><strong>busadhuc</strong></span> <span class='ocrx_word' id='word_1_257' title='bbox 2373 1711 2740 1784; x_wconf 51' lang='lat' dir='ltr'><strong>praeservato,</strong></span> <span class='ocrx_word' id='word_1_258' title='bbox 2760 1706 3030 1784; x_wconf 78' lang='lat' dir='ltr'><strong>reddetur</strong></span> <span class='ocrx_word' id='word_1_259' title='bbox 3053 1698 3291 1763; x_wconf 80' lang='lat' dir='ltr'><strong>evidens</strong></span> <span class='ocrx_word' id='word_1_260' title='bbox 3327 1710 3384 1784; x_wconf 81' lang='lat' dir='ltr'><strong>in</strong></span> <span class='ocrx_word' id='word_1_261' title='bbox 3416 1709 3665 1784; x_wconf 80' lang='lat' dir='ltr'><strong>decursu</strong></span> 
     </span>
    </p>
   </div>
   <div class='ocr_carea' id='block_1_40' title="bbox 2017 1773 3669 1850">
    <p class='ocr_par' dir='ltr' id='par_1_40' title="bbox 2017 1773 3669 1850">
     <span class='ocr_line' id='line_1_40' title="bbox 2017 1773 3669 1850; baseline 0.006 -24"><span class='ocrx_word' id='word_1_262' title='bbox 2017 1773 2229 1850; x_wconf 75' lang='lat' dir='ltr'><strong>capitis</strong></span> <span class='ocrx_word' id='word_1_263' title='bbox 2259 1775 2472 1850; x_wconf 85' lang='lat' dir='ltr'><strong>quarti,</strong></span> <span class='ocrx_word' id='word_1_264' title='bbox 2523 1777 2674 1850; x_wconf 83' lang='lat' dir='ltr'><strong>quod</strong></span> <span class='ocrx_word' id='word_1_265' title='bbox 2726 1775 2821 1850; x_wconf 80' lang='lat' dir='ltr'><strong>hic</strong></span> <span class='ocrx_word' id='word_1_266' title='bbox 2849 1782 3122 1838; x_wconf 86' lang='lat' dir='ltr'><strong>attexam.</strong></span> <span class='ocrx_word' id='word_1_267' title='bbox 3157 1780 3452 1847; x_wconf 75' lang='lat' dir='ltr'><strong>praemisso</strong></span> <span class='ocrx_word' id='word_1_268' title='bbox 3482 1779 3669 1850; x_wconf 89' lang='lat' dir='ltr'><strong>capite</strong></span> 
     </span>
    </p>
   </div>
   <div class='ocr_carea' id='block_1_41' title="bbox 257 1843 3450 1921">
    <p class='ocr_par' dir='ltr' id='par_1_41' title="bbox 257 1843 3450 1921">
     <span class='ocr_line' id='line_1_41' title="bbox 257 1843 3450 1921; baseline 0 -17"><span class='ocrx_word' id='word_1_269' title='bbox 257 1850 384 1905; x_wconf 90' lang='lat' dir='ltr'><strong>dem</strong></span> <span class='ocrx_word' id='word_1_270' title='bbox 417 1843 726 1920; x_wconf 82' lang='lat' dir='ltr'><strong>diligenter</strong></span> <span class='ocrx_word' id='word_1_271' title='bbox 759 1847 1012 1921; x_wconf 70' lang='lat' dir='ltr'><strong>referre;</strong></span> <span class='ocrx_word' id='word_1_272' title='bbox 1047 1861 1161 1917; x_wconf 90' lang='lat' dir='ltr'><strong>quo</strong></span> <span class='ocrx_word' id='word_1_273' title='bbox 1195 1843 1417 1921; x_wconf 70' lang='lat' dir='ltr'><strong>ﬁrmior</strong></span> <span class='ocrx_word' id='word_1_274' title='bbox 1438 1847 1518 1921; x_wconf 85' lang='lat' dir='ltr'><strong>sit</strong></span> <span class='ocrx_word' id='word_1_275' title='bbox 1542 1858 1903 1921; x_wconf 73' lang='lat' dir='ltr'><strong>progressus,</strong></span> <span class='ocrx_word' id='word_1_276' title='bbox 1935 1860 1988 1921; x_wconf 83' lang='grc' dir='ltr'>Β</span> <span class='ocrx_word' id='word_1_277' title='bbox 2017 1843 2498 1914; x_wconf 64' lang='grc' dir='ltr'><strong>εῙιιεάθιηορθιιὶδ</strong></span> <span class='ocrx_word' id='word_1_278' title='bbox 2529 1843 2722 1915; x_wconf 81' lang='lat' dir='ltr'><strong>tertio,</strong></span> <span class='ocrx_word' id='word_1_279' title='bbox 2758 1847 2853 1904; x_wconf 90' lang='lat' dir='ltr'><strong>hic</strong></span> <span class='ocrx_word' id='word_1_280' title='bbox 2880 1849 3096 1918; x_wconf 90' lang='lat' dir='ltr'><strong>pariter</strong></span> <span class='ocrx_word' id='word_1_281' title='bbox 3127 1843 3450 1906; x_wconf 81' lang='lat' dir='ltr'><strong>inserendo.</strong></span> 
     </span>
    </p>
   </div>
   <div class='ocr_carea' id='block_1_42' title="bbox 258 1916 1908 1985">
    <p class='ocr_par' dir='ltr' id='par_1_42' title="bbox 258 1916 1908 1985">
     <span class='ocr_line' id='line_1_42' title="bbox 258 1916 1908 1985; baseline -0.004 -8"><span class='ocrx_word' id='word_1_282' title='bbox 258 1916 576 1977; x_wconf 70' lang='lat' dir='ltr'><strong>constituto</strong></span> <span class='ocrx_word' id='word_1_283' title='bbox 605 1919 774 1974; x_wconf 88' lang='lat' dir='ltr'><strong>semel</strong></span> <span class='ocrx_word' id='word_1_284' title='bbox 811 1919 1031 1974; x_wconf 87' lang='lat' dir='ltr'><strong>indicio</strong></span> <span class='ocrx_word' id='word_1_285' title='bbox 1061 1916 1316 1985; x_wconf 87' lang='lat' dir='ltr'><strong>termini,</strong></span> <span class='ocrx_word' id='word_1_286' title='bbox 1349 1918 1498 1973; x_wconf 88' lang='lat' dir='ltr'><strong>unde</strong></span> <span class='ocrx_word' id='word_1_287' title='bbox 1520 1916 1672 1972; x_wconf 86' lang='lat' dir='ltr'><strong>certa</strong></span> <span class='ocrx_word' id='word_1_288' title='bbox 1707 1916 1804 1971; x_wconf 84' lang='lat' dir='ltr'><strong>ﬂat</strong></span> <span class='ocrx_word' id='word_1_289' title='bbox 1826 1917 1908 1970; x_wconf 88' lang='lat' dir='ltr'><strong>in-</strong></span> 
     </span>
    </p>
   </div>
   <div class='ocr_carea' id='block_1_43' title="bbox 257 1989 1907 2059">
    <p class='ocr_par' dir='ltr' id='par_1_43' title="bbox 257 1989 1907 2059">
     <span class='ocr_line' id='line_1_43' title="bbox 257 1989 1907 2059; baseline -0.002 -13"><span class='ocrx_word' id='word_1_290' title='bbox 257 1992 489 2047; x_wconf 86' lang='lat' dir='ltr'><strong>choatio</strong></span> <span class='ocrx_word' id='word_1_291' title='bbox 517 1991 955 2058; x_wconf 89' lang='lat' dir='ltr'><strong>numerationis,</strong></span> <span class='ocrx_word' id='word_1_292' title='bbox 983 1989 1165 2059; x_wconf 88' lang='lat' dir='ltr'><strong>placet</strong></span> <span class='ocrx_word' id='word_1_293' title='bbox 1195 1989 1290 2044; x_wconf 89' lang='lat' dir='ltr'><strong>hic</strong></span> <span class='ocrx_word' id='word_1_294' title='bbox 1309 1989 1700 2044; x_wconf 72' lang='lat' dir='ltr'><strong>demonstrare</strong></span> <span class='ocrx_word' id='word_1_295' title='bbox 1721 1993 1907 2043; x_wconf 90' lang='lat' dir='ltr'><strong>certos</strong></span> 
     </span>
    </p>
   </div>
   <div class='ocr_carea' id='block_1_44' title="bbox 256 2059 1906 2130">
    <p class='ocr_par' dir='ltr' id='par_1_44' title="bbox 256 2059 1906 2130">
     <span class='ocr_line' id='line_1_44' title="bbox 256 2059 1906 2130; baseline -0.003 -13"><span class='ocrx_word' id='word_1_296' title='bbox 256 2063 616 2118; x_wconf 84' lang='lat' dir='ltr'><strong>characteres</strong></span> <span class='ocrx_word' id='word_1_297' title='bbox 645 2062 782 2117; x_wconf 92' lang='lat' dir='ltr'><strong>anni</strong></span> <span class='ocrx_word' id='word_1_298' title='bbox 814 2061 1055 2129; x_wconf 92' lang='lat' dir='ltr'><strong>Juliani,</strong></span> <span class='ocrx_word' id='word_1_299' title='bbox 1100 2074 1168 2116; x_wconf 80' lang='lat' dir='ltr'><strong>ex</strong></span> <span class='ocrx_word' id='word_1_300' title='bbox 1192 2074 1306 2130; x_wconf 90' lang='lat' dir='ltr'><strong>quo</strong></span> <span class='ocrx_word' id='word_1_301' title='bbox 1335 2061 1636 2129; x_wconf 90' lang='lat' dir='ltr'><strong>petendum</strong></span> <span class='ocrx_word' id='word_1_302' title='bbox 1665 2065 1752 2115; x_wconf 89' lang='lat' dir='ltr'><strong>est</strong></span> <span class='ocrx_word' id='word_1_303' title='bbox 1784 2059 1906 2113; x_wconf 92' lang='lat' dir='ltr'><strong>ini-</strong></span> 
     </span>
    </p>
   </div>
   <div class='ocr_carea' id='block_1_45' title="bbox 258 2129 1903 2202">
    <p class='ocr_par' dir='ltr' id='par_1_45' title="bbox 258 2129 1903 2202">
     <span class='ocr_line' id='line_1_45' title="bbox 258 2129 1903 2202; baseline -0.002 -14"><span class='ocrx_word' id='word_1_304' title='bbox 258 2135 403 2189; x_wconf 90' lang='lat' dir='ltr'><strong>tium</strong></span> <span class='ocrx_word' id='word_1_305' title='bbox 447 2139 764 2202; x_wconf 90' lang='lat' dir='ltr'><strong>temporum</strong></span> <span class='ocrx_word' id='word_1_306' title='bbox 814 2129 1264 2188; x_wconf 73' lang='lat' dir='ltr'><strong>Caesarianorum</strong></span> <span class='ocrx_word' id='word_1_307' title='bbox 1309 2137 1442 2186; x_wconf 82' lang='lat' dir='ltr'><strong>ante</strong></span> <span class='ocrx_word' id='word_1_308' title='bbox 1471 2144 1639 2186; x_wconf 68' lang='lat' dir='ltr'><strong>aaram</strong></span> <span class='ocrx_word' id='word_1_309' title='bbox 1685 2129 1903 2185; x_wconf 88' lang='lat' dir='ltr'><strong>Christi</strong></span> 
     </span>
    </p>
   </div>
   <div class='ocr_carea' id='block_1_46' title="bbox 255 2202 1906 2273">
    <p class='ocr_par' dir='ltr' id='par_1_46' title="bbox 255 2202 1906 2273">
     <span class='ocr_line' id='line_1_46' title="bbox 255 2202 1906 2273; baseline -0.004 -13"><span class='ocrx_word' id='word_1_310' title='bbox 255 2219 637 2261; x_wconf 91' lang='lat' dir='ltr'><strong>communem.</strong></span> <span class='ocrx_word' id='word_1_311' title='bbox 670 2205 824 2260; x_wconf 87' lang='lat' dir='ltr'><strong>Licet</strong></span> <span class='ocrx_word' id='word_1_312' title='bbox 858 2204 1010 2259; x_wconf 92' lang='lat' dir='ltr'><strong>enim</strong></span> <span class='ocrx_word' id='word_1_313' title='bbox 1046 2202 1378 2273; x_wconf 87' lang='lat' dir='ltr'><strong>chronologi</strong></span> <span class='ocrx_word' id='word_1_314' title='bbox 1413 2215 1609 2258; x_wconf 91' lang='lat' dir='ltr'><strong>omnes</strong></span> <span class='ocrx_word' id='word_1_315' title='bbox 1656 2214 1906 2258; x_wconf 86' lang='lat' dir='ltr'><strong>consen-</strong></span> 
     </span>
    </p>
   </div>
   <div class='ocr_carea' id='block_1_47' title="bbox 257 2273 1906 2344">
    <p class='ocr_par' dir='ltr' id='par_1_47' title="bbox 257 2273 1906 2344">
     <span class='ocr_line' id='line_1_47' title="bbox 257 2273 1906 2344; baseline -0.001 -14"><span class='ocrx_word' id='word_1_316' title='bbox 257 2277 407 2331; x_wconf 90' lang='lat' dir='ltr'><strong>tiant</strong></span> <span class='ocrx_word' id='word_1_317' title='bbox 435 2277 492 2330; x_wconf 93' lang='lat' dir='ltr'><strong>in</strong></span> <span class='ocrx_word' id='word_1_318' title='bbox 521 2289 672 2330; x_wconf 90' lang='lat' dir='ltr'><strong>anno</strong></span> <span class='ocrx_word' id='word_1_319' title='bbox 705 2276 890 2344; x_wconf 93' lang='lat' dir='ltr'><strong>primo</strong></span> <span class='ocrx_word' id='word_1_320' title='bbox 932 2274 1183 2344; x_wconf 88' lang='lat' dir='ltr'><strong>Juliano,</strong></span> <span class='ocrx_word' id='word_1_321' title='bbox 1213 2275 1336 2344; x_wconf 91' lang='lat' dir='ltr'><strong>qui,</strong></span> <span class='ocrx_word' id='word_1_322' title='bbox 1369 2287 1508 2344; x_wconf 82' lang='lat' dir='ltr'><strong>nova</strong></span> <span class='ocrx_word' id='word_1_323' title='bbox 1530 2273 1906 2344; x_wconf 78' lang='lat' dir='ltr'><strong>ordinatione</strong></span> 
     </span>
    </p>
   </div>
   <div class='ocr_carea' id='block_1_48' title="bbox 254 2342 1900 2415">
    <p class='ocr_par' dir='ltr' id='par_1_48' title="bbox 254 2342 1900 2415">
     <span class='ocr_line' id='line_1_48' title="bbox 254 2342 1900 2415; baseline -0.002 -13"><span class='ocrx_word' id='word_1_324' title='bbox 254 2347 516 2407; x_wconf 71' lang='lat' dir='ltr'><strong>Caesaris.</strong></span> <span class='ocrx_word' id='word_1_325' title='bbox 565 2342 894 2415; x_wconf 76' lang='lat' dir='ltr'><strong>dictatoris,</strong></span> <span class='ocrx_word' id='word_1_326' title='bbox 949 2342 1448 2415; x_wconf 45' lang='lat' dir='ltr'><strong>constitit‘diebus</strong></span> <span class='ocrx_word' id='word_1_327' title='bbox 1479 2343 1605 2413; x_wconf 89' lang='grc'>365,</span> <span class='ocrx_word' id='word_1_328' title='bbox 1634 2342 1846 2399; x_wconf 91' lang='lat' dir='ltr'><strong>vel366</strong></span> <span class='ocrx_word' id='word_1_329' title='bbox 1889 2361 1900 2397; x_wconf 92' lang='lat'>:</span> 
     </span>
    </p>
   </div>
   <div class='ocr_carea' id='block_1_49' title="bbox 261 2414 1904 2482">
    <p class='ocr_par' dir='ltr' id='par_1_49' title="bbox 261 2414 1904 2482">
     <span class='ocr_line' id='line_1_49' title="bbox 261 2414 1904 2482; baseline -0.002 -9"><span class='ocrx_word' id='word_1_330' title='bbox 261 2419 338 2474; x_wconf 90' lang='lat' dir='ltr'><strong>ita</strong></span> <span class='ocrx_word' id='word_1_331' title='bbox 369 2418 723 2482; x_wconf 90' lang='lat' dir='ltr'><strong>collocando,</strong></span> <span class='ocrx_word' id='word_1_332' title='bbox 779 2423 844 2473; x_wconf 92' lang='lat' dir='ltr'><strong>ut</strong></span> <span class='ocrx_word' id='word_1_333' title='bbox 869 2414 1125 2474; x_wconf 85' lang='lat' dir='ltr'><strong>Obtineat</strong></span> <span class='ocrx_word' id='word_1_334' title='bbox 1158 2417 1343 2472; x_wconf 86' lang='lat' dir='ltr'><strong>locum</strong></span> <span class='ocrx_word' id='word_1_335' title='bbox 1389 2414 1477 2482; x_wconf 69' lang='lat'><strong>45,</strong></span> <span class='ocrx_word' id='word_1_336' title='bbox 1510 2421 1643 2471; x_wconf 90' lang='lat' dir='ltr'><strong>ante</strong></span> <span class='ocrx_word' id='word_1_337' title='bbox 1669 2415 1904 2470; x_wconf 91' lang='lat' dir='ltr'><strong>initium</strong></span> 
     </span>
    </p>
   </div>
   <div class='ocr_carea' id='block_1_50' title="bbox 256 2485 1907 2558">
    <p class='ocr_par' dir='ltr' id='par_1_50' title="bbox 256 2485 1907 2558">
     <span class='ocr_line' id='line_1_50' title="bbox 256 2485 1907 2558; baseline -0.003 -14"><span class='ocrx_word' id='word_1_338' title='bbox 256 2490 608 2544; x_wconf 65' lang='lat' dir='ltr'><strong>mrmChristi</strong></span> <span class='ocrx_word' id='word_1_339' title='bbox 630 2490 975 2558; x_wconf 92' lang='lat' dir='ltr'><strong>communis,</strong></span> <span class='ocrx_word' id='word_1_340' title='bbox 1004 2495 1058 2543; x_wconf 93' lang='lat' dir='ltr'><strong>et</strong></span> <span class='ocrx_word' id='word_1_341' title='bbox 1072 2487 1434 2543; x_wconf 88' lang='lat' dir='ltr'><strong>novilunium</strong></span> <span class='ocrx_word' id='word_1_342' title='bbox 1451 2485 1594 2543; x_wconf 83' lang='lat' dir='ltr'><strong>ferat</strong></span> <span class='ocrx_word' id='word_1_343' title='bbox 1621 2487 1765 2555; x_wconf 89' lang='lat' dir='ltr'><strong>ipsis</strong></span> <span class='ocrx_word' id='word_1_344' title='bbox 1787 2486 1907 2540; x_wconf 86' lang='lat' dir='ltr'><strong>Ka-</strong></span> 
     </span>
    </p>
   </div>
   <div class='ocr_carea' id='block_1_51' title="bbox 261 2558 1908 2632">
    <p class='ocr_par' dir='ltr' id='par_1_51' title="bbox 261 2558 1908 2632">
     <span class='ocr_line' id='line_1_51' title="bbox 261 2558 1908 2632; baseline -0.002 -16"><span class='ocrx_word' id='word_1_345' title='bbox 261 2561 447 2616; x_wconf 92' lang='lat' dir='ltr'><strong>lendis</strong></span> <span class='ocrx_word' id='word_1_346' title='bbox 474 2561 770 2632; x_wconf 81' lang='lat' dir='ltr'><strong>Januarii;</strong></span> <span class='ocrx_word' id='word_1_347' title='bbox 794 2566 1041 2632; x_wconf 79' lang='lat' dir='ltr'><strong>attamen</strong></span> <span class='ocrx_word' id='word_1_348' title='bbox 1058 2559 1288 2632; x_wconf 88' lang='lat' dir='ltr'><strong>variant</strong></span> <span class='ocrx_word' id='word_1_349' title='bbox 1316 2559 1374 2612; x_wconf 95' lang='lat' dir='ltr'><strong>in</strong></span> <span class='ocrx_word' id='word_1_350' title='bbox 1397 2558 1702 2632; x_wconf 69' lang='lat' dir='ltr'><strong>consulatu</strong></span> <span class='ocrx_word' id='word_1_351' title='bbox 1731 2558 1908 2613; x_wconf 57' lang='lat' dir='ltr'><strong>Caesa-</strong></span> 
     </span>
    </p>
   </div>
   <div class='ocr_carea' id='block_1_52' title="bbox 258 2629 1904 2702">
    <p class='ocr_par' dir='ltr' id='par_1_52' title="bbox 258 2629 1904 2702">
     <span class='ocr_line' id='line_1_52' title="bbox 258 2629 1904 2702; baseline -0.001 -16"><span class='ocrx_word' id='word_1_352' title='bbox 258 2633 341 2687; x_wconf 88' lang='lat' dir='ltr'><strong>ris</strong></span> <span class='ocrx_word' id='word_1_353' title='bbox 357 2636 566 2702; x_wconf 90' lang='lat' dir='ltr'><strong>quarto</strong></span> <span class='ocrx_word' id='word_1_354' title='bbox 594 2631 676 2686; x_wconf 92' lang='lat' dir='ltr'><strong>vel</strong></span> <span class='ocrx_word' id='word_1_355' title='bbox 706 2629 908 2701; x_wconf 90' lang='lat' dir='ltr'><strong>quinto</strong></span> <span class='ocrx_word' id='word_1_356' title='bbox 933 2631 1116 2686; x_wconf 91' lang='lat' dir='ltr'><strong>eidem</strong></span> <span class='ocrx_word' id='word_1_357' title='bbox 1134 2629 1502 2702; x_wconf 86' lang='lat' dir='ltr'><strong>assignando.</strong></span> <span class='ocrx_word' id='word_1_358' title='bbox 1530 2629 1773 2702; x_wconf 85' lang='lat' dir='ltr'><strong>Multum</strong></span> <span class='ocrx_word' id='word_1_359' title='bbox 1795 2642 1904 2684; x_wconf 86' lang='lat' dir='ltr'><strong>au-</strong></span> 
     </span>
    </p>
   </div>
   <div class='ocr_carea' id='block_1_53' title="bbox 257 2700 1905 2772">
    <p class='ocr_par' dir='ltr' id='par_1_53' title="bbox 257 2700 1905 2772">
     <span class='ocr_line' id='line_1_53' title="bbox 257 2700 1905 2772; baseline -0.002 -14"><span class='ocrx_word' id='word_1_360' title='bbox 257 2700 642 2758; x_wconf 43' lang='lat' dir='ltr'><strong>tem—interest</strong></span> <span class='ocrx_word' id='word_1_361' title='bbox 661 2700 1052 2772; x_wconf 37' lang='lat' dir='ltr'><strong>id’perspicue</strong></span> <span class='ocrx_word' id='word_1_362' title='bbox 1074 2701 1418 2769; x_wconf 85' lang='lat' dir='ltr'><strong>dilucidare,</strong></span> <span class='ocrx_word' id='word_1_363' title='bbox 1454 2713 1524 2756; x_wconf 93' lang='lat' dir='ltr'><strong>ne</strong></span> <span class='ocrx_word' id='word_1_364' title='bbox 1543 2700 1724 2756; x_wconf 86' lang='lat' dir='ltr'><strong>series</strong></span> <span class='ocrx_word' id='word_1_365' title='bbox 1760 2712 1905 2755; x_wconf 91' lang='lat' dir='ltr'><strong>con-</strong></span> 
     </span>
    </p>
   </div>
   <div class='ocr_carea' id='block_1_54' title="bbox 254 2772 1901 2844">
    <p class='ocr_par' dir='ltr' id='par_1_54' title="bbox 254 2772 1901 2844">
     <span class='ocr_line' id='line_1_54' title="bbox 254 2772 1901 2844; baseline -0.002 -14"><span class='ocrx_word' id='word_1_366' title='bbox 254 2774 446 2830; x_wconf 90' lang='lat' dir='ltr'><strong>sulum</strong></span> <span class='ocrx_word' id='word_1_367' title='bbox 498 2788 596 2844; x_wconf 90' lang='lat' dir='ltr'><strong>per</strong></span> <span class='ocrx_word' id='word_1_368' title='bbox 633 2786 814 2829; x_wconf 88' lang='lat' dir='ltr'><strong>annos</strong></span> <span class='ocrx_word' id='word_1_369' title='bbox 864 2773 1127 2844; x_wconf 90' lang='lat' dir='ltr'><strong>Julianos</strong></span> <span class='ocrx_word' id='word_1_370' title='bbox 1179 2777 1298 2827; x_wconf 90' lang='lat' dir='ltr'><strong>tum</strong></span> <span class='ocrx_word' id='word_1_371' title='bbox 1353 2772 1746 2844; x_wconf 67' lang='lat' dir='ltr'><strong>praecedentes,</strong></span> <span class='ocrx_word' id='word_1_372' title='bbox 1782 2777 1901 2826; x_wconf 91' lang='lat' dir='ltr'><strong>tum</strong></span> 
     </span>
    </p>
   </div>
   <div class='ocr_carea' id='block_1_55' title="bbox 254 2843 1905 2916">
    <p class='ocr_par' dir='ltr' id='par_1_55' title="bbox 254 2843 1905 2916">
     <span class='ocr_line' id='line_1_55' title="bbox 254 2843 1905 2916; baseline -0.002 -15"><span class='ocrx_word' id='word_1_373' title='bbox 254 2843 672 2916; x_wconf 88' lang='lat' dir='ltr'><strong>consequentes</strong></span> <span class='ocrx_word' id='word_1_374' title='bbox 692 2859 722 2900; x_wconf 92' lang='lat' dir='ltr'><strong>e</strong></span> <span class='ocrx_word' id='word_1_375' title='bbox 746 2845 876 2900; x_wconf 89' lang='lat' dir='ltr'><strong>sede</strong></span> <span class='ocrx_word' id='word_1_376' title='bbox 891 2858 993 2900; x_wconf 90' lang='lat' dir='ltr'><strong>sua</strong></span> <span class='ocrx_word' id='word_1_377' title='bbox 1022 2843 1404 2916; x_wconf 88' lang='lat' dir='ltr'><strong>dimoveatur.</strong></span> <span class='ocrx_word' id='word_1_378' title='bbox 1430 2843 1608 2916; x_wconf 88' lang='lat' dir='ltr'><strong>Nobis</strong></span> <span class='ocrx_word' id='word_1_379' title='bbox 1631 2855 1762 2898; x_wconf 90' lang='lat' dir='ltr'><strong>vero</strong></span> <span class='ocrx_word' id='word_1_380' title='bbox 1790 2856 1905 2912; x_wconf 74' lang='lat' dir='ltr'><strong>pra:</strong></span> 
     </span>
    </p>
   </div>
   <div class='ocr_carea' id='block_1_56' title="bbox 254 2915 1904 2983">
    <p class='ocr_par' dir='ltr' id='par_1_56' title="bbox 254 2915 1904 2983">
     <span class='ocr_line' id='line_1_56' title="bbox 254 2915 1904 2983; baseline -0.001 -12"><span class='ocrx_word' id='word_1_381' title='bbox 254 2915 478 2972; x_wconf 66' lang='lat' dir='ltr'><strong>caeteris</strong></span> <span class='ocrx_word' id='word_1_382' title='bbox 524 2929 756 2972; x_wconf 84' lang='lat' dir='ltr'><strong>examen</strong></span> <span class='ocrx_word' id='word_1_383' title='bbox 811 2915 964 2971; x_wconf 91' lang='lat' dir='ltr'><strong>istud</strong></span> <span class='ocrx_word' id='word_1_384' title='bbox 1027 2915 1290 2971; x_wconf 89' lang='lat' dir='ltr'><strong>redditur</strong></span> <span class='ocrx_word' id='word_1_385' title='bbox 1316 2915 1742 2983; x_wconf 85' lang='lat' dir='ltr'><strong>necessarium;</strong></span> <span class='ocrx_word' id='word_1_386' title='bbox 1774 2926 1904 2970; x_wconf 88' lang='lat' dir='ltr'><strong>cum</strong></span> 
     </span>
    </p>
   </div>
   <div class='ocr_carea' id='block_1_57' title="bbox 259 2985 1904 3058">
    <p class='ocr_par' dir='ltr' id='par_1_57' title="bbox 259 2985 1904 3058">
     <span class='ocr_line' id='line_1_57' title="bbox 259 2985 1904 3058; baseline -0.001 -15"><span class='ocrx_word' id='word_1_387' title='bbox 259 2989 317 3043; x_wconf 92' lang='lat' dir='ltr'><strong>in</strong></span> <span class='ocrx_word' id='word_1_388' title='bbox 348 2987 724 3058; x_wconf 87' lang='lat' dir='ltr'><strong>chronologia</strong></span> <span class='ocrx_word' id='word_1_389' title='bbox 747 2986 1042 3057; x_wconf 80' lang='lat' dir='ltr'><strong>pontiﬁcia</strong></span> <span class='ocrx_word' id='word_1_390' title='bbox 1072 2992 1129 3042; x_wconf 93' lang='lat' dir='ltr'><strong>et</strong></span> <span class='ocrx_word' id='word_1_391' title='bbox 1152 2985 1448 3052; x_wconf 79' lang='lat' dir='ltr'><strong>consulari</strong></span> <span class='ocrx_word' id='word_1_392' title='bbox 1480 2986 1773 3056; x_wconf 69' lang='lat' dir='ltr'><strong>praemissa</strong></span> <span class='ocrx_word' id='word_1_393' title='bbox 1794 2999 1904 3042; x_wconf 91' lang='lat' dir='ltr'><strong>no-</strong></span> 
     </span>
    </p>
   </div>
   <div class='ocr_carea' id='block_1_58' title="bbox 256 3057 1904 3129">
    <p class='ocr_par' dir='ltr' id='par_1_58' title="bbox 256 3057 1904 3129">
     <span class='ocr_line' id='line_1_58' title="bbox 256 3057 1904 3129; baseline -0.002 -15"><span class='ocrx_word' id='word_1_394' title='bbox 256 3059 330 3114; x_wconf 93' lang='lat' dir='ltr'><strong>tis</strong></span> <span class='ocrx_word' id='word_1_395' title='bbox 354 3059 412 3115; x_wconf 91' lang='lat' dir='ltr'><strong>in</strong></span> <span class='ocrx_word' id='word_1_396' title='bbox 456 3059 567 3114; x_wconf 79' lang='lat' dir='ltr'><strong>line</strong></span> <span class='ocrx_word' id='word_1_397' title='bbox 592 3057 1127 3129; x_wconf 82' lang='lat' dir='ltr'><strong>Prolegomenorum</strong></span> <span class='ocrx_word' id='word_1_398' title='bbox 1165 3057 1336 3129; x_wconf 89' lang='lat' dir='ltr'><strong>istius</strong></span> <span class='ocrx_word' id='word_1_399' title='bbox 1376 3058 1538 3124; x_wconf 91' lang='lat' dir='ltr'><strong>tomi,</strong></span> <span class='ocrx_word' id='word_1_400' title='bbox 1566 3058 1904 3129; x_wconf 75' lang='lat' dir='ltr'><strong>inchoamus</strong></span> 
     </span>
    </p>
   </div>
   <div class='ocr_carea' id='block_1_59' title="bbox 252 3127 1907 3200">
    <p class='ocr_par' dir='ltr' id='par_1_59' title="bbox 252 3127 1907 3200">
     <span class='ocr_line' id='line_1_59' title="bbox 252 3127 1907 3200; baseline -0.003 -15"><span class='ocrx_word' id='word_1_401' title='bbox 252 3131 323 3185; x_wconf 90' lang='lat' dir='ltr'><strong>ab</strong></span> <span class='ocrx_word' id='word_1_402' title='bbox 357 3131 514 3186; x_wconf 88' lang='lat' dir='ltr'><strong>hisce</strong></span> <span class='ocrx_word' id='word_1_403' title='bbox 543 3127 885 3186; x_wconf 76' lang='lat' dir='ltr'><strong>Caesarianis</strong></span> <span class='ocrx_word' id='word_1_404' title='bbox 939 3128 1294 3200; x_wconf 88' lang='lat' dir='ltr'><strong>temporibus</strong></span> <span class='ocrx_word' id='word_1_405' title='bbox 1317 3134 1373 3184; x_wconf 90' lang='lat' dir='ltr'><strong>et</strong></span> <span class='ocrx_word' id='word_1_406' title='bbox 1397 3127 1822 3200; x_wconf 72' lang='lat' dir='ltr'><strong>consulatibus,</strong></span> <span class='ocrx_word' id='word_1_407' title='bbox 1850 3131 1907 3180; x_wconf 89' lang='lat' dir='ltr'><strong>et</strong></span> 
     </span>
    </p>
   </div>
   <div class='ocr_carea' id='block_1_60' title="bbox 2017 1933 3508 2019">
    <p class='ocr_par' dir='ltr' id='par_1_60' title="bbox 2017 1933 3508 2019">
     <span class='ocr_line' id='line_1_60' title="bbox 2017 1933 3508 2019; baseline 0.006 -25"><span class='ocrx_word' id='word_1_408' title='bbox 2017 1933 2133 1994; x_wconf 70' lang='grc' dir='ltr'><strong>Εω</strong></span> <span class='ocrx_word' id='word_1_409' title='bbox 2157 1950 2237 2014; x_wconf 78' lang='lat' dir='ltr'><strong>op</strong></span> <span class='ocrx_word' id='word_1_410' title='bbox 2247 1934 2478 2019; x_wconf 85' lang='lat' dir='ltr'><strong>us_culo</strong></span> <span class='ocrx_word' id='word_1_411' title='bbox 2525 1935 2985 2016; x_wconf 63' lang='lat' dir='ltr'><strong>cleronologico</strong></span> <span class='ocrx_word' id='word_1_412' title='bbox 3009 1939 3508 2019; x_wconf 72' lang='lat' dir='ltr'><strong>Reparatiouis</strong></span> 
     </span>
    </p>
   </div>
   <div class='ocr_carea' id='block_1_61' title="bbox 2294 2016 3417 2097">
    <p class='ocr_par' dir='ltr' id='par_1_61' title="bbox 2294 2016 3417 2097">
     <span class='ocr_line' id='line_1_61' title="bbox 2294 2016 3417 2097; baseline 0.002 -20"><span class='ocrx_word' id='word_1_413' title='bbox 2294 2016 2696 2097; x_wconf 70' lang='lat' dir='ltr'><strong>Temporum</strong></span> <span class='ocrx_word' id='word_1_414' title='bbox 2746 2019 2938 2079; x_wconf 59' lang='lat' dir='ltr'><strong>Em</strong></span> <span class='ocrx_word' id='word_1_415' title='bbox 2979 2016 3417 2082; x_wconf 63' lang='lat' dir='ltr'><strong>Olfistiauae.</strong></span> 
     </span>
    </p>
   </div>
   <div class='ocr_carea' id='block_1_62' title="bbox 2013 2106 3657 2182">
    <p class='ocr_par' dir='ltr' id='par_1_62' title="bbox 2013 2106 3657 2182">
     <span class='ocr_line' id='line_1_62' title="bbox 2013 2106 3657 2182; baseline 0.005 -20"><span class='ocrx_word' id='word_1_416' title='bbox 2013 2106 2236 2182; x_wconf 63' lang='lat' dir='ltr'><strong>CAPUT</strong></span> <span class='ocrx_word' id='word_1_417' title='bbox 2307 2112 2394 2165; x_wconf 90' lang='lat' dir='ltr'><strong>ill.</strong></span> <span class='ocrx_word' id='word_1_418' title='bbox 2447 2142 2517 2153; x_wconf 96' lang='lat'><em>—</em></span> <span class='ocrx_word' id='word_1_419' title='bbox 2575 2113 2963 2182; x_wconf 83' lang='lat' dir='ltr'><strong>PrOponuntur</strong></span> <span class='ocrx_word' id='word_1_420' title='bbox 3034 2115 3354 2170; x_wconf 88' lang='lat' dir='ltr'><strong>documenta</strong></span> <span class='ocrx_word' id='word_1_421' title='bbox 3417 2117 3657 2170; x_wconf 82' lang='lat' dir='ltr'><strong>motuum</strong></span> 
     </span>
    </p>
   </div>
   <div class='ocr_carea' id='block_1_63' title="bbox 2089 2180 3657 2255">
    <p class='ocr_par' dir='ltr' id='par_1_63' title="bbox 2089 2180 3657 2255">
     <span class='ocr_line' id='line_1_63' title="bbox 2089 2180 3657 2255; baseline 0.005 -23"><span class='ocrx_word' id='word_1_422' title='bbox 2089 2180 2476 2238; x_wconf 86' lang='lat' dir='ltr'><strong>lunisolarium</strong></span> <span class='ocrx_word' id='word_1_423' title='bbox 2530 2188 2580 2238; x_wconf 90' lang='lat' dir='ltr'><strong>et</strong></span> <span class='ocrx_word' id='word_1_424' title='bbox 2651 2180 2935 2254; x_wconf 72' lang='lat' dir='ltr'><strong>eclipsium</strong></span> <span class='ocrx_word' id='word_1_425' title='bbox 2994 2189 3282 2255; x_wconf 87' lang='lat' dir='ltr'><strong>utriusque</strong></span> <span class='ocrx_word' id='word_1_426' title='bbox 3351 2187 3657 2252; x_wconf 81' lang='lat' dir='ltr'><strong>luminaris,</strong></span> 
     </span>
    </p>
   </div>
   <div class='ocr_carea' id='block_1_64' title="bbox 2090 2255 3655 2326">
    <p class='ocr_par' dir='ltr' id='par_1_64' title="bbox 2090 2255 3655 2326">
     <span class='ocr_line' id='line_1_64' title="bbox 2090 2255 3655 2326; baseline 0.003 -18"><span class='ocrx_word' id='word_1_427' title='bbox 2090 2256 2425 2324; x_wconf 82' lang='lat' dir='ltr'><strong>pertinentia</strong></span> <span class='ocrx_word' id='word_1_428' title='bbox 2475 2255 2551 2309; x_wconf 81' lang='lat' dir='ltr'><strong>ad</strong></span> <span class='ocrx_word' id='word_1_429' title='bbox 2579 2270 2753 2309; x_wconf 89' lang='lat' dir='ltr'><strong>annos</strong></span> <span class='ocrx_word' id='word_1_430' title='bbox 2777 2257 3105 2326; x_wconf 80' lang='lat' dir='ltr'><strong>prolepticos</strong></span> <span class='ocrx_word' id='word_1_431' title='bbox 3125 2257 3378 2325; x_wconf 84' lang='lat' dir='ltr'><strong>julianos</strong></span> <span class='ocrx_word' id='word_1_432' title='bbox 3419 2255 3490 2313; x_wconf 81' lang='grc'>50</span> <span class='ocrx_word' id='word_1_433' title='bbox 3519 2265 3569 2312; x_wconf 88' lang='lat' dir='ltr'><strong>et</strong></span> <span class='ocrx_word' id='word_1_434' title='bbox 3592 2255 3655 2313; x_wconf 79' lang='lat'><strong>51</strong></span> 
     </span>
    </p>
   </div>
   <div class='ocr_carea' id='block_1_65' title="bbox 2087 2327 3664 2394">
    <p class='ocr_par' dir='ltr' id='par_1_65' title="bbox 2087 2327 3664 2394">
     <span class='ocr_line' id='line_1_65' title="bbox 2087 2327 3664 2394; baseline -0.001 -10"><span class='ocrx_word' id='word_1_435' title='bbox 2087 2333 2215 2384; x_wconf 87' lang='lat' dir='ltr'><strong>ante</strong></span> <span class='ocrx_word' id='word_1_436' title='bbox 2239 2341 2406 2380; x_wconf 73' lang='lat' dir='ltr'><strong>auram</strong></span> <span class='ocrx_word' id='word_1_437' title='bbox 2434 2327 2640 2382; x_wconf 80' lang='lat' dir='ltr'><strong>Christi</strong></span> <span class='ocrx_word' id='word_1_438' title='bbox 2675 2343 3025 2394; x_wconf 82' lang='lat' dir='ltr'><strong>communem,</strong></span> <span class='ocrx_word' id='word_1_439' title='bbox 3060 2333 3112 2382; x_wconf 88' lang='lat' dir='ltr'><strong>et</strong></span> <span class='ocrx_word' id='word_1_440' title='bbox 3135 2329 3210 2383; x_wconf 85' lang='lat' dir='ltr'><strong>ad</strong></span> <span class='ocrx_word' id='word_1_441' title='bbox 3256 2344 3430 2383; x_wconf 91' lang='lat' dir='ltr'><strong>annos</strong></span> <span class='ocrx_word' id='word_1_442' title='bbox 3458 2331 3664 2384; x_wconf 79' lang='lat' dir='ltr'><strong>Itoma—</strong></span> 
     </span>
    </p>
   </div>
   <div class='ocr_carea' id='block_1_66' title="bbox 2087 2397 3662 2469">
    <p class='ocr_par' dir='ltr' id='par_1_66' title="bbox 2087 2397 3662 2469">
     <span class='ocr_line' id='line_1_66' title="bbox 2087 2397 3662 2469; baseline 0 -15"><span class='ocrx_word' id='word_1_443' title='bbox 2087 2414 2184 2454; x_wconf 88' lang='lat' dir='ltr'><strong>nos</strong></span> <span class='ocrx_word' id='word_1_444' title='bbox 2227 2398 2427 2461; x_wconf 78' lang='lat' dir='ltr'><strong>civiles,</strong></span> <span class='ocrx_word' id='word_1_445' title='bbox 2472 2404 2522 2451; x_wconf 79' lang='lat' dir='ltr'><strong>et</strong></span> <span class='ocrx_word' id='word_1_446' title='bbox 2549 2397 2625 2451; x_wconf 89' lang='lat' dir='ltr'><strong>ad</strong></span> <span class='ocrx_word' id='word_1_447' title='bbox 2653 2399 2895 2453; x_wconf 82' lang='lat' dir='ltr'><strong>consules</strong></span> <span class='ocrx_word' id='word_1_448' title='bbox 2925 2399 3121 2453; x_wconf 81' lang='lat' dir='ltr'><strong>eisdem</strong></span> <span class='ocrx_word' id='word_1_449' title='bbox 3162 2402 3326 2454; x_wconf 87' lang='lat' dir='ltr'><strong>annis</strong></span> <span class='ocrx_word' id='word_1_450' title='bbox 3351 2403 3662 2469; x_wconf 81' lang='lat' dir='ltr'><strong>assignatas</strong></span> 
     </span>
    </p>
   </div>
   <div class='ocr_carea' id='block_1_67' title="bbox 2085 2469 3421 2542">
    <p class='ocr_par' dir='ltr' id='par_1_67' title="bbox 2085 2469 3421 2542">
     <span class='ocr_line' id='line_1_67' title="bbox 2085 2469 3421 2542; baseline -0.001 -16"><span class='ocrx_word' id='word_1_451' title='bbox 2085 2474 2145 2526; x_wconf 89' lang='lat' dir='ltr'><strong>in</strong></span> <span class='ocrx_word' id='word_1_452' title='bbox 2169 2471 2348 2525; x_wconf 86' lang='lat' dir='ltr'><strong>Fastis</strong></span> <span class='ocrx_word' id='word_1_453' title='bbox 2381 2469 2705 2539; x_wconf 84' lang='lat' dir='ltr'><strong>Capitolinis</strong></span> <span class='ocrx_word' id='word_1_454' title='bbox 2735 2473 2785 2523; x_wconf 89' lang='lat' dir='ltr'><strong>et</strong></span> <span class='ocrx_word' id='word_1_455' title='bbox 2813 2472 2874 2524; x_wconf 88' lang='lat' dir='ltr'><strong>in</strong></span> <span class='ocrx_word' id='word_1_456' title='bbox 2897 2471 3129 2542; x_wconf 68' lang='lat' dir='ltr'><strong>historia</strong></span> <span class='ocrx_word' id='word_1_457' title='bbox 3157 2475 3421 2528; x_wconf 81' lang='lat' dir='ltr'><strong>Romana.</strong></span> 
     </span>
    </p>
   </div>
   <div class='ocr_carea' id='block_1_68' title="bbox 2085 2556 3662 2685">
    <p class='ocr_par' dir='ltr' id='par_1_68' title="bbox 2085 2556 3662 2685">
     <span class='ocr_line' id='line_1_68' title="bbox 2085 2556 3662 2685; baseline 0 -70"><span class='ocrx_word' id='word_1_458' title='bbox 2085 2561 2260 2615; x_wconf 90' lang='lat' dir='ltr'><strong>Nemo</strong></span> <span class='ocrx_word' id='word_1_459' title='bbox 2273 2556 2556 2685; x_wconf 52' lang='lat' dir='ltr'><strong>irggrobet</strong></span> <span class='ocrx_word' id='word_1_460' title='bbox 2574 2571 2820 2612; x_wconf 88' lang='lat' dir='ltr'><strong>excursu</strong></span> <span class='ocrx_word' id='word_1_461' title='bbox 2833 2572 2881 2613; x_wconf 91' lang='lat' dir='ltr'><strong>m</strong></span> <span class='ocrx_word' id='word_1_462' title='bbox 2907 2559 3090 2615; x_wconf 92' lang='lat' dir='ltr'><strong>nostri</strong></span> <span class='ocrx_word' id='word_1_463' title='bbox 3103 2559 3326 2615; x_wconf 89' lang='lat' dir='ltr'><strong>criterii</strong></span> <span class='ocrx_word' id='word_1_464' title='bbox 3343 2564 3662 2629; x_wconf 89' lang='lat' dir='ltr'><strong>temporum</strong></span> 
     </span>
     <span class='ocr_line' id='line_1_69' title="bbox 2109 2628 3662 2685; baseline 0 0"><span class='ocrx_word' id='word_1_465' title='bbox 2109 2643 2292 2685; x_wconf 90' lang='lat' dir='ltr'><strong>annos</strong></span> <span class='ocrx_word' id='word_1_466' title='bbox 2399 2628 2662 2684; x_wconf 86' lang='lat' dir='ltr'><strong>Julianos</strong></span> <span class='ocrx_word' id='word_1_467' title='bbox 2679 2634 2812 2685; x_wconf 91' lang='lat' dir='ltr'><strong>ante</strong></span> <span class='ocrx_word' id='word_1_468' title='bbox 2836 2643 3006 2685; x_wconf 66' lang='lat' dir='ltr'><strong>teram</strong></span> <span class='ocrx_word' id='word_1_469' title='bbox 3031 2631 3249 2685; x_wconf 87' lang='lat' dir='ltr'><strong>Christi</strong></span> <span class='ocrx_word' id='word_1_470' title='bbox 3280 2643 3662 2685; x_wconf 90' lang='lat' dir='ltr'><strong>communem.</strong></span> 
     </span>
    </p>
   </div>
   <div class='ocr_carea' id='block_1_69' title="bbox 2015 2628 3663 2698">
    <p class='ocr_par' dir='ltr' id='par_1_69' title="bbox 2015 2628 3663 2698">
     <span class='ocr_line' id='line_1_70' title="bbox 2015 2628 3663 2698; baseline -0.001 -11"><span class='ocrx_word' id='word_1_471' title='bbox 2015 2630 2084 2687; x_wconf 90' lang='lat' dir='ltr'><strong>ad</strong></span> <span class='ocrx_word' id='word_1_472' title='bbox 2109 2643 2292 2686; x_wconf 90' lang='lat' dir='ltr'><strong>annos</strong></span> <span class='ocrx_word' id='word_1_473' title='bbox 2310 2628 2380 2685; x_wconf 93' lang='grc'>50</span> <span class='ocrx_word' id='word_1_474' title='bbox 2399 2628 2662 2684; x_wconf 86' lang='lat' dir='ltr'><strong>Julianos</strong></span> <span class='ocrx_word' id='word_1_475' title='bbox 2679 2634 2812 2685; x_wconf 91' lang='lat' dir='ltr'><strong>ante</strong></span> <span class='ocrx_word' id='word_1_476' title='bbox 2836 2643 3006 2685; x_wconf 71' lang='lat' dir='ltr'><strong>aaram</strong></span> <span class='ocrx_word' id='word_1_477' title='bbox 3031 2631 3249 2687; x_wconf 90' lang='lat' dir='ltr'><strong>Christi</strong></span> <span class='ocrx_word' id='word_1_478' title='bbox 3280 2628 3663 2698; x_wconf 89' lang='lat' dir='ltr'><strong>communem,</strong></span> 
     </span>
    </p>
   </div>
   <div class='ocr_carea' id='block_1_70' title="bbox 2018 2699 3663 2774">
    <p class='ocr_par' dir='ltr' id='par_1_70' title="bbox 2018 2699 3663 2774">
     <span class='ocr_line' id='line_1_71' title="bbox 2018 2699 3663 2774; baseline 0 -16"><span class='ocrx_word' id='word_1_479' title='bbox 2018 2702 2376 2774; x_wconf 87' lang='lat' dir='ltr'><strong>pr0positum</strong></span> <span class='ocrx_word' id='word_1_480' title='bbox 2410 2699 2673 2774; x_wconf 65' lang='lat' dir='ltr'><strong>praasenti</strong></span> <span class='ocrx_word' id='word_1_481' title='bbox 2702 2700 2908 2774; x_wconf 90' lang='lat' dir='ltr'><strong>capite,</strong></span> <span class='ocrx_word' id='word_1_482' title='bbox 2933 2703 3100 2772; x_wconf 88' lang='lat' dir='ltr'><strong>quasi</strong></span> <span class='ocrx_word' id='word_1_483' title='bbox 3127 2702 3395 2774; x_wconf 84' lang='lat' dir='ltr'><strong>oblivisci</strong></span> <span class='ocrx_word' id='word_1_484' title='bbox 3425 2701 3663 2771; x_wconf 87' lang='lat' dir='ltr'><strong>placeat,</strong></span> 
     </span>
    </p>
   </div>
   <div class='ocr_carea' id='block_1_71' title="bbox 2017 2771 3664 2845">
    <p class='ocr_par' dir='ltr' id='par_1_71' title="bbox 2017 2771 3664 2845">
     <span class='ocr_line' id='line_1_72' title="bbox 2017 2771 3664 2845; baseline -0.001 -16"><span class='ocrx_word' id='word_1_485' title='bbox 2017 2771 2420 2845; x_wconf 81' lang='lat' dir='ltr'><strong>quinquennio</strong></span> <span class='ocrx_word' id='word_1_486' title='bbox 2449 2771 2679 2826; x_wconf 83' lang='lat' dir='ltr'><strong>tardius</strong></span> <span class='ocrx_word' id='word_1_487' title='bbox 2702 2773 2883 2845; x_wconf 76' lang='lat' dir='ltr'><strong>repeti</strong></span> <span class='ocrx_word' id='word_1_488' title='bbox 2915 2773 3444 2845; x_wconf 85' lang='lat' dir='ltr'><strong>oportereinitium</strong></span> <span class='ocrx_word' id='word_1_489' title='bbox 3475 2785 3664 2828; x_wconf 89' lang='lat' dir='ltr'><strong>anno-</strong></span> 
     </span>
    </p>
   </div>
   <div class='ocr_carea' id='block_1_72' title="bbox 2014 2843 3660 2903">
    <p class='ocr_par' dir='ltr' id='par_1_72' title="bbox 2014 2843 3660 2903">
     <span class='ocr_line' id='line_1_73' title="bbox 2014 2843 3660 2903; baseline -0.002 -2"><span class='ocrx_word' id='word_1_490' title='bbox 2014 2843 2142 2901; x_wconf 76' lang='lat' dir='ltr'><strong>rum</strong></span> <span class='ocrx_word' id='word_1_491' title='bbox 2165 2843 2528 2900; x_wconf 88' lang='lat' dir='ltr'><strong>Julianorum</strong></span> <span class='ocrx_word' id='word_1_492' title='bbox 2557 2860 2572 2903; x_wconf 71' lang='grc' dir='ltr'>ς</span> <span class='ocrx_word' id='word_1_493' title='bbox 2605 2855 2735 2898; x_wconf 93' lang='lat' dir='ltr'><strong>cum</strong></span> <span class='ocrx_word' id='word_1_494' title='bbox 2759 2843 2952 2898; x_wconf 86' lang='lat' dir='ltr'><strong>Julius</strong></span> <span class='ocrx_word' id='word_1_495' title='bbox 2971 2844 3423 2900; x_wconf 70' lang='lat' dir='ltr'><strong>Caesardictator</strong></span> <span class='ocrx_word' id='word_1_496' title='bbox 3449 2856 3660 2900; x_wconf 92' lang='lat' dir='ltr'><strong>annum</strong></span> 
     </span>
    </p>
   </div>
   <div class='ocr_carea' id='block_1_73' title="bbox 2055 2913 3668 2984">
    <p class='ocr_par' dir='ltr' id='par_1_73' title="bbox 2055 2913 3668 2984">
     <span class='ocr_line' id='line_1_74' title="bbox 2055 2913 3668 2984; baseline -0.001 -12"><span class='ocrx_word' id='word_1_497' title='bbox 2055 2917 2264 2972; x_wconf 92' lang='lat' dir='ltr'><strong>rimum</strong></span> <span class='ocrx_word' id='word_1_498' title='bbox 2304 2928 2424 2969; x_wconf 68' lang='lat' dir='ltr'><strong>sua:</strong></span> <span class='ocrx_word' id='word_1_499' title='bbox 2455 2927 2612 2984; x_wconf 74' lang='lat' dir='ltr'><strong>novae</strong></span> <span class='ocrx_word' id='word_1_500' title='bbox 2656 2913 3061 2984; x_wconf 82' lang='lat' dir='ltr'><strong>ordinationis</strong></span> <span class='ocrx_word' id='word_1_501' title='bbox 3095 2915 3434 2984; x_wconf 87' lang='lat' dir='ltr'><strong>auspicatus</strong></span> <span class='ocrx_word' id='word_1_502' title='bbox 3463 2915 3541 2969; x_wconf 91' lang='lat' dir='ltr'><strong>sit</strong></span> <span class='ocrx_word' id='word_1_503' title='bbox 3589 2915 3668 2970; x_wconf 90' lang='lat' dir='ltr'><strong>iis</strong></span> 
     </span>
    </p>
   </div>
   <div class='ocr_carea' id='block_1_74' title="bbox 2013 2932 3666 3052">
    <p class='ocr_par' dir='ltr' id='par_1_74' title="bbox 2013 2932 3666 3052">
     <span class='ocr_line' id='line_1_75' title="bbox 2055 2932 3666 2984; baseline -0.001 -12"><span class='ocrx_word' id='word_1_504' title='bbox 2055 2932 2264 2972; x_wconf 86' lang='lat' dir='ltr'><strong>nmum</strong></span> <span class='ocrx_word' id='word_1_505' title='bbox 2304 2932 2424 2969; x_wconf 72' lang='lat' dir='ltr'><strong>sua:</strong></span> <span class='ocrx_word' id='word_1_506' title='bbox 2455 2932 2612 2968; x_wconf 71' lang='lat' dir='ltr'><strong>nova:</strong></span> <span class='ocrx_word' id='word_1_507' title='bbox 2656 2932 3048 2969; x_wconf 83' lang='lat' dir='ltr'><strong>orulnauonls</strong></span> <span class='ocrx_word' id='word_1_508' title='bbox 3095 2932 3434 2984; x_wconf 77' lang='lat' dir='ltr'><strong>auspicatus</strong></span> <span class='ocrx_word' id='word_1_509' title='bbox 3463 2932 3541 2969; x_wconf 79' lang='lat' dir='ltr'><strong>Sil.</strong></span> <span class='ocrx_word' id='word_1_510' title='bbox 3589 2932 3666 2970; x_wconf 81' lang='grc'><strong>118</strong></span> 
     </span>
     <span class='ocr_line' id='line_1_76' title="bbox 2013 2932 3666 3052; baseline -0.002 -9"><span class='ocrx_word' id='word_1_511' title='bbox 2013 2932 2287 3043; x_wconf 50' lang='grc' dir='ltr'><strong>ξειθηαίδ</strong></span> <span class='ocrx_word' id='word_1_512' title='bbox 2336 2983 2620 3050; x_wconf 89' lang='lat' dir='ltr'><strong>Januarii,</strong></span> <span class='ocrx_word' id='word_1_513' title='bbox 2675 2983 2893 3052; x_wconf 88' lang='lat' dir='ltr'><strong>quibus</strong></span> <span class='ocrx_word' id='word_1_514' title='bbox 2939 2983 3300 3040; x_wconf 86' lang='lat' dir='ltr'><strong>novilunium</strong></span> <span class='ocrx_word' id='word_1_515' title='bbox 3353 2999 3548 3040; x_wconf 88' lang='lat' dir='ltr'><strong>verum</strong></span> <span class='ocrx_word' id='word_1_516' title='bbox 3597 2998 3666 3040; x_wconf 91' lang='lat' dir='ltr'><strong>ac</strong></span> 
     </span>
    </p>
   </div>
   <div class='ocr_carea' id='block_1_75' title="bbox 2015 3052 3660 3125">
    <p class='ocr_par' dir='ltr' id='par_1_75' title="bbox 2015 3052 3660 3125">
     <span class='ocr_line' id='line_1_77' title="bbox 2015 3052 3660 3125; baseline -0.001 -13"><span class='ocrx_word' id='word_1_517' title='bbox 2015 3057 2266 3112; x_wconf 90' lang='lat' dir='ltr'><strong>medium</strong></span> <span class='ocrx_word' id='word_1_518' title='bbox 2319 3053 2807 3125; x_wconf 85' lang='lat' dir='ltr'><strong>committebatur,</strong></span> <span class='ocrx_word' id='word_1_519' title='bbox 2868 3067 3067 3125; x_wconf 87' lang='lat' dir='ltr'><strong>nempe</strong></span> <span class='ocrx_word' id='word_1_520' title='bbox 3118 3056 3289 3110; x_wconf 84' lang='lat' dir='ltr'><strong>annis</strong></span> <span class='ocrx_word' id='word_1_521' title='bbox 3317 3052 3420 3125; x_wconf 61' lang='grc'>45,</span> <span class='ocrx_word' id='word_1_522' title='bbox 3451 3054 3660 3111; x_wconf 90' lang='lat' dir='ltr'><strong>solidis</strong></span> 
     </span>
    </p>
   </div>
   <div class='ocr_carea' id='block_1_76' title="bbox 2013 3124 3657 3196">
    <p class='ocr_par' dir='ltr' id='par_1_76' title="bbox 2013 3124 3657 3196">
     <span class='ocr_line' id='line_1_78' title="bbox 2013 3124 3657 3196; baseline -0.002 -13"><span class='ocrx_word' id='word_1_523' title='bbox 2013 3134 2144 3183; x_wconf 90' lang='lat' dir='ltr'><strong>ante</strong></span> <span class='ocrx_word' id='word_1_524' title='bbox 2177 3126 2310 3181; x_wconf 90' lang='lat' dir='ltr'><strong>illas</strong></span> <span class='ocrx_word' id='word_1_525' title='bbox 2358 3124 2640 3179; x_wconf 77' lang='lat' dir='ltr'><strong>Kalendas</strong></span> <span class='ocrx_word' id='word_1_526' title='bbox 2692 3124 2974 3196; x_wconf 81' lang='lat' dir='ltr'><strong>Januarii,</strong></span> <span class='ocrx_word' id='word_1_527' title='bbox 3036 3126 3189 3180; x_wconf 90' lang='lat' dir='ltr'><strong>unde</strong></span> <span class='ocrx_word' id='word_1_528' title='bbox 3235 3124 3493 3196; x_wconf 84' lang='lat' dir='ltr'><strong>vulgaris</strong></span> <span class='ocrx_word' id='word_1_529' title='bbox 3545 3139 3657 3196; x_wconf 70' lang='lat' dir='ltr'><strong>aera</strong></span> 
     </span>
    </p>
   </div>
   <div class='ocr_carea' id='block_1_77' title="bbox 255 3193 3660 3272">
    <p class='ocr_par' dir='ltr' id='par_1_77' title="bbox 255 3193 3660 3272">
     <span class='ocr_line' id='line_1_79' title="bbox 255 3193 3660 3272; baseline -0.001 -15"><span class='ocrx_word' id='word_1_530' title='bbox 255 3202 575 3258; x_wconf 90' lang='lat' dir='ltr'><strong>indicemus</strong></span> <span class='ocrx_word' id='word_1_531' title='bbox 595 3193 1151 3258; x_wconf 79' lang='lat' dir='ltr'><strong>certoscharacteres</strong></span> <span class='ocrx_word' id='word_1_532' title='bbox 1179 3200 1502 3272; x_wconf 87' lang='lat' dir='ltr'><strong>eclipsium,</strong></span> <span class='ocrx_word' id='word_1_533' title='bbox 1539 3197 1905 3272; x_wconf 75' lang='lat' dir='ltr'><strong>aliorumque</strong></span> <span class='ocrx_word' id='word_1_534' title='bbox 1933 3211 1980 3272; x_wconf 74' lang='grc' dir='ltr'>ο</span> <span class='ocrx_word' id='word_1_535' title='bbox 2012 3197 2228 3272; x_wconf 84' lang='lat' dir='ltr'><strong>Christi</strong></span> <span class='ocrx_word' id='word_1_536' title='bbox 2295 3195 2501 3272; x_wconf 8' lang='lat' dir='ltr'><strong>sumit,</strong></span> <span class='ocrx_word' id='word_1_537' title='bbox 2539 3193 2842 3250; x_wconf 77' lang='lat' dir='ltr'><strong>exordium</strong></span> <span class='ocrx_word' id='word_1_538' title='bbox 2882 3211 2896 3248; x_wconf 89' lang='lat'><strong>:</strong></span> <span class='ocrx_word' id='word_1_539' title='bbox 2955 3209 3201 3266; x_wconf 90' lang='lat' dir='ltr'><strong>quorum</strong></span> <span class='ocrx_word' id='word_1_540' title='bbox 3250 3193 3536 3272; x_wconf 81' lang='lat' dir='ltr'><strong>annorum</strong></span> <span class='ocrx_word' id='word_1_541' title='bbox 3589 3193 3660 3254; x_wconf 80' lang='lat'><strong>45</strong></span> 
     </span>
    </p>
   </div>
   <div class='ocr_carea' id='block_1_78' title="bbox 252 3267 1901 3330">
    <p class='ocr_par' dir='ltr' id='par_1_78' title="bbox 252 3267 1901 3330">
     <span class='ocr_line' id='line_1_80' title="bbox 252 3267 1901 3330; baseline -0.005 -2"><span class='ocrx_word' id='word_1_542' title='bbox 252 3272 570 3329; x_wconf 70' lang='lat' dir='ltr'><strong>caelestium</strong></span> <span class='ocrx_word' id='word_1_543' title='bbox 603 3273 1080 3330; x_wconf 90' lang='lat' dir='ltr'><strong>motuumiisdem</strong></span> <span class='ocrx_word' id='word_1_544' title='bbox 1110 3271 1282 3324; x_wconf 90' lang='lat' dir='ltr'><strong>annis</strong></span> <span class='ocrx_word' id='word_1_545' title='bbox 1302 3267 1362 3323; x_wconf 88' lang='lat' dir='ltr'><strong>et</strong></span> <span class='ocrx_word' id='word_1_546' title='bbox 1382 3267 1784 3324; x_wconf 88' lang='lat' dir='ltr'><strong>consulatibus</strong></span> <span class='ocrx_word' id='word_1_547' title='bbox 1813 3268 1901 3321; x_wconf 82' lang='lat' dir='ltr'><strong>si-</strong></span> 
     </span>
    </p>
   </div>
   <div class='ocr_carea' id='block_1_79' title="bbox 252 3341 1899 3414">
    <p class='ocr_par' dir='ltr' id='par_1_79' title="bbox 252 3341 1899 3414">
     <span class='ocr_line' id='line_1_81' title="bbox 252 3341 1899 3414; baseline -0.004 -16"><span class='ocrx_word' id='word_1_548' title='bbox 252 3352 580 3414; x_wconf 82' lang='lat' dir='ltr'><strong>gnatorum,</strong></span> <span class='ocrx_word' id='word_1_549' title='bbox 602 3351 665 3398; x_wconf 92' lang='lat' dir='ltr'><strong>ut</strong></span> <span class='ocrx_word' id='word_1_550' title='bbox 689 3351 900 3398; x_wconf 81' lang='lat' dir='ltr'><strong>certam</strong></span> <span class='ocrx_word' id='word_1_551' title='bbox 930 3341 1170 3396; x_wconf 90' lang='lat' dir='ltr'><strong>reddant</strong></span> <span class='ocrx_word' id='word_1_552' title='bbox 1201 3352 1525 3394; x_wconf 89' lang='lat' dir='ltr'><strong>mensuram</strong></span> <span class='ocrx_word' id='word_1_553' title='bbox 1557 3343 1899 3407; x_wconf 88' lang='lat' dir='ltr'><strong>temporum,</strong></span> 
     </span>
    </p>
   </div>
   <div class='ocr_carea' id='block_1_80' title="bbox 251 3415 941 3482">
    <p class='ocr_par' dir='ltr' id='par_1_80' title="bbox 251 3415 941 3482">
     <span class='ocr_line' id='line_1_82' title="bbox 251 3415 941 3482; baseline -0.006 -13"><span class='ocrx_word' id='word_1_554' title='bbox 251 3415 333 3469; x_wconf 92' lang='lat' dir='ltr'><strong>ibi</strong></span> <span class='ocrx_word' id='word_1_555' title='bbox 369 3428 466 3482; x_wconf 86' lang='lat' dir='ltr'><strong>per</strong></span> <span class='ocrx_word' id='word_1_556' title='bbox 493 3427 595 3468; x_wconf 89' lang='lat' dir='ltr'><strong>nos</strong></span> <span class='ocrx_word' id='word_1_557' title='bbox 643 3417 941 3468; x_wconf 88' lang='lat' dir='ltr'><strong>assertam.</strong></span> 
     </span>
    </p>
   </div>
   <div class='ocr_carea' id='block_1_81' title="bbox 323 3478 1902 3548">
    <p class='ocr_par' dir='ltr' id='par_1_81' title="bbox 323 3478 1902 3548">
     <span class='ocr_line' id='line_1_83' title="bbox 323 3478 1902 3548; baseline -0.002 -10"><span class='ocrx_word' id='word_1_558' title='bbox 323 3478 393 3538; x_wconf 82' lang='lat' dir='ltr'><strong>Ut</strong></span> <span class='ocrx_word' id='word_1_559' title='bbox 412 3481 705 3538; x_wconf 90' lang='lat' dir='ltr'><strong>consulam</strong></span> <span class='ocrx_word' id='word_1_560' title='bbox 757 3480 1047 3548; x_wconf 90' lang='lat' dir='ltr'><strong>brevitati,</strong></span> <span class='ocrx_word' id='word_1_561' title='bbox 1093 3478 1473 3535; x_wconf 90' lang='lat' dir='ltr'><strong>transcribam</strong></span> <span class='ocrx_word' id='word_1_562' title='bbox 1507 3479 1902 3535; x_wconf 89' lang='lat' dir='ltr'><strong>tantummodo</strong></span> 
     </span>
    </p>
   </div>
   <div class='ocr_carea' id='block_1_82' title="bbox 250 3549 1898 3622">
    <p class='ocr_par' dir='ltr' id='par_1_82' title="bbox 250 3549 1898 3622">
     <span class='ocr_line' id='line_1_84' title="bbox 250 3549 1898 3622; baseline -0.001 -15"><span class='ocrx_word' id='word_1_563' title='bbox 250 3553 671 3622; x_wconf 87' lang='lat' dir='ltr'><strong>caputtertium</strong></span> <span class='ocrx_word' id='word_1_564' title='bbox 687 3559 742 3607; x_wconf 90' lang='lat' dir='ltr'><strong>et</strong></span> <span class='ocrx_word' id='word_1_565' title='bbox 762 3557 1030 3622; x_wconf 90' lang='lat' dir='ltr'><strong>quartum</strong></span> <span class='ocrx_word' id='word_1_566' title='bbox 1056 3564 1123 3606; x_wconf 85' lang='lat' dir='ltr'><strong>ex</strong></span> <span class='ocrx_word' id='word_1_567' title='bbox 1149 3550 1429 3620; x_wconf 87' lang='lat' dir='ltr'><strong>opusculo</strong></span> <span class='ocrx_word' id='word_1_568' title='bbox 1442 3549 1692 3607; x_wconf 91' lang='lat' dir='ltr'><strong>nondum</strong></span> <span class='ocrx_word' id='word_1_569' title='bbox 1722 3550 1898 3622; x_wconf 89' lang='lat' dir='ltr'><strong>edito,</strong></span> 
     </span>
    </p>
   </div>
   <div class='ocr_carea' id='block_1_83' title="bbox 249 3621 1903 3692">
    <p class='ocr_par' dir='ltr' id='par_1_83' title="bbox 249 3621 1903 3692">
     <span class='ocr_line' id='line_1_85' title="bbox 249 3621 1903 3692; baseline -0.001 -14"><span class='ocrx_word' id='word_1_570' title='bbox 249 3621 344 3678; x_wconf 88' lang='lat' dir='ltr'><strong>cui</strong></span> <span class='ocrx_word' id='word_1_571' title='bbox 377 3623 613 3679; x_wconf 91' lang='lat' dir='ltr'><strong>titulum</strong></span> <span class='ocrx_word' id='word_1_572' title='bbox 645 3623 752 3678; x_wconf 89' lang='lat' dir='ltr'><strong>feci</strong></span> <span class='ocrx_word' id='word_1_573' title='bbox 782 3621 852 3678; x_wconf 88' lang='lat' dir='ltr'><strong>de</strong></span> <span class='ocrx_word' id='word_1_574' title='bbox 879 3624 1241 3691; x_wconf 84' lang='lat' dir='ltr'><strong>Reparatione</strong></span> <span class='ocrx_word' id='word_1_575' title='bbox 1263 3626 1561 3692; x_wconf 85' lang='lat' dir='ltr'><strong>temporum</strong></span> <span class='ocrx_word' id='word_1_576' title='bbox 1589 3636 1711 3677; x_wconf 68' lang='lat' dir='ltr'><strong>serae</strong></span> <span class='ocrx_word' id='word_1_577' title='bbox 1752 3621 1903 3676; x_wconf 82' lang='lat' dir='ltr'><strong>Chri-</strong></span> 
     </span>
    </p>
   </div>
   <div class='ocr_carea' id='block_1_84' title="bbox 246 3693 1901 3764">
    <p class='ocr_par' dir='ltr' id='par_1_84' title="bbox 246 3693 1901 3764">
     <span class='ocr_line' id='line_1_86' title="bbox 246 3693 1901 3764; baseline 0.001 -16"><span class='ocrx_word' id='word_1_578' title='bbox 246 3697 458 3749; x_wconf 67' lang='lat' dir='ltr'><strong>stianae.</strong></span> <span class='ocrx_word' id='word_1_579' title='bbox 491 3693 636 3749; x_wconf 85' lang='lat' dir='ltr'><strong>Illud</strong></span> <span class='ocrx_word' id='word_1_580' title='bbox 654 3707 1000 3764; x_wconf 85' lang='lat' dir='ltr'><strong>paraveram,</strong></span> <span class='ocrx_word' id='word_1_581' title='bbox 1014 3693 1349 3764; x_wconf 90' lang='lat' dir='ltr'><strong>aliquando,</strong></span> <span class='ocrx_word' id='word_1_582' title='bbox 1365 3697 1628 3764; x_wconf 91' lang='lat' dir='ltr'><strong>utspero,</strong></span> <span class='ocrx_word' id='word_1_583' title='bbox 1645 3693 1901 3763; x_wconf 85' lang='lat' dir='ltr'><strong>proditu-</strong></span> 
     </span>
    </p>
   </div>
   <div class='ocr_carea' id='block_1_85' title="bbox 252 3765 1903 3836">
    <p class='ocr_par' dir='ltr' id='par_1_85' title="bbox 252 3765 1903 3836">
     <span class='ocr_line' id='line_1_87' title="bbox 252 3765 1903 3836; baseline 0.001 -16"><span class='ocrx_word' id='word_1_584' title='bbox 252 3765 486 3834; x_wconf 89' lang='lat' dir='ltr'><strong>rum,ad</strong></span> <span class='ocrx_word' id='word_1_585' title='bbox 518 3778 641 3820; x_wconf 89' lang='lat' dir='ltr'><strong>eam</strong></span> <span class='ocrx_word' id='word_1_586' title='bbox 672 3772 884 3835; x_wconf 88' lang='lat' dir='ltr'><strong>partem</strong></span> <span class='ocrx_word' id='word_1_587' title='bbox 897 3765 1286 3836; x_wconf 78' lang='lat' dir='ltr'><strong>chronolong</strong></span> <span class='ocrx_word' id='word_1_588' title='bbox 1315 3765 1440 3820; x_wconf 90' lang='lat' dir='ltr'><strong>suis</strong></span> <span class='ocrx_word' id='word_1_589' title='bbox 1463 3765 1903 3822; x_wconf 88' lang='lat' dir='ltr'><strong>demonstratio-</strong></span> 
     </span>
    </p>
   </div>
   <div class='ocr_carea' id='block_1_86' title="bbox 247 3835 1902 3907">
    <p class='ocr_par' dir='ltr' id='par_1_86' title="bbox 247 3835 1902 3907">
     <span class='ocr_line' id='line_1_88' title="bbox 247 3835 1902 3907; baseline 0 -16"><span class='ocrx_word' id='word_1_590' title='bbox 247 3837 426 3892; x_wconf 89' lang='lat' dir='ltr'><strong>nibus</strong></span> <span class='ocrx_word' id='word_1_591' title='bbox 450 3837 866 3893; x_wconf 89' lang='lat' dir='ltr'><strong>instruendam.</strong></span> <span class='ocrx_word' id='word_1_592' title='bbox 885 3835 1200 3906; x_wconf 83' lang='lat' dir='ltr'><strong>Apparebit</strong></span> <span class='ocrx_word' id='word_1_593' title='bbox 1221 3849 1288 3892; x_wconf 88' lang='lat' dir='ltr'><strong>ex</strong></span> <span class='ocrx_word' id='word_1_594' title='bbox 1311 3836 1484 3892; x_wconf 87' lang='lat' dir='ltr'><strong>titulo</strong></span> <span class='ocrx_word' id='word_1_595' title='bbox 1508 3837 1902 3907; x_wconf 86' lang='lat' dir='ltr'><strong>quoquecapi-</strong></span> 
     </span>
    </p>
   </div>
   <div class='ocr_carea' id='block_1_87' title="bbox 248 3907 1898 3979">
    <p class='ocr_par' dir='ltr' id='par_1_87' title="bbox 248 3907 1898 3979">
     <span class='ocr_line' id='line_1_89' title="bbox 248 3907 1898 3979; baseline -0.001 -16"><span class='ocrx_word' id='word_1_596' title='bbox 248 3909 327 3963; x_wconf 90' lang='lat' dir='ltr'><strong>tis</strong></span> <span class='ocrx_word' id='word_1_597' title='bbox 353 3908 570 3979; x_wconf 88' lang='lat' dir='ltr'><strong>quarti,</strong></span> <span class='ocrx_word' id='word_1_598' title='bbox 628 3921 800 3979; x_wconf 90' lang='lat' dir='ltr'><strong>quam</strong></span> <span class='ocrx_word' id='word_1_599' title='bbox 842 3917 992 3964; x_wconf 89' lang='lat' dir='ltr'><strong>recte</strong></span> <span class='ocrx_word' id='word_1_600' title='bbox 1046 3921 1175 3964; x_wconf 91' lang='lat' dir='ltr'><strong>cum</strong></span> <span class='ocrx_word' id='word_1_601' title='bbox 1228 3907 1637 3964; x_wconf 89' lang='lat' dir='ltr'><strong>Schelestratio</strong></span> <span class='ocrx_word' id='word_1_602' title='bbox 1681 3913 1898 3963; x_wconf 91' lang='lat' dir='ltr'><strong>etcum</strong></span> 
     </span>
    </p>
   </div>
   <div class='ocr_carea' id='block_1_88' title="bbox 245 3978 1900 4051">
    <p class='ocr_par' dir='ltr' id='par_1_88' title="bbox 245 3978 1900 4051">
     <span class='ocr_line' id='line_1_90' title="bbox 245 3978 1900 4051; baseline 0 -17"><span class='ocrx_word' id='word_1_603' title='bbox 245 3978 616 4051; x_wconf 80' lang='lat' dir='ltr'><strong>chrdnologis</strong></span> <span class='ocrx_word' id='word_1_604' title='bbox 639 3978 817 4035; x_wconf 83' lang='lat' dir='ltr'><strong>ferme</strong></span> <span class='ocrx_word' id='word_1_605' title='bbox 834 3979 1126 4035; x_wconf 89' lang='lat' dir='ltr'><strong>universis</strong></span> <span class='ocrx_word' id='word_1_606' title='bbox 1158 3979 1729 4051; x_wconf 81' lang='lat' dir='ltr'><strong>retineamusannum</strong></span> <span class='ocrx_word' id='word_1_607' title='bbox 1769 3979 1900 4049; x_wconf 87' lang='lat' dir='ltr'><strong>pri-</strong></span> 
     </span>
    </p>
   </div>
   <div class='ocr_carea' id='block_1_89' title="bbox 249 4049 1896 4122">
    <p class='ocr_par' dir='ltr' id='par_1_89' title="bbox 249 4049 1896 4122">
     <span class='ocr_line' id='line_1_91' title="bbox 249 4049 1896 4122; baseline 0.001 -17"><span class='ocrx_word' id='word_1_608' title='bbox 249 4063 400 4122; x_wconf 90' lang='lat' dir='ltr'><strong>mum</strong></span> <span class='ocrx_word' id='word_1_609' title='bbox 435 4049 590 4122; x_wconf 64' lang='lat' dir='ltr'><strong>nova;</strong></span> <span class='ocrx_word' id='word_1_610' title='bbox 636 4051 1039 4122; x_wconf 89' lang='lat' dir='ltr'><strong>ordinationis</strong></span> <span class='ocrx_word' id='word_1_611' title='bbox 1092 4049 1896 4122; x_wconf 10' lang='lat' dir='ltr'><strong>styli‘Juliani,iconstantem</strong></span> 
     </span>
    </p>
   </div>
   <div class='ocr_carea' id='block_1_90' title="bbox 243 4119 1898 4193">
    <p class='ocr_par' dir='ltr' id='par_1_90' title="bbox 243 4119 1898 4193">
     <span class='ocr_line' id='line_1_92' title="bbox 243 4119 1898 4193; baseline -0.001 -15"><span class='ocrx_word' id='word_1_612' title='bbox 243 4121 451 4178; x_wconf 86' lang='lat' dir='ltr'><strong>diebus</strong></span> <span class='ocrx_word' id='word_1_613' title='bbox 481 4120 589 4180; x_wconf 89' lang='lat'><strong>366</strong></span> <span class='ocrx_word' id='word_1_614' title='bbox 625 4121 777 4192; x_wconf 91' lang='lat' dir='ltr'><strong>(nam</strong></span> <span class='ocrx_word' id='word_1_615' title='bbox 804 4129 890 4180; x_wconf 89' lang='lat' dir='ltr'><strong>est</strong></span> <span class='ocrx_word' id='word_1_616' title='bbox 921 4119 1283 4193; x_wconf 81' lang='lat' dir='ltr'><strong>bissextilis),</strong></span> <span class='ocrx_word' id='word_1_617' title='bbox 1319 4127 1374 4178; x_wconf 89' lang='lat' dir='ltr'><strong>et</strong></span> <span class='ocrx_word' id='word_1_618' title='bbox 1405 4121 1707 4178; x_wconf 90' lang='lat' dir='ltr'><strong>novilunio</strong></span> <span class='ocrx_word' id='word_1_619' title='bbox 1741 4122 1898 4177; x_wconf 88' lang='lat' dir='ltr'><strong>insi-</strong></span> 
     </span>
    </p>
   </div>
   <div class='ocr_carea' id='block_1_91' title="bbox 2016 3269 3658 3338">
    <p class='ocr_par' dir='ltr' id='par_1_91' title="bbox 2016 3269 3658 3338">
     <span class='ocr_line' id='line_1_93' title="bbox 2016 3269 3658 3338; baseline 0.001 -16"><span class='ocrx_word' id='word_1_620' title='bbox 2016 3269 2240 3337; x_wconf 90' lang='lat' dir='ltr'><strong>primus</strong></span> <span class='ocrx_word' id='word_1_621' title='bbox 2264 3273 2334 3338; x_wconf 87' lang='lat' dir='ltr'><strong>et</strong></span> <span class='ocrx_word' id='word_1_622' title='bbox 2368 3270 2724 3338; x_wconf 81' lang='lat' dir='ltr'><strong>postremus,</strong></span> <span class='ocrx_word' id='word_1_623' title='bbox 2779 3278 2997 3338; x_wconf 81' lang='lat' dir='ltr'><strong>necnon</strong></span> <span class='ocrx_word' id='word_1_624' title='bbox 3038 3275 3298 3338; x_wconf 86' lang='lat' dir='ltr'><strong>quartus</strong></span> <span class='ocrx_word' id='word_1_625' title='bbox 3335 3269 3595 3338; x_wconf 90' lang='lat' dir='ltr'><strong>quisque</strong></span> <span class='ocrx_word' id='word_1_626' title='bbox 3625 3281 3658 3324; x_wconf 89' lang='lat' dir='ltr'><strong>a</strong></span> 
     </span>
    </p>
   </div>
   <div class='ocr_carea' id='block_1_92' title="bbox 2014 3282 3660 3408">
    <p class='ocr_par' dir='ltr' id='par_1_92' title="bbox 2014 3282 3660 3408">
     <span class='ocr_line' id='line_1_94' title="bbox 2016 3282 3658 3338; baseline 0.001 -16"><span class='ocrx_word' id='word_1_627' title='bbox 2016 3282 2240 3337; x_wconf 77' lang='lat' dir='ltr'><strong>primus</strong></span> <span class='ocrx_word' id='word_1_628' title='bbox 2278 3282 2334 3322; x_wconf 81' lang='lat' dir='ltr'><strong>et</strong></span> <span class='ocrx_word' id='word_1_629' title='bbox 2383 3282 2724 3335; x_wconf 74' lang='lat' dir='ltr'><strong>posuemus,</strong></span> <span class='ocrx_word' id='word_1_630' title='bbox 2779 3282 2997 3321; x_wconf 87' lang='lat' dir='ltr'><strong>necnon</strong></span> <span class='ocrx_word' id='word_1_631' title='bbox 3094 3282 3298 3324; x_wconf 82' lang='lat' dir='ltr'><strong>uartus</strong></span> <span class='ocrx_word' id='word_1_632' title='bbox 3335 3282 3595 3338; x_wconf 77' lang='lat' dir='ltr'><strong>quisque</strong></span> <span class='ocrx_word' id='word_1_633' title='bbox 3625 3282 3658 3324; x_wconf 89' lang='lat' dir='ltr'><strong>a</strong></span> 
     </span>
     <span class='ocr_line' id='line_1_95' title="bbox 2014 3282 3660 3408; baseline 0.002 -15"><span class='ocrx_word' id='word_1_634' title='bbox 2014 3339 2199 3408; x_wconf 89' lang='lat' dir='ltr'><strong>primo</strong></span> <span class='ocrx_word' id='word_1_635' title='bbox 2223 3336 2488 3393; x_wconf 92' lang='lat' dir='ltr'><strong>absoluto</strong></span> <span class='ocrx_word' id='word_1_636' title='bbox 2518 3337 2598 3392; x_wconf 90' lang='lat' dir='ltr'><strong>sit</strong></span> <span class='ocrx_word' id='word_1_637' title='bbox 2627 3335 2967 3393; x_wconf 87' lang='lat' dir='ltr'><strong>bissextilis.</strong></span> <span class='ocrx_word' id='word_1_638' title='bbox 3010 3282 3132 3394; x_wconf 50' lang='lat' dir='ltr'><strong>&quot;(llis</strong></span> <span class='ocrx_word' id='word_1_639' title='bbox 3163 3339 3348 3408; x_wconf 79' lang='lat' dir='ltr'><strong>igitur</strong></span> <span class='ocrx_word' id='word_1_640' title='bbox 3385 3338 3660 3396; x_wconf 84' lang='lat' dir='ltr'><strong>Kalendis</strong></span> 
     </span>
    </p>
   </div>
   <div class='ocr_carea' id='block_1_93' title="bbox 2011 3409 3660 3478">
    <p class='ocr_par' dir='ltr' id='par_1_93' title="bbox 2011 3409 3660 3478">
     <span class='ocr_line' id='line_1_96' title="bbox 2011 3409 3660 3478; baseline 0.002 -15"><span class='ocrx_word' id='word_1_641' title='bbox 2011 3409 2272 3466; x_wconf 89' lang='lat' dir='ltr'><strong>Januarii</strong></span> <span class='ocrx_word' id='word_1_642' title='bbox 2301 3409 2550 3478; x_wconf 90' lang='lat' dir='ltr'><strong>primum</strong></span> <span class='ocrx_word' id='word_1_643' title='bbox 2577 3421 2791 3464; x_wconf 90' lang='lat' dir='ltr'><strong>annum</strong></span> <span class='ocrx_word' id='word_1_644' title='bbox 2816 3422 2972 3464; x_wconf 70' lang='lat' dir='ltr'><strong>novae</strong></span> <span class='ocrx_word' id='word_1_645' title='bbox 3001 3410 3392 3466; x_wconf 90' lang='lat' dir='ltr'><strong>ordinationis</strong></span> <span class='ocrx_word' id='word_1_646' title='bbox 3415 3409 3660 3467; x_wconf 74' lang='lat' dir='ltr'><strong>Juliana:</strong></span> 
     </span>
    </p>
   </div>
   <div class='ocr_carea' id='block_1_94' title="bbox 2015 3479 3660 3554">
    <p class='ocr_par' dir='ltr' id='par_1_94' title="bbox 2015 3479 3660 3554">
     <span class='ocr_line' id='line_1_97' title="bbox 2015 3479 3660 3554; baseline 0.001 -18"><span class='ocrx_word' id='word_1_647' title='bbox 2015 3479 2844 3554; x_wconf 32' lang='lat' dir='ltr'><strong>inchoantibus,‘novilunium</strong></span> <span class='ocrx_word' id='word_1_648' title='bbox 2873 3493 3079 3554; x_wconf 66' lang='lat' dir='ltr'><strong>verum</strong></span> <span class='ocrx_word' id='word_1_649' title='bbox 3109 3483 3360 3554; x_wconf 82' lang='lat' dir='ltr'><strong>contigit</strong></span> <span class='ocrx_word' id='word_1_650' title='bbox 3395 3481 3556 3538; x_wconf 89' lang='lat' dir='ltr'><strong>horis</strong></span> <span class='ocrx_word' id='word_1_651' title='bbox 3592 3479 3660 3538; x_wconf 80' lang='lat' dir='ltr'><strong>l4</strong></span> 
     </span>
    </p>
   </div>
   <div class='ocr_carea' id='block_1_95' title="bbox 2012 3547 3659 3624">
    <p class='ocr_par' dir='ltr' id='par_1_95' title="bbox 2012 3547 3659 3624">
     <span class='ocr_line' id='line_1_98' title="bbox 2012 3547 3659 3624; baseline 0.001 -16"><span class='ocrx_word' id='word_1_652' title='bbox 2012 3559 2069 3624; x_wconf 90' lang='lat' dir='ltr'><strong>et</strong></span> <span class='ocrx_word' id='word_1_653' title='bbox 2118 3552 2364 3624; x_wconf 84' lang='lat' dir='ltr'><strong>minutis</strong></span> <span class='ocrx_word' id='word_1_654' title='bbox 2411 3547 2480 3607; x_wconf 78' lang='grc'>43</span> <span class='ocrx_word' id='word_1_655' title='bbox 2533 3557 2670 3624; x_wconf 70' lang='lat' dir='ltr'><strong>post</strong></span> <span class='ocrx_word' id='word_1_656' title='bbox 2690 3551 3016 3624; x_wconf 88' lang='lat' dir='ltr'><strong>_meridium</strong></span> <span class='ocrx_word' id='word_1_657' title='bbox 3059 3547 3321 3622; x_wconf 74' lang='lat' dir='ltr'><strong>Parisiis,</strong></span> <span class='ocrx_word' id='word_1_658' title='bbox 3364 3567 3491 3624; x_wconf 62' lang='lat' dir='ltr'><strong>quae</strong></span> <span class='ocrx_word' id='word_1_659' title='bbox 3520 3560 3659 3610; x_wconf 86' lang='lat' dir='ltr'><strong>sunt</strong></span> 
     </span>
    </p>
   </div>
   <div class='ocr_carea' id='block_1_96' title="bbox 2015 3620 3778 3696">
    <p class='ocr_par' dir='ltr' id='par_1_96' title="bbox 2015 3620 3778 3696">
     <span class='ocr_line' id='line_1_99' title="bbox 2015 3620 3778 3696; baseline 0 -17"><span class='ocrx_word' id='word_1_660' title='bbox 2015 3623 2168 3696; x_wconf 84' lang='lat' dir='ltr'><strong>horae</strong></span> <span class='ocrx_word' id='word_1_661' title='bbox 2200 3621 2287 3692; x_wconf 82' lang='grc'>45,</span> <span class='ocrx_word' id='word_1_662' title='bbox 2318 3627 2376 3679; x_wconf 89' lang='lat' dir='ltr'><strong>et</strong></span> <span class='ocrx_word' id='word_1_663' title='bbox 2403 3620 2732 3696; x_wconf 77' lang='lat' dir='ltr'><strong>minut._26,</strong></span> <span class='ocrx_word' id='word_1_664' title='bbox 2789 3627 2918 3693; x_wconf 87' lang='lat' dir='ltr'><strong>post</strong></span> <span class='ocrx_word' id='word_1_665' title='bbox 2950 3624 3247 3696; x_wconf 85' lang='lat' dir='ltr'><strong>meridiem</strong></span> <span class='ocrx_word' id='word_1_666' title='bbox 3277 3620 3466 3680; x_wconf 65' lang='lat' dir='ltr'><strong>Romae</strong></span> <span class='ocrx_word' id='word_1_667' title='bbox 3498 3639 3515 3696; x_wconf 84' lang='lat'><strong>;</strong></span> <span class='ocrx_word' id='word_1_668' title='bbox 3547 3638 3657 3696; x_wconf 46' lang='lat' dir='ltr'><strong>noe</strong></span> <span class='ocrx_word' id='word_1_669' title='bbox 3763 3635 3778 3647; x_wconf 91' lang='grc'><strong>·</strong></span> 
     </span>
    </p>
   </div>
   <div class='ocr_carea' id='block_1_97' title="bbox 2010 3693 3660 3768">
    <p class='ocr_par' dir='ltr' id='par_1_97' title="bbox 2010 3693 3660 3768">
     <span class='ocr_line' id='line_1_100' title="bbox 2010 3693 3660 3768; baseline 0.001 -18"><span class='ocrx_word' id='word_1_670' title='bbox 2010 3694 2463 3768; x_wconf 74' lang='lat' dir='ltr'><strong>viluniumvero</strong></span> <span class='ocrx_word' id='word_1_671' title='bbox 2517 3693 2766 3768; x_wconf 78' lang='lat' dir='ltr'><strong>medium</strong></span> <span class='ocrx_word' id='word_1_672' title='bbox 2797 3695 3168 3768; x_wconf 88' lang='lat' dir='ltr'><strong>commissum</strong></span> <span class='ocrx_word' id='word_1_673' title='bbox 3223 3694 3342 3768; x_wconf 77' lang='lat' dir='ltr'><strong>fuit</strong></span> <span class='ocrx_word' id='word_1_674' title='bbox 3388 3693 3523 3768; x_wconf 78' lang='lat' dir='ltr'><strong>hora</strong></span> <span class='ocrx_word' id='word_1_675' title='bbox 3564 3694 3660 3768; x_wconf 90' lang='lat'><strong>8,0</strong></span> 
     </span>
    </p>
   </div>
   <div class='ocr_carea' id='block_1_98' title="bbox 2013 3764 3660 3837">
    <p class='ocr_par' dir='ltr' id='par_1_98' title="bbox 2013 3764 3660 3837">
     <span class='ocr_line' id='line_1_101' title="bbox 2013 3764 3660 3837; baseline 0 -15"><span class='ocrx_word' id='word_1_676' title='bbox 2013 3771 2140 3836; x_wconf 91' lang='lat' dir='ltr'><strong>post</strong></span> <span class='ocrx_word' id='word_1_677' title='bbox 2185 3766 2483 3822; x_wconf 89' lang='lat' dir='ltr'><strong>meridiem</strong></span> <span class='ocrx_word' id='word_1_678' title='bbox 2540 3765 2719 3822; x_wconf 87' lang='lat' dir='ltr'><strong>Paris.</strong></span> <span class='ocrx_word' id='word_1_679' title='bbox 2792 3779 2918 3837; x_wconf 66' lang='lat' dir='ltr'><strong>quae</strong></span> <span class='ocrx_word' id='word_1_680' title='bbox 2970 3772 3057 3822; x_wconf 91' lang='lat' dir='ltr'><strong>est</strong></span> <span class='ocrx_word' id='word_1_681' title='bbox 3116 3767 3254 3837; x_wconf 84' lang='lat' dir='ltr'><strong>hora</strong></span> <span class='ocrx_word' id='word_1_682' title='bbox 3316 3764 3467 3830; x_wconf 79' lang='lat'><strong>841,</strong></span> <span class='ocrx_word' id='word_1_683' title='bbox 3533 3764 3660 3837; x_wconf 84' lang='lat' dir='ltr'><strong>post</strong></span> 
     </span>
    </p>
   </div>
   <div class='ocr_carea' id='block_1_99' title="bbox 2012 3835 3658 3908">
    <p class='ocr_par' dir='ltr' id='par_1_99' title="bbox 2012 3835 3658 3908">
     <span class='ocr_line' id='line_1_102' title="bbox 2012 3835 3658 3908; baseline 0.001 -15"><span class='ocrx_word' id='word_1_684' title='bbox 2012 3835 2309 3893; x_wconf 88' lang='lat' dir='ltr'><strong>meridiem</strong></span> <span class='ocrx_word' id='word_1_685' title='bbox 2361 3835 2856 3907; x_wconf 65' lang='lat' dir='ltr'><strong>Romae;ineunt&#39;e</strong></span> <span class='ocrx_word' id='word_1_686' title='bbox 2901 3851 3052 3894; x_wconf 86' lang='lat' dir='ltr'><strong>anno</strong></span> <span class='ocrx_word' id='word_1_687' title='bbox 3109 3835 3198 3908; x_wconf 79' lang='lat'><strong>45,</strong></span> <span class='ocrx_word' id='word_1_688' title='bbox 3251 3839 3486 3894; x_wconf 72' lang='lat' dir='ltr'><strong>Juliano</strong></span> <span class='ocrx_word' id='word_1_689' title='bbox 3525 3835 3658 3895; x_wconf 81' lang='lat' dir='ltr'><strong>ante</strong></span> 
     </span>
    </p>
   </div>
   <div class='ocr_carea' id='block_1_100' title="bbox 2009 3909 3660 3981">
    <p class='ocr_par' dir='ltr' id='par_1_100' title="bbox 2009 3909 3660 3981">
     <span class='ocr_line' id='line_1_103' title="bbox 2009 3909 3660 3981; baseline 0.001 -17"><span class='ocrx_word' id='word_1_690' title='bbox 2009 3923 2179 3981; x_wconf 64' lang='lat' dir='ltr'><strong>ieram</strong></span> <span class='ocrx_word' id='word_1_691' title='bbox 2227 3909 2441 3964; x_wconf 88' lang='lat' dir='ltr'><strong>Christi</strong></span> <span class='ocrx_word' id='word_1_692' title='bbox 2496 3922 2876 3964; x_wconf 91' lang='lat' dir='ltr'><strong>communem.</strong></span> <span class='ocrx_word' id='word_1_693' title='bbox 2924 3911 3009 3981; x_wconf 78' lang='lat' dir='ltr'><strong>ita</strong></span> <span class='ocrx_word' id='word_1_694' title='bbox 3057 3923 3189 3965; x_wconf 89' lang='lat' dir='ltr'><strong>vero</strong></span> <span class='ocrx_word' id='word_1_695' title='bbox 3244 3910 3547 3981; x_wconf 78' lang='lat' dir='ltr'><strong>colligitur</strong></span> <span class='ocrx_word' id='word_1_696' title='bbox 3590 3923 3660 3981; x_wconf 85' lang='lat' dir='ltr'><strong>ex</strong></span> 
     </span>
    </p>
   </div>
   <div class='ocr_carea' id='block_1_101' title="bbox 2011 3980 3659 4037">
    <p class='ocr_par' dir='ltr' id='par_1_101' title="bbox 2011 3980 3659 4037">
     <span class='ocr_line' id='line_1_104' title="bbox 2011 3980 3659 4037; baseline 0 -1"><span class='ocrx_word' id='word_1_697' title='bbox 2011 3980 2229 4036; x_wconf 90' lang='lat' dir='ltr'><strong>tabulis</strong></span> <span class='ocrx_word' id='word_1_698' title='bbox 2256 3981 2666 4036; x_wconf 87' lang='lat' dir='ltr'><strong>astronomicis</strong></span> <span class='ocrx_word' id='word_1_699' title='bbox 2683 3980 3116 4036; x_wconf 91' lang='lat' dir='ltr'><strong>accuratissime</strong></span> <span class='ocrx_word' id='word_1_700' title='bbox 3152 3981 3329 4037; x_wconf 90' lang='lat' dir='ltr'><strong>editis</strong></span> <span class='ocrx_word' id='word_1_701' title='bbox 3352 3980 3477 4036; x_wconf 44' lang='lat' dir='ltr'><strong>a’D.</strong></span> <span class='ocrx_word' id='word_1_702' title='bbox 3512 3981 3582 4036; x_wconf 88' lang='lat' dir='ltr'><strong>de</strong></span> <span class='ocrx_word' id='word_1_703' title='bbox 3604 3980 3659 4036; x_wconf 88' lang='lat' dir='ltr'><strong>la</strong></span> 
     </span>
    </p>
   </div>
   <div class='ocr_carea' id='block_1_102' title="bbox 2009 4051 3660 4121">
    <p class='ocr_par' dir='ltr' id='par_1_102' title="bbox 2009 4051 3660 4121">
     <span class='ocr_line' id='line_1_105' title="bbox 2009 4051 3660 4121; baseline 0.001 -15"><span class='ocrx_word' id='word_1_704' title='bbox 2009 4053 2162 4117; x_wconf 84' lang='lat' dir='ltr'><strong>Hire,</strong></span> <span class='ocrx_word' id='word_1_705' title='bbox 2187 4059 2240 4107; x_wconf 90' lang='lat' dir='ltr'><strong>et</strong></span> <span class='ocrx_word' id='word_1_706' title='bbox 2269 4053 2638 4108; x_wconf 88' lang='lat' dir='ltr'><strong>exactissime</strong></span> <span class='ocrx_word' id='word_1_707' title='bbox 2677 4051 3159 4121; x_wconf 88' lang='lat' dir='ltr'><strong>respondentibus</strong></span> <span class='ocrx_word' id='word_1_708' title='bbox 3195 4052 3522 4110; x_wconf 71' lang='lat' dir='ltr'><strong>caelestium</strong></span> <span class='ocrx_word' id='word_1_709' title='bbox 3547 4051 3660 4109; x_wconf 89' lang='lat' dir='ltr'><strong>ob-</strong></span> 
     </span>
    </p>
   </div>
   <div class='ocr_carea' id='block_1_103' title="bbox 2009 4123 2866 4195">
    <p class='ocr_par' dir='ltr' id='par_1_103' title="bbox 2009 4123 2866 4195">
     <span class='ocr_line' id='line_1_106' title="bbox 2009 4123 2866 4195; baseline 0 -17"><span class='ocrx_word' id='word_1_710' title='bbox 2009 4124 2397 4180; x_wconf 89' lang='lat' dir='ltr'><strong>servationum</strong></span> <span class='ocrx_word' id='word_1_711' title='bbox 2436 4123 2866 4195; x_wconf 78' lang='lat' dir='ltr'><strong>experimentis.</strong></span> 
     </span>
    </p>
   </div>
   <div class='ocr_carea' id='block_1_104' title="bbox 1391 4236 2476 4320">
    <p class='ocr_par' dir='ltr' id='par_1_104' title="bbox 1391 4236 2476 4320">
     <span class='ocr_line' id='line_1_107' title="bbox 1391 4236 2476 4320; baseline 0 -20"><span class='ocrx_word' id='word_1_712' title='bbox 1391 4236 1944 4302; x_wconf 71' lang='lat' dir='ltr'><strong>Observationum</strong></span> <span class='ocrx_word' id='word_1_713' title='bbox 1969 4238 2476 4320; x_wconf 65' lang='lat' dir='ltr'><strong>experimentis.</strong></span> 
     </span>
    </p>
   </div>
   <div class='ocr_carea' id='block_1_105' title="bbox 384 4343 3653 4409">
    <p class='ocr_par' dir='ltr' id='par_1_105' title="bbox 384 4343 3653 4409">
     <span class='ocr_line' id='line_1_108' title="bbox 384 4343 3653 4409; baseline 0.002 -17"><span class='ocrx_word' id='word_1_714' title='bbox 384 4343 549 4392; x_wconf 80' lang='lat' dir='ltr'><strong>Radix</strong></span> <span class='ocrx_word' id='word_1_715' title='bbox 731 4343 942 4409; x_wconf 28' lang='lat' dir='ltr'><strong>‘Solab</strong></span> <span class='ocrx_word' id='word_1_716' title='bbox 969 4345 1141 4409; x_wconf 71' lang='lat' dir='ltr'><strong>Ariete</strong></span> <span class='ocrx_word' id='word_1_717' title='bbox 1193 4345 1482 4409; x_wconf 73' lang='lat' dir='ltr'><strong>Apogaeum</strong></span> <span class='ocrx_word' id='word_1_718' title='bbox 1500 4344 1638 4409; x_wconf 75' lang='lat' dir='ltr'><strong>Solis</strong></span> <span class='ocrx_word' id='word_1_719' title='bbox 1659 4343 1918 4409; x_wconf 29' lang='lat' dir='ltr'><strong>abAAriete</strong></span> <span class='ocrx_word' id='word_1_720' title='bbox 1943 4345 2090 4409; x_wconf 69' lang='lat' dir='ltr'><strong>Luna</strong></span> <span class='ocrx_word' id='word_1_721' title='bbox 2119 4345 2375 4409; x_wconf 24' lang='lat' dir='ltr'><strong>abAAriete</strong></span> <span class='ocrx_word' id='word_1_722' title='bbox 2419 4344 2862 4409; x_wconf 13' lang='lat' dir='ltr'><strong>Apog.iLunae_ab</strong></span> <span class='ocrx_word' id='word_1_723' title='bbox 2887 4347 2978 4398; x_wconf 81' lang='lat' dir='ltr'><strong>Ar.</strong></span> <span class='ocrx_word' id='word_1_724' title='bbox 3026 4347 3208 4400; x_wconf 87' lang='lat' dir='ltr'><strong>Nodus</strong></span> <span class='ocrx_word' id='word_1_725' title='bbox 3255 4348 3379 4397; x_wconf 84' lang='lat' dir='ltr'><strong>Asc.</strong></span> <span class='ocrx_word' id='word_1_726' title='bbox 3427 4345 3509 4396; x_wconf 82' lang='lat' dir='ltr'><strong>ab.</strong></span> <span class='ocrx_word' id='word_1_727' title='bbox 3559 4347 3653 4398; x_wconf 78' lang='lat' dir='ltr'><strong>Ar.</strong></span> 
     </span>
    </p>
   </div>
   <div class='ocr_carea' id='block_1_106' title="bbox 345 4406 1906 4518">
    <p class='ocr_par' dir='ltr' id='par_1_106' title="bbox 345 4406 1764 4518">
     <span class='ocr_line' id='line_1_109' title="bbox 345 4406 1764 4518; baseline 0.002 -63"><span class='ocrx_word' id='word_1_728' title='bbox 345 4419 599 4518; x_wconf 48' lang='lat'><strong>85%:{51111</strong></span> <span class='ocrx_word' id='word_1_729' title='bbox 725 4406 781 4457; x_wconf 90' lang='lat' dir='ltr'><strong>S.</strong></span> <span class='ocrx_word' id='word_1_730' title='bbox 847 4407 911 4457; x_wconf 90' lang='lat' dir='ltr'><strong>G.</strong></span> <span class='ocrx_word' id='word_1_731' title='bbox 969 4407 1042 4458; x_wconf 90' lang='lat' dir='ltr'><strong>M.</strong></span> <span class='ocrx_word' id='word_1_732' title='bbox 1114 4408 1172 4458; x_wconf 92' lang='lat' dir='ltr'><strong>S.</strong></span> <span class='ocrx_word' id='word_1_733' title='bbox 1243 4406 1260 4409; x_wconf 62' lang='grc'><strong><em>“</em></strong></span> <span class='ocrx_word' id='word_1_734' title='bbox 1328 4408 1385 4458; x_wconf 89' lang='lat' dir='ltr'><strong>S.</strong></span> <span class='ocrx_word' id='word_1_735' title='bbox 1443 4407 1509 4456; x_wconf 87' lang='lat' dir='ltr'><strong>G.</strong></span> <span class='ocrx_word' id='word_1_736' title='bbox 1570 4406 1644 4458; x_wconf 92' lang='lat' dir='ltr'><strong>M.</strong></span> <span class='ocrx_word' id='word_1_737' title='bbox 1707 4407 1764 4458; x_wconf 91' lang='lat' dir='ltr'><strong>S.</strong></span> 
     </span>
    </p>
   </div>
   <div class='ocr_carea' id='block_1_107' title="bbox 2027 4406 3531 4518">
    <p class='ocr_par' dir='ltr' id='par_1_107' title="bbox 2044 4406 3531 4474">
     <span class='ocr_line' id='line_1_110' title="bbox 2044 4406 3531 4474; baseline 0.001 -17"><span class='ocrx_word' id='word_1_738' title='bbox 2044 4408 2106 4457; x_wconf 90' lang='lat' dir='ltr'><strong>G.</strong></span> <span class='ocrx_word' id='word_1_739' title='bbox 2146 4407 2221 4458; x_wconf 80' lang='grc' dir='ltr'>Μ.</span> <span class='ocrx_word' id='word_1_740' title='bbox 2269 4408 2325 4458; x_wconf 89' lang='lat' dir='ltr'><strong>s.</strong></span> <span class='ocrx_word' id='word_1_741' title='bbox 2468 4406 2534 4458; x_wconf 76' lang='lat' dir='ltr'><strong>&#39;s.</strong></span> <span class='ocrx_word' id='word_1_742' title='bbox 2587 4408 2651 4458; x_wconf 88' lang='lat' dir='ltr'><strong>G.</strong></span> <span class='ocrx_word' id='word_1_743' title='bbox 2706 4407 2886 4474; x_wconf 67' lang='lat' dir='ltr'><strong>MJS.</strong></span> <span class='ocrx_word' id='word_1_744' title='bbox 3151 4411 3207 4461; x_wconf 92' lang='lat' dir='ltr'><strong>s.</strong></span> <span class='ocrx_word' id='word_1_745' title='bbox 3258 4412 3321 4461; x_wconf 90' lang='lat' dir='ltr'><strong>G.</strong></span> <span class='ocrx_word' id='word_1_746' title='bbox 3364 4409 3440 4460; x_wconf 90' lang='lat' dir='ltr'><strong>M.</strong></span> <span class='ocrx_word' id='word_1_747' title='bbox 3474 4409 3531 4460; x_wconf 88' lang='lat' dir='ltr'><strong>s.</strong></span> 
     </span>
    </p>
   </div>
   <div class='ocr_carea' id='block_1_108' title="bbox 305 4544 3487 4646">
    <p class='ocr_par' dir='ltr' id='par_1_108' title="bbox 305 4544 3487 4646">
     <span class='ocr_line' id='line_1_111' title="bbox 305 4544 3487 4646; baseline 0.001 -4"><span class='ocrx_word' id='word_1_748' title='bbox 305 4544 619 4643; x_wconf 48' lang='lat' dir='ltr'><strong>Inetﬁrgum.</strong></span> <span class='ocrx_word' id='word_1_749' title='bbox 798 4595 846 4644; x_wconf 89' lang='lat'><strong>9.</strong></span> <span class='ocrx_word' id='word_1_750' title='bbox 874 4593 1088 4643; x_wconf 93' lang='lat'><strong>8.43.48.</strong></span> <span class='ocrx_word' id='word_1_751' title='bbox 1413 4593 1461 4643; x_wconf 95' lang='lat'><strong>2.</strong></span> <span class='ocrx_word' id='word_1_752' title='bbox 1495 4594 1596 4644; x_wconf 84' lang='lat'><strong>9.5.</strong></span> <span class='ocrx_word' id='word_1_753' title='bbox 1629 4594 1678 4644; x_wconf 94' lang='lat'><strong>2.</strong></span> <span class='ocrx_word' id='word_1_754' title='bbox 1998 4594 2216 4646; x_wconf 85' lang='lat'><strong>4.15.18.</strong></span> <span class='ocrx_word' id='word_1_755' title='bbox 2249 4595 2300 4645; x_wconf 88' lang='lat'><strong>9.</strong></span> <span class='ocrx_word' id='word_1_756' title='bbox 2533 4595 2664 4644; x_wconf 91' lang='lat'><strong>9.11.</strong></span> <span class='ocrx_word' id='word_1_757' title='bbox 2702 4593 2832 4644; x_wconf 89' lang='lat'><strong>4.38.</strong></span> <span class='ocrx_word' id='word_1_758' title='bbox 3187 4594 3403 4646; x_wconf 88' lang='lat'><strong>8.28.36.</strong></span> <span class='ocrx_word' id='word_1_759' title='bbox 3438 4595 3487 4644; x_wconf 89' lang='lat'><strong>6.</strong></span> 
     </span>
    </p>
   </div>
   <div class='ocr_carea' id='block_1_109' title="bbox 326 4717 3481 4770">
    <p class='ocr_par' dir='ltr' id='par_1_109' title="bbox 326 4717 3481 4770">
     <span class='ocr_line' id='line_1_112' title="bbox 326 4717 3481 4770; baseline 0.001 -4"><span class='ocrx_word' id='word_1_760' title='bbox 326 4717 466 4766; x_wconf 84' lang='lat' dir='ltr'><strong>Anni</strong></span> <span class='ocrx_word' id='word_1_761' title='bbox 492 4717 606 4768; x_wconf 83' lang='lat' dir='ltr'><strong>XL.</strong></span> <span class='ocrx_word' id='word_1_762' title='bbox 793 4722 843 4770; x_wconf 89' lang='lat'><strong>0.</strong></span> <span class='ocrx_word' id='word_1_763' title='bbox 875 4718 1091 4769; x_wconf 89' lang='lat'><strong>0.18.20.</strong></span> <span class='ocrx_word' id='word_1_764' title='bbox 1398 4717 1662 4768; x_wconf 86' lang='lat'><strong>0.6.41.10.</strong></span> <span class='ocrx_word' id='word_1_765' title='bbox 1994 4719 2124 4770; x_wconf 94' lang='lat'><strong>8.27.</strong></span> <span class='ocrx_word' id='word_1_766' title='bbox 2155 4719 2200 4768; x_wconf 91' lang='lat'><strong>8.</strong></span> <span class='ocrx_word' id='word_1_767' title='bbox 2235 4720 2282 4767; x_wconf 92' lang='lat'><strong>0.</strong></span> <span class='ocrx_word' id='word_1_768' title='bbox 2543 4719 2591 4766; x_wconf 89' lang='lat'><strong>6.</strong></span> <span class='ocrx_word' id='word_1_769' title='bbox 2627 4717 2840 4768; x_wconf 83' lang='lat'><strong>7.41.42.</strong></span> <span class='ocrx_word' id='word_1_770' title='bbox 3183 4720 3481 4770; x_wconf 85' lang='lat'><strong>1.23.10.27.</strong></span> 
     </span>
    </p>
   </div>
   <div class='ocr_carea' id='block_1_110' title="bbox 365 4779 3482 4834">
    <p class='ocr_par' dir='ltr' id='par_1_110' title="bbox 365 4779 3482 4834">
     <span class='ocr_line' id='line_1_113' title="bbox 365 4779 3482 4834; baseline 0.001 -7"><span class='ocrx_word' id='word_1_771' title='bbox 365 4779 562 4828; x_wconf 86' lang='lat' dir='ltr'><strong>anniV.</strong></span> <span class='ocrx_word' id='word_1_772' title='bbox 761 4782 1091 4834; x_wconf 88' lang='lat'><strong>11.29.47.30.</strong></span> <span class='ocrx_word' id='word_1_773' title='bbox 1529 4782 1577 4830; x_wconf 93' lang='lat'><strong>5.</strong></span> <span class='ocrx_word' id='word_1_774' title='bbox 1612 4783 1662 4832; x_wconf 95' lang='lat'><strong>7.</strong></span> <span class='ocrx_word' id='word_1_775' title='bbox 1965 4783 2043 4831; x_wconf 87' lang='lat'><strong>10.</strong></span> <span class='ocrx_word' id='word_1_776' title='bbox 2080 4783 2122 4829; x_wconf 94' lang='lat'><strong>0.</strong></span> <span class='ocrx_word' id='word_1_777' title='bbox 2154 4783 2283 4831; x_wconf 87' lang='lat'><strong>5.51.</strong></span> <span class='ocrx_word' id='word_1_778' title='bbox 2552 4779 2764 4829; x_wconf 90' lang='lat'><strong>6.23.26.</strong></span> <span class='ocrx_word' id='word_1_779' title='bbox 2791 4783 2840 4830; x_wconf 87' lang='lat'><strong>2.</strong></span> <span class='ocrx_word' id='word_1_780' title='bbox 3181 4783 3230 4832; x_wconf 88' lang='lat'><strong>3.</strong></span> <span class='ocrx_word' id='word_1_781' title='bbox 3265 4783 3482 4832; x_wconf 88' lang='lat'><strong>6.41.46.</strong></span> 
     </span>
    </p>
   </div>
   <div class='ocr_carea' id='block_1_111' title="bbox 365 4842 1906 4894">
    <p class='ocr_par' dir='ltr' id='par_1_111' title="bbox 365 4842 1098 4892">
     <span class='ocr_line' id='line_1_114' title="bbox 365 4842 1098 4892; baseline 0.001 -2"><span class='ocrx_word' id='word_1_782' title='bbox 365 4842 474 4891; x_wconf 87' lang='lat' dir='ltr'><strong>dies</strong></span> <span class='ocrx_word' id='word_1_783' title='bbox 520 4842 561 4892; x_wconf 85' lang='grc' dir='ltr'>Ι.</span> <span class='ocrx_word' id='word_1_784' title='bbox 937 4845 1015 4892; x_wconf 88' lang='grc'><strong>59.</strong></span> <span class='ocrx_word' id='word_1_785' title='bbox 1051 4845 1098 4892; x_wconf 89' lang='grc'><strong>8.</strong></span> 
     </span>
    </p>
   </div>
   <div class='ocr_carea' id='block_1_112' title="bbox 2027 4842 3478 4894">
    <p class='ocr_par' dir='ltr' id='par_1_112' title="bbox 2048 4844 3478 4894">
     <span class='ocr_line' id='line_1_115' title="bbox 2048 4844 3478 4894; baseline 0.001 -2"><span class='ocrx_word' id='word_1_786' title='bbox 2048 4845 2289 4894; x_wconf 87' lang='lat'><strong>15.10.35.</strong></span> <span class='ocrx_word' id='word_1_787' title='bbox 2686 4844 2844 4893; x_wconf 87' lang='lat'><strong>16.41.</strong></span> <span class='ocrx_word' id='word_1_788' title='bbox 3348 4844 3478 4894; x_wconf 91' lang='lat'><strong>3.11.</strong></span> 
     </span>
    </p>
   </div>
   <div class='ocr_carea' id='block_1_113' title="bbox 243 4966 3484 5020">
    <p class='ocr_par' dir='ltr' id='par_1_113' title="bbox 243 4966 3484 5020">
     <span class='ocr_line' id='line_1_116' title="bbox 243 4966 3484 5020; baseline 0.001 -3"><span class='ocrx_word' id='word_1_789' title='bbox 243 4966 462 5017; x_wconf 83' lang='lat' dir='ltr'><strong>Summa</strong></span> <span class='ocrx_word' id='word_1_790' title='bbox 520 4967 685 5017; x_wconf 81' lang='lat' dir='ltr'><strong>subtr.</strong></span> <span class='ocrx_word' id='word_1_791' title='bbox 799 4971 845 5017; x_wconf 93' lang='lat'><strong>0.</strong></span> <span class='ocrx_word' id='word_1_792' title='bbox 881 4969 926 5017; x_wconf 88' lang='lat'><strong>1.</strong></span> <span class='ocrx_word' id='word_1_793' title='bbox 965 4969 1097 5018; x_wconf 80' lang='lat'><strong>4.58.</strong></span> <span class='ocrx_word' id='word_1_794' title='bbox 1407 4966 1672 5016; x_wconf 83' lang='lat'><strong>0.0.46.17.</strong></span> <span class='ocrx_word' id='word_1_795' title='bbox 1979 4967 2281 5018; x_wconf 87' lang='lat'><strong>7.10.24.26.</strong></span> <span class='ocrx_word' id='word_1_796' title='bbox 2532 4969 2578 5016; x_wconf 91' lang='lat'><strong>1.</strong></span> <span class='ocrx_word' id='word_1_797' title='bbox 2616 4967 2829 5018; x_wconf 77' lang='lat'><strong>1.14.25.</strong></span> <span class='ocrx_word' id='word_1_798' title='bbox 3191 4969 3318 5020; x_wconf 89' lang='lat'><strong>1.29.</strong></span> <span class='ocrx_word' id='word_1_799' title='bbox 3358 4971 3484 5019; x_wconf 90' lang='lat'><strong>1.30.</strong></span> 
     </span>
    </p>
   </div>
   <div class='ocr_carea' id='block_1_114' title="bbox 300 5029 2831 5082">
    <p class='ocr_par' dir='ltr' id='par_1_114' title="bbox 300 5029 2831 5082">
     <span class='ocr_line' id='line_1_117' title="bbox 300 5029 2831 5082; baseline 0 -3"><span class='ocrx_word' id='word_1_800' title='bbox 300 5043 364 5079; x_wconf 78' lang='lat' dir='ltr'><strong>ex</strong></span> <span class='ocrx_word' id='word_1_801' title='bbox 405 5029 618 5080; x_wconf 79' lang='lat' dir='ltr'><strong>Radice.</strong></span> <span class='ocrx_word' id='word_1_802' title='bbox 796 5033 846 5082; x_wconf 92' lang='lat'><strong>9.</strong></span> <span class='ocrx_word' id='word_1_803' title='bbox 873 5031 1087 5082; x_wconf 85' lang='lat'><strong>8.43.48.</strong></span> <span class='ocrx_word' id='word_1_804' title='bbox 1401 5030 1501 5080; x_wconf 90' lang='lat'><strong>2.9.</strong></span> <span class='ocrx_word' id='word_1_805' title='bbox 1537 5032 1585 5080; x_wconf 92' lang='lat'><strong>5.</strong></span> <span class='ocrx_word' id='word_1_806' title='bbox 1621 5029 1669 5079; x_wconf 91' lang='lat'><strong>2.</strong></span> <span class='ocrx_word' id='word_1_807' title='bbox 1984 5031 2201 5081; x_wconf 86' lang='lat'><strong>4.15.18.</strong></span> <span class='ocrx_word' id='word_1_808' title='bbox 2234 5031 2280 5080; x_wconf 87' lang='lat'><strong>9.</strong></span> <span class='ocrx_word' id='word_1_809' title='bbox 2535 5030 2666 5079; x_wconf 87' lang='lat'><strong>9.11.</strong></span> <span class='ocrx_word' id='word_1_810' title='bbox 2704 5031 2831 5080; x_wconf 87' lang='lat'><strong>4.38.</strong></span> 
     </span>
    </p>
   </div>
   <div class='ocr_carea' id='block_1_115' title="bbox 240 5153 3497 5208">
    <p class='ocr_par' dir='ltr' id='par_1_115' title="bbox 240 5153 3497 5208">
     <span class='ocr_line' id='line_1_118' title="bbox 240 5153 3497 5208; baseline 0.001 -4"><span class='ocrx_word' id='word_1_811' title='bbox 240 5153 405 5204; x_wconf 76' lang='lat' dir='ltr'><strong>Radix</strong></span> <span class='ocrx_word' id='word_1_812' title='bbox 435 5167 688 5206; x_wconf 84' lang='lat' dir='ltr'><strong>annorum</strong></span> <span class='ocrx_word' id='word_1_813' title='bbox 796 5157 845 5206; x_wconf 90' lang='lat'><strong>9.</strong></span> <span class='ocrx_word' id='word_1_814' title='bbox 873 5155 1091 5205; x_wconf 91' lang='lat'><strong>7.38.50.</strong></span> <span class='ocrx_word' id='word_1_815' title='bbox 1411 5153 1677 5205; x_wconf 85' lang='lat'><strong>2.8.18.45.</strong></span> <span class='ocrx_word' id='word_1_816' title='bbox 1989 5156 2038 5204; x_wconf 94' lang='lat'><strong>9.</strong></span> <span class='ocrx_word' id='word_1_817' title='bbox 2069 5155 2282 5204; x_wconf 81' lang='lat'><strong>4.53.43.</strong></span> <span class='ocrx_word' id='word_1_818' title='bbox 2537 5153 2584 5203; x_wconf 90' lang='lat'><strong>8.</strong></span> <span class='ocrx_word' id='word_1_819' title='bbox 2614 5154 2830 5205; x_wconf 86' lang='lat'><strong>9.50.13.</strong></span> <span class='ocrx_word' id='word_1_820' title='bbox 3204 5157 3332 5208; x_wconf 87' lang='lat'><strong>1.29.</strong></span> <span class='ocrx_word' id='word_1_821' title='bbox 3371 5157 3497 5208; x_wconf 91' lang='lat'><strong>1.30.</strong></span> 
     </span>
    </p>
   </div>
   <div class='ocr_carea' id='block_1_116' title="bbox 301 5217 2284 5269">
    <p class='ocr_par' dir='ltr' id='par_1_116' title="bbox 301 5217 2284 5269">
     <span class='ocr_line' id='line_1_119' title="bbox 301 5217 2284 5269; baseline 0 -3"><span class='ocrx_word' id='word_1_822' title='bbox 301 5217 628 5266; x_wconf 83' lang='lat' dir='ltr'><strong>Julianorum</strong></span> <span class='ocrx_word' id='word_1_823' title='bbox 796 5219 845 5268; x_wconf 91' lang='lat'><strong>2.</strong></span> <span class='ocrx_word' id='word_1_824' title='bbox 873 5217 1087 5269; x_wconf 71' lang='lat'><strong>8.18.15.</strong></span> <span class='ocrx_word' id='word_1_825' title='bbox 1983 5217 2030 5267; x_wconf 90' lang='lat'><strong>8.</strong></span> <span class='ocrx_word' id='word_1_826' title='bbox 2067 5217 2284 5268; x_wconf 87' lang='lat'><strong>9.50.13.</strong></span> 
     </span>
    </p>
   </div>
   <div class='ocr_carea' id='block_1_117' title="bbox 309 5281 618 5330">
    <p class='ocr_par' dir='ltr' id='par_1_117' title="bbox 309 5281 618 5330">
     <span class='ocr_line' id='line_1_120' title="bbox 309 5281 618 5330; baseline 0.01 -3"><span class='ocrx_word' id='word_1_827' title='bbox 309 5281 618 5330; x_wconf 77' lang='lat' dir='ltr'><strong>ineuntium.</strong></span> 
     </span>
    </p>
   </div>
   <div class='ocr_carea' id='block_1_118' title="bbox 323 5401 2848 5456">
    <p class='ocr_par' dir='ltr' id='par_1_118' title="bbox 323 5401 2848 5456">
     <span class='ocr_line' id='line_1_121' title="bbox 323 5401 2848 5456; baseline 0.001 -5"><span class='ocrx_word' id='word_1_828' title='bbox 323 5401 598 5451; x_wconf 80' lang='lat' dir='ltr'><strong>Anomalia</strong></span> <span class='ocrx_word' id='word_1_829' title='bbox 793 5405 1008 5456; x_wconf 88' lang='lat'><strong>6.29.20.</strong></span> <span class='ocrx_word' id='word_1_830' title='bbox 1043 5406 1090 5455; x_wconf 83' lang='lat'><strong>5.</strong></span> <span class='ocrx_word' id='word_1_831' title='bbox 1987 5404 2118 5456; x_wconf 77' lang='lat'><strong>0.25.</strong></span> <span class='ocrx_word' id='word_1_832' title='bbox 2149 5404 2280 5455; x_wconf 87' lang='lat'><strong>3.30.</strong></span> <span class='ocrx_word' id='word_1_833' title='bbox 2493 5405 2684 5454; x_wconf 82' lang='lat' dir='ltr'><strong>Anom.</strong></span> <span class='ocrx_word' id='word_1_834' title='bbox 2710 5403 2848 5454; x_wconf 60' lang='lat' dir='ltr'><strong>lunas</strong></span> 
     </span>
    </p>
   </div>
   <div class='ocr_carea' id='block_1_119' title="bbox 393 5462 2864 5519">
    <p class='ocr_par' dir='ltr' id='par_1_119' title="bbox 393 5462 2864 5519">
     <span class='ocr_line' id='line_1_122' title="bbox 393 5462 2864 5519; baseline 0.002 -6"><span class='ocrx_word' id='word_1_835' title='bbox 393 5462 536 5513; x_wconf 85' lang='lat' dir='ltr'><strong>Solis</strong></span> <span class='ocrx_word' id='word_1_836' title='bbox 2493 5467 2664 5517; x_wconf 81' lang='lat' dir='ltr'><strong>Prost.</strong></span> <span class='ocrx_word' id='word_1_837' title='bbox 2700 5467 2864 5519; x_wconf 78' lang='lat' dir='ltr'><strong>subtr.</strong></span> 
     </span>
    </p>
   </div>
   <div class='ocr_carea' id='block_1_120' title="bbox 239 5587 2921 5651">
    <p class='ocr_par' dir='ltr' id='par_1_120' title="bbox 239 5587 2921 5651">
     <span class='ocr_line' id='line_1_123' title="bbox 239 5587 2921 5651; baseline 0.001 -13"><span class='ocrx_word' id='word_1_838' title='bbox 239 5587 512 5651; x_wconf 83' lang='lat' dir='ltr'><strong>Prostaph.</strong></span> <span class='ocrx_word' id='word_1_839' title='bbox 558 5588 682 5651; x_wconf 72' lang='lat' dir='ltr'><strong>add.</strong></span> <span class='ocrx_word' id='word_1_840' title='bbox 787 5590 831 5639; x_wconf 93' lang='lat'><strong>0.</strong></span> <span class='ocrx_word' id='word_1_841' title='bbox 870 5590 1084 5640; x_wconf 82' lang='lat'><strong>0.57.52.</strong></span> <span class='ocrx_word' id='word_1_842' title='bbox 2077 5594 2124 5641; x_wconf 88' lang='lat'><strong>2.</strong></span> <span class='ocrx_word' id='word_1_843' title='bbox 2150 5592 2282 5642; x_wconf 83' lang='lat'><strong>2.40.</strong></span> <span class='ocrx_word' id='word_1_844' title='bbox 2497 5605 2559 5642; x_wconf 80' lang='lat' dir='ltr'><strong>ex</strong></span> <span class='ocrx_word' id='word_1_845' title='bbox 2591 5591 2708 5640; x_wconf 89' lang='lat' dir='ltr'><strong>loco</strong></span> <span class='ocrx_word' id='word_1_846' title='bbox 2733 5592 2868 5642; x_wconf 66' lang='lat' dir='ltr'><strong>luna:</strong></span> <span class='ocrx_word' id='word_1_847' title='bbox 2919 5627 2921 5630; x_wconf 62' lang='grc'>‹</span> 
     </span>
    </p>
   </div>
   <div class='ocr_carea' id='block_1_121' title="bbox 300 5650 2798 5706">
    <p class='ocr_par' dir='ltr' id='par_1_121' title="bbox 300 5650 2798 5706">
     <span class='ocr_line' id='line_1_124' title="bbox 300 5650 2798 5706; baseline 0.002 -5"><span class='ocrx_word' id='word_1_848' title='bbox 300 5650 442 5701; x_wconf 80' lang='lat' dir='ltr'><strong>Loco</strong></span> <span class='ocrx_word' id='word_1_849' title='bbox 481 5650 622 5700; x_wconf 88' lang='lat' dir='ltr'><strong>Solis</strong></span> <span class='ocrx_word' id='word_1_850' title='bbox 784 5653 831 5702; x_wconf 89' lang='lat'><strong>9.</strong></span> <span class='ocrx_word' id='word_1_851' title='bbox 863 5653 1081 5706; x_wconf 86' lang='lat'><strong>7.38.50.</strong></span> <span class='ocrx_word' id='word_1_852' title='bbox 1989 5656 2037 5705; x_wconf 91' lang='lat'><strong>9.</strong></span> <span class='ocrx_word' id='word_1_853' title='bbox 2074 5655 2288 5705; x_wconf 81' lang='lat'><strong>4.53.43.</strong></span> <span class='ocrx_word' id='word_1_854' title='bbox 2607 5655 2798 5705; x_wconf 87' lang='lat' dir='ltr'><strong>medio.</strong></span> 
     </span>
    </p>
   </div>
   <div class='ocr_carea' id='block_1_122' title="bbox 378 5714 568 5762">
    <p class='ocr_par' dir='ltr' id='par_1_122' title="bbox 378 5714 568 5762">
     <span class='ocr_line' id='line_1_125' title="bbox 378 5714 568 5762; baseline 0 0"><span class='ocrx_word' id='word_1_855' title='bbox 378 5714 568 5762; x_wconf 87' lang='lat' dir='ltr'><strong>medio.</strong></span> 
     </span>
    </p>
   </div>
   <div class='ocr_carea' id='block_1_123' title="bbox 302 5837 2840 5893">
    <p class='ocr_par' dir='ltr' id='par_1_123' title="bbox 302 5837 2840 5893">
     <span class='ocr_line' id='line_1_126' title="bbox 302 5837 2840 5893; baseline 0.002 -5"><span class='ocrx_word' id='word_1_856' title='bbox 302 5837 621 5889; x_wconf 81' lang='lat' dir='ltr'><strong>LocusSolis</strong></span> <span class='ocrx_word' id='word_1_857' title='bbox 793 5841 842 5889; x_wconf 91' lang='lat'><strong>9.</strong></span> <span class='ocrx_word' id='word_1_858' title='bbox 873 5839 1085 5891; x_wconf 81' lang='lat'><strong>8.36.42.</strong></span> <span class='ocrx_word' id='word_1_859' title='bbox 1995 5843 2042 5893; x_wconf 87' lang='lat'><strong>9.</strong></span> <span class='ocrx_word' id='word_1_860' title='bbox 2073 5842 2204 5893; x_wconf 86' lang='lat'><strong>2.51.</strong></span> <span class='ocrx_word' id='word_1_861' title='bbox 2240 5843 2287 5892; x_wconf 90' lang='lat'><strong>3.</strong></span> <span class='ocrx_word' id='word_1_862' title='bbox 2507 5841 2678 5892; x_wconf 81' lang='lat' dir='ltr'><strong>Locus</strong></span> <span class='ocrx_word' id='word_1_863' title='bbox 2705 5841 2840 5892; x_wconf 67' lang='lat' dir='ltr'><strong>lunae</strong></span> 
     </span>
    </p>
   </div>
   <div class='ocr_carea' id='block_1_124' title="bbox 371 5915 2749 5956">
    <p class='ocr_par' dir='ltr' id='par_1_124' title="bbox 371 5915 2749 5956">
     <span class='ocr_line' id='line_1_127' title="bbox 371 5915 2749 5956; baseline 0.002 -4"><span class='ocrx_word' id='word_1_864' title='bbox 371 5915 541 5954; x_wconf 62' lang='grc' dir='ltr'><strong>νοτυς.</strong></span> <span class='ocrx_word' id='word_1_865' title='bbox 2580 5917 2749 5956; x_wconf 82' lang='lat' dir='ltr'><strong>verus.</strong></span> 
     </span>
    </p>
   </div>
  </div>
