  <div class='ocr_page' id='page_1' title='image "/cluster/home/n/w/nwhite01/storage/ocr_20150623/127/hvd.32044054759881/787.png"; bbox 0 0 4072 6176; ppageno 0'>
   <div class='ocr_carea' id='block_1_1' title="bbox 401 317 542 382">
    <p class='ocr_par' dir='ltr' id='par_1_1' title="bbox 401 317 542 382">
     <span class='ocr_line' id='line_1_1' title="bbox 401 317 542 382; baseline 0.021 -3"><span class='ocrx_word' id='word_1_1' title='bbox 401 317 542 382; x_wconf 71' lang='grc'><strong>1663</strong></span> 
     </span>
    </p>
   </div>
   <div class='ocr_carea' id='block_1_2' title="bbox 957 438 1850 493">
    <p class='ocr_par' dir='ltr' id='par_1_2' title="bbox 957 438 1850 493">
     <span class='ocr_line' id='line_1_2' title="bbox 957 438 1850 493; baseline 0.002 -2"><span class='ocrx_word' id='word_1_2' title='bbox 957 438 1132 491; x_wconf 87' lang='lat' dir='ltr'><strong>Locus</strong></span> <span class='ocrx_word' id='word_1_3' title='bbox 1167 438 1308 491; x_wconf 89' lang='lat' dir='ltr'><strong>Solis</strong></span> <span class='ocrx_word' id='word_1_4' title='bbox 1336 439 1539 489; x_wconf 87' lang='lat' dir='ltr'><strong>medius</strong></span> <span class='ocrx_word' id='word_1_5' title='bbox 1577 439 1850 493; x_wconf 76' lang='lat'><strong>9.7.38.50.</strong></span> 
     </span>
    </p>
   </div>
   <div class='ocr_carea' id='block_1_3' title="bbox 940 501 1853 553">
    <p class='ocr_par' dir='ltr' id='par_1_3' title="bbox 940 501 1853 553">
     <span class='ocr_line' id='line_1_3' title="bbox 940 501 1853 553; baseline -0.002 0"><span class='ocrx_word' id='word_1_6' title='bbox 940 501 1112 553; x_wconf 88' lang='lat' dir='ltr'><strong>Locus</strong></span> <span class='ocrx_word' id='word_1_7' title='bbox 1158 501 1293 552; x_wconf 70' lang='lat' dir='ltr'><strong>lunae</strong></span> <span class='ocrx_word' id='word_1_8' title='bbox 1328 502 1530 552; x_wconf 89' lang='lat' dir='ltr'><strong>medius</strong></span> <span class='ocrx_word' id='word_1_9' title='bbox 1573 501 1853 552; x_wconf 86' lang='lat'><strong>9.4.53.43.</strong></span> 
     </span>
    </p>
   </div>
   <div class='ocr_carea' id='block_1_4' title="bbox 801 591 1848 643">
    <p class='ocr_par' dir='ltr' id='par_1_4' title="bbox 801 591 1848 643">
     <span class='ocr_line' id='line_1_4' title="bbox 801 591 1848 643; baseline -0.004 0"><span class='ocrx_word' id='word_1_10' title='bbox 801 592 1053 643; x_wconf 87' lang='lat' dir='ltr'><strong>Distantia</strong></span> <span class='ocrx_word' id='word_1_11' title='bbox 1082 591 1218 642; x_wconf 63' lang='lat' dir='ltr'><strong>lunae</strong></span> <span class='ocrx_word' id='word_1_12' title='bbox 1244 605 1274 642; x_wconf 90' lang='lat' dir='ltr'><strong>a</strong></span> <span class='ocrx_word' id='word_1_13' title='bbox 1293 592 1403 642; x_wconf 90' lang='lat' dir='ltr'><strong>sole</strong></span> <span class='ocrx_word' id='word_1_14' title='bbox 1423 592 1558 642; x_wconf 75' lang='lat' dir='ltr'><strong>med.</strong></span> <span class='ocrx_word' id='word_1_15' title='bbox 1581 591 1764 642; x_wconf 86' lang='lat'><strong>0.2.45.</strong></span> <span class='ocrx_word' id='word_1_16' title='bbox 1820 591 1848 639; x_wconf 88' lang='lat'><strong>7</strong></span> 
     </span>
    </p>
   </div>
   <div class='ocr_carea' id='block_1_5' title="bbox 1623 315 2565 377">
    <p class='ocr_par' dir='ltr' id='par_1_5' title="bbox 1623 315 2565 377">
     <span class='ocr_line' id='line_1_5' title="bbox 1623 315 2565 377; baseline -0.001 -2"><span class='ocrx_word' id='word_1_17' title='bbox 1623 315 1984 376; x_wconf 73' lang='lat' dir='ltr'><strong>ANASTASII</strong></span> <span class='ocrx_word' id='word_1_18' title='bbox 2021 316 2565 377; x_wconf 79' lang='lat' dir='ltr'><strong>BIBLIOTHECABII</strong></span> 
     </span>
    </p>
   </div>
   <div class='ocr_carea' id='block_1_6' title="bbox 3667 321 3795 382">
    <p class='ocr_par' dir='ltr' id='par_1_6' title="bbox 3667 321 3795 382">
     <span class='ocr_line' id='line_1_6' title="bbox 3667 321 3795 382; baseline 0.016 -2"><span class='ocrx_word' id='word_1_19' title='bbox 3667 321 3795 382; x_wconf 74' lang='lat'><strong>4564</strong></span> 
     </span>
    </p>
   </div>
   <div class='ocr_carea' id='block_1_7' title="bbox 2411 440 3246 494">
    <p class='ocr_par' dir='ltr' id='par_1_7' title="bbox 2411 440 3246 494">
     <span class='ocr_line' id='line_1_7' title="bbox 2411 440 3246 494; baseline 0.001 -3"><span class='ocrx_word' id='word_1_20' title='bbox 2411 440 2584 491; x_wconf 87' lang='lat' dir='ltr'><strong>Locus</strong></span> <span class='ocrx_word' id='word_1_21' title='bbox 2613 441 2741 492; x_wconf 90' lang='lat' dir='ltr'><strong>solis</strong></span> <span class='ocrx_word' id='word_1_22' title='bbox 2787 455 2940 492; x_wconf 88' lang='lat' dir='ltr'><strong>verus</strong></span> <span class='ocrx_word' id='word_1_23' title='bbox 2969 441 3246 494; x_wconf 81' lang='lat'><strong>9.8.36.42.</strong></span> 
     </span>
    </p>
   </div>
   <div class='ocr_carea' id='block_1_8' title="bbox 2408 502 3240 556">
    <p class='ocr_par' dir='ltr' id='par_1_8' title="bbox 2408 502 3240 556">
     <span class='ocr_line' id='line_1_8' title="bbox 2408 502 3240 556; baseline 0.002 -2"><span class='ocrx_word' id='word_1_24' title='bbox 2408 502 2577 554; x_wconf 90' lang='lat' dir='ltr'><strong>Locus</strong></span> <span class='ocrx_word' id='word_1_25' title='bbox 2610 504 2745 554; x_wconf 57' lang='lat' dir='ltr'><strong>lunas</strong></span> <span class='ocrx_word' id='word_1_26' title='bbox 2783 518 2935 555; x_wconf 86' lang='lat' dir='ltr'><strong>verus</strong></span> <span class='ocrx_word' id='word_1_27' title='bbox 2971 505 3152 554; x_wconf 78' lang='lat'><strong>9.2.54.</strong></span> <span class='ocrx_word' id='word_1_28' title='bbox 3192 508 3240 556; x_wconf 85' lang='lat'><strong>3.</strong></span> 
     </span>
    </p>
   </div>
   <div class='ocr_carea' id='block_1_9' title="bbox 2814 597 3237 646">
    <p class='ocr_par' dir='ltr' id='par_1_9' title="bbox 2814 597 3237 646">
     <span class='ocr_line' id='line_1_9' title="bbox 2814 597 3237 646; baseline 0.007 -3"><span class='ocrx_word' id='word_1_29' title='bbox 2814 609 2937 645; x_wconf 89' lang='lat' dir='ltr'><strong>vera</strong></span> <span class='ocrx_word' id='word_1_30' title='bbox 2970 597 3237 646; x_wconf 85' lang='lat'><strong>0.5.45.39.</strong></span> 
     </span>
    </p>
   </div>
   <div class='ocr_carea' id='block_1_10' title="bbox 2972 577 3246 591">
    <p class='ocr_par' dir='ltr' id='par_1_10' title="bbox 2972 577 3246 591">
     <span class='ocr_line' id='line_1_10' title="bbox 2972 577 3246 591; baseline 0.011 -3"><span class='ocrx_word' id='word_1_31' title='bbox 2972 577 3246 591; x_wconf 74' lang='lat'><strong>_—</strong></span> 
     </span>
    </p>
   </div>
   <div class='ocr_carea' id='block_1_11' title="bbox 924 670 3286 735">
    <p class='ocr_par' dir='ltr' id='par_1_11' title="bbox 924 670 3286 735">
     <span class='ocr_line' id='line_1_11' title="bbox 924 670 3286 735; baseline 0.001 -14"><span class='ocrx_word' id='word_1_32' title='bbox 924 672 1217 734; x_wconf 78' lang='lat' dir='ltr'><strong>Supersunt</strong></span> <span class='ocrx_word' id='word_1_33' title='bbox 1245 673 1309 720; x_wconf 87' lang='lat' dir='ltr'><strong>ad</strong></span> <span class='ocrx_word' id='word_1_34' title='bbox 1343 673 1596 735; x_wconf 81' lang='lat' dir='ltr'><strong>synodum</strong></span> <span class='ocrx_word' id='word_1_35' title='bbox 1629 671 1850 735; x_wconf 78' lang='lat' dir='ltr'><strong>mediam</strong></span> <span class='ocrx_word' id='word_1_36' title='bbox 1879 670 2019 735; x_wconf 69' lang='lat' dir='ltr'><strong>horae</strong></span> <span class='ocrx_word' id='word_1_37' title='bbox 2045 671 2073 718; x_wconf 84' lang='lat'><strong>5</strong></span> <span class='ocrx_word' id='word_1_38' title='bbox 2099 671 2150 719; x_wconf 85' lang='lat' dir='ltr'><strong>et</strong></span> <span class='ocrx_word' id='word_1_39' title='bbox 2169 670 2460 735; x_wconf 81' lang='lat' dir='ltr'><strong>minut.24.</strong></span> <span class='ocrx_word' id='word_1_40' title='bbox 2497 672 2579 722; x_wconf 81' lang='lat' dir='ltr'><strong>Ad</strong></span> <span class='ocrx_word' id='word_1_41' title='bbox 2604 686 2714 735; x_wconf 81' lang='lat' dir='ltr'><strong>syn.</strong></span> <span class='ocrx_word' id='word_1_42' title='bbox 2750 687 2925 723; x_wconf 84' lang='lat' dir='ltr'><strong>veram</strong></span> <span class='ocrx_word' id='word_1_43' title='bbox 2955 674 3096 724; x_wconf 71' lang='lat' dir='ltr'><strong>horas</strong></span> <span class='ocrx_word' id='word_1_44' title='bbox 3125 677 3286 726; x_wconf 78' lang='lat'><strong>44.45.</strong></span> 
     </span>
    </p>
   </div>
   <div class='ocr_carea' id='block_1_12' title="bbox 461 733 3781 806">
    <p class='ocr_par' dir='ltr' id='par_1_12' title="bbox 461 733 3781 806">
     <span class='ocr_line' id='line_1_12' title="bbox 461 733 3781 806; baseline 0.001 -21"><span class='ocrx_word' id='word_1_45' title='bbox 461 735 632 796; x_wconf 87' lang='lat' dir='ltr'><strong>Quare</strong></span> <span class='ocrx_word' id='word_1_46' title='bbox 649 734 969 806; x_wconf 62' lang='lat' dir='ltr'><strong>novilugium</strong></span> <span class='ocrx_word' id='word_1_47' title='bbox 998 733 1231 806; x_wconf 48' lang='lat' dir='ltr'><strong>inediam</strong></span> <span class='ocrx_word' id='word_1_48' title='bbox 1261 733 1479 794; x_wconf 81' lang='lat' dir='ltr'><strong>contigit</strong></span> <span class='ocrx_word' id='word_1_49' title='bbox 1503 733 1991 806; x_wconf 59' lang='lat' dir='ltr'><strong>KalendisJanuarii</strong></span> <span class='ocrx_word' id='word_1_50' title='bbox 2012 733 2338 806; x_wconf 56' lang='lat' dir='ltr'><strong>annoprimo</strong></span> <span class='ocrx_word' id='word_1_51' title='bbox 2358 734 2568 806; x_wconf 63' lang='lat' dir='ltr'><strong>ineunte</strong></span> <span class='ocrx_word' id='word_1_52' title='bbox 2590 733 2734 806; x_wconf 64' lang='lat' dir='ltr'><strong>novge</strong></span> <span class='ocrx_word' id='word_1_53' title='bbox 2761 738 3326 806; x_wconf 68' lang='lat' dir='ltr'><strong>ordinationisJulianze</strong></span> <span class='ocrx_word' id='word_1_54' title='bbox 3343 735 3463 806; x_wconf 71' lang='lat' dir='ltr'><strong>(qui</strong></span> <span class='ocrx_word' id='word_1_55' title='bbox 3475 742 3554 789; x_wconf 91' lang='lat' dir='ltr'><strong>est</strong></span> <span class='ocrx_word' id='word_1_56' title='bbox 3583 739 3642 789; x_wconf 85' lang='lat'><strong>45</strong></span> <span class='ocrx_word' id='word_1_57' title='bbox 3672 743 3781 789; x_wconf 78' lang='lat' dir='ltr'><strong>ante</strong></span> 
     </span>
    </p>
   </div>
   <div class='ocr_carea' id='block_1_13' title="bbox 800 795 3487 909">
    <p class='ocr_par' dir='ltr' id='par_1_13' title="bbox 800 795 3487 909">
     <span class='ocr_line' id='line_1_13' title="bbox 800 795 3487 858; baseline 0.001 -12"><span class='ocrx_word' id='word_1_58' title='bbox 800 796 977 846; x_wconf 66' lang='lat' dir='ltr'><strong>Eram</strong></span> <span class='ocrx_word' id='word_1_59' title='bbox 995 795 1182 847; x_wconf 81' lang='lat' dir='ltr'><strong>Christi</strong></span> <span class='ocrx_word' id='word_1_60' title='bbox 1204 797 1554 858; x_wconf 88' lang='lat' dir='ltr'><strong>communem)</strong></span> <span class='ocrx_word' id='word_1_61' title='bbox 1581 799 1698 858; x_wconf 90' lang='lat' dir='ltr'><strong>post</strong></span> <span class='ocrx_word' id='word_1_62' title='bbox 1719 796 1989 844; x_wconf 89' lang='lat' dir='ltr'><strong>meridiem</strong></span> <span class='ocrx_word' id='word_1_63' title='bbox 2012 795 2224 844; x_wconf 77' lang='lat' dir='ltr'><strong>Parisiis</strong></span> <span class='ocrx_word' id='word_1_64' title='bbox 2253 795 2378 845; x_wconf 83' lang='lat' dir='ltr'><strong>hora</strong></span> <span class='ocrx_word' id='word_1_65' title='bbox 2405 799 2452 846; x_wconf 91' lang='lat'><strong>5.</strong></span> <span class='ocrx_word' id='word_1_66' title='bbox 2482 798 2560 846; x_wconf 88' lang='lat'><strong>24.</strong></span> <span class='ocrx_word' id='word_1_67' title='bbox 2630 801 2711 846; x_wconf 88' lang='lat' dir='ltr'><strong>ost</strong></span> <span class='ocrx_word' id='word_1_68' title='bbox 2733 800 2999 848; x_wconf 84' lang='lat' dir='ltr'><strong>meridiem</strong></span> <span class='ocrx_word' id='word_1_69' title='bbox 3026 802 3203 850; x_wconf 67' lang='lat' dir='ltr'><strong>Roma:</strong></span> <span class='ocrx_word' id='word_1_70' title='bbox 3227 795 3357 850; x_wconf 75' lang='lat' dir='ltr'><strong>hora</strong></span> <span class='ocrx_word' id='word_1_71' title='bbox 3376 795 3487 850; x_wconf 64' lang='lat'><strong>6.6.</strong></span> 
     </span>
     <span class='ocr_line' id='line_1_14' title="bbox 1083 812 3158 909; baseline 0 -1"><span class='ocrx_word' id='word_1_72' title='bbox 1083 859 1146 908; x_wconf 87' lang='lat' dir='ltr'><strong>Et</strong></span> <span class='ocrx_word' id='word_1_73' title='bbox 1179 859 1503 908; x_wconf 90' lang='lat' dir='ltr'><strong>novilunium</strong></span> <span class='ocrx_word' id='word_1_74' title='bbox 1546 872 1748 909; x_wconf 90' lang='lat' dir='ltr'><strong>verum.</strong></span> <span class='ocrx_word' id='word_1_75' title='bbox 1786 863 1912 907; x_wconf 83' lang='lat' dir='ltr'><strong>hora</strong></span> <span class='ocrx_word' id='word_1_76' title='bbox 1934 872 1984 909; x_wconf 78' lang='grc' dir='ltr'><strong>ι).</strong></span> <span class='ocrx_word' id='word_1_77' title='bbox 2019 871 2088 906; x_wconf 90' lang='lat' dir='ltr'><strong>m.</strong></span> <span class='ocrx_word' id='word_1_78' title='bbox 2122 857 2334 907; x_wconf 83' lang='lat' dir='ltr'><strong>Parisiis</strong></span> <span class='ocrx_word' id='word_1_79' title='bbox 2362 860 2440 907; x_wconf 92' lang='grc'><strong>11.</strong></span> <span class='ocrx_word' id='word_1_80' title='bbox 2468 861 2546 909; x_wconf 89' lang='grc'><strong>35.</strong></span> <span class='ocrx_word' id='word_1_81' title='bbox 2580 812 2759 909; x_wconf 50' lang='lat' dir='ltr'><strong>Koma:</strong></span> <span class='ocrx_word' id='word_1_82' title='bbox 2791 864 2865 909; x_wconf 82' lang='lat' dir='ltr'><strong>i2.</strong></span> <span class='ocrx_word' id='word_1_83' title='bbox 2891 864 2964 909; x_wconf 87' lang='grc'><strong>17.</strong></span> <span class='ocrx_word' id='word_1_84' title='bbox 2998 876 3049 909; x_wconf 89' lang='lat' dir='ltr'><strong>n.</strong></span> <span class='ocrx_word' id='word_1_85' title='bbox 3082 877 3158 909; x_wconf 90' lang='lat' dir='ltr'><strong>m.</strong></span> 
     </span>
    </p>
   </div>
   <div class='ocr_carea' id='block_1_14' title="bbox 1083 857 2546 920">
    <p class='ocr_par' dir='ltr' id='par_1_14' title="bbox 1083 857 2546 920">
     <span class='ocr_line' id='line_1_15' title="bbox 1083 857 2546 920; baseline 0 -12"><span class='ocrx_word' id='word_1_86' title='bbox 1083 859 1146 908; x_wconf 87' lang='lat' dir='ltr'><strong>Et</strong></span> <span class='ocrx_word' id='word_1_87' title='bbox 1179 859 1503 908; x_wconf 90' lang='lat' dir='ltr'><strong>novilunium</strong></span> <span class='ocrx_word' id='word_1_88' title='bbox 1546 857 1748 917; x_wconf 83' lang='lat' dir='ltr'><strong>verum,</strong></span> <span class='ocrx_word' id='word_1_89' title='bbox 1786 863 1912 907; x_wconf 83' lang='lat' dir='ltr'><strong>hora</strong></span> <span class='ocrx_word' id='word_1_90' title='bbox 1934 872 1984 920; x_wconf 91' lang='lat' dir='ltr'><strong>p.</strong></span> <span class='ocrx_word' id='word_1_91' title='bbox 2019 871 2088 906; x_wconf 84' lang='lat' dir='ltr'><strong>In.</strong></span> <span class='ocrx_word' id='word_1_92' title='bbox 2122 857 2334 907; x_wconf 83' lang='lat' dir='ltr'><strong>Parisiis</strong></span> <span class='ocrx_word' id='word_1_93' title='bbox 2362 860 2440 907; x_wconf 92' lang='grc'><strong>11.</strong></span> <span class='ocrx_word' id='word_1_94' title='bbox 2468 861 2546 910; x_wconf 89' lang='grc'><strong>35.</strong></span> 
     </span>
    </p>
   </div>
   <div class='ocr_carea' id='block_1_15' title="bbox 2629 864 3158 924">
    <p class='ocr_par' dir='ltr' id='par_1_15' title="bbox 2629 864 3158 924">
     <span class='ocr_line' id='line_1_16' title="bbox 2629 864 3158 924; baseline 0.006 -16"><span class='ocrx_word' id='word_1_95' title='bbox 2629 873 2759 910; x_wconf 59' lang='lat' dir='ltr'><strong>omne</strong></span> <span class='ocrx_word' id='word_1_96' title='bbox 2791 864 2865 910; x_wconf 82' lang='lat' dir='ltr'><strong>i2.</strong></span> <span class='ocrx_word' id='word_1_97' title='bbox 2891 864 2964 912; x_wconf 87' lang='grc'><strong>17.</strong></span> <span class='ocrx_word' id='word_1_98' title='bbox 2998 876 3049 924; x_wconf 92' lang='lat' dir='ltr'><strong>p.</strong></span> <span class='ocrx_word' id='word_1_99' title='bbox 3082 877 3158 911; x_wconf 93' lang='lat' dir='ltr'><strong>m.</strong></span> 
     </span>
    </p>
   </div>
   <div class='ocr_carea' id='block_1_16' title="bbox 473 973 3791 1052">
    <p class='ocr_par' dir='ltr' id='par_1_16' title="bbox 473 973 3791 1052">
     <span class='ocr_line' id='line_1_17' title="bbox 473 973 3791 1052; baseline 0.003 -23"><span class='ocrx_word' id='word_1_100' title='bbox 473 974 858 1052; x_wconf 50' lang='lat' dir='ltr'><strong>Pragmittatur</strong></span> <span class='ocrx_word' id='word_1_101' title='bbox 888 973 1336 1052; x_wconf 78' lang='lat' dir='ltr'><strong>h_isce_annis_4_5</strong></span> <span class='ocrx_word' id='word_1_102' title='bbox 1357 976 1627 1052; x_wconf 64' lang='lat' dir='ltr'><strong>lulianis,</strong></span> <span class='ocrx_word' id='word_1_103' title='bbox 1656 975 1970 1052; x_wconf 72' lang='lat' dir='ltr'><strong>fluentibus</strong></span> <span class='ocrx_word' id='word_1_104' title='bbox 2007 987 2040 1029; x_wconf 88' lang='lat' dir='ltr'><strong>a</strong></span> <span class='ocrx_word' id='word_1_105' title='bbox 2071 974 2129 1036; x_wconf 89' lang='lat' dir='ltr'><strong>A</strong></span> <span class='ocrx_word' id='word_1_106' title='bbox 2154 978 2320 1052; x_wconf 74' lang='lat' dir='ltr'><strong>gnata</strong></span> <span class='ocrx_word' id='word_1_107' title='bbox 2345 976 2575 1052; x_wconf 82' lang='lat' dir='ltr'><strong>n_omina</strong></span> <span class='ocrx_word' id='word_1_108' title='bbox 2589 977 2890 1034; x_wconf 89' lang='lat' dir='ltr'><strong>consulum</strong></span> <span class='ocrx_word' id='word_1_109' title='bbox 2903 979 3302 1048; x_wconf 88' lang='lat' dir='ltr'><strong>acdictatoris,</strong></span> <span class='ocrx_word' id='word_1_110' title='bbox 3328 981 3791 1052; x_wconf 87' lang='lat' dir='ltr'><strong>eidemqneanno</strong></span> 
     </span>
    </p>
   </div>
   <div class='ocr_carea' id='block_1_17' title="bbox 401 1047 2041 1104">
    <p class='ocr_par' dir='ltr' id='par_1_17' title="bbox 401 1047 2041 1104">
     <span class='ocr_line' id='line_1_18' title="bbox 401 1047 2041 1104; baseline -0.001 -2"><span class='ocrx_word' id='word_1_111' title='bbox 401 1059 545 1102; x_wconf 91' lang='lat' dir='ltr'><strong>nova</strong></span> <span class='ocrx_word' id='word_1_112' title='bbox 564 1047 1178 1104; x_wconf 65' lang='lat' dir='ltr'><strong>Caasarisordinatione</strong></span> <span class='ocrx_word' id='word_1_113' title='bbox 1199 1049 1267 1103; x_wconf 90' lang='lat' dir='ltr'><strong>ad</strong></span> <span class='ocrx_word' id='word_1_114' title='bbox 1299 1047 1534 1103; x_wconf 92' lang='lat' dir='ltr'><strong>initium</strong></span> <span class='ocrx_word' id='word_1_115' title='bbox 1549 1061 1674 1103; x_wconf 65' lang='lat' dir='ltr'><strong>mra:</strong></span> <span class='ocrx_word' id='word_1_116' title='bbox 1699 1047 2041 1102; x_wconf 68' lang='lat' dir='ltr'><strong>Christiana:</strong></span> 
     </span>
    </p>
   </div>
   <div class='ocr_carea' id='block_1_18' title="bbox 399 1117 2044 1201">
    <p class='ocr_par' dir='ltr' id='par_1_18' title="bbox 399 1117 2044 1201">
     <span class='ocr_line' id='line_1_19' title="bbox 399 1117 2044 1201; baseline -0.001 -29"><span class='ocrx_word' id='word_1_117' title='bbox 399 1117 1552 1201; x_wconf 34' lang='lat' dir='ltr'><strong>aliud‘quinquenn‘iumJulianumk’q&#39;uod</strong></span> <span class='ocrx_word' id='word_1_118' title='bbox 1591 1118 1901 1201; x_wconf 73' lang='lat' dir='ltr'><strong>proleptice</strong></span> <span class='ocrx_word' id='word_1_119' title='bbox 1927 1132 2044 1201; x_wconf 78' lang='lat' dir='ltr'><strong>nu-</strong></span> 
     </span>
    </p>
   </div>
   <div class='ocr_carea' id='block_1_19' title="bbox 401 1188 2042 1261">
    <p class='ocr_par' dir='ltr' id='par_1_19' title="bbox 401 1188 2042 1261">
     <span class='ocr_line' id='line_1_20' title="bbox 401 1188 2042 1261; baseline 0 -17"><span class='ocrx_word' id='word_1_120' title='bbox 401 1188 748 1261; x_wconf 83' lang='lat' dir='ltr'><strong>merabimus</strong></span> <span class='ocrx_word' id='word_1_121' title='bbox 763 1203 859 1260; x_wconf 91' lang='lat' dir='ltr'><strong>per</strong></span> <span class='ocrx_word' id='word_1_122' title='bbox 881 1191 1007 1246; x_wconf 89' lang='lat' dir='ltr'><strong>dies</strong></span> <span class='ocrx_word' id='word_1_123' title='bbox 1021 1191 1333 1261; x_wconf 88' lang='lat' dir='ltr'><strong>quinquies</strong></span> <span class='ocrx_word' id='word_1_124' title='bbox 1357 1188 1481 1256; x_wconf 80' lang='lat'><strong>365,</strong></span> <span class='ocrx_word' id='word_1_125' title='bbox 1510 1204 1637 1246; x_wconf 88' lang='lat' dir='ltr'><strong>cum</strong></span> <span class='ocrx_word' id='word_1_126' title='bbox 1653 1191 2042 1261; x_wconf 78' lang='lat' dir='ltr'><strong>additamento</strong></span> 
     </span>
    </p>
   </div>
   <div class='ocr_carea' id='block_1_20' title="bbox 399 1259 2042 1330">
    <p class='ocr_par' dir='ltr' id='par_1_20' title="bbox 399 1259 2042 1330">
     <span class='ocr_line' id='line_1_21' title="bbox 399 1259 2042 1330; baseline -0.001 -14"><span class='ocrx_word' id='word_1_127' title='bbox 399 1260 578 1316; x_wconf 89' lang='lat' dir='ltr'><strong>unius</strong></span> <span class='ocrx_word' id='word_1_128' title='bbox 600 1259 942 1330; x_wconf 90' lang='lat' dir='ltr'><strong>bissextilis,</strong></span> <span class='ocrx_word' id='word_1_129' title='bbox 977 1259 1174 1330; x_wconf 77' lang='lat' dir='ltr'><strong>nempe</strong></span> <span class='ocrx_word' id='word_1_130' title='bbox 1188 1259 1325 1317; x_wconf 83' lang='lat' dir='ltr'><strong>dies</strong></span> <span class='ocrx_word' id='word_1_131' title='bbox 1350 1266 1721 1316; x_wconf 76' lang='lat' dir='ltr'><strong>assumantur</strong></span> <span class='ocrx_word' id='word_1_132' title='bbox 1742 1259 1878 1316; x_wconf 80' lang='lat'><strong>4826</strong></span> <span class='ocrx_word' id='word_1_133' title='bbox 1905 1273 2042 1330; x_wconf 82' lang='lat' dir='ltr'><strong>pro-</strong></span> 
     </span>
    </p>
   </div>
   <div class='ocr_carea' id='block_1_21' title="bbox 398 1330 2036 1401">
    <p class='ocr_par' dir='ltr' id='par_1_21' title="bbox 398 1330 2036 1401">
     <span class='ocr_line' id='line_1_22' title="bbox 398 1330 2036 1401; baseline 0 -15"><span class='ocrx_word' id='word_1_134' title='bbox 398 1330 551 1387; x_wconf 82' lang='lat' dir='ltr'><strong>xime</strong></span> <span class='ocrx_word' id='word_1_135' title='bbox 578 1333 958 1401; x_wconf 67' lang='lat' dir='ltr'><strong>praacedentes</strong></span> <span class='ocrx_word' id='word_1_136' title='bbox 976 1332 1256 1388; x_wconf 80' lang='lat' dir='ltr'><strong>Kalendas</strong></span> <span class='ocrx_word' id='word_1_137' title='bbox 1279 1333 1562 1396; x_wconf 84' lang='lat' dir='ltr'><strong>Januarii,</strong></span> <span class='ocrx_word' id='word_1_138' title='bbox 1601 1333 1812 1401; x_wconf 90' lang='lat' dir='ltr'><strong>primas</strong></span> <span class='ocrx_word' id='word_1_139' title='bbox 1849 1331 2036 1386; x_wconf 87' lang='lat' dir='ltr'><strong>Julia-</strong></span> 
     </span>
    </p>
   </div>
   <div class='ocr_carea' id='block_1_22' title="bbox 400 1403 2041 1472">
    <p class='ocr_par' dir='ltr' id='par_1_22' title="bbox 400 1403 2041 1472">
     <span class='ocr_line' id='line_1_23' title="bbox 400 1403 2041 1472; baseline 0 -16"><span class='ocrx_word' id='word_1_140' title='bbox 400 1415 524 1470; x_wconf 91' lang='lat' dir='ltr'><strong>nas,</strong></span> <span class='ocrx_word' id='word_1_141' title='bbox 561 1403 803 1459; x_wconf 89' lang='lat' dir='ltr'><strong>ferentes</strong></span> <span class='ocrx_word' id='word_1_142' title='bbox 838 1403 1197 1458; x_wconf 90' lang='lat' dir='ltr'><strong>novilunium</strong></span> <span class='ocrx_word' id='word_1_143' title='bbox 1226 1403 1475 1458; x_wconf 90' lang='lat' dir='ltr'><strong>medium</strong></span> <span class='ocrx_word' id='word_1_144' title='bbox 1504 1409 1557 1458; x_wconf 86' lang='lat' dir='ltr'><strong>et</strong></span> <span class='ocrx_word' id='word_1_145' title='bbox 1588 1415 1805 1467; x_wconf 89' lang='lat' dir='ltr'><strong>verum,</strong></span> <span class='ocrx_word' id='word_1_146' title='bbox 1835 1416 1930 1472; x_wconf 90' lang='lat' dir='ltr'><strong>per</strong></span> <span class='ocrx_word' id='word_1_147' title='bbox 1961 1408 2041 1456; x_wconf 84' lang='lat' dir='ltr'><strong>ta-</strong></span> 
     </span>
    </p>
   </div>
   <div class='ocr_carea' id='block_1_23' title="bbox 400 1472 2040 1544">
    <p class='ocr_par' dir='ltr' id='par_1_23' title="bbox 400 1472 2040 1544">
     <span class='ocr_line' id='line_1_24' title="bbox 400 1472 2040 1544; baseline 0 -16"><span class='ocrx_word' id='word_1_148' title='bbox 400 1472 565 1530; x_wconf 91' lang='lat' dir='ltr'><strong>bulas</strong></span> <span class='ocrx_word' id='word_1_149' title='bbox 581 1488 761 1544; x_wconf 89' lang='lat' dir='ltr'><strong>nuper</strong></span> <span class='ocrx_word' id='word_1_150' title='bbox 777 1473 1102 1529; x_wconf 89' lang='lat' dir='ltr'><strong>collectum.</strong></span> <span class='ocrx_word' id='word_1_151' title='bbox 1129 1474 1263 1529; x_wconf 88' lang='lat' dir='ltr'><strong>Dies</strong></span> <span class='ocrx_word' id='word_1_152' title='bbox 1304 1474 1392 1529; x_wconf 93' lang='lat' dir='ltr'><strong>illi</strong></span> <span class='ocrx_word' id='word_1_153' title='bbox 1427 1472 1564 1530; x_wconf 81' lang='lat'><strong>4826</strong></span> <span class='ocrx_word' id='word_1_154' title='bbox 1590 1475 2040 1544; x_wconf 90' lang='lat' dir='ltr'><strong>quinqueannos</strong></span> 
     </span>
    </p>
   </div>
   <div class='ocr_carea' id='block_1_24' title="bbox 399 1545 2036 1615">
    <p class='ocr_par' dir='ltr' id='par_1_24' title="bbox 399 1545 2036 1615">
     <span class='ocr_line' id='line_1_25' title="bbox 399 1545 2036 1615; baseline 0 -16"><span class='ocrx_word' id='word_1_155' title='bbox 399 1547 757 1601; x_wconf 88' lang='lat' dir='ltr'><strong>constituent</strong></span> <span class='ocrx_word' id='word_1_156' title='bbox 787 1545 1063 1613; x_wconf 85' lang='lat' dir='ltr'><strong>Julianos,</strong></span> <span class='ocrx_word' id='word_1_157' title='bbox 1111 1558 1357 1615; x_wconf 91' lang='lat' dir='ltr'><strong>quorum</strong></span> <span class='ocrx_word' id='word_1_158' title='bbox 1390 1551 1638 1614; x_wconf 79' lang='lat' dir='ltr'><strong>quatuor</strong></span> <span class='ocrx_word' id='word_1_159' title='bbox 1685 1558 2036 1613; x_wconf 87' lang='lat' dir='ltr'><strong>communes,</strong></span> 
     </span>
    </p>
   </div>
   <div class='ocr_carea' id='block_1_25' title="bbox 401 1615 2040 1688">
    <p class='ocr_par' dir='ltr' id='par_1_25' title="bbox 401 1615 2040 1688">
     <span class='ocr_line' id='line_1_26' title="bbox 401 1615 2040 1688; baseline -0.001 -16"><span class='ocrx_word' id='word_1_160' title='bbox 401 1629 553 1672; x_wconf 92' lang='lat' dir='ltr'><strong>unus</strong></span> <span class='ocrx_word' id='word_1_161' title='bbox 579 1629 707 1672; x_wconf 91' lang='lat' dir='ltr'><strong>vero</strong></span> <span class='ocrx_word' id='word_1_162' title='bbox 737 1616 817 1671; x_wconf 92' lang='lat' dir='ltr'><strong>sit</strong></span> <span class='ocrx_word' id='word_1_163' title='bbox 845 1615 1187 1672; x_wconf 86' lang='lat' dir='ltr'><strong>bissextilis.</strong></span> <span class='ocrx_word' id='word_1_164' title='bbox 1212 1616 1374 1671; x_wconf 88' lang='lat' dir='ltr'><strong>Nihil</strong></span> <span class='ocrx_word' id='word_1_165' title='bbox 1395 1617 1631 1688; x_wconf 84' lang='lat' dir='ltr'><strong>derogat</strong></span> <span class='ocrx_word' id='word_1_166' title='bbox 1659 1617 1885 1688; x_wconf 85' lang='lat' dir='ltr'><strong>veritati</strong></span> <span class='ocrx_word' id='word_1_167' title='bbox 1923 1617 2040 1688; x_wconf 68' lang='lat' dir='ltr'><strong>haac</strong></span> 
     </span>
    </p>
   </div>
   <div class='ocr_carea' id='block_1_26' title="bbox 396 1687 2041 1772">
    <p class='ocr_par' dir='ltr' id='par_1_26' title="bbox 396 1687 2041 1772">
     <span class='ocr_line' id='line_1_27' title="bbox 396 1687 2041 1772; baseline -0.001 -30"><span class='ocrx_word' id='word_1_168' title='bbox 396 1688 732 1772; x_wconf 84' lang='lat' dir='ltr'><strong>assumptio.</strong></span> <span class='ocrx_word' id='word_1_169' title='bbox 758 1688 1111 1772; x_wconf 47' lang='lat' dir='ltr'><strong>lisqueenim</strong></span> <span class='ocrx_word' id='word_1_170' title='bbox 1124 1689 1438 1772; x_wconf 68' lang='lat' dir='ltr'><strong>asserimus</strong></span> <span class='ocrx_word' id='word_1_171' title='bbox 1453 1689 1510 1772; x_wconf 75' lang='lat' dir='ltr'><strong>in</strong></span> <span class='ocrx_word' id='word_1_172' title='bbox 1531 1687 1638 1744; x_wconf 82' lang='lat' dir='ltr'><strong>usu</strong></span> <span class='ocrx_word' id='word_1_173' title='bbox 1652 1687 2041 1772; x_wconf 33' lang='lat' dir='ltr'><strong>fuissetquin-</strong></span> 
     </span>
    </p>
   </div>
   <div class='ocr_carea' id='block_1_27' title="bbox 401 1758 2040 1829">
    <p class='ocr_par' dir='ltr' id='par_1_27' title="bbox 401 1758 2040 1829">
     <span class='ocr_line' id='line_1_28' title="bbox 401 1758 2040 1829; baseline -0.001 -15"><span class='ocrx_word' id='word_1_174' title='bbox 401 1758 653 1829; x_wconf 89' lang='lat' dir='ltr'><strong>quennio</strong></span> <span class='ocrx_word' id='word_1_175' title='bbox 683 1764 812 1813; x_wconf 87' lang='lat' dir='ltr'><strong>ante</strong></span> <span class='ocrx_word' id='word_1_176' title='bbox 841 1758 1536 1826; x_wconf 72' lang='lat' dir='ltr'><strong>ordinationemCaesaris,</strong></span> <span class='ocrx_word' id='word_1_177' title='bbox 1578 1772 1760 1815; x_wconf 93' lang='lat' dir='ltr'><strong>annos</strong></span> <span class='ocrx_word' id='word_1_178' title='bbox 1783 1758 2040 1815; x_wconf 85' lang='lat' dir='ltr'><strong>Julianos</strong></span> 
     </span>
    </p>
   </div>
   <div class='ocr_carea' id='block_1_28' title="bbox 394 1829 2032 1902">
    <p class='ocr_par' dir='ltr' id='par_1_28' title="bbox 394 1829 2032 1902">
     <span class='ocr_line' id='line_1_29' title="bbox 394 1829 2032 1902; baseline -0.001 -17"><span class='ocrx_word' id='word_1_179' title='bbox 394 1829 546 1899; x_wconf 84' lang='lat' dir='ltr'><strong>apud</strong></span> <span class='ocrx_word' id='word_1_180' title='bbox 564 1831 851 1902; x_wconf 58' lang='lat' dir='ltr'><strong>_Iiomanos</strong></span> <span class='ocrx_word' id='word_1_181' title='bbox 878 1848 892 1896; x_wconf 84' lang='lat'><strong>;</strong></span> <span class='ocrx_word' id='word_1_182' title='bbox 919 1829 1016 1885; x_wconf 89' lang='lat' dir='ltr'><strong>sed</strong></span> <span class='ocrx_word' id='word_1_183' title='bbox 1047 1831 1362 1900; x_wconf 65' lang='lat' dir='ltr'><strong>quaarimus</strong></span> <span class='ocrx_word' id='word_1_184' title='bbox 1398 1831 1695 1901; x_wconf 87' lang='lat' dir='ltr'><strong>assignare</strong></span> <span class='ocrx_word' id='word_1_185' title='bbox 1726 1831 2032 1902; x_wconf 86' lang='lat' dir='ltr'><strong>gestadie-</strong></span> 
     </span>
    </p>
   </div>
   <div class='ocr_carea' id='block_1_29' title="bbox 396 1899 2043 1968">
    <p class='ocr_par' dir='ltr' id='par_1_29' title="bbox 396 1899 2043 1968">
     <span class='ocr_line' id='line_1_30' title="bbox 396 1899 2043 1968; baseline 0.001 -13"><span class='ocrx_word' id='word_1_186' title='bbox 396 1914 524 1956; x_wconf 90' lang='lat' dir='ltr'><strong>rum</strong></span> <span class='ocrx_word' id='word_1_187' title='bbox 553 1899 689 1957; x_wconf 77' lang='lat'><strong>4826</strong></span> <span class='ocrx_word' id='word_1_188' title='bbox 707 1906 840 1956; x_wconf 85' lang='lat' dir='ltr'><strong>ante</strong></span> <span class='ocrx_word' id='word_1_189' title='bbox 863 1913 1031 1956; x_wconf 73' lang='lat' dir='ltr'><strong>teram</strong></span> <span class='ocrx_word' id='word_1_190' title='bbox 1054 1899 1341 1957; x_wconf 84' lang='lat' dir='ltr'><strong>Julianam</strong></span> <span class='ocrx_word' id='word_1_191' title='bbox 1375 1902 1454 1957; x_wconf 90' lang='lat' dir='ltr'><strong>ita</strong></span> <span class='ocrx_word' id='word_1_192' title='bbox 1475 1899 1767 1968; x_wconf 75' lang='lat' dir='ltr'><strong>distincte,</strong></span> <span class='ocrx_word' id='word_1_193' title='bbox 1807 1910 1869 1957; x_wconf 91' lang='lat' dir='ltr'><strong>ut</strong></span> <span class='ocrx_word' id='word_1_194' title='bbox 1892 1901 1951 1956; x_wconf 92' lang='lat' dir='ltr'><strong>in</strong></span> <span class='ocrx_word' id='word_1_195' title='bbox 1977 1913 2043 1956; x_wconf 77' lang='lat' dir='ltr'><strong>eo</strong></span> 
     </span>
    </p>
   </div>
   <div class='ocr_carea' id='block_1_30' title="bbox 393 1971 2038 2045">
    <p class='ocr_par' dir='ltr' id='par_1_30' title="bbox 393 1971 2038 2045">
     <span class='ocr_line' id='line_1_31' title="bbox 393 1971 2038 2045; baseline -0.001 -17"><span class='ocrx_word' id='word_1_196' title='bbox 393 1971 619 2045; x_wconf 88' lang='lat' dir='ltr'><strong>dierum</strong></span> <span class='ocrx_word' id='word_1_197' title='bbox 667 1985 907 2045; x_wconf 82' lang='lat' dir='ltr'><strong>numero</strong></span> <span class='ocrx_word' id='word_1_198' title='bbox 931 1972 1326 2045; x_wconf 87' lang='lat' dir='ltr'><strong>demonstrare</strong></span> <span class='ocrx_word' id='word_1_199' title='bbox 1354 1972 1698 2045; x_wconf 83' lang='lat' dir='ltr'><strong>singillatim</strong></span> <span class='ocrx_word' id='word_1_200' title='bbox 1727 1973 2038 2045; x_wconf 79' lang='lat' dir='ltr'><strong>possimus,</strong></span> 
     </span>
    </p>
   </div>
   <div class='ocr_carea' id='block_1_31' title="bbox 393 2043 2039 2114">
    <p class='ocr_par' dir='ltr' id='par_1_31' title="bbox 393 2043 2039 2114">
     <span class='ocr_line' id='line_1_32' title="bbox 393 2043 2039 2114; baseline -0.001 -16"><span class='ocrx_word' id='word_1_201' title='bbox 393 2055 459 2098; x_wconf 88' lang='lat' dir='ltr'><strong>ex</strong></span> <span class='ocrx_word' id='word_1_202' title='bbox 492 2043 623 2099; x_wconf 89' lang='lat' dir='ltr'><strong>sede</strong></span> <span class='ocrx_word' id='word_1_203' title='bbox 653 2057 824 2114; x_wconf 90' lang='lat' dir='ltr'><strong>quam</strong></span> <span class='ocrx_word' id='word_1_204' title='bbox 844 2043 980 2114; x_wconf 90' lang='lat' dir='ltr'><strong>dies</strong></span> <span class='ocrx_word' id='word_1_205' title='bbox 1012 2043 1348 2100; x_wconf 87' lang='lat' dir='ltr'><strong>habuissent</strong></span> <span class='ocrx_word' id='word_1_206' title='bbox 1379 2045 1438 2099; x_wconf 92' lang='lat' dir='ltr'><strong>in</strong></span> <span class='ocrx_word' id='word_1_207' title='bbox 1462 2043 1614 2100; x_wconf 83' lang='lat' dir='ltr'><strong>anno</strong></span> <span class='ocrx_word' id='word_1_208' title='bbox 1645 2043 2039 2114; x_wconf 84' lang='lat' dir='ltr'><strong>styliJuliani,</strong></span> 
     </span>
    </p>
   </div>
   <div class='ocr_carea' id='block_1_32' title="bbox 396 2113 2038 2184">
    <p class='ocr_par' dir='ltr' id='par_1_32' title="bbox 396 2113 2038 2184">
     <span class='ocr_line' id='line_1_33' title="bbox 396 2113 2038 2184; baseline -0.001 -14"><span class='ocrx_word' id='word_1_209' title='bbox 396 2115 583 2171; x_wconf 89' lang='lat' dir='ltr'><strong>sedem</strong></span> <span class='ocrx_word' id='word_1_210' title='bbox 612 2113 782 2184; x_wconf 89' lang='lat' dir='ltr'><strong>quam</strong></span> <span class='ocrx_word' id='word_1_211' title='bbox 803 2113 1183 2171; x_wconf 90' lang='lat' dir='ltr'><strong>obtinuerunt</strong></span> <span class='ocrx_word' id='word_1_212' title='bbox 1207 2120 1318 2171; x_wconf 90' lang='lat' dir='ltr'><strong>tam</strong></span> <span class='ocrx_word' id='word_1_213' title='bbox 1338 2120 1496 2184; x_wconf 87' lang='lat' dir='ltr'><strong>gesta</strong></span> <span class='ocrx_word' id='word_1_214' title='bbox 1526 2113 1721 2171; x_wconf 87' lang='lat' dir='ltr'><strong>homin</strong></span> <span class='ocrx_word' id='word_1_215' title='bbox 1734 2129 1847 2180; x_wconf 86' lang='lat' dir='ltr'><strong>um,</strong></span> <span class='ocrx_word' id='word_1_216' title='bbox 1871 2127 2038 2184; x_wconf 91' lang='lat' dir='ltr'><strong>quam</strong></span> 
     </span>
    </p>
   </div>
   <div class='ocr_carea' id='block_1_33' title="bbox 397 2185 2046 2256">
    <p class='ocr_par' dir='ltr' id='par_1_33' title="bbox 397 2185 2046 2256">
     <span class='ocr_line' id='line_1_34' title="bbox 397 2185 2046 2256; baseline -0.001 -14"><span class='ocrx_word' id='word_1_217' title='bbox 397 2191 588 2242; x_wconf 89' lang='lat' dir='ltr'><strong>motus</strong></span> <span class='ocrx_word' id='word_1_218' title='bbox 615 2185 936 2242; x_wconf 63' lang='lat' dir='ltr'><strong>caelestium</strong></span> <span class='ocrx_word' id='word_1_219' title='bbox 964 2200 1269 2256; x_wconf 84' lang='lat' dir='ltr'><strong>corporum</strong></span> <span class='ocrx_word' id='word_1_220' title='bbox 1299 2185 1583 2243; x_wconf 81' lang='lat' dir='ltr'><strong>observati</strong></span> <span class='ocrx_word' id='word_1_221' title='bbox 1615 2193 1670 2242; x_wconf 92' lang='lat' dir='ltr'><strong>et</strong></span> <span class='ocrx_word' id='word_1_222' title='bbox 1694 2186 1764 2242; x_wconf 90' lang='lat' dir='ltr'><strong>ab</strong></span> <span class='ocrx_word' id='word_1_223' title='bbox 1795 2185 2046 2241; x_wconf 90' lang='lat' dir='ltr'><strong>histori—</strong></span> 
     </span>
    </p>
   </div>
   <div class='ocr_carea' id='block_1_34' title="bbox 395 2257 2049 2330">
    <p class='ocr_par' dir='ltr' id='par_1_34' title="bbox 395 2257 2049 2330">
     <span class='ocr_line' id='line_1_35' title="bbox 395 2257 2049 2330; baseline -0.001 -18"><span class='ocrx_word' id='word_1_224' title='bbox 395 2258 483 2330; x_wconf 85' lang='lat' dir='ltr'><strong>cis</strong></span> <span class='ocrx_word' id='word_1_225' title='bbox 507 2257 750 2330; x_wconf 82' lang='lat' dir='ltr'><strong>narrati,</strong></span> <span class='ocrx_word' id='word_1_226' title='bbox 775 2271 887 2312; x_wconf 89' lang='lat' dir='ltr'><strong>una</strong></span> <span class='ocrx_word' id='word_1_227' title='bbox 913 2271 1043 2314; x_wconf 91' lang='lat' dir='ltr'><strong>cum</strong></span> <span class='ocrx_word' id='word_1_228' title='bbox 1061 2258 1258 2330; x_wconf 80' lang='lat' dir='ltr'><strong>gestis,</strong></span> <span class='ocrx_word' id='word_1_229' title='bbox 1285 2258 1344 2330; x_wconf 87' lang='lat' dir='ltr'><strong>in</strong></span> <span class='ocrx_word' id='word_1_230' title='bbox 1370 2257 1786 2330; x_wconf 85' lang='lat' dir='ltr'><strong>distributione</strong></span> <span class='ocrx_word' id='word_1_231' title='bbox 1807 2270 2049 2330; x_wconf 79' lang='lat' dir='ltr'><strong>eorum—</strong></span> 
     </span>
    </p>
   </div>
   <div class='ocr_carea' id='block_1_35' title="bbox 395 2327 2128 2404">
    <p class='ocr_par' dir='ltr' id='par_1_35' title="bbox 395 2327 2128 2404">
     <span class='ocr_line' id='line_1_36' title="bbox 395 2327 2128 2404; baseline -0.001 -19"><span class='ocrx_word' id='word_1_232' title='bbox 395 2329 524 2385; x_wconf 91' lang='lat' dir='ltr'><strong>dem</strong></span> <span class='ocrx_word' id='word_1_233' title='bbox 553 2327 778 2404; x_wconf 86' lang='lat' dir='ltr'><strong>dierum</strong></span> <span class='ocrx_word' id='word_1_234' title='bbox 811 2327 1152 2404; x_wconf 85' lang='lat' dir='ltr'><strong>per_an_n_u_m</strong></span> <span class='ocrx_word' id='word_1_235' title='bbox 1184 2329 1412 2404; x_wconf 84' lang='lat' dir='ltr'><strong>civilem</strong></span> <span class='ocrx_word' id='word_1_236' title='bbox 1443 2329 1734 2404; x_wconf 80' lang='lat' dir='ltr'><strong>diversum</strong></span> <span class='ocrx_word' id='word_1_237' title='bbox 1765 2328 2045 2404; x_wconf 60' lang='lat' dir='ltr'><strong>aguliano</strong></span> <span class='ocrx_word' id='word_1_238' title='bbox 2076 2343 2128 2404; x_wconf 81' lang='grc' dir='ltr'>Β</span> 
     </span>
    </p>
   </div>
   <div class='ocr_carea' id='block_1_36' title="bbox 397 2399 2043 2472">
    <p class='ocr_par' dir='ltr' id='par_1_36' title="bbox 397 2399 2043 2472">
     <span class='ocr_line' id='line_1_37' title="bbox 397 2399 2043 2472; baseline -0.001 -17"><span class='ocrx_word' id='word_1_239' title='bbox 397 2405 537 2456; x_wconf 91' lang='lat' dir='ltr'><strong>tunc</strong></span> <span class='ocrx_word' id='word_1_240' title='bbox 579 2399 863 2472; x_wconf 78' lang='lat' dir='ltr'><strong>vigentem</strong></span> <span class='ocrx_word' id='word_1_241' title='bbox 909 2400 967 2455; x_wconf 93' lang='lat' dir='ltr'><strong>in</strong></span> <span class='ocrx_word' id='word_1_242' title='bbox 1013 2400 1182 2470; x_wconf 90' lang='lat' dir='ltr'><strong>Urbe,</strong></span> <span class='ocrx_word' id='word_1_243' title='bbox 1212 2407 1311 2457; x_wconf 87' lang='lat' dir='ltr'><strong>aut</strong></span> <span class='ocrx_word' id='word_1_244' title='bbox 1343 2401 1402 2456; x_wconf 90' lang='lat' dir='ltr'><strong>in</strong></span> <span class='ocrx_word' id='word_1_245' title='bbox 1453 2400 1770 2471; x_wconf 86' lang='lat' dir='ltr'><strong>provinciis</strong></span> <span class='ocrx_word' id='word_1_246' title='bbox 1805 2401 2043 2456; x_wconf 89' lang='lat' dir='ltr'><strong>Romani</strong></span> 
     </span>
    </p>
   </div>
   <div class='ocr_carea' id='block_1_37' title="bbox 402 2471 1504 2543">
    <p class='ocr_par' dir='ltr' id='par_1_37' title="bbox 402 2471 1504 2543">
     <span class='ocr_line' id='line_1_38' title="bbox 402 2471 1504 2543; baseline -0.003 -15"><span class='ocrx_word' id='word_1_247' title='bbox 402 2471 659 2543; x_wconf 86' lang='lat' dir='ltr'><strong>imperii,</strong></span> <span class='ocrx_word' id='word_1_248' title='bbox 701 2476 804 2528; x_wconf 90' lang='lat' dir='ltr'><strong>aut</strong></span> <span class='ocrx_word' id='word_1_249' title='bbox 835 2477 1040 2527; x_wconf 73' lang='lat' dir='ltr'><strong>exterae</strong></span> <span class='ocrx_word' id='word_1_250' title='bbox 1070 2472 1504 2528; x_wconf 88' lang='lat' dir='ltr'><strong>dominationis.</strong></span> 
     </span>
    </p>
   </div>
   <div class='ocr_carea' id='block_1_38' title="bbox 467 2575 2048 2650">
    <p class='ocr_par' dir='ltr' id='par_1_38' title="bbox 467 2575 2048 2650">
     <span class='ocr_line' id='line_1_39' title="bbox 467 2575 2048 2650; baseline 0 -19"><span class='ocrx_word' id='word_1_251' title='bbox 467 2575 768 2650; x_wconf 68' lang='lat' dir='ltr'><strong>Appendix</strong></span> <span class='ocrx_word' id='word_1_252' title='bbox 785 2577 967 2650; x_wconf 83' lang='lat' dir='ltr'><strong>igitur</strong></span> <span class='ocrx_word' id='word_1_253' title='bbox 981 2578 1154 2634; x_wconf 90' lang='lat' dir='ltr'><strong>istius</strong></span> <span class='ocrx_word' id='word_1_254' title='bbox 1170 2577 1552 2650; x_wconf 88' lang='lat' dir='ltr'><strong>quinquennii</strong></span> <span class='ocrx_word' id='word_1_255' title='bbox 1570 2576 1893 2647; x_wconf 90' lang='lat' dir='ltr'><strong>proleptici,</strong></span> <span class='ocrx_word' id='word_1_256' title='bbox 1911 2589 2048 2646; x_wconf 62' lang='lat' dir='ltr'><strong>prae-</strong></span> 
     </span>
    </p>
   </div>
   <div class='ocr_carea' id='block_1_39' title="bbox 399 2646 2049 2718">
    <p class='ocr_par' dir='ltr' id='par_1_39' title="bbox 399 2646 2049 2718">
     <span class='ocr_line' id='line_1_40' title="bbox 399 2646 2049 2718; baseline 0.001 -17"><span class='ocrx_word' id='word_1_257' title='bbox 399 2646 576 2718; x_wconf 89' lang='lat' dir='ltr'><strong>missa</strong></span> <span class='ocrx_word' id='word_1_258' title='bbox 595 2660 728 2702; x_wconf 89' lang='lat' dir='ltr'><strong>vero</strong></span> <span class='ocrx_word' id='word_1_259' title='bbox 751 2646 990 2704; x_wconf 74' lang='lat' dir='ltr'><strong>exbrdio</strong></span> <span class='ocrx_word' id='word_1_260' title='bbox 1027 2663 1155 2705; x_wconf 68' lang='lat' dir='ltr'><strong>asraa</strong></span> <span class='ocrx_word' id='word_1_261' title='bbox 1179 2646 1442 2718; x_wconf 68' lang='lat' dir='ltr'><strong>Julia&#39;nae,</strong></span> <span class='ocrx_word' id='word_1_262' title='bbox 1477 2646 1604 2718; x_wconf 59' lang='lat' dir='ltr'><strong>quas</strong></span> <span class='ocrx_word' id='word_1_263' title='bbox 1637 2655 1810 2718; x_wconf 89' lang='lat' dir='ltr'><strong>caput</strong></span> <span class='ocrx_word' id='word_1_264' title='bbox 1841 2660 2049 2704; x_wconf 89' lang='lat' dir='ltr'><strong>nume-</strong></span> 
     </span>
    </p>
   </div>
   <div class='ocr_carea' id='block_1_40' title="bbox 401 2717 2048 2789">
    <p class='ocr_par' dir='ltr' id='par_1_40' title="bbox 401 2717 2048 2789">
     <span class='ocr_line' id='line_1_41' title="bbox 401 2717 2048 2789; baseline 0.001 -17"><span class='ocrx_word' id='word_1_265' title='bbox 401 2717 648 2789; x_wconf 88' lang='lat' dir='ltr'><strong>rationis</strong></span> <span class='ocrx_word' id='word_1_266' title='bbox 693 2718 926 2773; x_wconf 87' lang='lat' dir='ltr'><strong>inchoat</strong></span> <span class='ocrx_word' id='word_1_267' title='bbox 956 2720 1212 2776; x_wconf 88' lang='lat' dir='ltr'><strong>indicato</strong></span> <span class='ocrx_word' id='word_1_268' title='bbox 1257 2717 1446 2789; x_wconf 90' lang='lat' dir='ltr'><strong>spatio</strong></span> <span class='ocrx_word' id='word_1_269' title='bbox 1473 2717 1544 2776; x_wconf 82' lang='lat'><strong>50</strong></span> <span class='ocrx_word' id='word_1_270' title='bbox 1585 2717 1867 2775; x_wconf 80' lang='lat' dir='ltr'><strong>annbrum</strong></span> <span class='ocrx_word' id='word_1_271' title='bbox 1916 2723 2048 2774; x_wconf 89' lang='lat' dir='ltr'><strong>ante</strong></span> 
     </span>
    </p>
   </div>
   <div class='ocr_carea' id='block_1_41' title="bbox 398 2788 2048 2861">
    <p class='ocr_par' dir='ltr' id='par_1_41' title="bbox 398 2788 2048 2861">
     <span class='ocr_line' id='line_1_42' title="bbox 398 2788 2048 2861; baseline 0 -18"><span class='ocrx_word' id='word_1_272' title='bbox 398 2800 568 2861; x_wconf 70' lang='lat' dir='ltr'><strong>teram</strong></span> <span class='ocrx_word' id='word_1_273' title='bbox 589 2788 806 2861; x_wconf 75' lang='lat' dir='ltr'><strong>Christi</strong></span> <span class='ocrx_word' id='word_1_274' title='bbox 829 2801 1210 2861; x_wconf 86' lang='lat' dir='ltr'><strong>communem,</strong></span> <span class='ocrx_word' id='word_1_275' title='bbox 1230 2860 1237 2861; x_wconf 16' lang='grc' dir='ltr'>ί</span> <span class='ocrx_word' id='word_1_276' title='bbox 1257 2788 1510 2861; x_wconf 83' lang='lat' dir='ltr'><strong>insignis</strong></span> <span class='ocrx_word' id='word_1_277' title='bbox 1541 2790 1802 2846; x_wconf 89' lang='lat' dir='ltr'><strong>redditur</strong></span> <span class='ocrx_word' id='word_1_278' title='bbox 1827 2803 1893 2844; x_wconf 92' lang='lat' dir='ltr'><strong>ac</strong></span> <span class='ocrx_word' id='word_1_279' title='bbox 1920 2803 2048 2843; x_wconf 91' lang='lat' dir='ltr'><strong>ma-</strong></span> 
     </span>
    </p>
   </div>
   <div class='ocr_carea' id='block_1_42' title="bbox 400 2857 2048 2930">
    <p class='ocr_par' dir='ltr' id='par_1_42' title="bbox 400 2857 2048 2930">
     <span class='ocr_line' id='line_1_43' title="bbox 400 2857 2048 2930; baseline 0 -16"><span class='ocrx_word' id='word_1_280' title='bbox 400 2860 554 2914; x_wconf 87' lang='lat' dir='ltr'><strong>xime</strong></span> <span class='ocrx_word' id='word_1_281' title='bbox 582 2857 820 2914; x_wconf 83' lang='lat' dir='ltr'><strong>definita</strong></span> <span class='ocrx_word' id='word_1_282' title='bbox 846 2871 946 2928; x_wconf 93' lang='lat' dir='ltr'><strong>per</strong></span> <span class='ocrx_word' id='word_1_283' title='bbox 986 2859 1134 2930; x_wconf 89' lang='lat' dir='ltr'><strong>duas</strong></span> <span class='ocrx_word' id='word_1_284' title='bbox 1157 2857 1655 2930; x_wconf 71' lang='lat' dir='ltr'><strong>salares&#39;eclipses</strong></span> <span class='ocrx_word' id='word_1_285' title='bbox 1679 2862 1868 2930; x_wconf 64' lang='lat' dir='ltr'><strong>Romae</strong></span> <span class='ocrx_word' id='word_1_286' title='bbox 1902 2873 2048 2915; x_wconf 90' lang='lat' dir='ltr'><strong>con-</strong></span> 
     </span>
    </p>
   </div>
   <div class='ocr_carea' id='block_1_43' title="bbox 398 2929 2045 3001">
    <p class='ocr_par' dir='ltr' id='par_1_43' title="bbox 398 2929 2045 3001">
     <span class='ocr_line' id='line_1_44' title="bbox 398 2929 2045 3001; baseline -0.001 -15"><span class='ocrx_word' id='word_1_287' title='bbox 398 2935 622 2999; x_wconf 89' lang='lat' dir='ltr'><strong>spectas</strong></span> <span class='ocrx_word' id='word_1_288' title='bbox 652 2947 668 2999; x_wconf 82' lang='lat'><strong>;</strong></span> <span class='ocrx_word' id='word_1_289' title='bbox 692 2943 934 3000; x_wconf 90' lang='lat' dir='ltr'><strong>quarum</strong></span> <span class='ocrx_word' id='word_1_290' title='bbox 957 2929 1028 2985; x_wconf 92' lang='lat' dir='ltr'><strong>ab</strong></span> <span class='ocrx_word' id='word_1_291' title='bbox 1057 2944 1170 2986; x_wconf 90' lang='lat' dir='ltr'><strong>una</strong></span> <span class='ocrx_word' id='word_1_292' title='bbox 1190 2929 1752 3001; x_wconf 41' lang='lat' dir='ltr'><strong>praeceditur’diebus</strong></span> <span class='ocrx_word' id='word_1_293' title='bbox 1770 2929 1875 2987; x_wconf 83' lang='grc'><strong>300</strong></span> <span class='ocrx_word' id='word_1_294' title='bbox 1894 2930 2045 3001; x_wconf 91' lang='lat' dir='ltr'><strong>(cum</strong></span> 
     </span>
    </p>
   </div>
   <div class='ocr_carea' id='block_1_44' title="bbox 398 3000 2042 3073">
    <p class='ocr_par' dir='ltr' id='par_1_44' title="bbox 398 3000 2042 3073">
     <span class='ocr_line' id='line_1_45' title="bbox 398 3000 2042 3073; baseline -0.002 -15"><span class='ocrx_word' id='word_1_295' title='bbox 398 3001 636 3073; x_wconf 86' lang='lat' dir='ltr'><strong>eclipsis</strong></span> <span class='ocrx_word' id='word_1_296' title='bbox 662 3001 885 3058; x_wconf 91' lang='lat' dir='ltr'><strong>incidat</strong></span> <span class='ocrx_word' id='word_1_297' title='bbox 912 3001 972 3058; x_wconf 91' lang='lat' dir='ltr'><strong>in</strong></span> <span class='ocrx_word' id='word_1_298' title='bbox 1017 3002 1169 3058; x_wconf 89' lang='lat' dir='ltr'><strong>diem</strong></span> <span class='ocrx_word' id='word_1_299' title='bbox 1191 3000 1225 3058; x_wconf 88' lang='lat'><strong>7</strong></span> <span class='ocrx_word' id='word_1_300' title='bbox 1252 3003 1445 3058; x_wconf 88' lang='lat' dir='ltr'><strong>Martii</strong></span> <span class='ocrx_word' id='word_1_301' title='bbox 1477 3003 1616 3058; x_wconf 87' lang='lat' dir='ltr'><strong>anni</strong></span> <span class='ocrx_word' id='word_1_302' title='bbox 1643 3000 1705 3058; x_wconf 87' lang='grc'><strong>51</strong></span> <span class='ocrx_word' id='word_1_303' title='bbox 1739 3000 2042 3073; x_wconf 84' lang='lat' dir='ltr'><strong>proleptici</strong></span> 
     </span>
    </p>
   </div>
   <div class='ocr_carea' id='block_1_45' title="bbox 396 3072 2047 3144">
    <p class='ocr_par' dir='ltr' id='par_1_45' title="bbox 396 3072 2047 3144">
     <span class='ocr_line' id='line_1_46' title="bbox 396 3072 2047 3144; baseline 0.001 -16"><span class='ocrx_word' id='word_1_304' title='bbox 396 3072 616 3129; x_wconf 86' lang='lat' dir='ltr'><strong>Juliant</strong></span> <span class='ocrx_word' id='word_1_305' title='bbox 676 3074 1122 3144; x_wconf 12' lang='lat' dir='ltr'><strong>anteiepocham</strong></span> <span class='ocrx_word' id='word_1_306' title='bbox 1150 3073 1578 3144; x_wconf 87' lang='lat' dir='ltr'><strong>Christianam),</strong></span> <span class='ocrx_word' id='word_1_307' title='bbox 1619 3072 1855 3130; x_wconf 85' lang='lat' dir='ltr'><strong>alteram</strong></span> <span class='ocrx_word' id='word_1_308' title='bbox 1897 3072 2047 3144; x_wconf 73' lang='lat' dir='ltr'><strong>ecli—</strong></span> 
     </span>
    </p>
   </div>
   <div class='ocr_carea' id='block_1_46' title="bbox 402 3142 2041 3214">
    <p class='ocr_par' dir='ltr' id='par_1_46' title="bbox 402 3142 2041 3214">
     <span class='ocr_line' id='line_1_47' title="bbox 402 3142 2041 3214; baseline 0 -14"><span class='ocrx_word' id='word_1_309' title='bbox 402 3145 550 3214; x_wconf 89' lang='lat' dir='ltr'><strong>psim</strong></span> <span class='ocrx_word' id='word_1_310' title='bbox 583 3145 707 3213; x_wconf 89' lang='lat' dir='ltr'><strong>ipsa</strong></span> <span class='ocrx_word' id='word_1_311' title='bbox 734 3142 919 3202; x_wconf 77' lang='lat' dir='ltr'><strong>defert</strong></span> <span class='ocrx_word' id='word_1_312' title='bbox 947 3146 1044 3201; x_wconf 90' lang='lat' dir='ltr'><strong>die</strong></span> <span class='ocrx_word' id='word_1_313' title='bbox 1071 3159 1103 3201; x_wconf 90' lang='lat' dir='ltr'><strong>a</strong></span> <span class='ocrx_word' id='word_1_314' title='bbox 1133 3147 1260 3202; x_wconf 89' lang='lat' dir='ltr'><strong>suis</strong></span> <span class='ocrx_word' id='word_1_315' title='bbox 1289 3142 1557 3202; x_wconf 83' lang='lat' dir='ltr'><strong>Kalendis</strong></span> <span class='ocrx_word' id='word_1_316' title='bbox 1592 3145 1888 3202; x_wconf 83' lang='lat' dir='ltr'><strong>Januariis</strong></span> <span class='ocrx_word' id='word_1_317' title='bbox 1915 3142 2041 3212; x_wconf 88' lang='lat'><strong>233,</strong></span> 
     </span>
    </p>
   </div>
   <div class='ocr_carea' id='block_1_47' title="bbox 401 3214 2044 3288">
    <p class='ocr_par' dir='ltr' id='par_1_47' title="bbox 401 3214 2044 3288">
     <span class='ocr_line' id='line_1_48' title="bbox 401 3214 2044 3288; baseline 0.001 -17"><span class='ocrx_word' id='word_1_318' title='bbox 401 3230 527 3288; x_wconf 64' lang='lat' dir='ltr'><strong>qua;</strong></span> <span class='ocrx_word' id='word_1_319' title='bbox 548 3216 839 3274; x_wconf 87' lang='lat' dir='ltr'><strong>diceretur</strong></span> <span class='ocrx_word' id='word_1_320' title='bbox 861 3214 924 3273; x_wconf 83' lang='lat'><strong>24</strong></span> <span class='ocrx_word' id='word_1_321' title='bbox 955 3217 1352 3288; x_wconf 84' lang='lat' dir='ltr'><strong>Augustianni</strong></span> <span class='ocrx_word' id='word_1_322' title='bbox 1372 3217 1592 3274; x_wconf 86' lang='lat' dir='ltr'><strong>Juliani</strong></span> <span class='ocrx_word' id='word_1_323' title='bbox 1617 3215 1688 3274; x_wconf 86' lang='grc'><strong>50</strong></span> <span class='ocrx_word' id='word_1_324' title='bbox 1713 3223 1845 3274; x_wconf 88' lang='lat' dir='ltr'><strong>ante</strong></span> <span class='ocrx_word' id='word_1_325' title='bbox 1873 3230 2044 3272; x_wconf 65' lang='lat' dir='ltr'><strong>teram</strong></span> 
     </span>
    </p>
   </div>
   <div class='ocr_carea' id='block_1_48' title="bbox 397 3287 1034 3345">
    <p class='ocr_par' dir='ltr' id='par_1_48' title="bbox 397 3287 1034 3345">
     <span class='ocr_line' id='line_1_49' title="bbox 397 3287 1034 3345; baseline 0.002 -4"><span class='ocrx_word' id='word_1_326' title='bbox 397 3287 616 3344; x_wconf 87' lang='lat' dir='ltr'><strong>Christi</strong></span> <span class='ocrx_word' id='word_1_327' title='bbox 655 3301 1034 3345; x_wconf 88' lang='lat' dir='ltr'><strong>communem.</strong></span> 
     </span>
    </p>
   </div>
   <div class='ocr_carea' id='block_1_49' title="bbox 467 3395 2046 3468">
    <p class='ocr_par' dir='ltr' id='par_1_49' title="bbox 467 3395 2046 3468">
     <span class='ocr_line' id='line_1_50' title="bbox 467 3395 2046 3468; baseline -0.001 -17"><span class='ocrx_word' id='word_1_328' title='bbox 467 3396 681 3468; x_wconf 84' lang='lat' dir='ltr'><strong>Certus</strong></span> <span class='ocrx_word' id='word_1_329' title='bbox 715 3396 900 3468; x_wconf 86' lang='lat' dir='ltr'><strong>igitur</strong></span> <span class='ocrx_word' id='word_1_330' title='bbox 928 3395 1226 3468; x_wconf 82' lang='lat' dir='ltr'><strong>character</strong></span> <span class='ocrx_word' id='word_1_331' title='bbox 1252 3409 1319 3451; x_wconf 92' lang='lat' dir='ltr'><strong>ac</strong></span> <span class='ocrx_word' id='word_1_332' title='bbox 1344 3400 1477 3451; x_wconf 88' lang='lat' dir='ltr'><strong>nota</strong></span> <span class='ocrx_word' id='word_1_333' title='bbox 1507 3395 1643 3451; x_wconf 89' lang='lat' dir='ltr'><strong>anni</strong></span> <span class='ocrx_word' id='word_1_334' title='bbox 1675 3395 2046 3467; x_wconf 84' lang='lat' dir='ltr'><strong>quinquage-</strong></span> 
     </span>
    </p>
   </div>
   <div class='ocr_carea' id='block_1_50' title="bbox 399 3466 2043 3538">
    <p class='ocr_par' dir='ltr' id='par_1_50' title="bbox 399 3466 2043 3538">
     <span class='ocr_line' id='line_1_51' title="bbox 399 3466 2043 3538; baseline -0.002 -14"><span class='ocrx_word' id='word_1_335' title='bbox 399 3468 533 3524; x_wconf 91' lang='lat' dir='ltr'><strong>simi</strong></span> <span class='ocrx_word' id='word_1_336' title='bbox 578 3467 712 3538; x_wconf 86' lang='lat' dir='ltr'><strong>styli</strong></span> <span class='ocrx_word' id='word_1_337' title='bbox 747 3466 996 3535; x_wconf 64' lang='lat' dir='ltr'><strong>lluliani,</strong></span> <span class='ocrx_word' id='word_1_338' title='bbox 1037 3467 1347 3536; x_wconf 89' lang='lat' dir='ltr'><strong>proleptice</strong></span> <span class='ocrx_word' id='word_1_339' title='bbox 1388 3468 1668 3536; x_wconf 88' lang='lat' dir='ltr'><strong>assumpti</strong></span> <span class='ocrx_word' id='word_1_340' title='bbox 1707 3473 1838 3522; x_wconf 88' lang='lat' dir='ltr'><strong>ante</strong></span> <span class='ocrx_word' id='word_1_341' title='bbox 1873 3466 2043 3521; x_wconf 63' lang='lat' dir='ltr'><strong>teram</strong></span> 
     </span>
    </p>
   </div>
   <div class='ocr_carea' id='block_1_51' title="bbox 397 3538 2047 3608">
    <p class='ocr_par' dir='ltr' id='par_1_51' title="bbox 397 3538 2047 3608">
     <span class='ocr_line' id='line_1_52' title="bbox 397 3538 2047 3608; baseline -0.001 -14"><span class='ocrx_word' id='word_1_342' title='bbox 397 3539 635 3603; x_wconf 86' lang='lat' dir='ltr'><strong>Christi,</strong></span> <span class='ocrx_word' id='word_1_343' title='bbox 657 3539 925 3595; x_wconf 92' lang='lat' dir='ltr'><strong>dubitare</strong></span> <span class='ocrx_word' id='word_1_344' title='bbox 955 3552 1065 3594; x_wconf 94' lang='lat' dir='ltr'><strong>non</strong></span> <span class='ocrx_word' id='word_1_345' title='bbox 1093 3538 1240 3594; x_wconf 91' lang='lat' dir='ltr'><strong>sinit</strong></span> <span class='ocrx_word' id='word_1_346' title='bbox 1261 3539 1332 3594; x_wconf 91' lang='lat' dir='ltr'><strong>de</strong></span> <span class='ocrx_word' id='word_1_347' title='bbox 1361 3552 1490 3594; x_wconf 90' lang='lat' dir='ltr'><strong>vera</strong></span> <span class='ocrx_word' id='word_1_348' title='bbox 1518 3538 1798 3594; x_wconf 85' lang='lat' dir='ltr'><strong>distantia</strong></span> <span class='ocrx_word' id='word_1_349' title='bbox 1822 3545 2047 3608; x_wconf 88' lang='lat' dir='ltr'><strong>tempo-</strong></span> 
     </span>
    </p>
   </div>
   <div class='ocr_carea' id='block_1_52' title="bbox 399 3609 2046 3680">
    <p class='ocr_par' dir='ltr' id='par_1_52' title="bbox 399 3609 2046 3680">
     <span class='ocr_line' id='line_1_53' title="bbox 399 3609 2046 3680; baseline -0.001 -14"><span class='ocrx_word' id='word_1_350' title='bbox 399 3611 484 3666; x_wconf 89' lang='lat' dir='ltr'><strong>ris</strong></span> <span class='ocrx_word' id='word_1_351' title='bbox 524 3609 689 3666; x_wconf 89' lang='lat' dir='ltr'><strong>illius</strong></span> <span class='ocrx_word' id='word_1_352' title='bbox 715 3609 786 3666; x_wconf 90' lang='lat' dir='ltr'><strong>ab</strong></span> <span class='ocrx_word' id='word_1_353' title='bbox 817 3615 980 3666; x_wconf 70' lang='lat' dir='ltr'><strong>aatate</strong></span> <span class='ocrx_word' id='word_1_354' title='bbox 1000 3615 1194 3666; x_wconf 90' lang='lat' dir='ltr'><strong>nostra</strong></span> <span class='ocrx_word' id='word_1_355' title='bbox 1221 3623 1350 3666; x_wconf 92' lang='lat' dir='ltr'><strong>cum</strong></span> <span class='ocrx_word' id='word_1_356' title='bbox 1367 3609 1768 3680; x_wconf 90' lang='lat' dir='ltr'><strong>comprobetur</strong></span> <span class='ocrx_word' id='word_1_357' title='bbox 1795 3609 2046 3667; x_wconf 87' lang='lat' dir='ltr'><strong>motibus</strong></span> 
     </span>
    </p>
   </div>
   <div class='ocr_carea' id='block_1_53' title="bbox 401 3680 2045 3752">
    <p class='ocr_par' dir='ltr' id='par_1_53' title="bbox 401 3680 2045 3752">
     <span class='ocr_line' id='line_1_54' title="bbox 401 3680 2045 3752; baseline -0.001 -15"><span class='ocrx_word' id='word_1_358' title='bbox 401 3680 552 3752; x_wconf 75' lang='lat' dir='ltr'><strong>lunae</strong></span> <span class='ocrx_word' id='word_1_359' title='bbox 580 3695 646 3738; x_wconf 93' lang='lat' dir='ltr'><strong>ac</strong></span> <span class='ocrx_word' id='word_1_360' title='bbox 693 3681 855 3751; x_wconf 90' lang='lat' dir='ltr'><strong>solis,</strong></span> <span class='ocrx_word' id='word_1_361' title='bbox 903 3681 962 3736; x_wconf 91' lang='lat' dir='ltr'><strong>in</strong></span> <span class='ocrx_word' id='word_1_362' title='bbox 1001 3694 1065 3737; x_wconf 91' lang='lat' dir='ltr'><strong>ea</strong></span> <span class='ocrx_word' id='word_1_363' title='bbox 1093 3681 1316 3751; x_wconf 90' lang='lat' dir='ltr'><strong>duplici</strong></span> <span class='ocrx_word' id='word_1_364' title='bbox 1361 3681 1565 3752; x_wconf 91' lang='lat' dir='ltr'><strong>eclipsi</strong></span> <span class='ocrx_word' id='word_1_365' title='bbox 1610 3681 1902 3752; x_wconf 88' lang='lat' dir='ltr'><strong>spectatis,</strong></span> <span class='ocrx_word' id='word_1_366' title='bbox 1943 3694 2045 3736; x_wconf 90' lang='lat' dir='ltr'><strong>nec</strong></span> 
     </span>
    </p>
   </div>
   <div class='ocr_carea' id='block_1_54' title="bbox 401 3751 2038 3824">
    <p class='ocr_par' dir='ltr' id='par_1_54' title="bbox 401 3751 2038 3824">
     <span class='ocr_line' id='line_1_55' title="bbox 401 3751 2038 3824; baseline -0.003 -14"><span class='ocrx_word' id='word_1_367' title='bbox 401 3751 510 3810; x_wconf 90' lang='lat' dir='ltr'><strong>ulli</strong></span> <span class='ocrx_word' id='word_1_368' title='bbox 555 3753 799 3824; x_wconf 89' lang='lat' dir='ltr'><strong>tempori</strong></span> <span class='ocrx_word' id='word_1_369' title='bbox 847 3752 1328 3810; x_wconf 85' lang='lat' dir='ltr'><strong>convenientibus</strong></span> <span class='ocrx_word' id='word_1_370' title='bbox 1355 3751 1734 3824; x_wconf 67' lang='lat' dir='ltr'><strong>praeterquam</strong></span> <span class='ocrx_word' id='word_1_371' title='bbox 1766 3753 2038 3808; x_wconf 92' lang='lat' dir='ltr'><strong>indicato.</strong></span> 
     </span>
    </p>
   </div>
   <div class='ocr_carea' id='block_1_55' title="bbox 468 3857 2044 3929">
    <p class='ocr_par' dir='ltr' id='par_1_55' title="bbox 468 3857 2044 3929">
     <span class='ocr_line' id='line_1_56' title="bbox 468 3857 2044 3929; baseline -0.001 -14"><span class='ocrx_word' id='word_1_372' title='bbox 468 3857 627 3928; x_wconf 90' lang='lat' dir='ltr'><strong>Quod</strong></span> <span class='ocrx_word' id='word_1_373' title='bbox 651 3859 702 3916; x_wconf 87' lang='lat' dir='ltr'><strong>si</strong></span> <span class='ocrx_word' id='word_1_374' title='bbox 736 3859 887 3915; x_wconf 89' lang='lat' dir='ltr'><strong>inter</strong></span> <span class='ocrx_word' id='word_1_375' title='bbox 915 3859 1285 3929; x_wconf 88' lang='lat' dir='ltr'><strong>spectandum</strong></span> <span class='ocrx_word' id='word_1_376' title='bbox 1309 3863 1611 3929; x_wconf 90' lang='lat' dir='ltr'><strong>utramque</strong></span> <span class='ocrx_word' id='word_1_377' title='bbox 1637 3857 1900 3928; x_wconf 91' lang='lat' dir='ltr'><strong>eclipsim</strong></span> <span class='ocrx_word' id='word_1_378' title='bbox 1925 3858 2044 3914; x_wconf 89' lang='lat' dir='ltr'><strong>ali-</strong></span> 
     </span>
    </p>
   </div>
   <div class='ocr_carea' id='block_1_56' title="bbox 401 3929 2044 4002">
    <p class='ocr_par' dir='ltr' id='par_1_56' title="bbox 401 3929 2044 4002">
     <span class='ocr_line' id='line_1_57' title="bbox 401 3929 2044 4002; baseline 0 -16"><span class='ocrx_word' id='word_1_379' title='bbox 401 3930 542 4002; x_wconf 89' lang='lat' dir='ltr'><strong>quid</strong></span> <span class='ocrx_word' id='word_1_380' title='bbox 581 3936 774 3987; x_wconf 89' lang='lat' dir='ltr'><strong>actum</strong></span> <span class='ocrx_word' id='word_1_381' title='bbox 803 3929 881 3987; x_wconf 91' lang='lat' dir='ltr'><strong>sit</strong></span> <span class='ocrx_word' id='word_1_382' title='bbox 919 3931 1107 3988; x_wconf 66' lang='lat' dir='ltr'><strong>Romae</strong></span> <span class='ocrx_word' id='word_1_383' title='bbox 1136 3930 1221 3986; x_wconf 89' lang='lat' dir='ltr'><strong>vel</strong></span> <span class='ocrx_word' id='word_1_384' title='bbox 1246 3931 1305 3986; x_wconf 93' lang='lat' dir='ltr'><strong>in</strong></span> <span class='ocrx_word' id='word_1_385' title='bbox 1337 3930 1675 4001; x_wconf 88' lang='lat' dir='ltr'><strong>provinciis,</strong></span> <span class='ocrx_word' id='word_1_386' title='bbox 1705 3930 1944 3986; x_wconf 88' lang='lat' dir='ltr'><strong>relatum</strong></span> <span class='ocrx_word' id='word_1_387' title='bbox 1972 3930 2044 3986; x_wconf 89' lang='lat' dir='ltr'><strong>ab</strong></span> 
     </span>
    </p>
   </div>
   <div class='ocr_carea' id='block_1_57' title="bbox 401 4001 2044 4074">
    <p class='ocr_par' dir='ltr' id='par_1_57' title="bbox 401 4001 2044 4074">
     <span class='ocr_line' id='line_1_58' title="bbox 401 4001 2044 4074; baseline -0.001 -16"><span class='ocrx_word' id='word_1_388' title='bbox 401 4001 702 4074; x_wconf 86' lang='lat' dir='ltr'><strong>historicis</strong></span> <span class='ocrx_word' id='word_1_389' title='bbox 724 4003 792 4059; x_wconf 92' lang='lat' dir='ltr'><strong>ad</strong></span> <span class='ocrx_word' id='word_1_390' title='bbox 833 4015 931 4058; x_wconf 90' lang='lat' dir='ltr'><strong>eos</strong></span> <span class='ocrx_word' id='word_1_391' title='bbox 952 4001 1220 4060; x_wconf 90' lang='lat' dir='ltr'><strong>consules</strong></span> <span class='ocrx_word' id='word_1_392' title='bbox 1248 4016 1492 4074; x_wconf 90' lang='lat' dir='ltr'><strong>quorum</strong></span> <span class='ocrx_word' id='word_1_393' title='bbox 1525 4002 1807 4074; x_wconf 82' lang='lat' dir='ltr'><strong>Kalendas</strong></span> <span class='ocrx_word' id='word_1_394' title='bbox 1824 4002 2044 4057; x_wconf 85' lang='lat' dir='ltr'><strong>Janua-</strong></span> 
     </span>
    </p>
   </div>
   <div class='ocr_carea' id='block_1_58' title="bbox 401 4073 2044 4144">
    <p class='ocr_par' dir='ltr' id='par_1_58' title="bbox 401 4073 2044 4144">
     <span class='ocr_line' id='line_1_59' title="bbox 401 4073 2044 4144; baseline 0 -16"><span class='ocrx_word' id='word_1_395' title='bbox 401 4073 521 4144; x_wconf 90' lang='lat' dir='ltr'><strong>rias</strong></span> <span class='ocrx_word' id='word_1_396' title='bbox 541 4079 598 4129; x_wconf 89' lang='lat' dir='ltr'><strong>et</strong></span> <span class='ocrx_word' id='word_1_397' title='bbox 627 4075 1025 4144; x_wconf 82' lang='lat' dir='ltr'><strong>magistratum</strong></span> <span class='ocrx_word' id='word_1_398' title='bbox 1059 4080 1297 4130; x_wconf 89' lang='lat' dir='ltr'><strong>narrant</strong></span> <span class='ocrx_word' id='word_1_399' title='bbox 1320 4087 1491 4130; x_wconf 90' lang='lat' dir='ltr'><strong>unam</strong></span> <span class='ocrx_word' id='word_1_400' title='bbox 1508 4073 1771 4144; x_wconf 89' lang='lat' dir='ltr'><strong>eclipsim</strong></span> <span class='ocrx_word' id='word_1_401' title='bbox 1797 4086 2044 4142; x_wconf 69' lang='lat' dir='ltr'><strong>praeces-</strong></span> 
     </span>
    </p>
   </div>
   <div class='ocr_carea' id='block_1_59' title="bbox 400 4143 2043 4213">
    <p class='ocr_par' dir='ltr' id='par_1_59' title="bbox 400 4143 2043 4213">
     <span class='ocr_line' id='line_1_60' title="bbox 400 4143 2043 4213; baseline 0 -14"><span class='ocrx_word' id='word_1_402' title='bbox 400 4143 568 4213; x_wconf 88' lang='lat' dir='ltr'><strong>sisse,</strong></span> <span class='ocrx_word' id='word_1_403' title='bbox 614 4152 672 4200; x_wconf 92' lang='lat' dir='ltr'><strong>et</strong></span> <span class='ocrx_word' id='word_1_404' title='bbox 708 4143 944 4200; x_wconf 86' lang='lat' dir='ltr'><strong>alteram</strong></span> <span class='ocrx_word' id='word_1_405' title='bbox 992 4147 1072 4202; x_wconf 88' lang='lat' dir='ltr'><strong>ita</strong></span> <span class='ocrx_word' id='word_1_406' title='bbox 1114 4145 1295 4202; x_wconf 88' lang='lat' dir='ltr'><strong>fuisse</strong></span> <span class='ocrx_word' id='word_1_407' title='bbox 1331 4151 1691 4202; x_wconf 91' lang='lat' dir='ltr'><strong>consecutam</strong></span> <span class='ocrx_word' id='word_1_408' title='bbox 1725 4163 1740 4212; x_wconf 72' lang='grc' dir='ltr'>ς</span> <span class='ocrx_word' id='word_1_409' title='bbox 1773 4144 2043 4200; x_wconf 88' lang='lat' dir='ltr'><strong>dubitare</strong></span> 
     </span>
    </p>
   </div>
   <div class='ocr_carea' id='block_1_60' title="bbox 395 4213 2043 4341">
    <p class='ocr_par' dir='ltr' id='par_1_60' title="bbox 395 4213 2043 4341">
     <span class='ocr_line' id='line_1_61' title="bbox 395 4213 2043 4341; baseline 0.001 -73"><span class='ocrx_word' id='word_1_410' title='bbox 395 4213 512 4341; x_wconf 50' lang='lat' dir='ltr'><strong>iam</strong></span> <span class='ocrx_word' id='word_1_411' title='bbox 537 4227 649 4269; x_wconf 92' lang='lat' dir='ltr'><strong>non</strong></span> <span class='ocrx_word' id='word_1_412' title='bbox 673 4227 978 4283; x_wconf 89' lang='lat' dir='ltr'><strong>possumus</strong></span> <span class='ocrx_word' id='word_1_413' title='bbox 1001 4217 1072 4272; x_wconf 89' lang='lat' dir='ltr'><strong>de</strong></span> <span class='ocrx_word' id='word_1_414' title='bbox 1100 4230 1230 4272; x_wconf 87' lang='lat' dir='ltr'><strong>vera</strong></span> <span class='ocrx_word' id='word_1_415' title='bbox 1255 4217 1533 4272; x_wconf 89' lang='lat' dir='ltr'><strong>distantia</strong></span> <span class='ocrx_word' id='word_1_416' title='bbox 1567 4216 1799 4271; x_wconf 89' lang='lat' dir='ltr'><strong>illorum</strong></span> <span class='ocrx_word' id='word_1_417' title='bbox 1821 4229 2043 4271; x_wconf 87' lang='lat' dir='ltr'><strong>consu-</strong></span> 
     </span>
     <span class='ocr_line' id='line_1_62' title="bbox 429 4285 2039 4341; baseline 0.001 -1"><span class='ocrx_word' id='word_1_418' title='bbox 429 4297 522 4340; x_wconf 91' lang='lat' dir='ltr'><strong>um</strong></span> <span class='ocrx_word' id='word_1_419' title='bbox 552 4289 608 4340; x_wconf 91' lang='lat' dir='ltr'><strong>et</strong></span> <span class='ocrx_word' id='word_1_420' title='bbox 635 4286 774 4341; x_wconf 92' lang='lat' dir='ltr'><strong>anni</strong></span> <span class='ocrx_word' id='word_1_421' title='bbox 796 4285 990 4341; x_wconf 87' lang='lat' dir='ltr'><strong>civilis</strong></span> <span class='ocrx_word' id='word_1_422' title='bbox 1019 4301 1119 4341; x_wconf 91' lang='lat' dir='ltr'><strong>ner</strong></span> <span class='ocrx_word' id='word_1_423' title='bbox 1150 4300 1248 4341; x_wconf 90' lang='lat' dir='ltr'><strong>eos</strong></span> <span class='ocrx_word' id='word_1_424' title='bbox 1283 4287 1498 4341; x_wconf 70' lang='lat' dir='ltr'><strong>signati</strong></span> <span class='ocrx_word' id='word_1_425' title='bbox 1529 4286 1601 4341; x_wconf 91' lang='lat' dir='ltr'><strong>ab</strong></span> <span class='ocrx_word' id='word_1_426' title='bbox 1630 4292 1793 4341; x_wconf 75' lang='lat' dir='ltr'><strong>:etate</strong></span> <span class='ocrx_word' id='word_1_427' title='bbox 1822 4292 2039 4341; x_wconf 89' lang='lat' dir='ltr'><strong>nostra.</strong></span> 
     </span>
    </p>
   </div>
   <div class='ocr_carea' id='block_1_61' title="bbox 429 4285 2039 4358">
    <p class='ocr_par' dir='ltr' id='par_1_61' title="bbox 429 4285 2039 4358">
     <span class='ocr_line' id='line_1_63' title="bbox 429 4285 2039 4358; baseline 0.002 -19"><span class='ocrx_word' id='word_1_428' title='bbox 429 4297 526 4358; x_wconf 83' lang='lat' dir='ltr'><strong>um</strong></span> <span class='ocrx_word' id='word_1_429' title='bbox 552 4289 608 4340; x_wconf 90' lang='lat' dir='ltr'><strong>et</strong></span> <span class='ocrx_word' id='word_1_430' title='bbox 635 4286 774 4358; x_wconf 85' lang='lat' dir='ltr'><strong>anni</strong></span> <span class='ocrx_word' id='word_1_431' title='bbox 796 4285 991 4358; x_wconf 86' lang='lat' dir='ltr'><strong>civilis</strong></span> <span class='ocrx_word' id='word_1_432' title='bbox 1019 4301 1119 4357; x_wconf 88' lang='lat' dir='ltr'><strong>per</strong></span> <span class='ocrx_word' id='word_1_433' title='bbox 1150 4300 1248 4342; x_wconf 91' lang='lat' dir='ltr'><strong>eos</strong></span> <span class='ocrx_word' id='word_1_434' title='bbox 1283 4287 1498 4358; x_wconf 88' lang='lat' dir='ltr'><strong>signati</strong></span> <span class='ocrx_word' id='word_1_435' title='bbox 1529 4286 1601 4341; x_wconf 91' lang='lat' dir='ltr'><strong>ab</strong></span> <span class='ocrx_word' id='word_1_436' title='bbox 1630 4292 1793 4342; x_wconf 68' lang='lat' dir='ltr'><strong>aetate</strong></span> <span class='ocrx_word' id='word_1_437' title='bbox 1822 4292 2039 4358; x_wconf 91' lang='lat' dir='ltr'><strong>nostra,</strong></span> 
     </span>
    </p>
   </div>
   <div class='ocr_carea' id='block_1_62' title="bbox 400 4355 2042 4427">
    <p class='ocr_par' dir='ltr' id='par_1_62' title="bbox 400 4355 2042 4427">
     <span class='ocr_line' id='line_1_64' title="bbox 400 4355 2042 4427; baseline 0.001 -16"><span class='ocrx_word' id='word_1_438' title='bbox 400 4361 457 4412; x_wconf 92' lang='lat' dir='ltr'><strong>et</strong></span> <span class='ocrx_word' id='word_1_439' title='bbox 477 4355 548 4411; x_wconf 90' lang='lat' dir='ltr'><strong>ab</strong></span> <span class='ocrx_word' id='word_1_440' title='bbox 571 4357 810 4413; x_wconf 87' lang='lat' dir='ltr'><strong>exordio</strong></span> <span class='ocrx_word' id='word_1_441' title='bbox 829 4369 954 4412; x_wconf 64' lang='lat' dir='ltr'><strong>tera:</strong></span> <span class='ocrx_word' id='word_1_442' title='bbox 968 4355 1187 4414; x_wconf 88' lang='lat' dir='ltr'><strong>Christi</strong></span> <span class='ocrx_word' id='word_1_443' title='bbox 1216 4355 1557 4413; x_wconf 82' lang='lat' dir='ltr'><strong>communis.</strong></span> <span class='ocrx_word' id='word_1_444' title='bbox 1587 4359 1701 4413; x_wconf 89' lang='lat' dir='ltr'><strong>Hoc</strong></span> <span class='ocrx_word' id='word_1_445' title='bbox 1728 4359 1914 4427; x_wconf 91' lang='lat' dir='ltr'><strong>ipsum</strong></span> <span class='ocrx_word' id='word_1_446' title='bbox 1941 4355 2042 4414; x_wconf 59' lang='lat' dir='ltr'><strong>di-é</strong></span> 
     </span>
    </p>
   </div>
   <div class='ocr_carea' id='block_1_63' title="bbox 401 4427 2043 4499">
    <p class='ocr_par' dir='ltr' id='par_1_63' title="bbox 401 4427 2043 4499">
     <span class='ocr_line' id='line_1_65' title="bbox 401 4427 2043 4499; baseline 0.001 -17"><span class='ocrx_word' id='word_1_447' title='bbox 401 4427 609 4496; x_wconf 90' lang='lat' dir='ltr'><strong>cimus,</strong></span> <span class='ocrx_word' id='word_1_448' title='bbox 653 4427 939 4484; x_wconf 86' lang='lat' dir='ltr'><strong>illustrem</strong></span> <span class='ocrx_word' id='word_1_449' title='bbox 965 4429 1198 4485; x_wconf 89' lang='lat' dir='ltr'><strong>reddere</strong></span> <span class='ocrx_word' id='word_1_450' title='bbox 1221 4428 1493 4499; x_wconf 89' lang='lat' dir='ltr'><strong>epocham</strong></span> <span class='ocrx_word' id='word_1_451' title='bbox 1528 4430 1607 4484; x_wconf 93' lang='lat' dir='ltr'><strong>ita</strong></span> <span class='ocrx_word' id='word_1_452' title='bbox 1629 4429 1909 4499; x_wconf 87' lang='lat' dir='ltr'><strong>signatam</strong></span> <span class='ocrx_word' id='word_1_453' title='bbox 1932 4429 2043 4485; x_wconf 88' lang='lat' dir='ltr'><strong>ob-</strong></span> 
     </span>
    </p>
   </div>
   <div class='ocr_carea' id='block_1_64' title="bbox 402 4499 2042 4570">
    <p class='ocr_par' dir='ltr' id='par_1_64' title="bbox 402 4499 2042 4570">
     <span class='ocr_line' id='line_1_66' title="bbox 402 4499 2042 4570; baseline 0.002 -16"><span class='ocrx_word' id='word_1_454' title='bbox 402 4499 645 4555; x_wconf 86' lang='lat' dir='ltr'><strong>servatis</strong></span> <span class='ocrx_word' id='word_1_455' title='bbox 697 4499 950 4557; x_wconf 91' lang='lat' dir='ltr'><strong>motibus</strong></span> <span class='ocrx_word' id='word_1_456' title='bbox 1005 4499 1356 4570; x_wconf 75' lang='lat' dir='ltr'><strong>coelestibus,</strong></span> <span class='ocrx_word' id='word_1_457' title='bbox 1423 4505 1635 4556; x_wconf 89' lang='lat' dir='ltr'><strong>certam</strong></span> <span class='ocrx_word' id='word_1_458' title='bbox 1705 4501 2042 4557; x_wconf 88' lang='lat' dir='ltr'><strong>distantiam</strong></span> 
     </span>
    </p>
   </div>
   <div class='ocr_carea' id='block_1_65' title="bbox 403 4570 1876 4642">
    <p class='ocr_par' dir='ltr' id='par_1_65' title="bbox 403 4570 1876 4642">
     <span class='ocr_line' id='line_1_67' title="bbox 403 4570 1876 4642; baseline 0.001 -17"><span class='ocrx_word' id='word_1_459' title='bbox 403 4570 762 4640; x_wconf 90' lang='lat' dir='ltr'><strong>temporibus</strong></span> <span class='ocrx_word' id='word_1_460' title='bbox 785 4571 1198 4628; x_wconf 82' lang='lat' dir='ltr'><strong>deﬂnientibus</strong></span> <span class='ocrx_word' id='word_1_461' title='bbox 1217 4571 1574 4642; x_wconf 90' lang='lat' dir='ltr'><strong>temporibus</strong></span> <span class='ocrx_word' id='word_1_462' title='bbox 1604 4572 1846 4629; x_wconf 88' lang='lat' dir='ltr'><strong>indicati</strong></span> <span class='ocrx_word' id='word_1_463' title='bbox 1862 4613 1876 4626; x_wconf 95' lang='lat'><strong>.</strong></span> 
     </span>
    </p>
   </div>
   <div class='ocr_carea' id='block_1_66' title="bbox 471 4675 2045 4748">
    <p class='ocr_par' dir='ltr' id='par_1_66' title="bbox 471 4675 2045 4748">
     <span class='ocr_line' id='line_1_68' title="bbox 471 4675 2045 4748; baseline 0.001 -16"><span class='ocrx_word' id='word_1_464' title='bbox 471 4675 693 4748; x_wconf 76' lang='lat' dir='ltr'><strong>Solaris</strong></span> <span class='ocrx_word' id='word_1_465' title='bbox 718 4676 956 4748; x_wconf 86' lang='lat' dir='ltr'><strong>eclipsis</strong></span> <span class='ocrx_word' id='word_1_466' title='bbox 989 4677 1165 4734; x_wconf 84' lang='lat' dir='ltr'><strong>ferme</strong></span> <span class='ocrx_word' id='word_1_467' title='bbox 1194 4677 1392 4734; x_wconf 89' lang='lat' dir='ltr'><strong>totalis</strong></span> <span class='ocrx_word' id='word_1_468' title='bbox 1417 4678 1588 4748; x_wconf 90' lang='lat' dir='ltr'><strong>paulo</strong></span> <span class='ocrx_word' id='word_1_469' title='bbox 1629 4683 1756 4748; x_wconf 89' lang='lat' dir='ltr'><strong>post</strong></span> <span class='ocrx_word' id='word_1_470' title='bbox 1781 4683 2045 4735; x_wconf 89' lang='lat' dir='ltr'><strong>exortum</strong></span> 
     </span>
    </p>
   </div>
   <div class='ocr_carea' id='block_1_67' title="bbox 401 4745 2046 4829">
    <p class='ocr_par' dir='ltr' id='par_1_67' title="bbox 401 4745 2046 4829">
     <span class='ocr_line' id='line_1_69' title="bbox 401 4745 2046 4829; baseline 0.002 -27"><span class='ocrx_word' id='word_1_471' title='bbox 401 4745 550 4829; x_wconf 78' lang='lat' dir='ltr'><strong>solis</strong></span> <span class='ocrx_word' id='word_1_472' title='bbox 567 4749 753 4829; x_wconf 68' lang='lat' dir='ltr'><strong>Roma:</strong></span> <span class='ocrx_word' id='word_1_473' title='bbox 782 4745 1115 4829; x_wconf 78' lang='lat' dir='ltr'><strong>spectabilis</strong></span> <span class='ocrx_word' id='word_1_474' title='bbox 1133 4749 1343 4829; x_wconf 76' lang='lat' dir='ltr'><strong>incidit</strong></span> <span class='ocrx_word' id='word_1_475' title='bbox 1372 4745 1433 4805; x_wconf 82' lang='lat' dir='ltr'><strong>in</strong></span> <span class='ocrx_word' id='word_1_476' title='bbox 1460 4751 1610 4829; x_wconf 81' lang='lat' dir='ltr'><strong>diem</strong></span> <span class='ocrx_word' id='word_1_477' title='bbox 1629 4745 1762 4829; x_wconf 64' lang='lat' dir='ltr'><strong>quae</strong></span> <span class='ocrx_word' id='word_1_478' title='bbox 1780 4757 1930 4806; x_wconf 88' lang='lat' dir='ltr'><strong>esset</strong></span> <span class='ocrx_word' id='word_1_479' title='bbox 1958 4763 2046 4829; x_wconf 88' lang='lat' dir='ltr'><strong>se-</strong></span> 
     </span>
    </p>
   </div>
   <div class='ocr_carea' id='block_1_68' title="bbox 401 4817 2045 4891">
    <p class='ocr_par' dir='ltr' id='par_1_68' title="bbox 401 4817 2045 4891">
     <span class='ocr_line' id='line_1_70' title="bbox 401 4817 2045 4891; baseline 0.001 -17"><span class='ocrx_word' id='word_1_480' title='bbox 401 4819 590 4891; x_wconf 75' lang='lat' dir='ltr'><strong>cunda</strong></span> <span class='ocrx_word' id='word_1_481' title='bbox 613 4817 861 4890; x_wconf 80' lang='lat' dir='ltr'><strong>Augusti</strong></span> <span class='ocrx_word' id='word_1_482' title='bbox 895 4821 952 4876; x_wconf 92' lang='lat' dir='ltr'><strong>in</strong></span> <span class='ocrx_word' id='word_1_483' title='bbox 983 4834 1134 4876; x_wconf 90' lang='lat' dir='ltr'><strong>anno</strong></span> <span class='ocrx_word' id='word_1_484' title='bbox 1160 4821 1386 4876; x_wconf 86' lang='lat' dir='ltr'><strong>Juliano</strong></span> <span class='ocrx_word' id='word_1_485' title='bbox 1419 4817 1728 4891; x_wconf 79' lang='lat' dir='ltr'><strong>proleptice</strong></span> <span class='ocrx_word' id='word_1_486' title='bbox 1749 4827 2045 4890; x_wconf 89' lang='lat' dir='ltr'><strong>assumpto</strong></span> 
     </span>
    </p>
   </div>
   <div class='ocr_carea' id='block_1_69' title="bbox 400 4887 2044 4948">
    <p class='ocr_par' dir='ltr' id='par_1_69' title="bbox 400 4887 2044 4948">
     <span class='ocr_line' id='line_1_71' title="bbox 400 4887 2044 4948; baseline 0.001 -3"><span class='ocrx_word' id='word_1_487' title='bbox 400 4887 471 4945; x_wconf 84' lang='lat'><strong>50</strong></span> <span class='ocrx_word' id='word_1_488' title='bbox 491 4896 621 4946; x_wconf 84' lang='lat' dir='ltr'><strong>ante</strong></span> <span class='ocrx_word' id='word_1_489' title='bbox 645 4887 814 4947; x_wconf 72' lang='lat' dir='ltr'><strong>teram</strong></span> <span class='ocrx_word' id='word_1_490' title='bbox 841 4892 1058 4948; x_wconf 91' lang='lat' dir='ltr'><strong>Christi</strong></span> <span class='ocrx_word' id='word_1_491' title='bbox 1082 4887 1460 4948; x_wconf 87' lang='lat' dir='ltr'><strong>communem.</strong></span> <span class='ocrx_word' id='word_1_492' title='bbox 1491 4887 1655 4948; x_wconf 76' lang='lat' dir='ltr'><strong>Anno</strong></span> <span class='ocrx_word' id='word_1_493' title='bbox 1676 4897 1866 4948; x_wconf 90' lang='lat' dir='ltr'><strong>autem</strong></span> <span class='ocrx_word' id='word_1_494' title='bbox 1892 4887 2044 4948; x_wconf 85' lang='lat' dir='ltr'><strong>hunc</strong></span> 
     </span>
    </p>
   </div>
   <div class='ocr_carea' id='block_1_70' title="bbox 399 4960 2042 5086">
    <p class='ocr_par' dir='ltr' id='par_1_70' title="bbox 399 4960 2042 5086">
     <span class='ocr_line' id='line_1_72' title="bbox 399 4960 2042 5086; baseline 0.001 -70"><span class='ocrx_word' id='word_1_495' title='bbox 399 4960 772 5086; x_wconf 62' lang='lat' dir='ltr'><strong>(praecedente,</strong></span> <span class='ocrx_word' id='word_1_496' title='bbox 808 4965 908 5047; x_wconf 75' lang='lat' dir='ltr'><strong>qui</strong></span> <span class='ocrx_word' id='word_1_497' title='bbox 932 4962 1390 5048; x_wconf 69' lang='lat' dir='ltr'><strong>fuissetJuliana:</strong></span> <span class='ocrx_word' id='word_1_498' title='bbox 1405 4961 1690 5048; x_wconf 65' lang='lat' dir='ltr'><strong>formaebi</strong></span> <span class='ocrx_word' id='word_1_499' title='bbox 1725 4971 1856 5019; x_wconf 84' lang='lat' dir='ltr'><strong>ante</strong></span> <span class='ocrx_word' id='word_1_500' title='bbox 1873 4976 2042 5048; x_wconf 67' lang='lat' dir='ltr'><strong>aeram</strong></span> 
     </span>
     <span class='ocr_line' id='line_1_73' title="bbox 423 5031 2042 5086; baseline 0 0"><span class='ocrx_word' id='word_1_501' title='bbox 423 5031 812 5086; x_wconf 79' lang='lat' dir='ltr'><strong>‘hristianam.</strong></span> <span class='ocrx_word' id='word_1_502' title='bbox 839 5036 937 5086; x_wconf 79' lang='lat' dir='ltr'><strong>die</strong></span> <span class='ocrx_word' id='word_1_503' title='bbox 962 5031 997 5086; x_wconf 87' lang='grc'><strong>7</strong></span> <span class='ocrx_word' id='word_1_504' title='bbox 1021 5035 1240 5086; x_wconf 80' lang='lat' dir='ltr'><strong>Martii.</strong></span> <span class='ocrx_word' id='word_1_505' title='bbox 1265 5035 1409 5086; x_wconf 78' lang='lat' dir='ltr'><strong>solis</strong></span> <span class='ocrx_word' id='word_1_506' title='bbox 1433 5035 1670 5086; x_wconf 69' lang='lat' dir='ltr'><strong>eclmsm</strong></span> <span class='ocrx_word' id='word_1_507' title='bbox 1688 5035 1964 5086; x_wconf 86' lang='lat' dir='ltr'><strong>centrahs</strong></span> <span class='ocrx_word' id='word_1_508' title='bbox 1989 5039 2042 5086; x_wconf 84' lang='lat' dir='ltr'><strong>et</strong></span> 
     </span>
    </p>
   </div>
   <div class='ocr_carea' id='block_1_71' title="bbox 423 5031 2045 5106">
    <p class='ocr_par' dir='ltr' id='par_1_71' title="bbox 423 5031 2045 5106">
     <span class='ocr_line' id='line_1_74' title="bbox 423 5031 2045 5106; baseline 0.001 -19"><span class='ocrx_word' id='word_1_509' title='bbox 423 5031 937 5106; x_wconf 60' lang='lat' dir='ltr'><strong>lhristianam,&#39;die</strong></span> <span class='ocrx_word' id='word_1_510' title='bbox 962 5031 997 5090; x_wconf 89' lang='lat'><strong>7</strong></span> <span class='ocrx_word' id='word_1_511' title='bbox 1021 5035 1240 5106; x_wconf 88' lang='lat' dir='ltr'><strong>Martii,</strong></span> <span class='ocrx_word' id='word_1_512' title='bbox 1258 5035 1409 5106; x_wconf 84' lang='lat' dir='ltr'><strong>solis</strong></span> <span class='ocrx_word' id='word_1_513' title='bbox 1433 5035 1670 5106; x_wconf 89' lang='lat' dir='ltr'><strong>eclipsis</strong></span> <span class='ocrx_word' id='word_1_514' title='bbox 1688 5035 1964 5090; x_wconf 87' lang='lat' dir='ltr'><strong>centralis</strong></span> <span class='ocrx_word' id='word_1_515' title='bbox 1989 5039 2045 5089; x_wconf 87' lang='lat' dir='ltr'><strong>et</strong></span> 
     </span>
    </p>
   </div>
   <div class='ocr_carea' id='block_1_72' title="bbox 401 5103 2045 5176">
    <p class='ocr_par' dir='ltr' id='par_1_72' title="bbox 401 5103 2045 5176">
     <span class='ocr_line' id='line_1_75' title="bbox 401 5103 2045 5176; baseline 0.002 -18"><span class='ocrx_word' id='word_1_516' title='bbox 401 5103 704 5176; x_wconf 82' lang='lat' dir='ltr'><strong>annularis</strong></span> <span class='ocrx_word' id='word_1_517' title='bbox 760 5107 950 5162; x_wconf 66' lang='lat' dir='ltr'><strong>Romae</strong></span> <span class='ocrx_word' id='word_1_518' title='bbox 996 5105 1332 5176; x_wconf 89' lang='lat' dir='ltr'><strong>spectabilis</strong></span> <span class='ocrx_word' id='word_1_519' title='bbox 1369 5105 1482 5164; x_wconf 86' lang='lat' dir='ltr'><strong>fuit</strong></span> <span class='ocrx_word' id='word_1_520' title='bbox 1513 5103 1574 5162; x_wconf 82' lang='lat' dir='ltr'><strong>in</strong></span> <span class='ocrx_word' id='word_1_521' title='bbox 1605 5107 1848 5163; x_wconf 89' lang='lat' dir='ltr'><strong>meridie</strong></span> <span class='ocrx_word' id='word_1_522' title='bbox 1877 5107 2045 5176; x_wconf 84' lang='lat' dir='ltr'><strong>juxta</strong></span> 
     </span>
    </p>
   </div>
   <div class='ocr_carea' id='block_1_73' title="bbox 403 5174 1100 5234">
    <p class='ocr_par' dir='ltr' id='par_1_73' title="bbox 403 5174 1100 5234">
     <span class='ocr_line' id='line_1_76' title="bbox 403 5174 1100 5234; baseline 0.003 -3"><span class='ocrx_word' id='word_1_523' title='bbox 403 5174 631 5232; x_wconf 88' lang='lat' dir='ltr'><strong>tabulas</strong></span> <span class='ocrx_word' id='word_1_524' title='bbox 656 5174 1100 5234; x_wconf 80' lang='lat' dir='ltr'><strong>astronomicas.</strong></span> 
     </span>
    </p>
   </div>
   <div class='ocr_carea' id='block_1_74' title="bbox 472 5282 2046 5368">
    <p class='ocr_par' dir='ltr' id='par_1_74' title="bbox 472 5282 2046 5368">
     <span class='ocr_line' id='line_1_77' title="bbox 472 5282 2046 5368; baseline 0.002 -30"><span class='ocrx_word' id='word_1_525' title='bbox 472 5282 599 5368; x_wconf 66' lang='lat' dir='ltr'><strong>1ch</strong></span> <span class='ocrx_word' id='word_1_526' title='bbox 630 5283 1090 5368; x_wconf 35' lang='lat' dir='ltr'><strong>ip.s_a_ecli_psiu‘m</strong></span> <span class='ocrx_word' id='word_1_527' title='bbox 1119 5283 1462 5368; x_wconf 67' lang='lat' dir='ltr'><strong>observatio,</strong></span> <span class='ocrx_word' id='word_1_528' title='bbox 1496 5297 1738 5368; x_wconf 79' lang='lat' dir='ltr'><strong>quarum</strong></span> <span class='ocrx_word' id='word_1_529' title='bbox 1760 5299 1896 5368; x_wconf 41' lang='lat' dir='ltr'><strong>.una</strong></span> <span class='ocrx_word' id='word_1_530' title='bbox 1921 5285 2046 5368; x_wconf 85' lang='lat' dir='ltr'><strong>sal-_-</strong></span> 
     </span>
    </p>
   </div>
   <div class='ocr_carea' id='block_1_75' title="bbox 402 5353 2042 5428">
    <p class='ocr_par' dir='ltr' id='par_1_75' title="bbox 402 5353 2042 5428">
     <span class='ocr_line' id='line_1_78' title="bbox 402 5353 2042 5428; baseline 0.003 -20"><span class='ocrx_word' id='word_1_531' title='bbox 402 5359 514 5428; x_wconf 81' lang='lat' dir='ltr'><strong>tem</strong></span> <span class='ocrx_word' id='word_1_532' title='bbox 549 5353 728 5411; x_wconf 90' lang='lat' dir='ltr'><strong>fuerit</strong></span> <span class='ocrx_word' id='word_1_533' title='bbox 759 5353 955 5428; x_wconf 83' lang='lat' dir='ltr'><strong>totalis</strong></span> <span class='ocrx_word' id='word_1_534' title='bbox 1003 5358 1212 5426; x_wconf 70' lang='lat' dir='ltr'><strong>Romae,</strong></span> <span class='ocrx_word' id='word_1_535' title='bbox 1261 5353 1551 5428; x_wconf 75' lang='lat' dir='ltr'><strong>descripta</strong></span> <span class='ocrx_word' id='word_1_536' title='bbox 1583 5355 2042 5427; x_wconf 88' lang='lat' dir='ltr'><strong>inveniturapud</strong></span> 
     </span>
    </p>
   </div>
   <div class='ocr_carea' id='block_1_76' title="bbox 399 5425 2045 5498">
    <p class='ocr_par' dir='ltr' id='par_1_76' title="bbox 399 5425 2045 5498">
     <span class='ocr_line' id='line_1_79' title="bbox 399 5425 2045 5498; baseline 0.002 -19"><span class='ocrx_word' id='word_1_537' title='bbox 399 5425 658 5498; x_wconf 84' lang='lat' dir='ltr'><strong>Dionem,</strong></span> <span class='ocrx_word' id='word_1_538' title='bbox 683 5432 738 5482; x_wconf 91' lang='lat' dir='ltr'><strong>et</strong></span> <span class='ocrx_word' id='word_1_539' title='bbox 766 5427 1048 5484; x_wconf 87' lang='lat' dir='ltr'><strong>attributa</strong></span> <span class='ocrx_word' id='word_1_540' title='bbox 1079 5429 1263 5484; x_wconf 90' lang='lat' dir='ltr'><strong>eidem</strong></span> <span class='ocrx_word' id='word_1_541' title='bbox 1293 5425 1472 5494; x_wconf 66' lang='lat' dir='ltr'><strong>anno,</strong></span> <span class='ocrx_word' id='word_1_542' title='bbox 1502 5440 1667 5498; x_wconf 92' lang='lat' dir='ltr'><strong>quem</strong></span> <span class='ocrx_word' id='word_1_543' title='bbox 1693 5425 2045 5498; x_wconf 84' lang='lat' dir='ltr'><strong>memorabi-</strong></span> 
     </span>
    </p>
   </div>
   <div class='ocr_carea' id='block_1_77' title="bbox 401 5496 2042 5566">
    <p class='ocr_par' dir='ltr' id='par_1_77' title="bbox 401 5496 2042 5566">
     <span class='ocr_line' id='line_1_80' title="bbox 401 5496 2042 5566; baseline 0.002 -15"><span class='ocrx_word' id='word_1_544' title='bbox 401 5496 511 5551; x_wconf 90' lang='lat' dir='ltr'><strong>lem</strong></span> <span class='ocrx_word' id='word_1_545' title='bbox 545 5511 657 5566; x_wconf 71' lang='lat' dir='ltr'><strong>przn</strong></span> <span class='ocrx_word' id='word_1_546' title='bbox 683 5500 1110 5556; x_wconf 68' lang='lat' dir='ltr'><strong>caeterisreddit</strong></span> <span class='ocrx_word' id='word_1_547' title='bbox 1133 5501 1383 5556; x_wconf 85' lang='lat' dir='ltr'><strong>Romana</strong></span> <span class='ocrx_word' id='word_1_548' title='bbox 1417 5496 1663 5555; x_wconf 80' lang='lat' dir='ltr'><strong>historia</strong></span> <span class='ocrx_word' id='word_1_549' title='bbox 1689 5497 1917 5556; x_wconf 89' lang='lat' dir='ltr'><strong>funesto</strong></span> <span class='ocrx_word' id='word_1_550' title='bbox 1931 5513 2042 5555; x_wconf 91' lang='lat' dir='ltr'><strong>non</strong></span> 
     </span>
    </p>
   </div>
   <div class='ocr_carea' id='block_1_78' title="bbox 401 5566 2040 5638">
    <p class='ocr_par' dir='ltr' id='par_1_78' title="bbox 401 5566 2040 5638">
     <span class='ocr_line' id='line_1_81' title="bbox 401 5566 2040 5638; baseline 0.004 -17"><span class='ocrx_word' id='word_1_551' title='bbox 401 5566 596 5638; x_wconf 86' lang='lat' dir='ltr'><strong>minus</strong></span> <span class='ocrx_word' id='word_1_552' title='bbox 621 5581 792 5638; x_wconf 90' lang='lat' dir='ltr'><strong>quam</strong></span> <span class='ocrx_word' id='word_1_553' title='bbox 814 5570 1024 5626; x_wconf 89' lang='lat' dir='ltr'><strong>celebri</strong></span> <span class='ocrx_word' id='word_1_554' title='bbox 1053 5573 1292 5628; x_wconf 91' lang='lat' dir='ltr'><strong>exordio</strong></span> <span class='ocrx_word' id='word_1_555' title='bbox 1319 5570 1600 5627; x_wconf 92' lang='lat' dir='ltr'><strong>bellorum</strong></span> <span class='ocrx_word' id='word_1_556' title='bbox 1619 5570 1908 5636; x_wconf 89' lang='lat' dir='ltr'><strong>civilium,</strong></span> <span class='ocrx_word' id='word_1_557' title='bbox 1942 5571 2040 5627; x_wconf 87' lang='lat' dir='ltr'><strong>cui</strong></span> 
     </span>
    </p>
   </div>
   <div class='ocr_carea' id='block_1_79' title="bbox 400 5637 2045 5699">
    <p class='ocr_par' dir='ltr' id='par_1_79' title="bbox 400 5637 2045 5699">
     <span class='ocr_line' id='line_1_82' title="bbox 400 5637 2045 5699; baseline 0.001 -5"><span class='ocrx_word' id='word_1_558' title='bbox 400 5637 805 5696; x_wconf 41' lang='lat' dir='ltr'><strong>scilicet’anno</strong></span> <span class='ocrx_word' id='word_1_559' title='bbox 833 5641 1099 5699; x_wconf 89' lang='lat' dir='ltr'><strong>consules</strong></span> <span class='ocrx_word' id='word_1_560' title='bbox 1119 5643 1528 5699; x_wconf 74' lang='lat' dir='ltr'><strong>obtineruntC.</strong></span> <span class='ocrx_word' id='word_1_561' title='bbox 1559 5641 1858 5698; x_wconf 92' lang='lat' dir='ltr'><strong>Claudius.</strong></span> <span class='ocrx_word' id='word_1_562' title='bbox 1888 5642 2006 5696; x_wconf 81' lang='lat' dir='ltr'><strong>Mar</strong></span> <span class='ocrx_word' id='word_1_563' title='bbox 2027 5671 2045 5683; x_wconf 87' lang='lat'><strong>-</strong></span> 
     </span>
    </p>
   </div>
   <div class='ocr_carea' id='block_1_80' title="bbox 400 5708 2040 5792">
    <p class='ocr_par' dir='ltr' id='par_1_80' title="bbox 400 5708 2040 5792">
     <span class='ocr_line' id='line_1_83' title="bbox 400 5708 2040 5792; baseline 0.002 -27"><span class='ocrx_word' id='word_1_564' title='bbox 400 5708 604 5792; x_wconf 65' lang='lat' dir='ltr'><strong>celius,</strong></span> <span class='ocrx_word' id='word_1_565' title='bbox 630 5711 688 5764; x_wconf 89' lang='lat' dir='ltr'><strong>L.</strong></span> <span class='ocrx_word' id='word_1_566' title='bbox 711 5709 1031 5792; x_wconf 75' lang='lat' dir='ltr'><strong>Cornelius,</strong></span> <span class='ocrx_word' id='word_1_567' title='bbox 1065 5708 1362 5792; x_wconf 73' lang='lat' dir='ltr'><strong>Lentulus,</strong></span> <span class='ocrx_word' id='word_1_568' title='bbox 1404 5719 1460 5769; x_wconf 92' lang='lat' dir='ltr'><strong>et</strong></span> <span class='ocrx_word' id='word_1_569' title='bbox 1505 5726 1648 5792; x_wconf 50' lang='lat' dir='ltr'><strong>mox</strong></span> <span class='ocrx_word' id='word_1_570' title='bbox 1665 5713 1954 5792; x_wconf 69' lang='lat' dir='ltr'><strong>dictatura</strong></span> <span class='ocrx_word' id='word_1_571' title='bbox 1968 5714 2040 5792; x_wconf 87' lang='lat' dir='ltr'><strong>_C.</strong></span> 
     </span>
    </p>
   </div>
   <div class='ocr_carea' id='block_1_81' title="bbox 398 5780 2046 5854">
    <p class='ocr_par' dir='ltr' id='par_1_81' title="bbox 398 5780 2046 5854">
     <span class='ocr_line' id='line_1_84' title="bbox 398 5780 2046 5854; baseline 0.002 -17"><span class='ocrx_word' id='word_1_572' title='bbox 398 5780 538 5838; x_wconf 82' lang='lat' dir='ltr'><strong>Julii</strong></span> <span class='ocrx_word' id='word_1_573' title='bbox 558 5781 801 5838; x_wconf 65' lang='lat' dir='ltr'><strong>Caesaris</strong></span> <span class='ocrx_word' id='word_1_574' title='bbox 827 5780 1031 5852; x_wconf 84' lang='lat' dir='ltr'><strong>prima,</strong></span> <span class='ocrx_word' id='word_1_575' title='bbox 1054 5799 1179 5854; x_wconf 69' lang='lat' dir='ltr'><strong>quae</strong></span> <span class='ocrx_word' id='word_1_576' title='bbox 1197 5780 1454 5842; x_wconf 92' lang='lat' dir='ltr'><strong>eumdem</strong></span> <span class='ocrx_word' id='word_1_577' title='bbox 1490 5784 1742 5841; x_wconf 87' lang='lat' dir='ltr'><strong>reddidit</strong></span> <span class='ocrx_word' id='word_1_578' title='bbox 1766 5785 2046 5841; x_wconf 62' lang='lat' dir='ltr'><strong>illustriov</strong></span> 
     </span>
    </p>
   </div>
   <div class='ocr_carea' id='block_1_82' title="bbox 406 5854 2045 5927">
    <p class='ocr_par' dir='ltr' id='par_1_82' title="bbox 406 5854 2045 5927">
     <span class='ocr_line' id='line_1_85' title="bbox 406 5854 2045 5927; baseline 0.001 -15"><span class='ocrx_word' id='word_1_579' title='bbox 406 5865 546 5913; x_wconf 88' lang='lat' dir='ltr'><strong>rem.</strong></span> <span class='ocrx_word' id='word_1_580' title='bbox 581 5855 878 5926; x_wconf 81' lang='lat' dir='ltr'><strong>Leguntur</strong></span> <span class='ocrx_word' id='word_1_581' title='bbox 925 5854 984 5910; x_wconf 92' lang='lat' dir='ltr'><strong>in</strong></span> <span class='ocrx_word' id='word_1_582' title='bbox 1025 5857 1417 5915; x_wconf 88' lang='lat' dir='ltr'><strong>marmoribus</strong></span> <span class='ocrx_word' id='word_1_583' title='bbox 1455 5855 1801 5927; x_wconf 89' lang='lat' dir='ltr'><strong>Capitolinis</strong></span> <span class='ocrx_word' id='word_1_584' title='bbox 1835 5857 1917 5912; x_wconf 90' lang='lat' dir='ltr'><strong>ita</strong></span> <span class='ocrx_word' id='word_1_585' title='bbox 1953 5858 2045 5913; x_wconf 89' lang='lat' dir='ltr'><strong>si-</strong></span> 
     </span>
    </p>
   </div>
   <div class='ocr_carea' id='block_1_83' title="bbox 2153 1046 3510 1119">
    <p class='ocr_par' dir='ltr' id='par_1_83' title="bbox 2153 1046 3510 1119">
     <span class='ocr_line' id='line_1_86' title="bbox 2153 1046 3510 1119; baseline 0.007 -19"><span class='ocrx_word' id='word_1_586' title='bbox 2153 1046 2337 1118; x_wconf 90' lang='lat' dir='ltr'><strong>civili,</strong></span> <span class='ocrx_word' id='word_1_587' title='bbox 2365 1047 2554 1103; x_wconf 66' lang='lat' dir='ltr'><strong>Romae</strong></span> <span class='ocrx_word' id='word_1_588' title='bbox 2583 1055 2720 1104; x_wconf 90' lang='lat' dir='ltr'><strong>tunc</strong></span> <span class='ocrx_word' id='word_1_589' title='bbox 2749 1055 3046 1119; x_wconf 89' lang='lat' dir='ltr'><strong>usurpato,</strong></span> <span class='ocrx_word' id='word_1_590' title='bbox 3076 1052 3161 1107; x_wconf 91' lang='lat' dir='ltr'><strong>sic</strong></span> <span class='ocrx_word' id='word_1_591' title='bbox 3185 1046 3468 1108; x_wconf 84' lang='lat' dir='ltr'><strong>attributa</strong></span> <span class='ocrx_word' id='word_1_592' title='bbox 3497 1072 3510 1107; x_wconf 87' lang='lat'>:</span> 
     </span>
    </p>
   </div>
   <div class='ocr_carea' id='block_1_84' title="bbox 2152 1123 3788 1181">
    <p class='ocr_par' dir='ltr' id='par_1_84' title="bbox 2152 1123 3788 1181">
     <span class='ocr_line' id='line_1_87' title="bbox 2152 1123 3788 1181; baseline 0.006 -11"><span class='ocrx_word' id='word_1_593' title='bbox 2152 1127 2200 1170; x_wconf 91' lang='lat' dir='ltr'><strong>c.</strong></span> <span class='ocrx_word' id='word_1_594' title='bbox 2222 1129 2485 1174; x_wconf 76' lang='lat' dir='ltr'><strong>CLAVDIVS</strong></span> <span class='ocrx_word' id='word_1_595' title='bbox 2506 1132 2563 1174; x_wconf 69' lang='grc' dir='ltr'><strong>υ.</strong></span> <span class='ocrx_word' id='word_1_596' title='bbox 2592 1133 2642 1175; x_wconf 67' lang='grc' dir='ltr'><strong>ιτ.</strong></span> <span class='ocrx_word' id='word_1_597' title='bbox 2685 1133 2744 1174; x_wconf 79' lang='lat' dir='ltr'><strong>u.</strong></span> <span class='ocrx_word' id='word_1_598' title='bbox 2794 1134 2848 1176; x_wconf 87' lang='lat' dir='ltr'><strong>N.</strong></span> <span class='ocrx_word' id='word_1_599' title='bbox 2882 1135 3200 1178; x_wconf 74' lang='lat' dir='ltr'><strong>uAncsLLvs</strong></span> <span class='ocrx_word' id='word_1_600' title='bbox 3417 1138 3470 1179; x_wconf 78' lang='grc' dir='ltr'><strong>ι.</strong></span> <span class='ocrx_word' id='word_1_601' title='bbox 3499 1123 3788 1181; x_wconf 84' lang='lat' dir='ltr'><strong>connelius</strong></span> 
     </span>
    </p>
   </div>
   <div class='ocr_carea' id='block_1_85' title="bbox 2153 1187 2990 1248">
    <p class='ocr_par' dir='ltr' id='par_1_85' title="bbox 2153 1187 2990 1248">
     <span class='ocr_line' id='line_1_88' title="bbox 2153 1187 2990 1248; baseline 0.007 -6"><span class='ocrx_word' id='word_1_602' title='bbox 2153 1187 2429 1245; x_wconf 89' lang='lat' dir='ltr'><strong>Lentulus</strong></span> <span class='ocrx_word' id='word_1_603' title='bbox 2646 1205 2825 1246; x_wconf 71' lang='lat' dir='ltr'><strong>nonan</strong></span> <span class='ocrx_word' id='word_1_604' title='bbox 2846 1206 2990 1248; x_wconf 87' lang='lat' dir='ltr'><strong>ANNo</strong></span> 
     </span>
    </p>
   </div>
   <div class='ocr_carea' id='block_1_86' title="bbox 2151 1269 3590 1324">
    <p class='ocr_par' dir='ltr' id='par_1_86' title="bbox 2151 1269 3590 1324">
     <span class='ocr_line' id='line_1_89' title="bbox 2151 1269 3590 1324; baseline 0.007 -12"><span class='ocrx_word' id='word_1_605' title='bbox 2151 1269 2198 1313; x_wconf 88' lang='lat' dir='ltr'><strong>c.</strong></span> <span class='ocrx_word' id='word_1_606' title='bbox 2233 1272 2414 1317; x_wconf 82' lang='lat' dir='ltr'><strong>iVLIVS</strong></span> <span class='ocrx_word' id='word_1_607' title='bbox 2437 1275 2491 1316; x_wconf 73' lang='grc' dir='ltr'><strong>η.</strong></span> <span class='ocrx_word' id='word_1_608' title='bbox 2518 1275 2568 1318; x_wconf 70' lang='grc' dir='ltr'><strong>ιτ.</strong></span> <span class='ocrx_word' id='word_1_609' title='bbox 2596 1273 2643 1318; x_wconf 91' lang='lat' dir='ltr'><strong>c.</strong></span> <span class='ocrx_word' id='word_1_610' title='bbox 2674 1275 2725 1318; x_wconf 84' lang='lat' dir='ltr'><strong>N.</strong></span> <span class='ocrx_word' id='word_1_611' title='bbox 2757 1276 2960 1320; x_wconf 75' lang='lat' dir='ltr'><strong>CAESAR</strong></span> <span class='ocrx_word' id='word_1_612' title='bbox 3319 1277 3407 1322; x_wconf 85' lang='lat' dir='ltr'><strong>mc</strong></span> <span class='ocrx_word' id='word_1_613' title='bbox 3435 1269 3590 1324; x_wconf 87' lang='lat' dir='ltr'><strong>tator</strong></span> 
     </span>
    </p>
   </div>
   <div class='ocr_carea' id='block_1_87' title="bbox 2219 1384 3790 1460">
    <p class='ocr_par' dir='ltr' id='par_1_87' title="bbox 2219 1384 3790 1460">
     <span class='ocr_line' id='line_1_90' title="bbox 2219 1384 3790 1460; baseline 0.006 -20"><span class='ocrx_word' id='word_1_614' title='bbox 2219 1384 2336 1440; x_wconf 92' lang='lat' dir='ltr'><strong>Sub</strong></span> <span class='ocrx_word' id='word_1_615' title='bbox 2365 1385 2458 1460; x_wconf 88' lang='lat' dir='ltr'><strong>his</strong></span> <span class='ocrx_word' id='word_1_616' title='bbox 2487 1387 2828 1460; x_wconf 85' lang='lat' dir='ltr'><strong>consulibus</strong></span> <span class='ocrx_word' id='word_1_617' title='bbox 2859 1394 3046 1445; x_wconf 87' lang='lat' dir='ltr'><strong>notam</strong></span> <span class='ocrx_word' id='word_1_618' title='bbox 3079 1389 3361 1460; x_wconf 86' lang='lat' dir='ltr'><strong>eclipseos</strong></span> <span class='ocrx_word' id='word_1_619' title='bbox 3409 1391 3555 1448; x_wconf 89' lang='lat' dir='ltr'><strong>solis</strong></span> <span class='ocrx_word' id='word_1_620' title='bbox 3577 1392 3790 1456; x_wconf 89' lang='lat' dir='ltr'><strong>totalis,</strong></span> 
     </span>
    </p>
   </div>
   <div class='ocr_carea' id='block_1_88' title="bbox 2149 1458 3792 1540">
    <p class='ocr_par' dir='ltr' id='par_1_88' title="bbox 2149 1458 3792 1540">
     <span class='ocr_line' id='line_1_91' title="bbox 2149 1458 3792 1540; baseline 0.005 -29"><span class='ocrx_word' id='word_1_621' title='bbox 2149 1458 2526 1540; x_wconf 62' lang='lat' dir='ltr'><strong>etexordium</strong></span> <span class='ocrx_word' id='word_1_622' title='bbox 2555 1459 2697 1540; x_wconf 75' lang='lat' dir='ltr'><strong>belli</strong></span> <span class='ocrx_word' id='word_1_623' title='bbox 2723 1460 2920 1516; x_wconf 87' lang='lat' dir='ltr'><strong>civilis</strong></span> <span class='ocrx_word' id='word_1_624' title='bbox 2946 1458 3317 1540; x_wconf 32' lang='lat' dir='ltr'><strong>recenset—Dio</strong></span> <span class='ocrx_word' id='word_1_625' title='bbox 3348 1463 3450 1519; x_wconf 91' lang='lat' dir='ltr'><strong>lib.</strong></span> <span class='ocrx_word' id='word_1_626' title='bbox 3481 1477 3624 1540; x_wconf 61' lang='lat' dir='ltr'><strong>xttu</strong></span> <span class='ocrx_word' id='word_1_627' title='bbox 3655 1482 3670 1518; x_wconf 84' lang='lat' dir='ltr'><strong>z</strong></span> <span class='ocrx_word' id='word_1_628' title='bbox 3702 1467 3792 1535; x_wconf 89' lang='lat' dir='ltr'><strong>qui</strong></span> 
     </span>
    </p>
   </div>
   <div class='ocr_carea' id='block_1_89' title="bbox 2148 1532 3799 1604">
    <p class='ocr_par' dir='ltr' id='par_1_89' title="bbox 2148 1532 3799 1604">
     <span class='ocr_line' id='line_1_92' title="bbox 2148 1532 3799 1604; baseline 0.005 -22"><span class='ocrx_word' id='word_1_629' title='bbox 2148 1532 2320 1604; x_wconf 81' lang='lat' dir='ltr'><strong>etiam</strong></span> <span class='ocrx_word' id='word_1_630' title='bbox 2354 1532 2708 1604; x_wconf 82' lang='lat' dir='ltr'><strong>nonomittit</strong></span> <span class='ocrx_word' id='word_1_631' title='bbox 2733 1544 2988 1588; x_wconf 88' lang='lat' dir='ltr'><strong>asserere</strong></span> <span class='ocrx_word' id='word_1_632' title='bbox 3014 1545 3165 1588; x_wconf 92' lang='lat' dir='ltr'><strong>anno</strong></span> <span class='ocrx_word' id='word_1_633' title='bbox 3189 1534 3343 1590; x_wconf 89' lang='lat' dir='ltr'><strong>hunc</strong></span> <span class='ocrx_word' id='word_1_634' title='bbox 3375 1536 3638 1604; x_wconf 83' lang='lat' dir='ltr'><strong>proxime</strong></span> <span class='ocrx_word' id='word_1_635' title='bbox 3671 1532 3799 1604; x_wconf 75' lang='lat' dir='ltr'><strong>pra:-</strong></span> 
     </span>
    </p>
   </div>
   <div class='ocr_carea' id='block_1_90' title="bbox 2149 1598 3789 1675">
    <p class='ocr_par' dir='ltr' id='par_1_90' title="bbox 2149 1598 3789 1675">
     <span class='ocr_line' id='line_1_93' title="bbox 2149 1598 3789 1675; baseline 0.006 -22"><span class='ocrx_word' id='word_1_636' title='bbox 2149 1598 2386 1675; x_wconf 80' lang='lat' dir='ltr'><strong>cedenti</strong></span> <span class='ocrx_word' id='word_1_637' title='bbox 2411 1600 2580 1656; x_wconf 90' lang='lat' dir='ltr'><strong>aliam</strong></span> <span class='ocrx_word' id='word_1_638' title='bbox 2607 1601 2852 1675; x_wconf 78' lang='lat' dir='ltr'><strong>solarem</strong></span> <span class='ocrx_word' id='word_1_639' title='bbox 2899 1604 3161 1675; x_wconf 85' lang='lat' dir='ltr'><strong>eclipsim</strong></span> <span class='ocrx_word' id='word_1_640' title='bbox 3192 1598 3554 1675; x_wconf 78' lang='lat' dir='ltr'><strong>conspectam</strong></span> <span class='ocrx_word' id='word_1_641' title='bbox 3589 1598 3789 1675; x_wconf 81' lang='lat' dir='ltr'><strong>fuisse,</strong></span> 
     </span>
    </p>
   </div>
   <div class='ocr_carea' id='block_1_91' title="bbox 2149 1670 3795 1752">
    <p class='ocr_par' dir='ltr' id='par_1_91' title="bbox 2149 1670 3795 1752">
     <span class='ocr_line' id='line_1_94' title="bbox 2149 1670 3795 1752; baseline 0.005 -27"><span class='ocrx_word' id='word_1_642' title='bbox 2149 1676 2206 1752; x_wconf 75' lang='lat' dir='ltr'><strong>et</strong></span> <span class='ocrx_word' id='word_1_643' title='bbox 2230 1670 2389 1752; x_wconf 84' lang='lat' dir='ltr'><strong>vulgi</strong></span> <span class='ocrx_word' id='word_1_644' title='bbox 2426 1673 2840 1752; x_wconf 82' lang='lat' dir='ltr'><strong>superstitione</strong></span> <span class='ocrx_word' id='word_1_645' title='bbox 2869 1670 3072 1752; x_wconf 66' lang='lat' dir='ltr'><strong>ambas</strong></span> <span class='ocrx_word' id='word_1_646' title='bbox 3123 1670 3366 1744; x_wconf 81' lang='lat' dir='ltr'><strong>eclipses</strong></span> <span class='ocrx_word' id='word_1_647' title='bbox 3392 1678 3626 1752; x_wconf 78' lang='lat' dir='ltr'><strong>habitas</strong></span> <span class='ocrx_word' id='word_1_648' title='bbox 3655 1670 3795 1752; x_wconf 83' lang='lat' dir='ltr'><strong>inter</strong></span> 
     </span>
    </p>
   </div>
   <div class='ocr_carea' id='block_1_92' title="bbox 2150 1746 3792 1816">
    <p class='ocr_par' dir='ltr' id='par_1_92' title="bbox 2150 1746 3792 1816">
     <span class='ocr_line' id='line_1_95' title="bbox 2150 1746 3792 1816; baseline 0.006 -22"><span class='ocrx_word' id='word_1_649' title='bbox 2150 1746 2313 1816; x_wconf 88' lang='lat' dir='ltr'><strong>_signa</strong></span> <span class='ocrx_word' id='word_1_650' title='bbox 2329 1749 2384 1797; x_wconf 92' lang='lat' dir='ltr'><strong>et</strong></span> <span class='ocrx_word' id='word_1_651' title='bbox 2402 1751 2686 1816; x_wconf 86' lang='lat' dir='ltr'><strong>portenta,</strong></span> <span class='ocrx_word' id='word_1_652' title='bbox 2716 1759 2842 1816; x_wconf 71' lang='lat' dir='ltr'><strong>qua:</strong></span> <span class='ocrx_word' id='word_1_653' title='bbox 2869 1746 3004 1800; x_wconf 90' lang='lat' dir='ltr'><strong>Urbi</strong></span> <span class='ocrx_word' id='word_1_654' title='bbox 3027 1755 3339 1802; x_wconf 89' lang='lat' dir='ltr'><strong>evenerunt</strong></span> <span class='ocrx_word' id='word_1_655' title='bbox 3365 1748 3550 1804; x_wconf 90' lang='lat' dir='ltr'><strong>veluti</strong></span> <span class='ocrx_word' id='word_1_656' title='bbox 3579 1749 3792 1805; x_wconf 89' lang='lat' dir='ltr'><strong>indicia</strong></span> 
     </span>
    </p>
   </div>
   <div class='ocr_carea' id='block_1_93' title="bbox 2153 1811 3792 1890">
    <p class='ocr_par' dir='ltr' id='par_1_93' title="bbox 2153 1811 3792 1890">
     <span class='ocr_line' id='line_1_96' title="bbox 2153 1811 3792 1890; baseline 0.006 -24"><span class='ocrx_word' id='word_1_657' title='bbox 2153 1811 2356 1890; x_wconf 78' lang='lat' dir='ltr'><strong>horum</strong></span> <span class='ocrx_word' id='word_1_658' title='bbox 2381 1811 2808 1890; x_wconf 75' lang='lat' dir='ltr'><strong>discriminum.</strong></span> <span class='ocrx_word' id='word_1_659' title='bbox 2835 1818 2978 1890; x_wconf 80' lang='lat' dir='ltr'><strong>Ejus</strong></span> <span class='ocrx_word' id='word_1_660' title='bbox 3003 1817 3170 1874; x_wconf 89' lang='lat' dir='ltr'><strong>verba</strong></span> <span class='ocrx_word' id='word_1_661' title='bbox 3199 1831 3322 1890; x_wconf 87' lang='lat' dir='ltr'><strong>pag.</strong></span> <span class='ocrx_word' id='word_1_662' title='bbox 3353 1817 3455 1875; x_wconf 84' lang='lat'><strong>459</strong></span> <span class='ocrx_word' id='word_1_663' title='bbox 3488 1820 3630 1875; x_wconf 91' lang='lat' dir='ltr'><strong>edit.</strong></span> <span class='ocrx_word' id='word_1_664' title='bbox 3652 1820 3792 1876; x_wconf 63' lang='grc' dir='ltr'><strong>6η-</strong></span> 
     </span>
    </p>
   </div>
   <div class='ocr_carea' id='block_1_94' title="bbox 2149 1884 3788 1961">
    <p class='ocr_par' dir='ltr' id='par_1_94' title="bbox 2149 1884 3788 1961">
     <span class='ocr_line' id='line_1_97' title="bbox 2149 1884 3788 1961; baseline 0.005 -23"><span class='ocrx_word' id='word_1_665' title='bbox 2149 1884 2378 1961; x_wconf 62' lang='grc' dir='ltr'><strong>ρο-[οειῑ.</strong></span> <span class='ocrx_word' id='word_1_666' title='bbox 2433 1887 2780 1961; x_wconf 73' lang='lat' dir='ltr'><strong>Leunclavii,</strong></span> <span class='ocrx_word' id='word_1_667' title='bbox 2841 1884 2986 1961; x_wconf 82' lang='lat' dir='ltr'><strong>talia</strong></span> <span class='ocrx_word' id='word_1_668' title='bbox 3017 1884 3374 1961; x_wconf 64' lang='lat' dir='ltr'><strong>sunt,&#39;d&#39;um</strong></span> <span class='ocrx_word' id='word_1_669' title='bbox 3424 1890 3691 1961; x_wconf 85' lang='lat' dir='ltr'><strong>loquitur</strong></span> <span class='ocrx_word' id='word_1_670' title='bbox 3725 1892 3788 1947; x_wconf 87' lang='lat' dir='ltr'><strong>de</strong></span> 
     </span>
    </p>
   </div>
   <div class='ocr_carea' id='block_1_95' title="bbox 2152 1955 3791 2046">
    <p class='ocr_par' dir='ltr' id='par_1_95' title="bbox 2152 1955 3791 2046">
     <span class='ocr_line' id='line_1_98' title="bbox 2152 1955 3791 2046; baseline 0.003 -37"><span class='ocrx_word' id='word_1_671' title='bbox 2152 1955 2279 2046; x_wconf 19' lang='lat' dir='ltr'><strong>Poim</strong></span> <span class='ocrx_word' id='word_1_672' title='bbox 2291 1956 2435 2043; x_wconf 47' lang='lat' dir='ltr'><strong>peio’</strong></span> <span class='ocrx_word' id='word_1_673' title='bbox 2460 1959 2662 2046; x_wconf 70' lang='lat' dir='ltr'><strong>Magnp</strong></span> <span class='ocrx_word' id='word_1_674' title='bbox 2704 1959 3133 2046; x_wconf 61' lang='lat' dir='ltr'><strong>Dyrrhachium</strong></span> <span class='ocrx_word' id='word_1_675' title='bbox 3158 1955 3791 2046; x_wconf 44' lang='lat' dir='ltr'><strong>appelle&#39;nte.&#39;_Esg-3;3z</strong></span> 
     </span>
    </p>
   </div>
   <div class='ocr_carea' id='block_1_96' title="bbox 2149 2025 3794 2102">
    <p class='ocr_par' dir='ltr' id='par_1_96' title="bbox 2149 2025 3794 2102">
     <span class='ocr_line' id='line_1_99' title="bbox 2149 2025 3794 2102; baseline 0.005 -25"><span class='ocrx_word' id='word_1_676' title='bbox 2149 2028 2368 2102; x_wconf 56' lang='grc' dir='ltr'><strong>ξιαῖέρων</strong></span> <span class='ocrx_word' id='word_1_677' title='bbox 2398 2025 2462 2090; x_wconf 87' lang='grc' dir='ltr'><strong>εἰς</strong></span> <span class='ocrx_word' id='word_1_678' title='bbox 2504 2025 2579 2102; x_wconf 59' lang='grc' dir='ltr'><strong>ςςὸ</strong></span> <span class='ocrx_word' id='word_1_679' title='bbox 2618 2025 2900 2102; x_wconf 76' lang='grc' dir='ltr'><strong>Δυρρἆιον</strong></span> <span class='ocrx_word' id='word_1_680' title='bbox 2959 2031 3154 2101; x_wconf 78' lang='grc' dir='ltr'><strong>ἔμαθεν,</strong></span> <span class='ocrx_word' id='word_1_681' title='bbox 3198 2025 3288 2085; x_wconf 58' lang='grc' dir='ltr'><strong>’ὄξι</strong></span> <span class='ocrx_word' id='word_1_682' title='bbox 3337 2030 3393 2085; x_wconf 75' lang='grc' dir='ltr'><strong>οὗ</strong></span> <span class='ocrx_word' id='word_1_683' title='bbox 3421 2035 3590 2094; x_wconf 81' lang='grc' dir='ltr'>καλῶς</span> <span class='ocrx_word' id='word_1_684' title='bbox 3630 2025 3794 2085; x_wconf 50' lang='lat' dir='ltr'><strong>ixi}:-</strong></span> 
     </span>
    </p>
   </div>
   <div class='ocr_carea' id='block_1_97' title="bbox 2151 2097 3789 2174">
    <p class='ocr_par' dir='ltr' id='par_1_97' title="bbox 2151 2097 3789 2174">
     <span class='ocr_line' id='line_1_100' title="bbox 2151 2097 3789 2174; baseline 0.001 -16"><span class='ocrx_word' id='word_1_685' title='bbox 2151 2097 2286 2174; x_wconf 67' lang='grc' dir='ltr'><strong>λαξξ.</strong></span> <span class='ocrx_word' id='word_1_686' title='bbox 2339 2102 2446 2174; x_wconf 88' lang='lat' dir='ltr'><strong>etc.</strong></span> <span class='ocrx_word' id='word_1_687' title='bbox 2501 2101 2568 2154; x_wconf 94' lang='lat' dir='ltr'><strong>Ut</strong></span> <span class='ocrx_word' id='word_1_688' title='bbox 2611 2097 2858 2170; x_wconf 76' lang='lat' dir='ltr'><strong>primum</strong></span> <span class='ocrx_word' id='word_1_689' title='bbox 2899 2097 3240 2170; x_wconf 69' lang='lat' dir='ltr'><strong>Dyrrachum</strong></span> <span class='ocrx_word' id='word_1_690' title='bbox 3286 2105 3524 2174; x_wconf 83' lang='lat' dir='ltr'><strong>appulit,</strong></span> <span class='ocrx_word' id='word_1_691' title='bbox 3584 2107 3789 2170; x_wconf 77' lang='lat' dir='ltr'><strong>statim,</strong></span> 
     </span>
    </p>
   </div>
   <div class='ocr_carea' id='block_1_98' title="bbox 2151 2168 3794 2246">
    <p class='ocr_par' dir='ltr' id='par_1_98' title="bbox 2151 2168 3794 2246">
     <span class='ocr_line' id='line_1_101' title="bbox 2151 2168 3794 2246; baseline 0.005 -24"><span class='ocrx_word' id='word_1_692' title='bbox 2151 2168 2295 2246; x_wconf 77' lang='lat' dir='ltr'><strong>male</strong></span> <span class='ocrx_word' id='word_1_693' title='bbox 2323 2173 2515 2246; x_wconf 77' lang='lat' dir='ltr'><strong>omine,</strong></span> <span class='ocrx_word' id='word_1_694' title='bbox 2558 2168 2830 2246; x_wconf 61' lang='lat' dir='ltr'><strong>sepatria</strong></span> <span class='ocrx_word' id='word_1_695' title='bbox 2856 2168 3147 2246; x_wconf 64' lang='lat' dir='ltr'><strong>excessisse</strong></span> <span class='ocrx_word' id='word_1_696' title='bbox 3172 2168 3385 2230; x_wconf 62' lang='lat' dir='ltr'><strong>didicit.</strong></span> <span class='ocrx_word' id='word_1_697' title='bbox 3411 2168 3555 2232; x_wconf 75' lang='lat' dir='ltr'><strong>Nam</strong></span> <span class='ocrx_word' id='word_1_698' title='bbox 3579 2178 3640 2228; x_wconf 71' lang='lat' dir='ltr'><strong>in</strong></span> <span class='ocrx_word' id='word_1_699' title='bbox 3675 2168 3794 2246; x_wconf 76' lang='lat' dir='ltr'><strong>ipsa</strong></span> 
     </span>
    </p>
   </div>
   <div class='ocr_carea' id='block_1_99' title="bbox 2152 2239 3798 2314">
    <p class='ocr_par' dir='ltr' id='par_1_99' title="bbox 2152 2239 3798 2314">
     <span class='ocr_line' id='line_1_102' title="bbox 2152 2239 3798 2314; baseline 0.004 -21"><span class='ocrx_word' id='word_1_700' title='bbox 2152 2239 2575 2308; x_wconf 79' lang='lat' dir='ltr'><strong>adnavigatione</strong></span> <span class='ocrx_word' id='word_1_701' title='bbox 2618 2239 2946 2311; x_wconf 78' lang='lat' dir='ltr'><strong>fulminibus</strong></span> <span class='ocrx_word' id='word_1_702' title='bbox 2987 2246 3200 2314; x_wconf 82' lang='lat' dir='ltr'><strong>aliquot</strong></span> <span class='ocrx_word' id='word_1_703' title='bbox 3245 2247 3443 2301; x_wconf 75' lang='lat' dir='ltr'><strong>milites</strong></span> <span class='ocrx_word' id='word_1_704' title='bbox 3489 2239 3798 2300; x_wconf 65' lang='lat' dir='ltr'><strong>exanimati</strong></span> 
     </span>
    </p>
   </div>
   <div class='ocr_carea' id='block_1_100' title="bbox 2153 2316 3793 2386">
    <p class='ocr_par' dir='ltr' id='par_1_100' title="bbox 2153 2316 3793 2386">
     <span class='ocr_line' id='line_1_103' title="bbox 2153 2316 3793 2386; baseline 0.004 -21"><span class='ocrx_word' id='word_1_705' title='bbox 2153 2316 2298 2386; x_wconf 82' lang='lat' dir='ltr'><strong>sunt,</strong></span> <span class='ocrx_word' id='word_1_706' title='bbox 2334 2318 2442 2368; x_wconf 91' lang='lat' dir='ltr'><strong>etc.</strong></span> <span class='ocrx_word' id='word_1_707' title='bbox 2478 2316 2599 2370; x_wconf 67' lang='lat' dir='ltr'><strong>Hzc</strong></span> <span class='ocrx_word' id='word_1_708' title='bbox 2613 2319 2868 2384; x_wconf 87' lang='lat' dir='ltr'><strong>portenta</strong></span> <span class='ocrx_word' id='word_1_709' title='bbox 2894 2316 3142 2386; x_wconf 78' lang='lat' dir='ltr'><strong>Pompeio</strong></span> <span class='ocrx_word' id='word_1_710' title='bbox 3175 2321 3488 2372; x_wconf 84' lang='lat' dir='ltr'><strong>evenerunt.</strong></span> <span class='ocrx_word' id='word_1_711' title='bbox 3532 2318 3793 2372; x_wconf 69' lang='lat' dir='ltr'><strong>Caeterum</strong></span> 
     </span>
    </p>
   </div>
   <div class='ocr_carea' id='block_1_101' title="bbox 2153 2383 3793 2444">
    <p class='ocr_par' dir='ltr' id='par_1_101' title="bbox 2153 2383 3793 2444">
     <span class='ocr_line' id='line_1_104' title="bbox 2153 2383 3793 2444; baseline 0.005 -9"><span class='ocrx_word' id='word_1_712' title='bbox 2153 2383 2271 2436; x_wconf 75' lang='lat' dir='ltr'><strong>alia</strong></span> <span class='ocrx_word' id='word_1_713' title='bbox 2316 2396 2437 2439; x_wconf 82' lang='grc' dir='ltr'><strong>τοτι</strong></span> <span class='ocrx_word' id='word_1_714' title='bbox 2476 2383 2715 2441; x_wconf 37' lang='lat' dir='ltr'><strong>Vnnt’so</strong></span> <span class='ocrx_word' id='word_1_715' title='bbox 2751 2399 2897 2442; x_wconf 84' lang='lat' dir='ltr'><strong>ANNO</strong></span> <span class='ocrx_word' id='word_1_716' title='bbox 2934 2383 3220 2442; x_wconf 53' lang='lat' dir='ltr'><strong>AC_PAVLO</strong></span> <span class='ocrx_word' id='word_1_717' title='bbox 3260 2401 3401 2444; x_wconf 68' lang='grc' dir='ltr'><strong>ΑΜΕ</strong></span> <span class='ocrx_word' id='word_1_718' title='bbox 3442 2403 3793 2444; x_wconf 68' lang='lat' dir='ltr'><strong>nvsnsnvm.</strong></span> 
     </span>
    </p>
   </div>
   <div class='ocr_carea' id='block_1_102' title="bbox 2152 2453 3796 2530">
    <p class='ocr_par' dir='ltr' id='par_1_102' title="bbox 2152 2453 3796 2530">
     <span class='ocr_line' id='line_1_105' title="bbox 2152 2453 3796 2530; baseline 0.004 -22"><span class='ocrx_word' id='word_1_719' title='bbox 2152 2453 2360 2530; x_wconf 67' lang='lat' dir='ltr'><strong>Eadem</strong></span> <span class='ocrx_word' id='word_1_720' title='bbox 2391 2469 2522 2512; x_wconf 88' lang='lat' dir='ltr'><strong>vero</strong></span> <span class='ocrx_word' id='word_1_721' title='bbox 2545 2469 2915 2530; x_wconf 83' lang='lat' dir='ltr'><strong>enumerans,</strong></span> <span class='ocrx_word' id='word_1_722' title='bbox 2957 2473 3084 2528; x_wconf 69' lang='lat' dir='ltr'><strong>qua:</strong></span> <span class='ocrx_word' id='word_1_723' title='bbox 3124 2474 3181 2513; x_wconf 87' lang='lat' dir='ltr'><strong>eo</strong></span> <span class='ocrx_word' id='word_1_724' title='bbox 3217 2476 3382 2526; x_wconf 89' lang='lat' dir='ltr'><strong>anno,</strong></span> <span class='ocrx_word' id='word_1_725' title='bbox 3410 2466 3458 2514; x_wconf 85' lang='lat' dir='ltr'><strong>et</strong></span> <span class='ocrx_word' id='word_1_726' title='bbox 3477 2462 3643 2530; x_wconf 83' lang='lat' dir='ltr'><strong>paulo</strong></span> <span class='ocrx_word' id='word_1_727' title='bbox 3664 2467 3796 2514; x_wconf 83' lang='lat' dir='ltr'><strong>ante</strong></span> 
     </span>
    </p>
   </div>
   <div class='ocr_carea' id='block_1_103' title="bbox 2157 2524 3791 2600">
    <p class='ocr_par' dir='ltr' id='par_1_103' title="bbox 2157 2524 3791 2600">
     <span class='ocr_line' id='line_1_106' title="bbox 2157 2524 3791 2600; baseline 0.004 -21"><span class='ocrx_word' id='word_1_728' title='bbox 2157 2524 2216 2600; x_wconf 79' lang='lat' dir='ltr'><strong>in</strong></span> <span class='ocrx_word' id='word_1_729' title='bbox 2238 2525 2387 2600; x_wconf 82' lang='lat' dir='ltr'><strong>Urbe</strong></span> <span class='ocrx_word' id='word_1_730' title='bbox 2405 2528 2783 2600; x_wconf 83' lang='lat' dir='ltr'><strong>contigerant,</strong></span> <span class='ocrx_word' id='word_1_731' title='bbox 2808 2524 3064 2585; x_wconf 82' lang='lat' dir='ltr'><strong>recenset</strong></span> <span class='ocrx_word' id='word_1_732' title='bbox 3081 2532 3252 2586; x_wconf 87' lang='lat' dir='ltr'><strong>etiam</strong></span> <span class='ocrx_word' id='word_1_733' title='bbox 3280 2524 3496 2587; x_wconf 81' lang='lat' dir='ltr'><strong>salares</strong></span> <span class='ocrx_word' id='word_1_734' title='bbox 3511 2529 3791 2588; x_wconf 87' lang='lat' dir='ltr'><strong>defectus.</strong></span> 
     </span>
    </p>
   </div>
   <div class='ocr_carea' id='block_1_104' title="bbox 2153 2597 3794 2672">
    <p class='ocr_par' dir='ltr' id='par_1_104' title="bbox 2153 2597 3794 2672">
     <span class='ocr_line' id='line_1_107' title="bbox 2153 2597 3794 2672; baseline 0.003 -21"><span class='ocrx_word' id='word_1_735' title='bbox 2153 2597 2314 2663; x_wconf 89' lang='lat' dir='ltr'><strong>Nam,</strong></span> <span class='ocrx_word' id='word_1_736' title='bbox 2348 2597 2560 2669; x_wconf 90' lang='lat' dir='ltr'><strong>inquit,</strong></span> <span class='ocrx_word' id='word_1_737' title='bbox 2573 2597 2647 2654; x_wconf 32' lang='lat' dir='ltr'><strong>‘in</strong></span> <span class='ocrx_word' id='word_1_738' title='bbox 2672 2597 2797 2669; x_wconf 75' lang='lat' dir='ltr'><strong>ipsa</strong></span> <span class='ocrx_word' id='word_1_739' title='bbox 2823 2601 2963 2655; x_wconf 88' lang='lat' dir='ltr'><strong>Urbe</strong></span> <span class='ocrx_word' id='word_1_740' title='bbox 2995 2602 3112 2671; x_wconf 81' lang='lat' dir='ltr'><strong>lupi</strong></span> <span class='ocrx_word' id='word_1_741' title='bbox 3139 2607 3454 2672; x_wconf 64' lang='lat' dir='ltr'><strong>noctuzque</strong></span> <span class='ocrx_word' id='word_1_742' title='bbox 3475 2605 3794 2672; x_wconf 76' lang='lat' dir='ltr'><strong>frequentes</strong></span> 
     </span>
    </p>
   </div>
   <div class='ocr_carea' id='block_1_105' title="bbox 2155 2673 3795 2741">
    <p class='ocr_par' dir='ltr' id='par_1_105' title="bbox 2155 2673 3795 2741">
     <span class='ocr_line' id='line_1_108' title="bbox 2155 2673 3795 2741; baseline 0.003 -20"><span class='ocrx_word' id='word_1_743' title='bbox 2155 2682 2478 2736; x_wconf 83' lang='lat' dir='ltr'><strong>apparuere,</strong></span> <span class='ocrx_word' id='word_1_744' title='bbox 2510 2676 2951 2740; x_wconf 71' lang='lat' dir='ltr'><strong>terrzmotusque</strong></span> <span class='ocrx_word' id='word_1_745' title='bbox 2977 2673 3154 2728; x_wconf 82' lang='lat' dir='ltr'><strong>crebri</strong></span> <span class='ocrx_word' id='word_1_746' title='bbox 3183 2689 3305 2727; x_wconf 88' lang='lat' dir='ltr'><strong>cum</strong></span> <span class='ocrx_word' id='word_1_747' title='bbox 3329 2675 3630 2741; x_wconf 82' lang='lat' dir='ltr'><strong>mugitibus</strong></span> <span class='ocrx_word' id='word_1_748' title='bbox 3663 2674 3795 2727; x_wconf 79' lang='lat' dir='ltr'><strong>editi</strong></span> 
     </span>
    </p>
   </div>
   <div class='ocr_carea' id='block_1_106' title="bbox 2154 2742 3794 2815">
    <p class='ocr_par' dir='ltr' id='par_1_106' title="bbox 2154 2742 3794 2815">
     <span class='ocr_line' id='line_1_109' title="bbox 2154 2742 3794 2815; baseline 0.004 -22"><span class='ocrx_word' id='word_1_749' title='bbox 2154 2744 2283 2794; x_wconf 89' lang='lat' dir='ltr'><strong>sunt</strong></span> <span class='ocrx_word' id='word_1_750' title='bbox 2310 2742 2501 2815; x_wconf 44' lang='lat' dir='ltr'><strong>{ignis</strong></span> <span class='ocrx_word' id='word_1_751' title='bbox 2511 2742 2582 2796; x_wconf 92' lang='lat' dir='ltr'><strong>ab</strong></span> <span class='ocrx_word' id='word_1_752' title='bbox 2602 2743 2827 2797; x_wconf 82' lang='lat' dir='ltr'><strong>occidua</strong></span> <span class='ocrx_word' id='word_1_753' title='bbox 2843 2743 2960 2797; x_wconf 66' lang='lat' dir='ltr'><strong>caeli</strong></span> <span class='ocrx_word' id='word_1_754' title='bbox 2969 2749 3128 2813; x_wconf 87' lang='lat' dir='ltr'><strong>parte</strong></span> <span class='ocrx_word' id='word_1_755' title='bbox 3148 2746 3207 2797; x_wconf 83' lang='lat' dir='ltr'><strong>in</strong></span> <span class='ocrx_word' id='word_1_756' title='bbox 3221 2746 3534 2799; x_wconf 78' lang='lat' dir='ltr'><strong>orientalem</strong></span> <span class='ocrx_word' id='word_1_757' title='bbox 3548 2745 3794 2815; x_wconf 76' lang='lat' dir='ltr'><strong>perlatus</strong></span> 
     </span>
    </p>
   </div>
   <div class='ocr_carea' id='block_1_107' title="bbox 2155 2811 3794 2884">
    <p class='ocr_par' dir='ltr' id='par_1_107' title="bbox 2155 2811 3794 2884">
     <span class='ocr_line' id='line_1_110' title="bbox 2155 2811 3794 2884; baseline 0.004 -20"><span class='ocrx_word' id='word_1_758' title='bbox 2155 2815 2234 2864; x_wconf 87' lang='lat' dir='ltr'><strong>est</strong></span> <span class='ocrx_word' id='word_1_759' title='bbox 2257 2811 2439 2866; x_wconf 82' lang='lat' dir='ltr'><strong>:alius</strong></span> <span class='ocrx_word' id='word_1_760' title='bbox 2463 2814 2622 2884; x_wconf 59' lang='lat' dir='ltr'><strong>ignis</strong></span> <span class='ocrx_word' id='word_1_761' title='bbox 2643 2829 2762 2868; x_wconf 86' lang='lat' dir='ltr'><strong>cum</strong></span> <span class='ocrx_word' id='word_1_762' title='bbox 2791 2815 2906 2867; x_wconf 79' lang='lat' dir='ltr'><strong>alia</strong></span> <span class='ocrx_word' id='word_1_763' title='bbox 2941 2811 3188 2884; x_wconf 55' lang='lat' dir='ltr'><strong>ddiﬁcia,</strong></span> <span class='ocrx_word' id='word_1_764' title='bbox 3231 2821 3342 2870; x_wconf 87' lang='lat' dir='ltr'><strong>tum</strong></span> <span class='ocrx_word' id='word_1_765' title='bbox 3375 2811 3599 2881; x_wconf 74' lang='lat' dir='ltr'><strong>Quirini</strong></span> <span class='ocrx_word' id='word_1_766' title='bbox 3629 2816 3794 2870; x_wconf 76' lang='lat' dir='ltr'><strong>aedem</strong></span> 
     </span>
    </p>
   </div>
   <div class='ocr_carea' id='block_1_108' title="bbox 2153 2881 3798 2950">
    <p class='ocr_par' dir='ltr' id='par_1_108' title="bbox 2153 2881 3798 2950">
     <span class='ocr_line' id='line_1_111' title="bbox 2153 2881 3798 2950; baseline 0.003 -14"><span class='ocrx_word' id='word_1_767' title='bbox 2153 2885 2392 2937; x_wconf 67' lang='lat' dir='ltr'><strong>excussit</strong></span> <span class='ocrx_word' id='word_1_768' title='bbox 2414 2903 2430 2938; x_wconf 95' lang='lat'><strong><em>:</em></strong></span> <span class='ocrx_word' id='word_1_769' title='bbox 2463 2881 2524 2938; x_wconf 87' lang='grc' dir='ltr'>Ὀ</span> <span class='ocrx_word' id='word_1_770' title='bbox 2541 2903 2593 2937; x_wconf 86' lang='grc' dir='ltr'><strong>τε</strong></span> <span class='ocrx_word' id='word_1_771' title='bbox 2617 2885 2755 2950; x_wconf 78' lang='grc' dir='ltr'><strong>ἥλιος</strong></span> <span class='ocrx_word' id='word_1_772' title='bbox 2772 2881 3100 2940; x_wconf 83' lang='grc' dir='ltr'><strong>ΣΥΜΠΛΣ</strong></span> <span class='ocrx_word' id='word_1_773' title='bbox 3125 2886 3221 2941; x_wconf 85' lang='grc' dir='ltr'><strong>ΕΞ</strong></span> <span class='ocrx_word' id='word_1_774' title='bbox 3231 2887 3491 2941; x_wconf 74' lang='grc' dir='ltr'><strong>ΕΛΙΠΕ’</strong></span> <span class='ocrx_word' id='word_1_775' title='bbox 3519 2901 3618 2942; x_wconf 82' lang='lat' dir='ltr'><strong>SOI.</strong></span> <span class='ocrx_word' id='word_1_776' title='bbox 3632 2901 3798 2942; x_wconf 75' lang='lat' dir='ltr'><strong>TOTVS</strong></span> 
     </span>
    </p>
   </div>
   <div class='ocr_carea' id='block_1_109' title="bbox 2153 2958 3793 3028">
    <p class='ocr_par' dir='ltr' id='par_1_109' title="bbox 2153 2958 3793 3028">
     <span class='ocr_line' id='line_1_112' title="bbox 2153 2958 3793 3028; baseline 0.004 -21"><span class='ocrx_word' id='word_1_777' title='bbox 2153 2966 2449 3028; x_wconf 68' lang='lat' dir='ltr'><strong>nsctpwyu</strong></span> <span class='ocrx_word' id='word_1_778' title='bbox 2495 2969 2781 3011; x_wconf 78' lang='lat' dir='ltr'><strong>PERTVLIT.</strong></span> <span class='ocrx_word' id='word_1_779' title='bbox 2821 2958 3103 3026; x_wconf 83' lang='lat' dir='ltr'><strong>Sceptrum</strong></span> <span class='ocrx_word' id='word_1_780' title='bbox 3138 2959 3283 3013; x_wconf 72' lang='lat' dir='ltr'><strong>Iovis</strong></span> <span class='ocrx_word' id='word_1_781' title='bbox 3327 2959 3597 3028; x_wconf 85' lang='lat' dir='ltr'><strong>galeaque</strong></span> <span class='ocrx_word' id='word_1_782' title='bbox 3637 2960 3793 3013; x_wconf 75' lang='lat' dir='ltr'><strong>Har-—</strong></span> 
     </span>
    </p>
   </div>
   <div class='ocr_carea' id='block_1_110' title="bbox 2154 3025 3791 3100">
    <p class='ocr_par' dir='ltr' id='par_1_110' title="bbox 2154 3025 3791 3100">
     <span class='ocr_line' id='line_1_113' title="bbox 2154 3025 3791 3100; baseline 0.005 -24"><span class='ocrx_word' id='word_1_783' title='bbox 2154 3026 2245 3100; x_wconf 67' lang='lat' dir='ltr'><strong>tis,</strong></span> <span class='ocrx_word' id='word_1_784' title='bbox 2269 3025 2327 3078; x_wconf 79' lang='lat' dir='ltr'><strong>in</strong></span> <span class='ocrx_word' id='word_1_785' title='bbox 2357 3025 2623 3100; x_wconf 73' lang='lat' dir='ltr'><strong>Capitolio</strong></span> <span class='ocrx_word' id='word_1_786' title='bbox 2647 3025 3168 3100; x_wconf 30' lang='lat' dir='ltr'><strong>reposita,’itemque</strong></span> <span class='ocrx_word' id='word_1_787' title='bbox 3191 3031 3473 3097; x_wconf 74' lang='lat' dir='ltr'><strong>columnae,</strong></span> <span class='ocrx_word' id='word_1_788' title='bbox 3496 3025 3567 3084; x_wconf 52' lang='lat' dir='ltr'><strong>&#39;in</strong></span> <span class='ocrx_word' id='word_1_789' title='bbox 3594 3031 3791 3100; x_wconf 82' lang='lat' dir='ltr'><strong>quibus</strong></span> 
     </span>
    </p>
   </div>
   <div class='ocr_carea' id='block_1_111' title="bbox 2154 3095 3792 3172">
    <p class='ocr_par' dir='ltr' id='par_1_111' title="bbox 2154 3095 3792 3172">
     <span class='ocr_line' id='line_1_114' title="bbox 2154 3095 3792 3172; baseline 0.004 -23"><span class='ocrx_word' id='word_1_790' title='bbox 2154 3095 2631 3172; x_wconf 71' lang='lat' dir='ltr'><strong>legesemstabanl,</strong></span> <span class='ocrx_word' id='word_1_791' title='bbox 2673 3095 2740 3172; x_wconf 60' lang='lat' dir='ltr'><strong>(fe</strong></span> <span class='ocrx_word' id='word_1_792' title='bbox 2795 3101 2920 3154; x_wconf 72' lang='lat' dir='ltr'><strong>ccelo</strong></span> <span class='ocrx_word' id='word_1_793' title='bbox 2953 3095 3102 3154; x_wconf 75' lang='lat' dir='ltr'><strong>tacta</strong></span> <span class='ocrx_word' id='word_1_794' title='bbox 3156 3107 3302 3172; x_wconf 84' lang='lat' dir='ltr'><strong>sunt.</strong></span> <span class='ocrx_word' id='word_1_795' title='bbox 3334 3095 3489 3156; x_wconf 86' lang='lat' dir='ltr'><strong>Inter</strong></span> <span class='ocrx_word' id='word_1_796' title='bbox 3535 3095 3792 3172; x_wconf 55' lang='lat' dir='ltr'><strong>ea&#39;vnlgo</strong></span> 
     </span>
    </p>
   </div>
   <div class='ocr_carea' id='block_1_112' title="bbox 2153 3166 3791 3239">
    <p class='ocr_par' dir='ltr' id='par_1_112' title="bbox 2153 3166 3791 3239">
     <span class='ocr_line' id='line_1_115' title="bbox 2153 3166 3791 3239; baseline 0.004 -17"><span class='ocrx_word' id='word_1_797' title='bbox 2153 3166 2369 3222; x_wconf 89' lang='lat' dir='ltr'><strong>credita</strong></span> <span class='ocrx_word' id='word_1_798' title='bbox 2403 3166 2666 3239; x_wconf 88' lang='lat' dir='ltr'><strong>prodigia</strong></span> <span class='ocrx_word' id='word_1_799' title='bbox 2689 3170 2874 3226; x_wconf 72' lang='lat' dir='ltr'><strong>Romae</strong></span> <span class='ocrx_word' id='word_1_800' title='bbox 2894 3177 3164 3239; x_wconf 88' lang='lat' dir='ltr'><strong>spectata.</strong></span> <span class='ocrx_word' id='word_1_801' title='bbox 3195 3170 3377 3229; x_wconf 87' lang='lat' dir='ltr'><strong>fuisse</strong></span> <span class='ocrx_word' id='word_1_802' title='bbox 3407 3182 3663 3229; x_wconf 88' lang='lat' dir='ltr'><strong>recenset</strong></span> <span class='ocrx_word' id='word_1_803' title='bbox 3692 3166 3791 3228; x_wconf 78' lang='lat' dir='ltr'><strong>so-</strong></span> 
     </span>
    </p>
   </div>
   <div class='ocr_carea' id='block_1_113' title="bbox 2154 3243 3790 3314">
    <p class='ocr_par' dir='ltr' id='par_1_113' title="bbox 2154 3243 3790 3314">
     <span class='ocr_line' id='line_1_116' title="bbox 2154 3243 3790 3314; baseline 0.004 -22"><span class='ocrx_word' id='word_1_804' title='bbox 2154 3251 2243 3314; x_wconf 56' lang='lat' dir='ltr'><strong>pis</strong></span> <span class='ocrx_word' id='word_1_805' title='bbox 2268 3251 2528 3314; x_wconf 66' lang='lat' dir='ltr'><strong>_ncmpsm</strong></span> <span class='ocrx_word' id='word_1_806' title='bbox 2573 3253 2840 3314; x_wconf 71' lang='lat' dir='ltr'><strong>rorALsu,</strong></span> <span class='ocrx_word' id='word_1_807' title='bbox 2881 3243 3010 3314; x_wconf 87' lang='lat' dir='ltr'><strong>ejus</strong></span> <span class='ocrx_word' id='word_1_808' title='bbox 3037 3243 3264 3299; x_wconf 90' lang='lat' dir='ltr'><strong>scilicet</strong></span> <span class='ocrx_word' id='word_1_809' title='bbox 3288 3244 3451 3312; x_wconf 90' lang='lat' dir='ltr'><strong>anni,</strong></span> <span class='ocrx_word' id='word_1_810' title='bbox 3477 3246 3644 3314; x_wconf 88' lang='lat' dir='ltr'><strong>cujus</strong></span> <span class='ocrx_word' id='word_1_811' title='bbox 3672 3245 3790 3299; x_wconf 78' lang='lat' dir='ltr'><strong>Ka-</strong></span> 
     </span>
    </p>
   </div>
   <div class='ocr_carea' id='block_1_114' title="bbox 2155 3309 3789 3388">
    <p class='ocr_par' dir='ltr' id='par_1_114' title="bbox 2155 3309 3789 3388">
     <span class='ocr_line' id='line_1_117' title="bbox 2155 3309 3789 3388; baseline 0.004 -24"><span class='ocrx_word' id='word_1_812' title='bbox 2155 3309 2354 3388; x_wconf 73' lang='lat' dir='ltr'><strong>lendas</strong></span> <span class='ocrx_word' id='word_1_813' title='bbox 2366 3312 2467 3366; x_wconf 86' lang='lat' dir='ltr'><strong>Jan</strong></span> <span class='ocrx_word' id='word_1_814' title='bbox 2478 3312 2671 3388; x_wconf 80' lang='lat' dir='ltr'><strong>uarias</strong></span> <span class='ocrx_word' id='word_1_815' title='bbox 2694 3312 2866 3369; x_wconf 93' lang='lat' dir='ltr'><strong>initio</strong></span> <span class='ocrx_word' id='word_1_816' title='bbox 2885 3309 3022 3388; x_wconf 85' lang='lat' dir='ltr'><strong>libri</strong></span> <span class='ocrx_word' id='word_1_817' title='bbox 3042 3327 3180 3388; x_wconf 78' lang='lat' dir='ltr'><strong>XLlli</strong></span> <span class='ocrx_word' id='word_1_818' title='bbox 3194 3316 3402 3388; x_wconf 82' lang='lat' dir='ltr'><strong>asserit</strong></span> <span class='ocrx_word' id='word_1_819' title='bbox 3422 3309 3675 3388; x_wconf 73' lang='lat' dir='ltr'><strong>signatas</strong></span> <span class='ocrx_word' id='word_1_820' title='bbox 3694 3328 3789 3370; x_wconf 89' lang='lat' dir='ltr'><strong>no-</strong></span> 
     </span>
    </p>
   </div>
   <div class='ocr_carea' id='block_1_115' title="bbox 2155 3381 3791 3441">
    <p class='ocr_par' dir='ltr' id='par_1_115' title="bbox 2155 3381 3791 3441">
     <span class='ocr_line' id='line_1_118' title="bbox 2155 3381 3791 3441; baseline 0.002 -5"><span class='ocrx_word' id='word_1_821' title='bbox 2155 3381 2414 3437; x_wconf 91' lang='lat' dir='ltr'><strong>minibus</strong></span> <span class='ocrx_word' id='word_1_822' title='bbox 2435 3383 2738 3439; x_wconf 91' lang='lat' dir='ltr'><strong>consulum</strong></span> <span class='ocrx_word' id='word_1_823' title='bbox 2786 3390 2924 3440; x_wconf 90' lang='lat' dir='ltr'><strong>tunc</strong></span> <span class='ocrx_word' id='word_1_824' title='bbox 2951 3385 3276 3441; x_wconf 88' lang='lat' dir='ltr'><strong>ineuntium</strong></span> <span class='ocrx_word' id='word_1_825' title='bbox 3317 3381 3555 3441; x_wconf 73' lang='lat' dir='ltr'><strong>Cornelii</strong></span> <span class='ocrx_word' id='word_1_826' title='bbox 3579 3387 3791 3441; x_wconf 79' lang='lat' dir='ltr'><strong>Lentuli</strong></span> 
     </span>
    </p>
   </div>
   <div class='ocr_carea' id='block_1_116' title="bbox 2153 3453 3794 3528">
    <p class='ocr_par' dir='ltr' id='par_1_116' title="bbox 2153 3453 3794 3528">
     <span class='ocr_line' id='line_1_119' title="bbox 2153 3453 3794 3528; baseline 0.004 -22"><span class='ocrx_word' id='word_1_827' title='bbox 2153 3457 2204 3506; x_wconf 89' lang='lat' dir='ltr'><strong>et</strong></span> <span class='ocrx_word' id='word_1_828' title='bbox 2235 3453 2302 3528; x_wconf 89' lang='lat' dir='ltr'><strong>_C.</strong></span> <span class='ocrx_word' id='word_1_829' title='bbox 2325 3453 2525 3528; x_wconf 54' lang='lat' dir='ltr'><strong>Gauda</strong></span> <span class='ocrx_word' id='word_1_830' title='bbox 2551 3459 2600 3508; x_wconf 85' lang='lat' dir='ltr'><strong>et</strong></span> <span class='ocrx_word' id='word_1_831' title='bbox 2624 3455 2792 3528; x_wconf 79' lang='lat' dir='ltr'><strong>paulo</strong></span> <span class='ocrx_word' id='word_1_832' title='bbox 2831 3461 2998 3528; x_wconf 74' lang='lat' dir='ltr'><strong>ante;</strong></span> <span class='ocrx_word' id='word_1_833' title='bbox 3027 3471 3162 3528; x_wconf 87' lang='lat' dir='ltr'><strong>cum</strong></span> <span class='ocrx_word' id='word_1_834' title='bbox 3197 3471 3349 3512; x_wconf 90' lang='lat' dir='ltr'><strong>anno</strong></span> <span class='ocrx_word' id='word_1_835' title='bbox 3387 3459 3612 3514; x_wconf 87' lang='lat' dir='ltr'><strong>scilicet</strong></span> <span class='ocrx_word' id='word_1_836' title='bbox 3641 3472 3794 3528; x_wconf 59' lang='lat' dir='ltr'><strong>pra!-</strong></span> 
     </span>
    </p>
   </div>
   <div class='ocr_carea' id='block_1_117' title="bbox 2151 3523 3798 3599">
    <p class='ocr_par' dir='ltr' id='par_1_117' title="bbox 2151 3523 3798 3599">
     <span class='ocr_line' id='line_1_120' title="bbox 2151 3523 3798 3599; baseline 0.003 -20"><span class='ocrx_word' id='word_1_837' title='bbox 2151 3523 2398 3599; x_wconf 78' lang='lat' dir='ltr'><strong>cedenti,</strong></span> <span class='ocrx_word' id='word_1_838' title='bbox 2423 3525 2538 3580; x_wconf 89' lang='lat' dir='ltr'><strong>alia</strong></span> <span class='ocrx_word' id='word_1_839' title='bbox 2583 3523 2795 3599; x_wconf 86' lang='lat' dir='ltr'><strong>solaris</strong></span> <span class='ocrx_word' id='word_1_840' title='bbox 2827 3527 3085 3599; x_wconf 88' lang='lat' dir='ltr'><strong>eclipsis</strong></span> <span class='ocrx_word' id='word_1_841' title='bbox 3139 3526 3314 3599; x_wconf 86' lang='lat' dir='ltr'><strong>ferme</strong></span> <span class='ocrx_word' id='word_1_842' title='bbox 3344 3530 3560 3595; x_wconf 87' lang='lat' dir='ltr'><strong>totalis,</strong></span> <span class='ocrx_word' id='word_1_843' title='bbox 3596 3523 3798 3599; x_wconf 79' lang='lat' dir='ltr'><strong>nempe</strong></span> 
     </span>
    </p>
   </div>
   <div class='ocr_carea' id='block_1_118' title="bbox 2153 3596 3792 3668">
    <p class='ocr_par' dir='ltr' id='par_1_118' title="bbox 2153 3596 3792 3668">
     <span class='ocr_line' id='line_1_121' title="bbox 2153 3596 3792 3668; baseline 0.005 -19"><span class='ocrx_word' id='word_1_844' title='bbox 2153 3596 2427 3668; x_wconf 86' lang='lat' dir='ltr'><strong>centralis</strong></span> <span class='ocrx_word' id='word_1_845' title='bbox 2471 3602 2529 3652; x_wconf 91' lang='lat' dir='ltr'><strong>et</strong></span> <span class='ocrx_word' id='word_1_846' title='bbox 2569 3597 2891 3668; x_wconf 73' lang='lat' dir='ltr'><strong>annularis,</strong></span> <span class='ocrx_word' id='word_1_847' title='bbox 2941 3606 3244 3668; x_wconf 89' lang='lat' dir='ltr'><strong>conspecta</strong></span> <span class='ocrx_word' id='word_1_848' title='bbox 3290 3598 3499 3656; x_wconf 82' lang='lat' dir='ltr'><strong>fuisset</strong></span> <span class='ocrx_word' id='word_1_849' title='bbox 3540 3601 3598 3656; x_wconf 92' lang='lat' dir='ltr'><strong>in</strong></span> <span class='ocrx_word' id='word_1_850' title='bbox 3623 3596 3792 3666; x_wconf 85' lang='lat' dir='ltr'><strong>Urbe,</strong></span> 
     </span>
    </p>
   </div>
   <div class='ocr_carea' id='block_1_119' title="bbox 2152 3667 3788 3741">
    <p class='ocr_par' dir='ltr' id='par_1_119' title="bbox 2152 3667 3788 3741">
     <span class='ocr_line' id='line_1_122' title="bbox 2152 3667 3788 3741; baseline 0.002 -19"><span class='ocrx_word' id='word_1_851' title='bbox 2152 3667 2249 3722; x_wconf 90' lang='lat' dir='ltr'><strong>die</strong></span> <span class='ocrx_word' id='word_1_852' title='bbox 2273 3669 2652 3741; x_wconf 88' lang='lat' dir='ltr'><strong>respondente</strong></span> <span class='ocrx_word' id='word_1_853' title='bbox 2674 3667 2708 3724; x_wconf 84' lang='lat'>7</span> <span class='ocrx_word' id='word_1_854' title='bbox 2739 3669 2929 3725; x_wconf 81' lang='lat' dir='ltr'><strong>Martii</strong></span> <span class='ocrx_word' id='word_1_855' title='bbox 2959 3667 3097 3726; x_wconf 87' lang='lat' dir='ltr'><strong>anni</strong></span> <span class='ocrx_word' id='word_1_856' title='bbox 3141 3671 3357 3726; x_wconf 82' lang='lat' dir='ltr'><strong>Juliani</strong></span> <span class='ocrx_word' id='word_1_857' title='bbox 3394 3671 3700 3741; x_wconf 90' lang='lat' dir='ltr'><strong>proleptici</strong></span> <span class='ocrx_word' id='word_1_858' title='bbox 3724 3671 3788 3728; x_wconf 86' lang='grc'><strong>51</strong></span> 
     </span>
    </p>
   </div>
   <div class='ocr_carea' id='block_1_120' title="bbox 2153 3740 3799 3811">
    <p class='ocr_par' dir='ltr' id='par_1_120' title="bbox 2153 3740 3799 3811">
     <span class='ocr_line' id='line_1_123' title="bbox 2153 3740 3799 3811; baseline 0.003 -18"><span class='ocrx_word' id='word_1_859' title='bbox 2153 3743 2284 3811; x_wconf 88' lang='lat' dir='ltr'><strong>ante</strong></span> <span class='ocrx_word' id='word_1_860' title='bbox 2336 3751 2504 3811; x_wconf 67' lang='lat' dir='ltr'><strong>aerem</strong></span> <span class='ocrx_word' id='word_1_861' title='bbox 2555 3740 2774 3796; x_wconf 91' lang='lat' dir='ltr'><strong>Christi</strong></span> <span class='ocrx_word' id='word_1_862' title='bbox 2808 3754 3186 3797; x_wconf 90' lang='lat' dir='ltr'><strong>communem.</strong></span> <span class='ocrx_word' id='word_1_863' title='bbox 3220 3740 3404 3798; x_wconf 87' lang='lat' dir='ltr'><strong>Dioni</strong></span> <span class='ocrx_word' id='word_1_864' title='bbox 3439 3740 3799 3811; x_wconf 85' lang='lat' dir='ltr'><strong>astipulatur</strong></span> 
     </span>
    </p>
   </div>
   <div class='ocr_carea' id='block_1_121' title="bbox 2154 3809 3803 3886">
    <p class='ocr_par' dir='ltr' id='par_1_121' title="bbox 2154 3809 3803 3886">
     <span class='ocr_line' id='line_1_124' title="bbox 2154 3809 3803 3886; baseline 0.004 -23"><span class='ocrx_word' id='word_1_865' title='bbox 2154 3810 2416 3886; x_wconf 81' lang='lat' dir='ltr'><strong>Lucanus</strong></span> <span class='ocrx_word' id='word_1_866' title='bbox 2445 3809 2609 3886; x_wconf 89' lang='lat' dir='ltr'><strong>libro_</strong></span> <span class='ocrx_word' id='word_1_867' title='bbox 2627 3813 2834 3881; x_wconf 91' lang='lat' dir='ltr'><strong>primo,</strong></span> <span class='ocrx_word' id='word_1_868' title='bbox 2868 3813 2968 3883; x_wconf 90' lang='lat' dir='ltr'><strong>qui</strong></span> <span class='ocrx_word' id='word_1_869' title='bbox 2991 3813 3187 3869; x_wconf 90' lang='lat' dir='ltr'><strong>horam</strong></span> <span class='ocrx_word' id='word_1_870' title='bbox 3218 3815 3457 3882; x_wconf 89' lang='lat' dir='ltr'><strong>eclipsis</strong></span> <span class='ocrx_word' id='word_1_871' title='bbox 3484 3809 3803 3886; x_wconf 90' lang='lat' dir='ltr'><strong>descripsit</strong></span> 
     </span>
    </p>
   </div>
   <div class='ocr_carea' id='block_1_122' title="bbox 2154 3881 3802 3956">
    <p class='ocr_par' dir='ltr' id='par_1_122' title="bbox 2154 3881 3802 3956">
     <span class='ocr_line' id='line_1_125' title="bbox 2154 3881 3802 3956; baseline 0.004 -21"><span class='ocrx_word' id='word_1_872' title='bbox 2154 3881 2531 3956; x_wconf 71' lang='lat' dir='ltr'><strong>meridianam</strong></span> <span class='ocrx_word' id='word_1_873' title='bbox 2580 3883 2789 3952; x_wconf 64' lang='lat' dir='ltr'><strong>Roma,</strong></span> <span class='ocrx_word' id='word_1_874' title='bbox 2823 3881 2960 3956; x_wconf 81' lang='lat' dir='ltr'><strong>cum</strong></span> <span class='ocrx_word' id='word_1_875' title='bbox 3013 3891 3216 3941; x_wconf 65' lang='lat' dir='ltr'><strong>caetera</strong></span> <span class='ocrx_word' id='word_1_876' title='bbox 3262 3881 3435 3942; x_wconf 89' lang='lat' dir='ltr'><strong>etiam</strong></span> <span class='ocrx_word' id='word_1_877' title='bbox 3469 3881 3736 3956; x_wconf 86' lang='lat' dir='ltr'><strong>prodigia</strong></span> <span class='ocrx_word' id='word_1_878' title='bbox 3764 3899 3802 3942; x_wconf 86' lang='lat' dir='ltr'><strong>a</strong></span> 
     </span>
    </p>
   </div>
   <div class='ocr_carea' id='block_1_123' title="bbox 2149 3903 3720 4024">
    <p class='ocr_par' dir='ltr' id='par_1_123' title="bbox 2149 3903 3720 4024">
     <span class='ocr_line' id='line_1_126' title="bbox 2154 3903 3720 3956; baseline 0.004 -21"><span class='ocrx_word' id='word_1_879' title='bbox 2154 3903 2531 3937; x_wconf 77' lang='lat' dir='ltr'><strong>utcrtulauum</strong></span> <span class='ocrx_word' id='word_1_880' title='bbox 2580 3903 2789 3952; x_wconf 64' lang='lat' dir='ltr'><strong>norum,</strong></span> <span class='ocrx_word' id='word_1_881' title='bbox 2831 3903 2960 3940; x_wconf 87' lang='lat' dir='ltr'><strong>cum</strong></span> <span class='ocrx_word' id='word_1_882' title='bbox 3013 3903 3216 3941; x_wconf 63' lang='lat' dir='ltr'><strong>caetera</strong></span> <span class='ocrx_word' id='word_1_883' title='bbox 3262 3903 3435 3942; x_wconf 78' lang='lat' dir='ltr'><strong>etiam</strong></span> <span class='ocrx_word' id='word_1_884' title='bbox 3469 3903 3631 3956; x_wconf 78' lang='lat' dir='ltr'><strong>prout</strong></span> <span class='ocrx_word' id='word_1_885' title='bbox 3681 3903 3720 3942; x_wconf 74' lang='grc' dir='ltr'>ιε</span> 
     </span>
     <span class='ocr_line' id='line_1_127' title="bbox 2149 3903 3720 4024; baseline 0.004 -18"><span class='ocrx_word' id='word_1_886' title='bbox 2149 3951 2330 4009; x_wconf 92' lang='lat' dir='ltr'><strong>Dione</strong></span> <span class='ocrx_word' id='word_1_887' title='bbox 2352 3960 2660 4011; x_wconf 89' lang='lat' dir='ltr'><strong>memorata</strong></span> <span class='ocrx_word' id='word_1_888' title='bbox 2690 3954 3008 4024; x_wconf 88' lang='lat' dir='ltr'><strong>retulisset,</strong></span> <span class='ocrx_word' id='word_1_889' title='bbox 3042 3956 3124 4012; x_wconf 91' lang='lat' dir='ltr'><strong>ita</strong></span> <span class='ocrx_word' id='word_1_890' title='bbox 3147 3969 3358 4013; x_wconf 88' lang='lat' dir='ltr'><strong>canens</strong></span> <span class='ocrx_word' id='word_1_891' title='bbox 3387 3971 3555 4014; x_wconf 90' lang='lat' dir='ltr'><strong>versu</strong></span> <span class='ocrx_word' id='word_1_892' title='bbox 3579 3903 3720 4015; x_wconf 54' lang='lat'><strong>545):</strong></span> 
     </span>
    </p>
   </div>
   <div class='ocr_carea' id='block_1_124' title="bbox 2275 4080 3505 4154">
    <p class='ocr_par' dir='ltr' id='par_1_124' title="bbox 2275 4080 3505 4154">
     <span class='ocr_line' id='line_1_128' title="bbox 2275 4080 3505 4154; baseline 0.002 -26"><span class='ocrx_word' id='word_1_893' title='bbox 2275 4080 2388 4154; x_wconf 62' lang='lat' dir='ltr'><strong>ipse</strong></span> <span class='ocrx_word' id='word_1_894' title='bbox 2406 4083 2567 4154; x_wconf 61' lang='lat' dir='ltr'><strong>caput</strong></span> <span class='ocrx_word' id='word_1_895' title='bbox 2589 4081 2759 4154; x_wconf 75' lang='lat' dir='ltr'><strong>medio</strong></span> <span class='ocrx_word' id='word_1_896' title='bbox 2782 4082 2933 4154; x_wconf 76' lang='lat' dir='ltr'><strong>Titan</strong></span> <span class='ocrx_word' id='word_1_897' title='bbox 2973 4083 3272 4154; x_wconf 73' lang='lat' dir='ltr'><strong>cumferret</strong></span> <span class='ocrx_word' id='word_1_898' title='bbox 3302 4083 3505 4146; x_wconf 79' lang='lat' dir='ltr'><strong>olympo</strong></span> 
     </span>
    </p>
   </div>
   <div class='ocr_carea' id='block_1_125' title="bbox 2317 4143 3439 4206">
    <p class='ocr_par' dir='ltr' id='par_1_125' title="bbox 2317 4143 3439 4206">
     <span class='ocr_line' id='line_1_129' title="bbox 2317 4143 3439 4206; baseline 0.002 -16"><span class='ocrx_word' id='word_1_899' title='bbox 2317 4143 2517 4206; x_wconf 89' lang='lat' dir='ltr'><strong>ondidit</strong></span> <span class='ocrx_word' id='word_1_900' title='bbox 2550 4145 2787 4193; x_wconf 88' lang='lat' dir='ltr'><strong>ardentes</strong></span> <span class='ocrx_word' id='word_1_901' title='bbox 2821 4147 2932 4193; x_wconf 88' lang='lat' dir='ltr'><strong>atra</strong></span> <span class='ocrx_word' id='word_1_902' title='bbox 2961 4144 3180 4206; x_wconf 83' lang='lat' dir='ltr'><strong>caligine</strong></span> <span class='ocrx_word' id='word_1_903' title='bbox 3215 4143 3396 4194; x_wconf 70' lang='lat' dir='ltr'><strong>currus</strong></span> <span class='ocrx_word' id='word_1_904' title='bbox 3425 4158 3439 4204; x_wconf 91' lang='lat'><strong>;</strong></span> 
     </span>
    </p>
   </div>
   <div class='ocr_carea' id='block_1_126' title="bbox 2275 4205 3602 4270">
    <p class='ocr_par' dir='ltr' id='par_1_126' title="bbox 2275 4205 3602 4270">
     <span class='ocr_line' id='line_1_130' title="bbox 2275 4205 3602 4270; baseline 0.002 -17"><span class='ocrx_word' id='word_1_905' title='bbox 2275 4205 2607 4270; x_wconf 13' lang='lat' dir='ltr'><strong>involvitque,</strong></span> <span class='ocrx_word' id='word_1_906' title='bbox 2630 4205 2810 4255; x_wconf 92' lang='lat' dir='ltr'><strong>orbem</strong></span> <span class='ocrx_word' id='word_1_907' title='bbox 2843 4207 3088 4270; x_wconf 78' lang='lat' dir='ltr'><strong>tenebris,</strong></span> <span class='ocrx_word' id='word_1_908' title='bbox 3124 4211 3408 4270; x_wconf 88' lang='lat' dir='ltr'><strong>gentesque</strong></span> <span class='ocrx_word' id='word_1_909' title='bbox 3433 4207 3602 4268; x_wconf 80' lang='lat' dir='ltr'><strong>coegit</strong></span> 
     </span>
    </p>
   </div>
   <div class='ocr_carea' id='block_1_127' title="bbox 2273 4267 3544 4332">
    <p class='ocr_par' dir='ltr' id='par_1_127' title="bbox 2273 4267 3544 4332">
     <span class='ocr_line' id='line_1_131' title="bbox 2273 4267 3544 4332; baseline 0.002 -16"><span class='ocrx_word' id='word_1_910' title='bbox 2273 4267 2558 4332; x_wconf 66' lang='lat' dir='ltr'><strong>Desperare</strong></span> <span class='ocrx_word' id='word_1_911' title='bbox 2581 4269 2719 4317; x_wconf 90' lang='lat' dir='ltr'><strong>diem</strong></span> <span class='ocrx_word' id='word_1_912' title='bbox 2753 4283 2764 4316; x_wconf 94' lang='lat'>:</span> <span class='ocrx_word' id='word_1_913' title='bbox 2789 4270 2993 4332; x_wconf 87' lang='lat' dir='ltr'><strong>qualem</strong></span> <span class='ocrx_word' id='word_1_914' title='bbox 3019 4267 3247 4332; x_wconf 87' lang='lat' dir='ltr'><strong>fugiente</strong></span> <span class='ocrx_word' id='word_1_915' title='bbox 3285 4267 3380 4332; x_wconf 77' lang='lat' dir='ltr'><strong>per</strong></span> <span class='ocrx_word' id='word_1_916' title='bbox 3403 4267 3544 4318; x_wconf 86' lang='lat' dir='ltr'><strong>ortus</strong></span> 
     </span>
    </p>
   </div>
   <div class='ocr_carea' id='block_1_128' title="bbox 2276 4330 3444 4395">
    <p class='ocr_par' dir='ltr' id='par_1_128' title="bbox 2276 4330 3444 4395">
     <span class='ocr_line' id='line_1_132' title="bbox 2276 4330 3444 4395; baseline 0.002 -16"><span class='ocrx_word' id='word_1_917' title='bbox 2276 4330 2400 4379; x_wconf 91' lang='lat' dir='ltr'><strong>Sole</strong></span> <span class='ocrx_word' id='word_1_918' title='bbox 2415 4331 2696 4393; x_wconf 72' lang='lat' dir='ltr'><strong>Thyestaete</strong></span> <span class='ocrx_word' id='word_1_919' title='bbox 2729 4330 2934 4381; x_wconf 82' lang='lat' dir='ltr'><strong>noctem</strong></span> <span class='ocrx_word' id='word_1_920' title='bbox 2970 4333 3159 4381; x_wconf 85' lang='lat' dir='ltr'><strong>duxere</strong></span> <span class='ocrx_word' id='word_1_921' title='bbox 3195 4330 3444 4395; x_wconf 68' lang='lat' dir='ltr'><strong>Mycenae.</strong></span> 
     </span>
    </p>
   </div>
   <div class='ocr_carea' id='block_1_129' title="bbox 2220 4429 3798 4500">
    <p class='ocr_par' dir='ltr' id='par_1_129' title="bbox 2220 4429 3798 4500">
     <span class='ocr_line' id='line_1_133' title="bbox 2220 4429 3798 4500; baseline 0.002 -16"><span class='ocrx_word' id='word_1_922' title='bbox 2220 4429 2495 4486; x_wconf 83' lang='lat' dir='ltr'><strong>Consules</strong></span> <span class='ocrx_word' id='word_1_923' title='bbox 2513 4430 2666 4486; x_wconf 92' lang='lat' dir='ltr'><strong>hunc</strong></span> <span class='ocrx_word' id='word_1_924' title='bbox 2683 4443 2898 4485; x_wconf 90' lang='lat' dir='ltr'><strong>annum</strong></span> <span class='ocrx_word' id='word_1_925' title='bbox 2929 4429 3209 4486; x_wconf 91' lang='lat' dir='ltr'><strong>bellorum</strong></span> <span class='ocrx_word' id='word_1_926' title='bbox 3241 4429 3506 4486; x_wconf 87' lang='lat' dir='ltr'><strong>civilium</strong></span> <span class='ocrx_word' id='word_1_927' title='bbox 3523 4429 3798 4500; x_wconf 86' lang='lat' dir='ltr'><strong>aperien-</strong></span> 
     </span>
    </p>
   </div>
   <div class='ocr_carea' id='block_1_130' title="bbox 2151 4501 3797 4575">
    <p class='ocr_par' dir='ltr' id='par_1_130' title="bbox 2151 4501 3797 4575">
     <span class='ocr_line' id='line_1_134' title="bbox 2151 4501 3797 4575; baseline 0 -17"><span class='ocrx_word' id='word_1_928' title='bbox 2151 4507 2256 4570; x_wconf 90' lang='lat' dir='ltr'><strong>tes,</strong></span> <span class='ocrx_word' id='word_1_929' title='bbox 2285 4515 2389 4563; x_wconf 84' lang='lat' dir='ltr'><strong>ovo</strong></span> <span class='ocrx_word' id='word_1_930' title='bbox 2436 4515 2601 4556; x_wconf 77' lang='lat' dir='ltr'><strong>nrtAu</strong></span> <span class='ocrx_word' id='word_1_931' title='bbox 2639 4515 2802 4575; x_wconf 73' lang='lat' dir='ltr'><strong>ANNO,</strong></span> <span class='ocrx_word' id='word_1_932' title='bbox 2857 4516 2922 4557; x_wconf 74' lang='lat' dir='ltr'><strong>nr</strong></span> <span class='ocrx_word' id='word_1_933' title='bbox 2961 4515 3138 4575; x_wconf 55' lang='lat' dir='ltr'><strong>pAvpo</strong></span> <span class='ocrx_word' id='word_1_934' title='bbox 3179 4515 3318 4557; x_wconf 77' lang='lat' dir='ltr'><strong>ANTE</strong></span> <span class='ocrx_word' id='word_1_935' title='bbox 3367 4501 3467 4558; x_wconf 92' lang='lat' dir='ltr'><strong>illa</strong></span> <span class='ocrx_word' id='word_1_936' title='bbox 3497 4503 3797 4575; x_wconf 29' lang='lat' dir='ltr'><strong>“prodigia</strong></span> 
     </span>
    </p>
   </div>
   <div class='ocr_carea' id='block_1_131' title="bbox 2151 4571 3797 4644">
    <p class='ocr_par' dir='ltr' id='par_1_131' title="bbox 2151 4571 3797 4644">
     <span class='ocr_line' id='line_1_135' title="bbox 2151 4571 3797 4644; baseline 0.001 -15"><span class='ocrx_word' id='word_1_937' title='bbox 2151 4579 2481 4643; x_wconf 90' lang='lat' dir='ltr'><strong>evenerunt,</strong></span> <span class='ocrx_word' id='word_1_938' title='bbox 2509 4575 2675 4643; x_wconf 90' lang='lat' dir='ltr'><strong>juxta</strong></span> <span class='ocrx_word' id='word_1_939' title='bbox 2697 4573 2958 4644; x_wconf 91' lang='lat' dir='ltr'><strong>Dionem,</strong></span> <span class='ocrx_word' id='word_1_940' title='bbox 2992 4571 3321 4629; x_wconf 90' lang='lat' dir='ltr'><strong>referuntur</strong></span> <span class='ocrx_word' id='word_1_941' title='bbox 3345 4579 3400 4628; x_wconf 92' lang='lat' dir='ltr'><strong>et</strong></span> <span class='ocrx_word' id='word_1_942' title='bbox 3419 4587 3452 4628; x_wconf 86' lang='lat' dir='ltr'><strong>a</strong></span> <span class='ocrx_word' id='word_1_943' title='bbox 3481 4571 3797 4631; x_wconf 48' lang='lat' dir='ltr'><strong>Ctesare‘in</strong></span> 
     </span>
    </p>
   </div>
   <div class='ocr_carea' id='block_1_132' title="bbox 2152 4644 3802 4715">
    <p class='ocr_par' dir='ltr' id='par_1_132' title="bbox 2152 4644 3802 4715">
     <span class='ocr_line' id='line_1_136' title="bbox 2152 4644 3802 4715; baseline 0 -15"><span class='ocrx_word' id='word_1_944' title='bbox 2152 4645 2279 4702; x_wconf 90' lang='lat' dir='ltr'><strong>suis</strong></span> <span class='ocrx_word' id='word_1_945' title='bbox 2301 4644 2744 4700; x_wconf 89' lang='lat' dir='ltr'><strong>Commentariis</strong></span> <span class='ocrx_word' id='word_1_946' title='bbox 2785 4644 2884 4699; x_wconf 89' lang='lat' dir='ltr'><strong>lib.</strong></span> <span class='ocrx_word' id='word_1_947' title='bbox 2913 4659 2930 4700; x_wconf 86' lang='lat'>1</span> <span class='ocrx_word' id='word_1_948' title='bbox 2965 4645 3247 4700; x_wconf 90' lang='lat' dir='ltr'><strong>Bellorum</strong></span> <span class='ocrx_word' id='word_1_949' title='bbox 3280 4645 3566 4715; x_wconf 88' lang='lat' dir='ltr'><strong>civilium,</strong></span> <span class='ocrx_word' id='word_1_950' title='bbox 3592 4649 3802 4702; x_wconf 86' lang='lat' dir='ltr'><strong>Corne-</strong></span> 
     </span>
    </p>
   </div>
   <div class='ocr_carea' id='block_1_133' title="bbox 2156 4716 3801 4784">
    <p class='ocr_par' dir='ltr' id='par_1_133' title="bbox 2156 4716 3801 4784">
     <span class='ocr_line' id='line_1_137' title="bbox 2156 4716 3801 4784; baseline 0.002 -15"><span class='ocrx_word' id='word_1_951' title='bbox 2156 4717 2263 4773; x_wconf 81' lang='lat' dir='ltr'><strong>lius</strong></span> <span class='ocrx_word' id='word_1_952' title='bbox 2305 4717 2567 4770; x_wconf 87' lang='lat' dir='ltr'><strong>Lentulus</strong></span> <span class='ocrx_word' id='word_1_953' title='bbox 2619 4720 2669 4769; x_wconf 86' lang='lat' dir='ltr'><strong>et</strong></span> <span class='ocrx_word' id='word_1_954' title='bbox 2706 4716 2972 4772; x_wconf 78' lang='lat' dir='ltr'><strong>Claudius</strong></span> <span class='ocrx_word' id='word_1_955' title='bbox 3015 4716 3324 4771; x_wconf 82' lang='lat' dir='ltr'><strong>Marcellus.</strong></span> <span class='ocrx_word' id='word_1_956' title='bbox 3371 4717 3597 4784; x_wconf 69' lang='lat' dir='ltr'><strong>Quibus</strong></span> <span class='ocrx_word' id='word_1_957' title='bbox 3645 4717 3801 4772; x_wconf 88' lang='lat' dir='ltr'><strong>Urbe</strong></span> 
     </span>
    </p>
   </div>
   <div class='ocr_carea' id='block_1_134' title="bbox 2152 4786 3801 4860">
    <p class='ocr_par' dir='ltr' id='par_1_134' title="bbox 2152 4786 3801 4860">
     <span class='ocr_line' id='line_1_138' title="bbox 2152 4786 3801 4860; baseline 0.001 -18"><span class='ocrx_word' id='word_1_958' title='bbox 2152 4787 2610 4860; x_wconf 83' lang='lat' dir='ltr'><strong>aufugientibus,</strong></span> <span class='ocrx_word' id='word_1_959' title='bbox 2636 4786 2771 4842; x_wconf 90' lang='lat' dir='ltr'><strong>dum</strong></span> <span class='ocrx_word' id='word_1_960' title='bbox 2796 4787 2935 4860; x_wconf 77' lang='lat' dir='ltr'><strong>ipse,</strong></span> <span class='ocrx_word' id='word_1_961' title='bbox 2956 4786 3150 4860; x_wconf 85' lang='lat' dir='ltr'><strong>fugato</strong></span> <span class='ocrx_word' id='word_1_962' title='bbox 3173 4787 3459 4857; x_wconf 87' lang='lat' dir='ltr'><strong>Pompeio,</strong></span> <span class='ocrx_word' id='word_1_963' title='bbox 3491 4789 3548 4842; x_wconf 92' lang='lat' dir='ltr'><strong>in</strong></span> <span class='ocrx_word' id='word_1_964' title='bbox 3581 4788 3801 4860; x_wconf 83' lang='lat' dir='ltr'><strong>Hispa-</strong></span> 
     </span>
    </p>
   </div>
   <div class='ocr_carea' id='block_1_135' title="bbox 2154 4858 3804 4929">
    <p class='ocr_par' dir='ltr' id='par_1_135' title="bbox 2154 4858 3804 4929">
     <span class='ocr_line' id='line_1_139' title="bbox 2154 4858 3804 4929; baseline 0.001 -16"><span class='ocrx_word' id='word_1_965' title='bbox 2154 4858 2322 4915; x_wconf 55' lang='lat' dir='ltr'><strong>niam‘</strong></span> <span class='ocrx_word' id='word_1_966' title='bbox 2339 4858 2704 4914; x_wconf 89' lang='lat' dir='ltr'><strong>contenderet</strong></span> <span class='ocrx_word' id='word_1_967' title='bbox 2732 4863 2788 4913; x_wconf 91' lang='lat' dir='ltr'><strong>et</strong></span> <span class='ocrx_word' id='word_1_968' title='bbox 2810 4858 3080 4914; x_wconf 74' lang='lat' dir='ltr'><strong>Massilia:</strong></span> <span class='ocrx_word' id='word_1_969' title='bbox 3102 4864 3313 4929; x_wconf 87' lang='lat' dir='ltr'><strong>ageret,</strong></span> <span class='ocrx_word' id='word_1_970' title='bbox 3347 4871 3406 4913; x_wconf 89' lang='lat' dir='ltr'><strong>se</strong></span> <span class='ocrx_word' id='word_1_971' title='bbox 3431 4871 3463 4914; x_wconf 89' lang='lat' dir='ltr'><strong>a</strong></span> <span class='ocrx_word' id='word_1_972' title='bbox 3489 4860 3558 4913; x_wconf 81' lang='grc' dir='ltr'><strong>Μ.</strong></span> <span class='ocrx_word' id='word_1_973' title='bbox 3585 4859 3804 4928; x_wconf 91' lang='lat' dir='ltr'><strong>Lepido</strong></span> 
     </span>
    </p>
   </div>
   <div class='ocr_carea' id='block_1_136' title="bbox 2154 4929 3800 4999">
    <p class='ocr_par' dir='ltr' id='par_1_136' title="bbox 2154 4929 3800 4999">
     <span class='ocr_line' id='line_1_140' title="bbox 2154 4929 3800 4999; baseline 0.002 -17"><span class='ocrx_word' id='word_1_974' title='bbox 2154 4929 2471 4986; x_wconf 81' lang='lat' dir='ltr'><strong>dictatorem</strong></span> <span class='ocrx_word' id='word_1_975' title='bbox 2499 4930 2719 4985; x_wconf 93' lang='lat' dir='ltr'><strong>dictum</strong></span> <span class='ocrx_word' id='word_1_976' title='bbox 2749 4929 3237 4999; x_wconf 82' lang='lat' dir='ltr'><strong>cognovit.Quare</strong></span> <span class='ocrx_word' id='word_1_977' title='bbox 3269 4929 3327 4984; x_wconf 91' lang='lat' dir='ltr'><strong>in</strong></span> <span class='ocrx_word' id='word_1_978' title='bbox 3358 4929 3562 4984; x_wconf 91' lang='lat' dir='ltr'><strong>Urbem</strong></span> <span class='ocrx_word' id='word_1_979' title='bbox 3591 4931 3800 4996; x_wconf 87' lang='lat' dir='ltr'><strong>redux,</strong></span> 
     </span>
    </p>
   </div>
   <div class='ocr_carea' id='block_1_137' title="bbox 2156 5000 3798 5073">
    <p class='ocr_par' dir='ltr' id='par_1_137' title="bbox 2156 5000 3798 5073">
     <span class='ocr_line' id='line_1_141' title="bbox 2156 5000 3798 5073; baseline 0.001 -17"><span class='ocrx_word' id='word_1_980' title='bbox 2156 5002 2304 5058; x_wconf 93' lang='lat' dir='ltr'><strong>inito</strong></span> <span class='ocrx_word' id='word_1_981' title='bbox 2364 5001 2704 5073; x_wconf 86' lang='lat' dir='ltr'><strong>magistratu</strong></span> <span class='ocrx_word' id='word_1_982' title='bbox 2751 5000 3204 5073; x_wconf 9' lang='lat' dir='ltr'><strong>(nobisrquoque</strong></span> <span class='ocrx_word' id='word_1_983' title='bbox 3247 5000 3625 5067; x_wconf 88' lang='lat' dir='ltr'><strong>memorabili,</strong></span> <span class='ocrx_word' id='word_1_984' title='bbox 3663 5015 3798 5057; x_wconf 87' lang='lat' dir='ltr'><strong>cum</strong></span> 
     </span>
    </p>
   </div>
   <div class='ocr_carea' id='block_1_138' title="bbox 2073 5071 3800 5155">
    <p class='ocr_par' dir='ltr' id='par_1_138' title="bbox 2073 5071 3800 5155">
     <span class='ocr_line' id='line_1_142' title="bbox 2073 5071 3800 5155; baseline -0.001 -25"><span class='ocrx_word' id='word_1_985' title='bbox 2073 5093 2128 5155; x_wconf 86' lang='lat' dir='ltr'><strong>D</strong></span> <span class='ocrx_word' id='word_1_986' title='bbox 2158 5074 2373 5130; x_wconf 91' lang='lat' dir='ltr'><strong>nostris</strong></span> <span class='ocrx_word' id='word_1_987' title='bbox 2391 5071 2576 5155; x_wconf 65' lang='lat' dir='ltr'><strong>Gallis</strong></span> <span class='ocrx_word' id='word_1_988' title='bbox 2604 5071 3008 5155; x_wconf 70' lang='lat' dir='ltr'><strong>transpadanis</strong></span> <span class='ocrx_word' id='word_1_989' title='bbox 3027 5071 3319 5155; x_wconf 76' lang='lat' dir='ltr'><strong>civitatem</strong></span> <span class='ocrx_word' id='word_1_990' title='bbox 3334 5073 3642 5155; x_wconf 55' lang='lat' dir='ltr'><strong>Remanam</strong></span> <span class='ocrx_word' id='word_1_991' title='bbox 3656 5078 3800 5128; x_wconf 91' lang='lat' dir='ltr'><strong>tunc</strong></span> 
     </span>
    </p>
   </div>
   <div class='ocr_carea' id='block_1_139' title="bbox 2153 5142 3802 5214">
    <p class='ocr_par' dir='ltr' id='par_1_139' title="bbox 2153 5142 3802 5214">
     <span class='ocr_line' id='line_1_143' title="bbox 2153 5142 3802 5214; baseline 0 -14"><span class='ocrx_word' id='word_1_992' title='bbox 2153 5143 2522 5214; x_wconf 88' lang='lat' dir='ltr'><strong>concesserit)</strong></span> <span class='ocrx_word' id='word_1_993' title='bbox 2549 5142 2696 5198; x_wconf 90' lang='lat' dir='ltr'><strong>infra</strong></span> <span class='ocrx_word' id='word_1_994' title='bbox 2726 5143 2854 5199; x_wconf 90' lang='lat' dir='ltr'><strong>dies</strong></span> <span class='ocrx_word' id='word_1_995' title='bbox 2891 5142 3180 5214; x_wconf 88' lang='lat' dir='ltr'><strong>undecim,</strong></span> <span class='ocrx_word' id='word_1_996' title='bbox 3213 5148 3355 5200; x_wconf 91' lang='lat' dir='ltr'><strong>teste</strong></span> <span class='ocrx_word' id='word_1_997' title='bbox 3380 5143 3710 5213; x_wconf 87' lang='lat' dir='ltr'><strong>Plutarcho,</strong></span> <span class='ocrx_word' id='word_1_998' title='bbox 3742 5157 3802 5200; x_wconf 85' lang='lat' dir='ltr'><strong>se</strong></span> 
     </span>
    </p>
   </div>
   <div class='ocr_carea' id='block_1_140' title="bbox 2151 5214 2778 5273">
    <p class='ocr_par' dir='ltr' id='par_1_140' title="bbox 2151 5214 2778 5273">
     <span class='ocr_line' id='line_1_144' title="bbox 2151 5214 2778 5273; baseline -0.008 0"><span class='ocrx_word' id='word_1_999' title='bbox 2151 5217 2444 5273; x_wconf 89' lang='lat' dir='ltr'><strong>dictatura</strong></span> <span class='ocrx_word' id='word_1_1000' title='bbox 2472 5214 2778 5270; x_wconf 89' lang='lat' dir='ltr'><strong>abdicavit.</strong></span> 
     </span>
    </p>
   </div>
   <div class='ocr_carea' id='block_1_141' title="bbox 2223 5284 3800 5356">
    <p class='ocr_par' dir='ltr' id='par_1_141' title="bbox 2223 5284 3800 5356">
     <span class='ocr_line' id='line_1_145' title="bbox 2223 5284 3800 5356; baseline -0.001 -13"><span class='ocrx_word' id='word_1_1001' title='bbox 2223 5288 2361 5343; x_wconf 92' lang='lat' dir='ltr'><strong>Cum</strong></span> <span class='ocrx_word' id='word_1_1002' title='bbox 2385 5287 2580 5356; x_wconf 90' lang='lat' dir='ltr'><strong>itaque</strong></span> <span class='ocrx_word' id='word_1_1003' title='bbox 2596 5291 2681 5341; x_wconf 92' lang='lat' dir='ltr'><strong>tot</strong></span> <span class='ocrx_word' id='word_1_1004' title='bbox 2698 5284 3060 5341; x_wconf 82' lang='lat' dir='ltr'><strong>documentis</strong></span> <span class='ocrx_word' id='word_1_1005' title='bbox 3084 5285 3394 5355; x_wconf 65' lang='lat' dir='ltr'><strong>aequalium</strong></span> <span class='ocrx_word' id='word_1_1006' title='bbox 3417 5286 3800 5356; x_wconf 90' lang='lat' dir='ltr'><strong>scriptorum,</strong></span> 
     </span>
    </p>
   </div>
   <div class='ocr_carea' id='block_1_142' title="bbox 2151 5356 3806 5429">
    <p class='ocr_par' dir='ltr' id='par_1_142' title="bbox 2151 5356 3806 5429">
     <span class='ocr_line' id='line_1_146' title="bbox 2151 5356 3806 5429; baseline 0 -15"><span class='ocrx_word' id='word_1_1007' title='bbox 2151 5363 2207 5414; x_wconf 93' lang='lat' dir='ltr'><strong>et</strong></span> <span class='ocrx_word' id='word_1_1008' title='bbox 2233 5359 2305 5413; x_wconf 92' lang='lat' dir='ltr'><strong>ab</strong></span> <span class='ocrx_word' id='word_1_1009' title='bbox 2325 5356 2648 5429; x_wconf 71' lang='lat' dir='ltr'><strong>azqualibns</strong></span> <span class='ocrx_word' id='word_1_1010' title='bbox 2664 5370 2726 5412; x_wconf 91' lang='lat' dir='ltr'><strong>ea</strong></span> <span class='ocrx_word' id='word_1_1011' title='bbox 2746 5356 3278 5429; x_wconf 90' lang='lat' dir='ltr'><strong>transcribentium,</strong></span> <span class='ocrx_word' id='word_1_1012' title='bbox 3307 5363 3529 5429; x_wconf 87' lang='lat' dir='ltr'><strong>constet</strong></span> <span class='ocrx_word' id='word_1_1013' title='bbox 3548 5358 3621 5413; x_wconf 92' lang='lat' dir='ltr'><strong>de</strong></span> <span class='ocrx_word' id='word_1_1014' title='bbox 3648 5372 3806 5414; x_wconf 86' lang='lat' dir='ltr'><strong>con—</strong></span> 
     </span>
    </p>
   </div>
   <div class='ocr_carea' id='block_1_143' title="bbox 2151 5428 3798 5496">
    <p class='ocr_par' dir='ltr' id='par_1_143' title="bbox 2151 5428 3798 5496">
     <span class='ocr_line' id='line_1_147' title="bbox 2151 5428 3798 5496; baseline -0.001 -11"><span class='ocrx_word' id='word_1_1015' title='bbox 2151 5428 2474 5485; x_wconf 40' lang='lat' dir='ltr'><strong>sulibus’ac</strong></span> <span class='ocrx_word' id='word_1_1016' title='bbox 2517 5429 2587 5484; x_wconf 92' lang='lat' dir='ltr'><strong>de</strong></span> <span class='ocrx_word' id='word_1_1017' title='bbox 2614 5428 2904 5483; x_wconf 91' lang='lat' dir='ltr'><strong>dictatura</strong></span> <span class='ocrx_word' id='word_1_1018' title='bbox 2953 5429 3077 5496; x_wconf 90' lang='lat' dir='ltr'><strong>ejus</strong></span> <span class='ocrx_word' id='word_1_1019' title='bbox 3108 5428 3267 5495; x_wconf 91' lang='lat' dir='ltr'><strong>anni,</strong></span> <span class='ocrx_word' id='word_1_1020' title='bbox 3302 5429 3455 5484; x_wconf 91' lang='lat' dir='ltr'><strong>unde</strong></span> <span class='ocrx_word' id='word_1_1021' title='bbox 3505 5428 3798 5484; x_wconf 88' lang='lat' dir='ltr'><strong>bellorum</strong></span> 
     </span>
    </p>
   </div>
   <div class='ocr_carea' id='block_1_144' title="bbox 2150 5499 3805 5568">
    <p class='ocr_par' dir='ltr' id='par_1_144' title="bbox 2150 5499 3805 5568">
     <span class='ocr_line' id='line_1_148' title="bbox 2150 5499 3805 5568; baseline -0.001 -12"><span class='ocrx_word' id='word_1_1022' title='bbox 2150 5501 2414 5556; x_wconf 90' lang='lat' dir='ltr'><strong>civilium</strong></span> <span class='ocrx_word' id='word_1_1023' title='bbox 2427 5499 3007 5568; x_wconf 88' lang='lat' dir='ltr'><strong>exordiaeruperunt,</strong></span> <span class='ocrx_word' id='word_1_1024' title='bbox 3030 5499 3180 5554; x_wconf 91' lang='lat' dir='ltr'><strong>nihil</strong></span> <span class='ocrx_word' id='word_1_1025' title='bbox 3203 5499 3528 5556; x_wconf 90' lang='lat' dir='ltr'><strong>evidentius</strong></span> <span class='ocrx_word' id='word_1_1026' title='bbox 3556 5501 3768 5556; x_wconf 90' lang='lat' dir='ltr'><strong>demon</strong></span> <span class='ocrx_word' id='word_1_1027' title='bbox 3785 5529 3805 5541; x_wconf 86' lang='lat'><strong><em>-</em></strong></span> 
     </span>
    </p>
   </div>
   <div class='ocr_carea' id='block_1_145' title="bbox 2151 5569 3808 5641">
    <p class='ocr_par' dir='ltr' id='par_1_145' title="bbox 2151 5569 3808 5641">
     <span class='ocr_line' id='line_1_149' title="bbox 2151 5569 3808 5641; baseline -0.001 -14"><span class='ocrx_word' id='word_1_1028' title='bbox 2151 5577 2333 5627; x_wconf 91' lang='lat' dir='ltr'><strong>strare</strong></span> <span class='ocrx_word' id='word_1_1029' title='bbox 2364 5571 2592 5641; x_wconf 85' lang='lat' dir='ltr'><strong>poterit,</strong></span> <span class='ocrx_word' id='word_1_1030' title='bbox 2630 5583 2843 5627; x_wconf 91' lang='lat' dir='ltr'><strong>annum</strong></span> <span class='ocrx_word' id='word_1_1031' title='bbox 2886 5570 3038 5625; x_wconf 84' lang='lat' dir='ltr'><strong>hunc</strong></span> <span class='ocrx_word' id='word_1_1032' title='bbox 3076 5569 3516 5641; x_wconf 84' lang='lat' dir='ltr'><strong>etconsulatum</strong></span> <span class='ocrx_word' id='word_1_1033' title='bbox 3566 5571 3808 5627; x_wconf 90' lang='lat' dir='ltr'><strong>Claudii</strong></span> 
     </span>
    </p>
   </div>
   <div class='ocr_carea' id='block_1_146' title="bbox 2151 5639 3806 5712">
    <p class='ocr_par' dir='ltr' id='par_1_146' title="bbox 2151 5639 3806 5712">
     <span class='ocr_line' id='line_1_150' title="bbox 2151 5639 3806 5712; baseline -0.001 -14"><span class='ocrx_word' id='word_1_1034' title='bbox 2151 5649 2206 5699; x_wconf 90' lang='lat' dir='ltr'><strong>et</strong></span> <span class='ocrx_word' id='word_1_1035' title='bbox 2228 5639 2480 5698; x_wconf 81' lang='lat' dir='ltr'><strong>Marcelli</strong></span> <span class='ocrx_word' id='word_1_1036' title='bbox 2517 5642 2731 5712; x_wconf 89' lang='lat' dir='ltr'><strong>pariari</strong></span> <span class='ocrx_word' id='word_1_1037' title='bbox 2763 5655 2894 5696; x_wconf 88' lang='lat' dir='ltr'><strong>cum</strong></span> <span class='ocrx_word' id='word_1_1038' title='bbox 2923 5653 3072 5696; x_wconf 90' lang='lat' dir='ltr'><strong>anno</strong></span> <span class='ocrx_word' id='word_1_1039' title='bbox 3098 5639 3170 5696; x_wconf 88' lang='grc'><strong>50</strong></span> <span class='ocrx_word' id='word_1_1040' title='bbox 3200 5642 3441 5696; x_wconf 64' lang='lat' dir='ltr'><strong>Iuliana:</strong></span> <span class='ocrx_word' id='word_1_1041' title='bbox 3459 5644 3648 5708; x_wconf 76' lang='lat' dir='ltr'><strong>formae</strong></span> <span class='ocrx_word' id='word_1_1042' title='bbox 3675 5658 3806 5710; x_wconf 45' lang='lat' dir='ltr'><strong>pro.</strong></span> 
     </span>
    </p>
   </div>
   <div class='ocr_carea' id='block_1_147' title="bbox 2152 5712 3812 5785">
    <p class='ocr_par' dir='ltr' id='par_1_147' title="bbox 2152 5712 3812 5785">
     <span class='ocr_line' id='line_1_151' title="bbox 2152 5712 3812 5785; baseline -0.001 -16"><span class='ocrx_word' id='word_1_1043' title='bbox 2152 5715 2343 5785; x_wconf 81' lang='lat' dir='ltr'><strong>leptico</strong></span> <span class='ocrx_word' id='word_1_1044' title='bbox 2382 5720 2514 5769; x_wconf 85' lang='lat' dir='ltr'><strong>ante</strong></span> <span class='ocrx_word' id='word_1_1045' title='bbox 2551 5725 2719 5768; x_wconf 67' lang='lat' dir='ltr'><strong>teram</strong></span> <span class='ocrx_word' id='word_1_1046' title='bbox 2761 5712 2981 5785; x_wconf 82' lang='lat' dir='ltr'><strong>Christi</strong></span> <span class='ocrx_word' id='word_1_1047' title='bbox 3011 5726 3395 5785; x_wconf 85' lang='lat' dir='ltr'><strong>communem,</strong></span> <span class='ocrx_word' id='word_1_1048' title='bbox 3431 5727 3597 5783; x_wconf 85' lang='lat' dir='ltr'><strong>quam</strong></span> <span class='ocrx_word' id='word_1_1049' title='bbox 3630 5727 3812 5768; x_wconf 88' lang='lat' dir='ltr'><strong>com-</strong></span> 
     </span>
    </p>
   </div>
   <div class='ocr_carea' id='block_1_148' title="bbox 2153 5783 3813 5842">
    <p class='ocr_par' dir='ltr' id='par_1_148' title="bbox 2153 5783 3813 5842">
     <span class='ocr_line' id='line_1_152' title="bbox 2153 5783 3813 5842; baseline 0.001 -1"><span class='ocrx_word' id='word_1_1050' title='bbox 2153 5783 2386 5841; x_wconf 85' lang='lat' dir='ltr'><strong>mensus</strong></span> <span class='ocrx_word' id='word_1_1051' title='bbox 2416 5790 2672 5840; x_wconf 90' lang='lat' dir='ltr'><strong>motuum</strong></span> <span class='ocrx_word' id='word_1_1052' title='bbox 2727 5783 3048 5840; x_wconf 71' lang='lat' dir='ltr'><strong>caalestium</strong></span> <span class='ocrx_word' id='word_1_1053' title='bbox 3082 5789 3219 5840; x_wconf 90' lang='lat' dir='ltr'><strong>tunc</strong></span> <span class='ocrx_word' id='word_1_1054' title='bbox 3254 5783 3687 5840; x_wconf 88' lang='lat' dir='ltr'><strong>observatorum</strong></span> <span class='ocrx_word' id='word_1_1055' title='bbox 3738 5785 3813 5842; x_wconf 89' lang='lat' dir='ltr'><strong>in</strong></span> 
     </span>
    </p>
   </div>
   <div class='ocr_carea' id='block_1_149' title="bbox 2149 5854 3816 5928">
    <p class='ocr_par' dir='ltr' id='par_1_149' title="bbox 2149 5854 3816 5928">
     <span class='ocr_line' id='line_1_153' title="bbox 2149 5854 3816 5928; baseline -0.001 -14"><span class='ocrx_word' id='word_1_1056' title='bbox 2149 5856 2356 5928; x_wconf 90' lang='lat' dir='ltr'><strong>eclipsi</strong></span> <span class='ocrx_word' id='word_1_1057' title='bbox 2377 5856 2518 5914; x_wconf 91' lang='lat' dir='ltr'><strong>solis</strong></span> <span class='ocrx_word' id='word_1_1058' title='bbox 2542 5854 2730 5928; x_wconf 79' lang='lat' dir='ltr'><strong>totali,</strong></span> <span class='ocrx_word' id='word_1_1059' title='bbox 2753 5855 2941 5912; x_wconf 63' lang='lat' dir='ltr'><strong>Romae</strong></span> <span class='ocrx_word' id='word_1_1060' title='bbox 2969 5856 3026 5911; x_wconf 89' lang='lat' dir='ltr'><strong>in</strong></span> <span class='ocrx_word' id='word_1_1061' title='bbox 3047 5855 3286 5924; x_wconf 88' lang='lat' dir='ltr'><strong>meridie</strong></span> <span class='ocrx_word' id='word_1_1062' title='bbox 3307 5854 3477 5926; x_wconf 87' lang='lat' dir='ltr'><strong>paulo</strong></span> <span class='ocrx_word' id='word_1_1063' title='bbox 3498 5860 3632 5912; x_wconf 89' lang='lat' dir='ltr'><strong>ante</strong></span> <span class='ocrx_word' id='word_1_1064' title='bbox 3651 5868 3816 5914; x_wconf 87' lang='lat' dir='ltr'><strong>con-</strong></span> 
     </span>
    </p>
   </div>
  </div>
