4072 6176
264 257 405 318 4573

1116 255 1435 314 HISTORIA
1471 257 1562 314 DE
1598 255 1773 313 VITIS
1809 255 1976 315 ROM.
2017 254 2214 313 PONT.
2254 286 2326 300 -—
2361 258 2418 315 S.
2456 259 2842 316 SILVESTER.

3527 256 3668 319 4574

339 381 492 438 Fasti
523 377 854 454 consulares
885 377 944 434 in
972 376 1310 454 fragmentis
1339 378 1717 454 autographis
1745 379 1914 436 hodie
1938 381 1998 443 A
2025 379 2484 454 quinquennium
2518 379 2819 438 fastorum.
2851 381 3248 454 Apponamrin
3281 381 3540 454 margine
3569 383 3666 440 ci-

263 451 679 524 superstitibus
709 455 1056 524 prteservant
1077 449 1244 524 nobis
1276 449 1561 524 integrnm
1588 449 1912 522 quinquen-

265 522 426 580 ninm
454 539 485 580 a
531 522 873 579 consulibus
906 523 1257 593 memoratis
1295 523 1552 577 Marcello
1582 529 1632 578 et
1659 524 1910 593 Lentulo,

265 594 632 666 signantibus
660 607 875 666 annum
901 591 970 650 50
1003 600 1135 666 ante
1163 607 1331 649 seram
1383 593 1599 650 Christi
1649 591 1916 651 commu—é

267 662 390 722 ne’m
418 667 487 723 ad
519 679 735 723 annum
775 662 846 722 45
883 665 1188 722 consulum
1235 666 1468 722 nomina
1509 667 1590 722 ita
1640 666 1916 723 ordinant

2051 450 2140 508 ras
2167 450 2441 508 Arabicas
2473 459 2838 509 numerantes
2876 450 3055 510 annos
3083 453 3343 510 Julianos
3376 450 3664 524 prolepti-

2023 538 2120 581 cos
2157 530 2288 579 ante
2316 537 2486 579 atram
2524 525 2740 580 Christi
2791 537 3147 582 communem
3192 526 3319 582 suis
3344 525 3665 583 ordinariis

2023 595 2368 653 consulibus
2397 596 2829 667 respondentes.

333 783 406 842 50
552 821 563 854 ι
727 787 789 844 C.
829 787 1189 854 CLAUDIUS,
1221 789 1295 842 M.
1328 789 1386 842 F.
1415 789 1486 844 M.
1521 788 1588 842 N.
1617 785 2041 844 MARCELLUS.
2405 789 2466 844 L.
2497 785 2832 844 CORnelins
2855 786 3137 846 Lentulus

336 853 407 913 49
555 853 566 916 Ι
722 857 784 914 C.
826 860 1048 915 IVLIVS
1077 859 1135 914 C.
1161 860 1218 913 F.
1248 859 1307 913 C.
1340 859 1406 913 N.
1449 857 1716 914 CAESAR
1745 859 1812 912 II.
2404 861 2460 914 P.
2491 859 2804 916 SERvilius

335 925 408 1000 ta
557 925 568 1000 |
722 929 787 999 ο.
831 931 1068 986 FVFIV'S
1095 929 1160 1000 Q.
1190 930 1331 986 F.C.
1362 931 1428 985 N.
1462 930 1769 985 CALENVS
2409 931 2471 985 P.
2517 931 2819 987 VATinius

337 997 406 1056 47
558 997 568 1059 Ι
719 997 780 1056 C.
814 1003 1036 1057 IVLIVS
1057 997 1211 1057 CfF.
1242 1001 1301 1057 C.
1332 1002 1398 1056 N.
1428 1001 1693 1057 CAESAR
1723 1002 1814 1056 Ill.
2461 1003 2534 1056 M.
2564 1001 2864 1059 AEmilius

337 1068 408 1145 46
554 1068 567 1138 l
720 1073 782 1128 c.
814 1073 1038 1129 IVLIVS
1062 1074 1122 1128 c.
1147 1073 1206 1127 F.
1236 1074 1297 1128 c.
1331 1074 1396 1127 N.
1429 1073 1833 1145 CAESARIIII.
2059 1143 2093 1145 _,
2288 1072 2797 1145 SINEcollega

338 1139 408 1200 45
557 1208 567 1212 λ
898 1145 1001 1198 Hie
1029 1159 1210 1200 annus
1243 1145 1588 1212 Con/usionis
1616 1143 1896 1198 habendus
1926 1146 2006 1198 est
2034 1143 2248 1200 dierum
2277 1140 2406 1207 435,
2429 1149 2584 1200 utea:
2608 1139 2787 1199 Hirtio
2818 1143 3117 1200 ostendam.

556 1208 567 1270 Ι
726 1215 1034 1272 C.IVLIVS
1105 1215 1257 1270 C.F.
1335 1208 1495 1272 C.N.
1572 1215 1836 1271 CAESAR
1949 1216 1991 1271 V
2490 1217 2562 1271 M.
2595 1216 2886 1272 Antonius

480 1287 584 1342 Hic
610 1301 792 1342 annus
811 1288 1052 1342 Iuliana:
1072 1287 1440 1342 ordinationis
1458 1289 1677 1358 primus
1703 1290 1780 1340 est
1804 1285 2018 1341 dierum
2037 1284 2144 1343 366
2161 1287 2444 1343 noviiunio
2473 1289 2770 1356 insignitus
2809 1287 3074 1342 Kalendis
3103 1286 3380 1341 Januarii.

339 1409 604 1466 Eamdem
649 1410 854 1466 seriem
920 1411 1226 1468 consulum
1276 1412 1527 1468 retinent
1575 1409 1916 1466 membranae

267 1480 521 1538 celebres
549 1481 914 1538 bibliothecae
940 1483 1403 1540 Vindobonensis
1423 1496 1456 1538 a
1486 1481 1765 1538 Bucherio
1793 1493 1917 1550 pro-

268 1553 476 1621 ductae,
508 1560 563 1608 et
606 1568 638 1608 a
675 1554 834 1610 card.
878 1554 1110 1610 Norisio
1143 1555 1448 1610 illustratze
1493 1558 1620 1623 post
1670 1552 1915 1623 epochas

268 1623 802 1696 Syromacedonnm.
853 1637 1000 1695 Opus
1041 1627 1234 1696 quarti
1266 1639 1298 1681 a
1331 1622 1563 1681 Christo
1595 1622 1816 1696 saeculi,
1850 1629 1915 1680 ut

273 1695 592 1752 Bucherius
633 1695 850 1752 indicat
877 1702 933 1752 et
961 1695 1296 1768 comprobat
1318 1697 1604 1754 Norislus.

342 1801 502 1855 Anni
614 1803 624 1857 Ι
707 1802 864 1857 Anni

352 1873 515 1942 Urbis
615 1873 623 1942 |
709 1874 857 1942 βυοιί
945 1873 956 1942 Ι
1950 1917 2014 1942 ί.

343 1939 452 1999 705
615 1939 623 2003 |
703 1939 778 2000 75
944 1939 954 2003 l
1072 1943 1342 2003 Marcello
1369 1959 1428 2002 ιι.
1464 1950 1519 2003 et
1543 1945 1836 2003 Cruscello
1947 1941 1998 2002 B

341 2011 450 2070 706
615 2011 624 2075 I
702 2011 776 2071 76
943 2011 953 2075 Ι
1067 2017 1223 2074 Julio
1249 2019 1468 2075 Caesare
1496 2025 1553 2075 et
1590 2018 1846 2075 Isaurico

339 2081 449 2141 707
614 2081 624 2148 Ι
702 2083 773 2142 77
943 2081 952 2148 |
1067 2089 1284 2146 Cmsare
1319 2096 1375 2146 et
1404 2091 1636 2148 Vatinio

340 2153 449 2233 ῖς)ζί
613 2153 623 2233 |
700 2154 774 2233 78
942 2153 954 2233 |
1068 2161 1463 2218 Caesaremet
1494 2162 1705 2233 Lepido

342 2225 449 2284 709
613 2225 622 2290 Ι
700 2225 772 2284 79
941 2225 952 2290 Ι
1069 2234 1287 2290 Ctesare
1317 2249 1370 2290 Iv
1399 2239 1455 2290 et
1479 2225 1602 2290 soln

342 2296 450 2357 740
610 2296 623 2362 Ι
700 2299 771 2357 80
941 2296 951 2358 Ι
1071 2305 1768 2362 CaesarevetAntonino.

321 2406 777 2489 .Aunusitaque
820 2420 978 2465 novae
1024 2411 1431 2489 ordinationis
1455 2412 1718 2482 Iuliana},
1750 2425 1920 2489 quem

273 2477 372 2561 die
413 2477 701 2561 novilnnii
729 2487 1081 2561 aperuerunt
1105 2483 1372 2561 consules
1393 2485 1580 2540 Caesar
1604 2499 1634 2538 v
1659 2477 1715 2540 et
1733 2477 1920 2541 A'nto-

277 2549 433 2624 nius,
481 2554 568 2605 est
598 2547 668 2606 45
722 2547 854 2607 ante
896 2566 1066 2608 teram
1096 2554 1312 2610 Christi
1361 2569 1755 2624 communem;
1789 2569 1918 2613 cum

273 2621 476 2697 nullus
499 2633 805 2697 annorum,
830 2624 1049 2697 Caesare
1076 2627 1392 2695 superstite
1419 2632 1476 2684 et
1506 2621 1918 2697 rempublicam

275 2692 624 2762 moderante,
659 2695 778 2748 sive
823 2692 1200 2764 opprimente,
1269 2704 1434 2753 mter
1474 2692 1916 2768 hunc‘quintum

275 2777 306 2818 a
362 2762 631 2820 Kalendis
688 2766 982 2821 Januariis
1035 2769 1174 2824 anni
1221 2712 1292 2824 ἕο
1347 2768 1646 2824 nrolentici
1700 2770 1916 2824 indicio

273 2777 306 2818 a
345 2762 631 2846 ‘Kalendis
688 2762 982 2846 Ianuariis
1012 2762 1299 2846 anniSQ
1346 2762 1919 2846 prolept‘ici'indicio

273 2833 582 2902 eclipsium
633 2837 954 2893 necessario
1005 2839 1304 2895 tribuendi
1346 2833 1522 2896 'cossf
1557 2841 1822 2897 Marcello
1864 2846 1922 2898 et

275 2906 535 2988 Lentulo,
566 2908 872 2988 protulerit
898 2911 1177 2988 synodum
1219 2911 1614 2968 Luminarium
1648 2912 1921 2968 Kalendis

270 2977 532 3032 Januarii
562 2979 699 3033 anni
724 2977 966 3035 Iuliani.

346 3047 769 3122 Ostemlendum
803 3053 968 3107 modo
999 3052 1333 3122 suscipiam,
1369 3066 1582 3108 annum
1613 3051 1750 3107 huic
1782 3065 1920 3122 pro-

270 3117 428 3176 xime
457 3121 833 3191 praemissum,
903 3136 1028 3178 nem
1061 3117 1286 3180 scilicet
1313 3125 1499 3178 Czesar
1526 3124 1713 3177 consul
1741 3117 1922 3192 gnar-

270 3195 388 3244 tum
411 3191 557 3245 solus
573 3193 844 3248 signavit.
863 3138 1054 3248 ﬁnisse
1075 3207 1183 3247 ann
1196 3207 1288 3248 nm
1307 3193 1655 3248 Confuszonis
1675 3194 1918 3248 dictum.

270 3195 388 3263 turn
403 3191 557 3263 salus
573 3193 844 3263 signavit,
873 3191 1054 3249 fuisse
1075 3207 1183 3247 ann
1196 3207 1288 3248 nm
1307 3193 1655 3260 Con/usionis
1675 3191 1918 3263 dietum,

2028 1408 2235 1467 diebus
2258 1407 2387 1481 354,
2418 1410 2510 1467 cui
2533 1411 2602 1466 ad
2634 1410 2942 1480 pariandas
2966 1409 3218 1466 rationes
3243 1407 3669 1481 sqlisinterca-

2029 1481 2170 1538 laris
2239 1477 2453 1538 mensis
2504 1477 2904 1538 blerliedonius
2959 1481 3185 1536 dierum
3245 1477 3315 1536 23
3356 1480 3666 1537 identidem

2027 1552 2404 1622 inserebatur,
2440 1553 2608 1623 juxta
2633 1553 2845 1609 monita
2879 1551 3232 1623 pontificum,
3269 1557 3392 1622 post
3422 1565 3667 1608 mensem

2023 1625 2422 1681 Februarium.
2445 1622 2452 1623 “
2472 1625 2658 1680 Caasar
2687 1637 2838 1680 anno
2867 1622 3252 1686 confusionis.
3285 1627 3485 1692 praeter
3515 1625 3672 1680 Mer-

2026 1697 2336 1752 kedonium
2376 1695 2773 1752 intercalarem
2818 1708 2884 1751 eo
2938 1694 3062 1751 loco
3117 1694 3390 1764 positum,
3441 1693 3670 1751 addidit

2025 1769 2173 1824 duos
2212 1781 2431 1824 menses
2481 1767 2707 1824 dierum
2733 1763 2824 1835 68,
2859 1767 3010 1822 inter
3055 1763 3425 1835 Nevembrem
3469 1770 3526 1820 et
3562 1766 3671 1821 de-

2026 1839 2330 1894 cembrem.
2383 1839 2615 1895 Summa
2663 1833 2856 1908 itaque
2897 1837 3124 1894 dierum
3157 1835 3268 1892 fuit
3321 1833 3668 1908 445.7Verba

2026 1910 2323 1968 Censorini
2356 1916 2494 1967 sunt
2522 1927 2535 1965 :
2592 1930 2618 1962 α
2650 1907 2804 1966 Adeo
2846 1909 3174 1965 aberratnm
3202 1914 3308 1977 est,
3358 1921 3426 1963 ne
3454 1907 3512 1962 C.
3545 1909 3671 1963 Cae—

2029 1997 2124 2039 sar
2162 1981 2420 2052 pontifex
2452 1983 2738 2038 Maximus
2784 1994 2890 2037 suo
2930 1994 2990 2036 III
3024 1986 3079 2036 et
3108 1981 3186 2035 Μ.
3220 1977 3439 2034 Emilii
3470 1978 3668 2052 Lepidi

2027 2051 2355 2122 consulatu,
2425 2067 2538 2124 quo
2596 2058 2747 2110 retro
2790 2051 3454 2124 delictnmcorrigeret,
3523 2051 3670 2124 duos

2031 2139 2253 2182 menses
2306 2122 2676 2182 intercalares
2711 2125 2939 2181 dierum
2966 2122 3058 2192 68,
3093 2122 3244 2178 inter
3271 2122 3516 2178 mensem
3550 2123 3672 2176 No-

2031 2197 2313 2254 vembrem
2369 2203 2427 2252 et
2477 2195 2835 2253 Decembrem
2888 2195 3308 2264 interponeret:
3366 2207 3534 2264 cum,
3551 2193 3669 2262 jam

2033 2281 2223 2325 mense
2266 2266 2577 2324 Februario
2605 2268 2732 2324 dies
2774 2265 2809 2323 3
2850 2275 2907 2323 et
2950 2263 3480 2334 28’intercalasset,
3514 2263 3673 2320 face-

2032 2347 2231 2410 retque
2260 2353 2390 2395 eum
2421 2352 2634 2395 annum
2663 2339 2885 2395 dierum
2927 2335 3031 2394 445
3060 2337 3235 2410 simul
3269 2336 3574 2410 providens
3610 2335 3670 2410 in

2031 2406 2316 2478 fntnrum,
2357 2424 2425 2466 ne
2465 2410 2674 2466 iterum
2703 2414 3010 2478 erraretur.
3051 2428 3076 2459 ιο
3107 2406 3433 2478 Macrobius
3463 2406 3674 2464 tribuit

2029 2496 2180 2539 anno
2209 2477 2574 2539 confusionis
2598 2481 2724 2537 dies
2760 2477 2882 2548 444,
2917 2480 3014 2536 lib.
3047 2494 3084 2549 ι,
3118 2493 3244 2549 cap.
3281 2477 3368 2550 44,
3400 2479 3479 2535 ita
3517 2479 3673 2534 scri-

2030 2555 2170 2611 bens
2200 2572 2212 2608 :
2247 2575 2272 2605 a
2301 2555 2448 2624 Ergo
2475 2553 2536 2609 C.
2586 2553 2773 2608 Cazsar
2806 2553 3111 2608 exordium
3143 2565 3297 2624 novae
3341 2551 3674 2624 ordinatio-

2032 2628 2126 2682 nis
2157 2621 2434 2694 initurus,
2468 2624 2595 2680 dies
2622 2638 2838 2692 omnes,
2892 2625 2993 2694 qui
3042 2621 3438 2694 confusionem
3482 2622 3673 2677 adhuc

2031 2697 2215 2754 facere
2242 2691 2520 2768 poterant,
2556 2691 2961 2768 consumpsit:
2989 2707 3172 2768 eaque
3198 2706 3276 2768 _re
3328 2691 3671 2768 factumest,

2034 2775 2098 2825 ut
2125 2761 2312 2825 annus
2333 2761 2697 2824 confusionis
2719 2761 2964 2824 ultimus
2987 2766 3044 2821 in
3061 2761 3164 2820 444
3179 2765 3306 2819 dies
3319 2763 3675 2833 protendere-

2031 2846 2146 2897 tur.
2183 2857 2208 2890 ι)
2251 2838 2411 2894 Nihil
2446 2853 2637 2894 moror
2671 2839 2849 2892 unius
2877 2837 2995 2891 diei
3024 2834 3408 2891 differentiam
3437 2834 3494 2888 in
3522 2847 3675 2890 anno

2029 2911 2386 2976 confusionis.
2418 2908 2675 2962 lndicare
2699 2917 2887 2962 autem
2941 2906 3142 2976 placet,
3170 2905 3526 2961 occasionem
3563 2907 3678 2960 tri-

2029 2980 2243 3036 buendi
2272 2991 2484 3033 annum
2513 2976 3216 3034 confusionisconsulatui
3249 2977 3676 3032 tertioCaesaris

2031 3051 2246 3120 collega
2295 3050 2366 3103 Μ.
2414 3049 2638 3104 ιΕηιὶιὶε
2689 3048 2900 3120 Lepido
2949 3048 3306 3120 desumptam
3361 3060 3430 3120 ex
3476 3047 3675 3120 verbis

2029 3117 2468 3192 Censnrininon
2496 3120 2659 3192 satis,
2691 3117 3070 3192 uit’arbitror,
3105 3117 3436 3192 pensitatis.
3474 3119 3671 3192 Video,

2031 3207 2098 3248 ex
2123 3191 2437 3247 Censorino
2457 3190 2675 3262 colligi,
2703 3191 2992 3246 decretum
3024 3189 3149 3258 ejus
3179 3189 3468 3259 duplicatae
3492 3189 3674 3245 inter;

268 3266 326 3316 et
355 3259 675 3334 diebusib’é
693 3259 1064 3331 explicatum.
1085 3264 1142 3318 ld
1159 3277 1290 3319 vero
1309 3259 1604 3319 lubentius
1620 3259 1918 3334 exsequar,
1951 3267 1998 3328 C
2032 3264 2319 3318 calatiom's
2366 3259 2726 3334 adhibendze,
2774 3264 2842 3316 iis
2867 3262 3176 3334 consulibus
3205 3266 3486 3334 statutum
3509 3275 3666 3317 esse:

270 3333 424 3402 quod
485 3335 668 3390 nostri
719 3340 806 3388 est
853 3334 1110 3389 instituti
1157 3337 1575 3404 Reparationem
1623 3333 1922 3403 temperiem

270 3407 590 3477 consectari,
627 3417 824 3477 nempe
850 3406 1028 3476 gestis
1053 3405 1350 3476 assignare
1383 3411 1656 3475 tempora,
1706 3407 1922 3477 quibus

275 3487 340 3548 ea
371 3475 490 3546 geri
523 3475 950 3548 contigerit,’ex
993 3475 1321 3532 narratione
1351 3478 1700 3547 scriptorum
1724 3475 1924 3548 aequa-

277 3545 417 3601 lium
455 3551 512 3620 et
565 3545 1052 3620 ﬁde'dignorum.
1082 3547 1304 3620 Deihoc
1324 3545 1511 3604 autem
1543 3562 1692 3605 anno
1724 3545 1918 3620 quarti

272 3617 610 3675 consulatus
628 3617 886 3689 Caesaris,
913 3633 1078 3689 quem
1100 3619 1381 3677 arbritror
1399 3633 1429 3675 a
1455 3634 1541 3676 me
1556 3617 1923 3677 demonstra-

273 3694 395 3743 tum
439 3689 512 3744 iri
540 3689 747 3764 diebus
795 3688 901 3764 445
929 3688 1252 3764 constasse,
1286 3705 1354 3747 ex
1377 3692 1746 3764 chronologis
1801 3692 1923 3748 ali-

273 3764 436 3830 quot,
469 3769 523 3816 et
555 3762 786 3832 quidem
809 3761 1148 3831 clarissimi,
1180 3761 1730 3832 aliterjudicarunt,
1758 3777 1924 3820 asse-

275 3832 649 3905 rentes-{hunc
678 3834 940 3890 eumdem
961 3847 1086 3890 esse
1108 3833 1470 3890 Julianorum
1517 3835 1766 3905 primum
1789 3836 1924 3893 die-

271 3901 386 3958 bus
415 3900 521 3958 365
545 3903 870 3960 definitum.

343 3974 686 4047 contraham
731 3989 795 4031 ea
843 3990 970 4046 qua:
1019 3974 1212 4033 fusius
1263 3977 1500 4047 exposui
1551 3977 1608 4032 in
1643 3975 1917 4034 fastorum

269 4044 675 4116 explicatione,
711 4052 772 4102 ut
802 4044 1249 4104 demonstrarem
1276 4044 1351 4104 ex'
1369 4047 1641 4104 Kalendis
1658 4048 1920 4104 Januarii

269 4116 684 4188 aduterminum
737 4118 993 4188 ejusdem
1039 4120 1164 4175 dies
1213 4120 1504 4176 necesario
1537 4121 1922 4176 numerandos

272 4183 401 4252 445,
437 4187 683 4244 inclusis
707 4183 1008 4246 extremis.
1049 4192 1126 4246 De
1178 4191 1404 4246 dierum
1441 4205 1676 4246 numero
1705 4203 1918 4247 annum

271 4257 638 4332 confusionis
667 4261 1004 4330 complente,
1038 4261 1295 4332 locuples
1341 4263 1506 4318 testis
1533 4268 1619 4318 est
1647 4263 1920 4319 Censori-

273 4343 387 4405 nus
433 4331 498 4385 de
539 4333 636 4387 Die
666 4333 861 4405 ‘nataii
917 4346 1058 4405 cap,
1093 4332 1146 4401 8,
1180 4331 1312 4388 ’ubi
1356 4335 1526 4405 etiam
1573 4333 1756 4405 docet.
1808 4347 1921 4405 qua

276 4401 498 4474 ratione
527 4416 625 4469 per
647 4401 794 4458 duas
822 4401 1289 4460 intercalationes
1309 4403 1615 4474 perfectum
1644 4405 1697 4460 id
1721 4401 1918 4461 fuerit.

267 4472 580 4530 Constabat
605 4488 794 4532 annus
839 4474 1086 4545 lunaris,
1109 4489 1140 4530 a
1173 4472 1446 4532 Romanis
1474 4490 1586 4532 usu
1631 4482 1916 4546 receptus,

875 4601 934 4657 C.
971 4601 1190 4658 IVLIVS
1215 4601 1275 4658 C.
1308 4603 1374 4658 F.
1412 4601 1478 4658 C.
1513 4602 1582 4657 N.
1611 4601 1877 4658 CAESAR
1916 4603 2017 4658 III.

911 4674 978 4728 C.
1018 4673 1236 4730 IVLIVS
1255 4675 1314 4729 C.
1351 4675 1414 4730 F.
1448 4674 1508 4729 C.
1537 4676 1584 4730 N
1613 4675 1879 4730 CAESAR
1908 4675 2002 4730 III.

914 4745 967 4799 M
990 4743 1320 4802 AEMILIUS
1347 4747 1421 4802 M.
1444 4746 1505 4801 F.
1536 4745 1600 4816 Q.
1634 4749 1700 4801 N.
1735 4746 2021 4802 LEPIDVS

2033 3349 2145 3390 non
2179 3335 2342 3390 video
2366 3347 2432 3388 ex
2477 3332 2667 3389 verbis
2711 3329 3011 3389 Censorini
3042 3329 3266 3400 inferri,
3300 3333 3493 3388 eodem
3521 3345 3672 3388 anno

2030 3408 2315 3462 decretam
2349 3403 2841 3460 intercalationem
2893 3401 3075 3460 fuisse
3109 3403 3402 3459 insertam.
3433 3404 3572 3473 Imo,
3601 3415 3671 3458 ex

2034 3480 2472 3548 magistratuum
2522 3490 2675 3548 more
2718 3480 2962 3548 recepto,
3013 3480 3228 3548 par_est
3280 3474 3668 3548 interpretari,

2034 3545 2310 3604 ind‘ictam
2341 3547 2416 3604 iis
2431 3547 2771 3604 consulibus
2791 3547 2968 3619 legem
2996 3545 3356 3619 confusionis
3375 3546 3456 3601 ita
3475 3545 3676 3602 tollen-

2031 3622 2118 3677 da:
2165 3621 2224 3675 in
2269 3621 2593 3690 proximum
2624 3617 2998 3675 annumISed
3032 3617 3362 3690 conjectura
3406 3631 3673 3690 accessa-3

2036 3693 2121 3748 ria
2153 3687 2284 3748 non'
2319 3696 2424 3759 est,
2468 3690 2566 3747 ubi
2601 3693 2858 3760 suppetit
2895 3689 3310 3746 demonstratio
3355 3702 3422 3760 ex
3462 3687 3670 3760 aequali

2033 3763 2336 3834 scriptore,
2401 3776 2583 3834 eoque
2632 3759 2858 3834 comiter
2890 3759 3134 3834 Caesaris
3185 3759 3492 3834 individuo
3526 3759 3675 3815 Aulo

2033 3831 2239 3892 Hirtio.
2272 3831 2331 3890 Is"
2358 3834 2420 3890 in
2447 3831 2598 3890 libro
2631 3833 2771 3889 Belli
2795 3831 3092 3902 Hispanici
3127 3831 3377 3902 suscepti
3400 3845 3433 3887 a
3454 3831 3676 3902 Cazsare

2031 3907 2314 3962 dictatore
2347 3919 2428 3971 ιιι,
2488 3905 2791 3976 designato
2835 3901 3044 3976 1v,’ruti
3077 3901 3482 3976 scribit’initio
3510 3901 3672 3976 libri,

2035 3985 2238 4048 praeter
2264 3977 2566 4033 historiam
2595 3974 2852 4032 continet
2880 3975 3051 4030 etiam
3079 3974 3487 4048 Ephemeridem
3511 3975 3674 4043 ejus-

2031 4045 2157 4105 dem
2205 4050 2365 4104 anni.
2419 4049 2524 4104 Sed
2563 4053 2729 4103 antea
2781 4059 3008 4102 monere
3064 4051 3288 4116 Oportet
3340 4045 3673 4100 dictaturam

2033 4122 2252 4175 tertiam
2275 4120 2517 4176 Caesaris
2548 4119 2606 4174 in
2633 4117 3017 4175 marmoribus
3034 4117 3383 4186 Capitolinis
3403 4116 3668 4174 connecti

2032 4206 2160 4248 cum
2206 4205 2356 4247 anno
2413 4205 2527 4262 quo
2569 4191 2755 4262 Caesar
2805 4189 2992 4262 censui
3035 4190 3255 4243 tertium
3299 4193 3668 4262 processerat.

2030 4264 2113 4318 Ita
2143 4265 2296 4319 enim
2328 4259 2573 4334 legimus
2596 4263 2655 4317 in
2686 4261 2879 4334 lapide
2905 4260 3092 4316 adhuc
3122 4268 3458 4334 praeservato
3490 4259 3676 4334 in_Ca-

2033 4334 2260 4403 pitolio,
2296 4331 2718 4390 nti'edidernnt
2744 4331 3078 4402 Marlianus,
3107 4331 3310 4396 Aldus,
3334 4331 3668 4403 Panvinius,

2029 4399 2333 4471 Gruterus,
2393 4404 2627 4474 aliique,
2679 4399 3075 4459 continentur
3114 4407 3242 4474 post
3291 4401 3559 4460 consules
3603 4399 3668 4470 ρ.

2029 4477 2267 4534 Furium
2292 4476 2583 4545 Calenum,
2620 4477 2678 4531 P.
2711 4475 3026 4532 Vatinium.

2347 4603 2422 4658 Μ.
2453 4602 2543 4658 ΑΕ
2577 4601 2780 4659 milius

2435 4675 2693 4730 Dictator

2413 4744 2687 4818 Magister
2713 4745 2979 4817 equitum

1589 4817 1826 4874 EODEM
1870 4815 2062 4874 ANNO

863 4886 919 4958 ρ.
961 4887 1185 4945 IVLIVS
1212 4888 1271 4944 c.
1315 4889 1372 4944 F.
1413 4887 1474 4945 c.
1513 4889 1580 4945 N.

1758 4890 2023 4946 CAESAR
2051 4889 2170 4946 IIII.

2412 4888 2568 4944 SINE
2642 4886 2860 4959 collega

342 5002 643 5078 Connectit
681 5003 854 5078 etiam
885 5001 994 5061 Di‘o
1036 5004 1095 5078 in
1128 5005 1396 5078 Historiae
1423 5019 1543 5062 suae
1566 5004 1725 5078 libro
1756 5020 1916 5077 me,
1952 5006 2003 5067 D
2034 5003 2484 5078 ismagistratus
2504 5003 2574 5078 ad
2606 5001 3180 5078 Decenniumeodem
3200 5016 3423 5078 mense,
3449 5003 3587 5062 dum
3607 5003 3667 5062 in

266 5087 437 5146 quem
456 5075 551 5149 ita
583 5075 925 5149 exorditur;
959 5095 985 5126 α
1025 5077 1297 5146 Sequenti
1344 5090 1496 5133 anno
1544 5075 1917 5149 dictaturam,

263 5145 766 5221 consulatumque,
798 5147 970 5221 tertio
1006 5145 1316 5219 utrumque
1341 5149 1762 5221 magistratum,
1793 5145 1920 5207 col;

266 5218 392 5291 lega
423 5217 762 5291 M.ALepido,
797 5219 1004 5291 gessit.
1041 5236 1068 5268 ιο
1106 5217 1276 5290 Lapis
1320 5217 1510 5276 autem
1553 5221 1918 5291 Capitolinus

263 5287 560 5363 subnectit
583 5287 994 5363 connexionem
1017 5287 1199 5346 etiam
1214 5292 1552 5348 consulatus
1570 5287 1761 5363 quarti
1785 5307 1916 5349 cum

257 5360 605 5436 continuato
629 5362 974 5436 magistratu
1003 5363 1248 5436 Caesaris
1277 5360 1681 5420 dictatoris‘m
1707 5370 1763 5420 et
1792 5365 1919 5436 qui-

256 5431 592 5518 demeoaem
619 5431 814 5518 annui
851 5434 1000 5490 unde
1042 5434 1362 5518 colligitur,
1395 5436 1699 5518 dictatura:
1742 5431 1916 5518 reno—

260 5505 407 5556 vatze
436 5503 586 5558 diem
615 5516 740 5560 esse
759 5503 1042 5562 diversam
1073 5520 1103 5561 a
1142 5503 1239 5562 die
1265 5503 1518 5563 renovati
1553 5508 1911 5564 consulatus.

259 5574 654 5656 Nequeenim
695 5576 866 5656 aliter
906 5583 1096 5656 posset
1133 5579 1328 5656 eadem,
1344 5579 1656 5656 dictatura
1687 5593 1754 5656 in
1786 5595 1918 5637 cum

258 5644 487 5715 duplici
516 5647 819 5704 consulatu
843 5644 920 5704 ιη’
938 5655 995 5705 et
1023 5663 1077 5704 IV
1095 5651 1356 5706 connecti
1373 5691 1386 5705 .
1426 5653 1539 5707 Nos
1560 5650 1702 5707 alibi
1725 5657 1922 5708 osten-

264 5715 486 5792 (limus,
511 5717 817 5792 dictaturae
865 5733 1075 5792 annuae
1099 5722 1372 5792 epocham
1406 5721 1616 5780 Ca'sari
1661 5724 1922 5782 renovari

2029 5074 2231 5134 Africa
2251 5076 2508 5133 confecto
2547 5074 2717 5144 bello,
2756 5075 2814 5131 in
2869 5074 3091 5147 Italiam
3120 5074 3666 5147 reditumpararet;

2030 5155 2172 5205 teste
2214 5151 2413 5216 Dione,
2461 5147 2716 5217 aliisque
2768 5145 3112 5217 historicis;
3151 5159 3221 5202 ex
3270 5146 3463 5203 Africa
3515 5145 3668 5204 enim

2028 5221 2255 5301 solvens
2301 5219 2500 5275 Idibus
2539 5217 2721 5301 Junii,
2774 5224 2901 5301 post
2927 5217 3081 5301 diem
3112 5218 3434 5301 tertiunmin
3459 5218 3672 5301 Sardi-

2027 5293 2182 5348 niam
2213 5305 2343 5347 cum
2379 5290 2747 5362 pervenisset,
2771 5287 2906 5362 inde
2925 5289 2994 5362 ad
3014 5303 3095 5362 vn
3116 5289 3240 5345 Kal.
3269 5287 3672 5362 Quinctilnna-

2027 5377 2120 5421 ves
2158 5358 2566 5430 conscendens,
2593 5361 2689 5417 die
2713 5360 3199 5417 duodetricesimo
3227 5361 3296 5416 ad
3333 5358 3528 5416 urbem
3550 5360 3671 5418 Ro-

2027 5449 2174 5492 mam
2211 5437 2410 5492 venit:
2456 5438 2722 5490 accurate
2765 5432 3071 5503 colligente
3119 5431 3242 5503 hazc
3291 5437 3544 5503 tempora
3599 5446 3669 5491 ex

2025 5508 2215 5564 Hirtio
2235 5507 2486 5576 aliisque
2517 5505 2818 5561 historicis
2848 5502 3014 5560 Fran.
3038 5502 3402 5576 Fabricio‘in
3434 5505 3508 5560 Μ.
3539 5505 3672 5562 Tul-

2029 5579 2100 5635 lii
2158 5573 2460 5650 Ciceronis
2483 5577 2884 5650 historia‘per
2915 5589 3096 5631 annos
3141 5573 3408 5650 singulos
3443 5576 3668 5650 digesta

2031 5663 2155 5734 pag.
2209 5651 2358 5734 mihi
2399 5647 2526 5705 240.
2551 5647 2908 5734 Consulatns
2930 5661 3065 5734 vero
3101 5647 3403 5734 epocham,
3428 5647 3570 5734 quin
3595 5648 3666 5734 ad

2030 5719 2314 5778 Kalendas
2329 5722 2635 5778 Ianuarias
2656 5719 2857 5776 referri
2876 5719 3172 5777 debuisset
3187 5732 3344 5777 more
3361 5719 3665 5790 majorum,

261 5786 428 5846 Circa
473 5802 723 5850 mensem
767 5786 1298 5866 Quinctilem,’cum
1345 5794 1396 5852 ei
1429 5794 1692 5855 decretus
1716 5793 1925 5856 fuisset
2037 5801 2167 5866 post
2197 5794 2306 5852 hoc
2333 5792 2946 5853 decretumdictaturae
2971 5791 3324 5866 decennalis,
3347 5792 3420 5850 ad
3451 5786 3667 5850 annum
