4072 6176
451 239 589 300 4579

1671 235 2028 294 ANASTASII
2067 231 2615 291 BIBLIOTHECARII

3718 228 3860 294 .580

449 367 670 435 Albini,
715 368 770 422 et
806 378 875 421 ex
917 363 1236 434 Capitolina
1276 363 1526 434 ejusdem
1571 361 1972 435 inscriptione,
2017 358 2087 416 ad
2118 369 2172 428 Α
2202 358 2260 414 in
2308 359 2502 414 urbem
2546 359 2912 435 _Ro_mam_,_et
2955 356 3132 430 legem
3153 355 3404 435 editam,
3448 359 3858 435 ut_Christia-

450 439 605 495 hunc
639 433 825 508 ipsum
864 433 1225 492 consulatum
1262 433 1382 508 (qui
1412 435 1641 500 clausit,
1675 435 1771 488 die
1805 433 1942 508 anui
1980 446 2089 487 su-

443 505 939 582 prema,'Silvestri
965 506 1375 582 pontificatum)
1389 512 1732 582 pumerante
1753 512 1877 574 post
1897 505 2086 582 Casa-

443 574 605 637 i‘iana
640 574 891 650 tempora
918 574 1098 634 annos
1123 577 1247 641 380,
1276 574 1365 633 vel
1385 577 1490 633 380
1515 584 1569 632 et
1597 574 1617 650 i
1650 597 1662 641 ;
1695 588 1887 650 verum
1913 577 2086 630 etiam

444 661 508 709 ut
526 648 878 708 firmamenta
902 663 1159 719 ponerem
1183 651 1360 704 totius
1378 651 1444 703 ch
1456 649 1761 718 ronologia
1784 648 1918 701 huic
1937 654 2088 700 tomo

444 733 708 780 notarum
734 723 970 777 inclusa
990 735 1022 775 a
1041 722 1381 775 Casarianis
1405 721 1756 789 temporibus
1777 720 1843 773 ad
1868 719 2084 772 exitum

444 797 708 851 mortalis
738 799 867 848 vita
898 793 1042 847 beati
1072 793 1355 846 Silveslri.
1390 793 1637 846 Firinata
1670 804 1799 845 vero
1832 791 2090 858 undique

449 867 592 921 mihi
613 867 838 920 videtur
857 872 969 918 tota
987 865 1264 928 extensio,
1284 877 1348 917 ac
1365 864 1653 918 dimensio
1674 864 1846 916 istius
1867 868 1972 914 tem
1985 873 2091 929 po—

449 939 534 993 ris
567 951 663 1002 per
691 939 1028 992 documenta
1068 937 1325 990 omnium
1360 949 1485 1004 qua
1530 934 1722 988 haberi
1773 934 1998 1002 pussint
2030 932 2087 986 in

447 1023 508 1064 re
529 1008 933 1078 chronologica
955 1007 1196 1078 maxime
1219 1013 1393 1072 certa,
1422 1019 1620 1078 nempe
1640 1005 2091 1078 demonstratio-

449 1080 623 1136 nibus
664 1075 915 1133 motuum
967 1077 1310 1145 ralestium,
1363 1078 1421 1132 in
1470 1077 1740 1132 adductis
1774 1075 2092 1144 eclipsibus

448 1149 749 1208 manifeste
781 1150 1196 1218 requirentium
1242 1150 1347 1204 hoc
1377 1149 1625 1218 spatium
1661 1148 1847 1203 atatis
1875 1189 1890 1214 ,
1923 1153 2093 1215 atque

449 1220 985 1293 conSIgnationibus
1031 1221 1309 1289 lapidum,
1351 1227 1406 1275 et
1445 1220 1808 1293 scriptorum
1837 1219 2093 1286 ejusdem

449 1289 643 1350 atatis
673 1293 1007 1363 aqualium,
1039 1300 1095 1346 et
1132 1305 1414 1347 consensu
1453 1293 1752 1346 doctorum
1797 1289 2094 1363 hominum

451 1365 604 1420 inter
635 1360 991 1434 probatiores
1033 1363 1342 1418 historicos
1373 1369 1429 1417 et
1468 1360 2097 1434 chronologosrelato-

454 1450 602 1492 rum.
636 1432 886 1505 Utraque
918 1434 1098 1505 igitur
1133 1435 1235 1489 hac
1277 1441 1419 1488 meta
1460 1434 1736 1503 temporis
1770 1432 1906 1487 huic
1946 1437 2098 1505 tgmo

453 1503 810 1574 constituta;
837 1503 1000 1561 notas
1038 1507 1291 1574 ejusdem
1333 1506 1769 1575 chronologicas
1809 1503 2101 1575 cumAVita

448 1579 732 1648 Silvestri,
773 1573 828 1631 et
869 1590 1002 1646 pace
1037 1573 1303 1633 EccleSia
1342 1573 1698 1632 claudamus.
1735 1573 2106 1648 Tentabiinus

455 1651 516 1705 in
548 1656 701 1705 tomo
721 1645 1013 1718 proximo,
1046 1651 1098 1703 si
1129 1649 1282 1704 Deus
1320 1648 1563 1714 dederit,
1602 1648 1722 1717 pari
1754 1645 2105 1718 certitudine

2200 443 2402 486 norum
2442 430 2698 487 ecclesia
2745 431 2962 501 ubique
3010 431 3392 500 aperirentur.
3439 452 3464 482 α
3508 432 3667 486 Tunc
3716 445 3856 487 vero

2198 501 2433 573 (inquit)
2481 502 2578 557 ubi
2622 503 2959 571 jejunasset,
3006 509 3064 557 et
3117 503 3459 558 rudimentis
3504 503 3856 558 Christiana

2203 574 2502 644 religionis
2550 575 2806 629 imbutus
2856 575 3081 643 fuisset,
3127 575 3430 642 baptizatus
3464 580 3541 628 est
3571 577 3695 644 ipse
3736 591 3858 628 cum

2199 655 2370 698 matre
2399 646 2604 699 Helena
2633 661 2668 697 a
2697 646 2954 700 Silvestro
2995 649 3238 715 episcopo
3271 647 3501 699 Romano
3534 666 3549 700 :
3584 647 3861 715 baptizati

2200 720 2361 770 etiam
2403 727 2531 770 sunt
2555 719 2854 786 prepinqui
2891 718 3010 784 ejus
3053 732 3234 771 omnes
3265 727 3317 770 et
3351 720 3514 770 amici
3541 734 3558 781 ,°
3588 719 3866 772 Romano-

2200 803 2427 856 rumque
2462 791 2684 858 insuper
2725 791 2960 842 utiorum
3003 789 3298 842 multitudo
3341 793 3553 857 ingens.
3596 791 3689 843 Sic
3739 791 3864 843 ita—

2203 873 2311 928 que
2335 863 2644 928 imperator
2663 860 3077 916 Constantinus
3097 861 3466 915 Christianus
3489 858 3675 915 factus
3694 865 3802 915 est.
3832 879 3863 909 ι

2201 931 2509 986 Enumerat
2537 933 2744 987 deinde
2776 945 2866 986 res
2891 939 3080 1002 gestas
3109 934 3359 1001 ejusdem
3397 932 3706 1000 principis,
3733 944 3866 986 ma—

2203 1003 2484 1072 gistratus
2546 1003 2617 1058 ab
2665 1018 2729 1058 eo
2791 1004 3115 1072 institutos,
3170 1004 3466 1072 praefectos
3507 1004 3790 1072 'pratorio
3829 1015 3864 1057 e

2203 1073 2550 1129 Christianis
2599 1076 2822 1130 Orienti
2874 1077 3060 1143 datos,
3107 1075 3429 1143 provincias
3483 1075 3866 1139 constitutas,

2203 1146 2763 1216 Constantinopolim
2811 1147 3101 1202 conditam
3149 1153 3204 1200 et
3255 1152 3540 1211 ornatam,
3592 1146 3868 1215 aliasque

2206 1218 2469 1272 civitates
2493 1225 2802 1287 reparatas,
2829 1216 3125 1273 fundatam
3155 1217 3226 1272 de
3255 1219 3458 1272 matris
3494 1219 3726 1274 nomine
3759 1231 3868 1272 ur—

2208 1287 2334 1343 bem
2356 1289 2767 1359 Helenopolim,
2789 1296 2846 1344 et
2864 1291 3288 1344 denominatam
3317 1290 3670 1358 provinciam
3699 1288 3870 1343 Hele-

2211 1368 2553 1432 nopontum.
2593 1361 2733 1416 Tum
2781 1361 3021 1416 subdit:
3059 1381 3083 1413 α
3119 1363 3238 1416 Non
3287 1360 3458 1432 longo
3502 1367 3693 1414 autem
3741 1366 3874 1428 post

2213 1437 2463 1500 tempore
2481 1431 2572 1503 (ab
2596 1432 2689 1487 his
2708 1432 3064 1502 civitatibus,
3091 1439 3146 1487 et
3171 1431 3487 1501 provinciis
3509 1432 3873 1499 constitutis)

2218 1503 2528 1571 imperator
2573 1504 2988 1560 Constantinus
3035 1505 3093 1558 in
3144 1503 3534 1560 Nicomediam
3580 1503 3873 1572 Bithynia

2219 1574 2427 1629 itinere
2469 1572 2638 1640 facto,
2683 1576 2739 1630 in
2783 1575 3044 1631 morbum
3096 1576 3342 1630 incidit:
3375 1588 3410 1630 a
3441 1588 3555 1645 quo
3593 1587 3725 1629 cum
3773 1587 3872 1644 per

2219 1659 2318 1701 sex
2345 1647 2471 1700 dies
2499 1646 2868 1716 decubuerat,
2905 1647 2963 1700 in
2994 1647 3250 1716 ejusdem
3290 1647 3551 1702 civitatis
3580 1645 3870 1700 suburbio

454 1735 520 1777 ac
537 1716 857 1808 evidentia,
889 1716 1011 1808 tum
1043 1733 1324 1808 summam
1356 1716 1653 1808 temporis,
1677 1725 1802 1808 inin
1835 1717 2106 1808 singulo:-
2141 1746 2195 1808 B
2225 1716 2804 1808 quodamLachyrone
2840 1718 3020 1787 dicto,
3062 1719 3405 1808 non.p|roaul
3431 1719 3502 1772 ab
3536 1717 3683 1808 D‘rbe
3713 1717 3872 1808 diem

456 1805 584 1849 rum
636 1791 970 1862 pontiﬁcum
1009 1792 1159 1847 vitas
1200 1806 1300 1862 pro
1340 1788 1535 1846 nostro
1579 1790 1808 1846 modulo
1846 1788 2105 1862 definire,

459 1863 556 1920 ubi
596 1859 847 1920 eruditis
888 1862 1007 1918 hac
1037 1877 1149 1920 non
1190 1859 1568 1932 displicuisse
1606 1868 1956 1932 compertum
1990 1859 2119 1926 ﬁat,

1037 1982 1192 2026 ΝΟΤΕ
1222 1984 1256 2025 Η
1265 1982 1522 2026 ISTORICE
1531 2006 1551 2024 ο

527 2079 700 2137 Linea
744 2076 797 2134 4.
833 2107 902 2120 -
936 2079 1040 2133 Hic
1078 2079 1139 2132 in
1178 2079 1370 2133 easilio
1411 2080 1523 2145 fuit
1559 2078 1620 2131 in
1664 2078 1889 2131 mortem
1936 2075 2112 2130 Sora-

459 2157 612 2216 ctem,
646 2152 1013 2220 persecutione
1047 2150 1391 2205 Constantini
1429 2164 1738 2214 concussus,
1783 2153 1833 2203 et
1864 2153 2110 2220 postmo-

458 2225 588 2280 dum
612 2219 824 2278 rediens
855 2239 976 2277 cum
1011 2223 1188 2290 gloria
1219 2223 1512 2291 baptizavit
1551 2219 1968 2291 Constantinum
1995 2219 2109 2291 Au-

446 2302 684 2364 gustum.
707 2296 908 2350 Actum
942 2289 1106 2364 agere
1133 2289 1374 2349 fortasse
1397 2291 1615 2360 credar,
1645 2293 1697 2347 si
1726 2289 1894 2346 velim
1920 2290 2110 2364 attin-

452 2361 583 2438 gere
620 2361 1005 2436 quastionem'
1035 2379 1066 2420 a
1113 2364 1402 2438 pluribus,
1444 2369 1500 2438 et
1538 2361 2106 2438 quidem_praclaris_

452 2405 1017 2506 ἒῖιὶῖοῗῖδῒιέζωὲἓῆἓὶι
1035 2405 1426 2492 Esaiam
1445 2405 2107 2506 tt;:t.'5.2“‘c;.;;za;at;.;-

449 2510 663 2578 Magni.
693 2504 919 2565 Plenam
951 2513 1252 2578 utramque
1279 2509 1543 2578 paginam
1575 2507 1767 2562 videre
1792 2505 1927 2578 licet
1952 2504 2102 2578 apud

447 2575 778 2648 Bar'onium,
803 2575 1607 2649 scribentem’pro'baptismo,
1632 2579 1820 2633 Roma
1845 2575 2104 2649 admini-

448 2657 629 2707 strato
671 2646 833 2707 illia
870 2646 1293 2715 Silvestro,‘uti
1336 2646 1820 2705 Bibliothecarius
1860 2646 2105 2702 afﬁrmat

449 2737 580 2778 cum
626 2723 876 2792 secundo
921 2721 1178 2792 cataIOgo
1227 2723 1415 2776 atatis
1460 2720 1777 2775 Justiniani
1805 2723 1911 2792 :et
1947 2718 2100 2792 apud

452 2801 717 2848 auctores
757 2790 1414 2861 refragantes'Baronio,
1461 2792 1746 2846 indicatos
1774 2804 1806 2845 a
1837 2791 2009 2860 Pagio
2043 2790 2100 2844 in

448 2864 684 2932 Critica,
717 2869 772 2918 et
801 2863 871 2917 ab
901 2862 1082 2917 altero
1115 2863 1286 2933 Pagio
1321 2862 1377 2915 in
1413 2863 1567 2916 notis
1604 2862 1672 2916 ad
1710 2862 1861 2916 hunc
1897 2873 2102 2915 nume-

452 2949 576 2991 rum
603 2953 616 2988 :
655 2935 755 3005 qui
782 2935 949 3001 juxta
978 2932 1287 2988 Eusebium
1327 2934 1544 3005 sentire
1574 2939 1804 3005 putans,
1837 2945 2103 3005 pronun-

449 3008 558 3062 tiat
600 3002 873 3075 baptismi
916 3006 1160 3075 gratiam
1201 3003 1576 3059 Constantino
1615 3003 1891 3075 collatam,
1921 3002 2101 3058 fuisse

448 3074 812 3133 Nicomedia.
849 3074 954 3131 Res
986 3075 1149 3144 plena
1182 3075 1480 3131 turbarum
1513 3079 1620 3130 est.
1652 3075 1788 3130 Acta
1815 3074 2100 3143 Silvestri,

451 3163 577 3219 qua
593 3151 846 3204 Romano
866 3147 1151 3216 baptismo
1170 3146 1373 3219 favent,
1396 3145 1707 3215 culpantur
1722 3146 1792 3219 ab
1810 3145 2099 3219 omnibus,

450 3216 600 3276 etab
629 3221 753 3290 ipso
785 3219 1027 3274 Baronio
1052 3218 1399 3273 exhibentur
1428 3223 1700 3290 tanquam
1736 3216 2100 3290 interpolata,

451 3296 509 3348 et
553 3287 764 3347 infarta
807 3290 1018 3358 ineptis
1066 3289 1496 3346 additamentis.
1543 3287 1800 3345 Historia
1847 3287 2101 3358 Eusebii,

453 3377 580 3434 qua
626 3361 1097 3434 Nicomediensis
1131 3361 1345 3416 lavacri
1394 3366 1583 3434 partes
1615 3360 1802 3434 juvat,
1849 3358 2107 3434 defertur

445 3430 723 3505 tanquam
755 3437 1017 3488 contexta
1049 3431 1391 3505 abauctore
1428 3432 1626 3505 Ariani
1664 3430 2106 3505 devoto,_etAin-

453 3501 597 3561 ﬂexa
622 3505 690 3559 ad
727 3505 1024 3576 ingenium
1051 3503 1246 3558 Ariani
1277 3503 1930 3576 principisiConstaniii.
1958 3501 2106 3570 Quia

455 3579 627 3633 etiam
667 3574 1017 3646 scriptorum
1057 3575 1414 3646 veraciorum
1455 3575 1788 3629 testimonia
1826 3574 2109 3646 dicuntur

463 3649 667 3704 vitiata
718 3649 777 3703 in
823 3645 1162 3702 nominibus
1211 3659 1308 3716 per
1357 3657 1778 3716 amanuenses:
1819 3645 1987 3715 quale
2021 3650 2107 3699 est

459 3719 762 3774 Athanasii
803 3719 872 3774 de
901 3717 1166 3788 Synodis,
1209 3715 1359 3788 quod
1394 3715 2106 3788 OpponebaturBaronio:

459 3797 656 3847 contra
698 3791 848 3861 quod
891 3785 1077 3844 tamen
1119 3785 1409 3861 excipitur
1436 3785 1485 3842 ’a’
1524 3785 1946 3861 defensoribus,
1981 3787 2106 3861 legi

459 3858 1117 3932 oportere—Constantem?
1136 3873 1246 3915 non
1263 3860 1696 3932 Constantinam
1722 3859 1779 3914 in
1807 3858 2110 3932 codicibus

459 3930 786 3989 Athanasii.
821 3933 962 3988 Vide
991 3931 1226 4001 Pagium
1259 3930 1319 3986 in
1357 3931 1499 3986 Crit.
1532 3930 1601 3985 ad
1634 3931 1834 3988 Baron.
1869 3931 1937 3986 ad
1971 3943 2104 3984 ann.

459 4003 586 4076 324,
617 4019 673 4059 ιι.
708 4004 777 4060 5:
816 4003 916 4076 ubi
947 4003 1119 4059 etiam
1160 4001 1451 4076 Ambrosii
1483 4007 1538 4058 et
1567 4002 1896 4076 Hieronymi
1924 4001 2111 4076 _verba

464 4071 828 4145 interpretari
857 4075 1232 4131 observantur
1265 4074 1567 4144 utriusque
1593 4071 1886 4129 sententia
1917 4071 2111 4145 fauto-

467 4160 578 4214 res,
620 4143 831 4202 ‘neutri
885 4146 1029 4201 satis
1083 4150 1276 4215 aperte
1323 4143 1667 4212 commoda;
1712 4153 1768 4200 et
1815 4143 2112 4214 complura

467 4217 924 4299 etiamijeperies
952 4217 1023 4271 de
1051 4217 1285 4299 Zosimi,
1315 4216 1584 4299 Socratis2
1616 4217 1909 4299 qupmeni
1943 4215 2114 4271 libris

473 4290 534 4344 in
564 4287 807 4344 dubium
853 4292 1131 4356 revocata,
1166 4295 1286 4342 tum
1317 4301 1350 4342 a
1379 4287 1624 4343 Baronio
1661 4288 1972 4358 diligenter
2010 4300 2114 4341 ex-

467 4373 658 4430 cussa,
692 4366 815 4416 tum
847 4358 918 4414 ab
951 4358 1045 4413 his
1074 4358 1175 4427 qui
1209 4365 1336 4427 post
1380 4359 1686 4430 Baronium
1733 4359 2111 4427 scripserunt.

543 4431 918 4489 Prasumitur
955 4443 989 4485 a
1031 4429 1277 4495 criticis,
1326 4429 1575 4484 Eusebio
1613 4430 1886 4499 scriptori
1931 4430 2118 4486 atatis

474 4503 860 4570 Constantini,
910 4507 964 4557 et
1011 4515 1137 4557 cum
1192 4489 1273 4556 eo'
1305 4501 1577 4569 versanti,
1623 4489 1794 4571 atque
1837 4501 1916 4556 ita
1959 4499 2120 4556 aﬁir-
2149 4489 2202 4550 D

473 4577 673 4645 manti,
707 4588 808 4644 par
837 4572 1233 4645 testimonium
1268 4585 1378 4627 non
1412 4585 1576 4642 posse
1620 4572 1839 4645 opponi
1863 4586 1931 4628 ex
1964 4572 2123 4645 Actis

476 4646 860 4716 interpolatis,
884 4652 937 4699 et
962 4657 1058 4716 per
1078 4644 1308 4700 Latinos
1327 4645 1396 4699 ad
1420 4645 1800 4716 Romanorum
1829 4644 2122 4716 ingenium

477 4714 666 4778 serius
691 4717 995 4773 contemis.
1028 4715 1180 4770 Bono
1211 4720 1397 4770 tamen
1423 4715 1682 4770 historia
1710 4714 1825 4771 fato
1852 4715 1911 4770 in
1939 4715 2120 4770 lucem

520 4790 719 4857 rodiit,
749 4802 859 4842 non
886 4789 967 4842 ita
991 4786 1230 4856 pridem,
1253 4786 1721 4857 ChronOgraphia
1740 4786 1977 4842 Joannis
1997 4789 2123 4841 Ma-

502 4863 605 4918 ala:
635 4859 940 4929 scriptoris
968 4857 1334 4929 Antiocheni,
1367 4864 1525 4929 sexto
1556 4858 1767 4914 saculo
1791 4859 2122 4927 conscripta

480 4934 589 4990 sub
615 4928 961 4997 Justiniano,
994 4942 1122 4999 qua
1156 4928 1454 4984 historiam
1492 4928 1763 4998 baptismi
1796 4929 1984 4984 Roma
2012 4929 2123 4986 ad-

483 5003 797 5061 ministrati
820 5003 1020 5070 Magno
1041 4999 1412 5055 Constantino
1432 5013 1463 5054 a
1484 5000 1757 5056 Silvestro
1780 5013 1942 5070 papa,
1966 5000 2125 5056 exhi-

478 5078 594 5146 bet,
629 5074 809 5146 nullis
841 5071 1107 5146 infartam
1135 5071 1544 5146 additamentis
1566 5089 1581 5141 ς
1604 5072 1838 5146 e_t_quod
1873 5079 2122 5146 tantum-

478 5142 605 5206 dem
645 5145 917 5201 astimari
957 5142 1140 5211 debet,
1181 5143 1318 5197 Acta
1363 5155 1589 5212 quoque
1631 5143 1978 5198 Nicomedia
2014 5143 2122 5199 sub

478 5221 698 5276 exitum
725 5218 855 5270 vita
878 5214 1238 5269 Constantini
1261 5212 1491 5268 exhibet
1514 5213 1698 5269 nuda:
1727 5228 1910 5284 neque
1934 5228 1996 5270 ea
2019 5229 2125 5271 suo

481 5297 660 5348 marte
690 5299 951 5360 procusa,
985 5286 1080 5360 sed
1113 5284 1683 5360 ﬁdeliter_descripta
1711 5299 1778 5340 ex
1823 5287 2124 5360 vetustiori

477 5357 935 5432 chronographo,
964 5359 1056 5432 cui
1093 5369 1298 5432 nomen
1328 5357 1686 5432 Nestorianus
1709 5377 1725 5412 :
1751 5357 1918 5432 cujus
1951 5358 2124 5413 etiam

481 5429 746 5489 meminit
775 5429 1120 5497 Chronicon,
1150 5429 1300 5498 quod
1328 5433 1531 5483 vocant
1556 5429 2028 5498 Alexandrinum,
2062 5434 2128 5485 ut

476 5505 715 5560 advertit
747 5502 985 5559 Vossius
1012 5500 1083 5555 de
1115 5500 1420 5554 Historicis
1447 5499 1682 5554 Gracis.
1717 5501 1974 5569 Scriptor
2009 5501 2127 5556 ita—

480 5589 590 5645 que
610 5575 1001 5630 Antiochenus
1022 5571 1222 5645 Malala
1245 5571 1416 5626 initio
1438 5569 1578 5645 libri
1600 5584 1706 5645 xiii
1729 5585 1847 5626 sua
1863 5572 2127 5629 Chrono-

477 5642 752 5715 graphia,
778 5651 904 5713 post
927 5644 1279 5715 enuntiatam
1313 5643 1506 5715 crucis
1530 5642 1828 5712 visionem,
1855 5649 1911 5700 et
1936 5645 2123 5700 victo-

479 5713 620 5770 riam
666 5713 774 5788 sub
815 5716 1069 5782 ejusdem
1115 5713 1393 5788 auspiciis
1443 5720 1861 5788 reportatamia
1916 5728 2120 5788 magno

472 5784 871 5853 Constantino,
904 5791 1180 5840 memorat
1207 5785 1494 5857 principis
1524 5786 1763 5844 victoris
1794 5784 2117 5858 ingressum

2135 3116 2183 3178 C

2225 1787 2395 1843 Suum
2434 1787 2603 1859 obiit,
2635 1787 2955 1859 antequam
2999 1804 3143 1859 opus
3188 1789 3334 1846 illud
3379 1788 3770 1860 magnificum,
3817 1795 3875 1842 et

2227 1860 2378 1915 inter
2418 1861 2578 1916 orbis
2623 1860 2900 1916 miracula
2946 1862 3316 1930 censendum,
3361 1862 3613 1916 ecclesia
3660 1871 3876 1927 nempe

2222 1931 2591 1988 Antiochena
2628 1931 2902 1988 fabricam
2933 1933 3002 1987 ad
3029 1936 3247 1988 exitum
3290 1933 3673 2003 perduxisset.
3708 1932 3876 2003 alor-

2225 2011 2362 2059 tuus
2381 2010 2468 2058 est
2488 2011 2678 2059 autem
2700 2017 2882 2059 annos
2905 2010 3074 2059 natus
3089 2003 3158 2060 60
3173 2001 3306 2060 cum
3325 2003 3621 2059 mensibus
3643 2001 3870 2056 tribus:

2223 2075 2312 2131 uti
2347 2074 2464 2130 hac
2498 2078 2782 2131 memoria
2815 2076 3070 2146 prodidit
3098 2075 3566 2145 sapientissimus
3589 2073 3877 2128 Nestoria-

2224 2159 2334 2202 nus
2357 2147 2831 2220 chronographus
2854 2165 2867 2202 :
2895 2149 2996 2218 qui
3023 2149 3433 2220 praedictorum
3450 2160 3679 2217 quoque
3702 2146 3876 2214 impe-

2223 2225 2476 2274 ratorum
2511 2232 2599 2274 res
2629 2226 2816 2289 gestas
2845 2220 3128 2274 Chronico
3157 2219 3488 2288 descripsit.
3520 2235 3544 2266 ιο

2290 2289 2572 2346 Habemus
2614 2287 2796 2361 igitur
2829 2298 3021 2348 testem
3063 2287 3438 2346 Constantino
3478 2289 3624 2344 satis
3668 2287 3876 2357 proxi-

2220 2374 2396 2427 mum,
2428 2375 2674 2432 eumque
2703 2376 2802 2418 nec
2823 2363 3118 2418 addictum
3149 2362 3416 2429 Eusebio,
3451 2373 3634 2430 neque
3662 2366 3876 2432 aucto-

2221 2434 2383 2488 ribus
2398 2429 2868 2492 Occidentalibus
2886 2434 3214 2490 Latinorum
3238 2452 3252 2488 :
3277 2435 3374 2504 qui
3395 2429 3572 2489 nullis
3595 2429 3872 2504 infartam

2215 2504 2627 2560 additamentis
2679 2506 2984 2564 historiam
3039 2503 3312 2574 baptismi
3375 2518 3408 2560 a
3455 2503 3872 2574 Constantino,

2217 2577 2444 2643 Helena,
2491 2578 2733 2647 suisque
2777 2581 2838 2634 in
2877 2576 3018 2634 urbe
3061 2572 3236 2632 Roma
3283 2577 3555 2645 suscepti,
3605 2572 3877 2647 admini-

2214 2653 2433 2720 strante
2451 2646 2727 2705 Silvestro
2751 2663 2913 2720 papa,
2937 2649 3259 2720 consignat,
3278 2654 3332 2704 et
3357 2653 3590 2720 mortem
3616 2646 3877 2720 Nicome-

2212 2719 2325 2773 dia
2347 2719 2557 2774 obitam
2579 2735 2612 2775 a
2629 2715 3004 2777 Constantino
3030 2715 3156 2789 post
3180 2715 3376 2775 matris
3398 2719 3620 2774 Helena
3644 2715 3866 2789 pridem

2215 2790 2332 2846 vita
2363 2789 2592 2852 functa.
2638 2805 2840 2848 nomen
2871 2787 3120 2848 inditum
3161 2791 3385 2847 civitati
3427 2787 3793 2858 Helenopoli,
3818 2792 3871 2840 et

2215 2863 2524 2931 provincia
2549 2863 2942 2934 Helenoponti.
2976 2864 3108 2919 Dixi
3142 2870 3340 2919 testem
3366 2862 3510 2934 satis
3539 2860 3867 2934 proximum

2214 2930 2630 3006 Constantino;
2660 2930 2790 2992 cuin
2831 2935 3042 2992 saculo
3081 2936 3292 3005 quinto
3326 2930 3651 3006 vixerit,et
3678 2930 3866 2985 histo-

2219 3005 2364 3082 riam
2393 3019 2554 3082 suam
2583 2975 3510 3082 ρῖςόἅὶἱὲθῖῗιίέεΐεὖὶῖἕὶιῗβίιῖίξιι
3539 2975 3651 3060 ΗΞ
3677 3013 3876 3082 emor-

2215 3075 2429 3148 tualem
2471 3075 2676 3133 Leonis
2713 3078 2994 3145 Junioris,
3032 3085 3095 3135 ut
3128 3079 3249 3148 ipse
3287 3077 3492 3132 Malala
3524 3075 3869 3148 testatur_i_n

2217 3145 2331 3202 lino
2353 3145 2492 3202 libri
2524 3161 2605 3203 XII
2638 3143 3025 3206 observatus'a
3051 3143 3208 3206 card.
3240 3150 3495 3214 Norisio,
3521 3149 3594 3204 de
3621 3143 3868 3218 Epochis

2214 3219 2749 3292 Syromacedonum,
2787 3235 2914 3292 pag.
2940 3218 3043 3276 474
3071 3220 3344 3277 editionis
3371 3222 3525 3292 Lips.
3555 3214 3742 3290 Spero
3766 3214 3863 3269 hoc

2217 3291 2612 3366 testimonium
2641 3291 2936 3366 lubentius
2963 3298 3268 3366 acceptum
3290 3293 3388 3360 ir'i,
3413 3292 3466 3366 si
3494 3291 3858 3366 demonstra.-

2216 3374 2368 3429 vero,
2392 3375 2459 3417 ex
2484 3363 2635 3418 nuda
2661 3363 2772 3420 ista
2791 3370 2848 3420 et
2871 3364 3025 3420 brevi
3055 3356 3386 3419 narratione
3410 3356 3864 3432 chronograph‘i,

2217 3427 2483 3501 componi
2545 3448 2710 3504 posse
2763 3441 3082 3492 nostratum
3139 3436 3473 3490 Latinorum
3522 3427 3746 3488 asserta
3799 3427 3867 3484 de

2215 3504 2502 3573 baptismo
2544 3519 2641 3575 per
2676 3507 3014 3563 Silvestrum
3054 3509 3245 3563 Roma
3283 3505 3696 3562 administrata
3721 3513 3867 3575 cum

2221 3572 2593 3644 im’positione
2625 3591 2919 3647 manuum,
2947 3585 3001 3633 et
3025 3584 3379 3634 sacramento
3409 3572 3870 3647 conﬁrmationis

2217 3643 2401 3702 eidem
2433 3650 2765 3718 imperatori
2795 3643 3173 3706 Constantino
3200 3649 3411 3706 collato
3435 3662 3534 3717 per
3558 3643 3868 3718 Eusebium

2217 3716 2547 3789 episcopum
2588 3721 2936 3777 Nicomedia
2974 3721 3082 3777 sub
3113 3723 3333 3777 exitum
3366 3716 3518 3787 viia,
3567 3716 3868 3774 occasione

2221 3789 2494 3859 baptismi
2517 3791 2792 3848 solemnis
2811 3793 3258 3849 administrandi
3289 3794 3412 3862 ipsa
3433 3793 3490 3846 in
3513 3789 3716 3862 vigilia
3745 3789 3874 3862 [fen-

2221 3858 2485 3935 tecostes,
2529 3876 2642 3919 non
2686 3865 2915 3935 quidem
2961 3858 3346 3935 Constantino
3380 3865 3506 3935 jam,
3544 3858 3735 3916 Roma
3765 3858 3870 3913 ba-

2222 3934 2456 4017 ptizato,
2505 3936 2600 3990 sed
2643 3934 2912 4006 pluribus
2959 3937 3028 3992 ad
3081 3937 3246 3992 fidem
3293 3934 3680 3990 Christianam
3728 3942 3871 3985 con-

2223 4018 2425 4061 νει-διε.

2291 4077 2432 4151 Dico
2463 4077 2667 4149 igitur,
2701 4078 2901 4151 colligi
2922 4093 2990 4136 ex
3013 4077 3448 4150 chronographo
3477 4089 3574 4147 per
3603 4072 3871 4151 Malalain

2224 4148 2392 4205 nobis
2417 4145 2662 4221 servato,
2687 4155 2745 4206 et
2766 4164 2834 4206 ex
2846 4145 3110 4208 'aliorum
3141 4145 3492 4220 scriptorum
3515 4145 3872 4221 testimoniis

2230 4221 2502 4292 utrinque
2546 4217 2842 4290 productis
2892 4224 2951 4278 in
3004 4222 3214 4278 celebri
3265 4217 3584 4292 quastione
3628 4217 3695 4292 de
3741 4217 3867 4292 loca,

2225 4309 2289 4347 ac
2318 4287 2560 4364 tem-pore
2580 4293 2836 4362 baptismi
2864 4294 3223 4359 Constantini,
3269 4287 3420 4348 hunc
3457 4289 3779 4364 principem
3802 4287 3870 4341 ad

2229 4360 2437 4420 lumen’
2451 4377 2593 4420 vera
2616 4360 2746 4420 ﬁdei
2767 4364 3055 4420 divinitus
3073 4371 3355 4434 vocatum,
3385 4360 3615 4419 ostenso
3643 4360 3874 4434 caelitus

2231 4437 2424 4492 crucis
2460 4436 2648 4507 signo,
2689 4440 2747 4491 et
2781 4443 2943 4506 parta
2975 4442 3174 4493 contra
3216 4429 3564 4507 Maxentium
3607 4429 3872 4507 victoria,

2236 4503 2544 4578 postquam
2563 4503 2975 4564 Urbem‘victor
3003 4507 3240 4563 intravit
3258 4519 3406 4562 anno
3433 4503 3558 4574 342,
3589 4503 3875 4573 cogitasse

2233 4581 2303 4635 de
2335 4578 2618 4650 religione
2656 4579 2986 4635 Christiana
3032 4579 3382 4650 proﬁtenda:
3413 4579 3732 4650 statimque
3767 4586 3875 4626 cu-

2235 4663 2394 4706 rasse
2442 4648 2505 4706 tit
2563 4651 2818 4720 ejusdem
2883 4648 3212 4706 rudimenta
3255 4649 3370 4704 sibi
3430 4648 3801 4720 traderentur
3844 4655 3873 4696 a

2232 4717 2630 4796 sacerdotibus
2647 4735 2712 4777 ea
2731 4722 2801 4778 de
2819 4722 3076 4796 causaad
3095 4735 3156 4777 se
3175 4720 3397 4796 accitis,
3418 4725 3483 4775 ut
3500 4717 3875 4796 Nestgrianus

2231 4794 2706 4864 cbronographus
2725 4793 2872 4863 apud
2898 4792 3156 4850 Malalam
3176 4792 3364 4864 nitide
3380 4785 3599 4859 narrat,
3627 4785 3874 4864 Eusebio

2232 4854 2624 4920 consentvien'te
2658 4864 2715 4919 in
2756 4854 2883 4921 Vita
2912 4863 3271 4921 Constantini
3304 4862 3457 4918 libro
3490 4876 3528 4929 ι,
3558 4854 3689 4930 cap.
3725 4854 3796 4913 32
3821 4860 3875 4910 et

2231 4933 2320 4991 42.
2343 4937 2412 4990 Et
2427 4937 2660 5006 quidem
2673 4936 2957 4992 Eusebius
2977 4941 3304 5004 narratcap.
3324 4931 3870 5006 BQConstantinum,

2231 5021 2264 5063 a
2282 5002 2461 5077 priori
2483 5009 2674 5063 crucis
2694 5009 2916 5063 visione
2931 5015 2986 5063 et
3002 5007 3215 5062 Christi
3240 5002 3468 5060 Domini
3488 5002 3871 5077 apparitione,

2231 5070 2536 5152 antequam
2563 5080 2728 5149 signa
2747 5079 2813 5134 ed
2826 5084 3075 5152 ucereret
3093 5083 3292 5135 contra
3309 5070 3664 5152 Maxentium
3690 5095 3717 5126 α
3742 5070 3875 5152 nui-.-

2235 5151 2353 5205 lum
2384 5141 2566 5205 alium
2599 5141 2802 5220 praeter
2841 5149 3029 5218 illum,
3073 5163 3239 5221 quem
3271 5149 3506 5221 viderat,
3547 5148 3734 5221 Deum
3763 5141 3871 5221 sibi

2231 5221 2531 5278 colendum
2559 5217 2849 5290 statuisse,
2873 5217 3112 5292 ejusque
3132 5222 3214 5276 rei
3235 5233 3409 5276 causa
3429 5220 3496 5275 ad
3521 5232 3582 5274 se
3599 5217 3873 5292 accivisse

2234 5293 2576 5362 sacerdotes,
2624 5287 2845 5348 arcana
2901 5287 3070 5348 illius
3114 5293 3391 5348 doctrina
3444 5290 3740 5360 mysteriis
3798 5287 3872 5339 in-

2233 5370 2503 5434 structos,
2531 5377 2564 5419 a
2585 5365 2802 5435 quibus
2829 5364 3171 5420 catechesim
3195 5363 3584 5419 Christianam
3610 5363 3864 5420 edoctus,

2235 5436 2511 5492 unitatem
2539 5437 2662 5501 Dei,
2697 5442 2753 5490 et
2781 5435 3085 5491 adventum
3110 5436 3350 5504 Christi,
3377 5435 3621 5504 ejusque
3647 5443 3863 5495 causas,

2234 5521 2301 5562 ac
2329 5507 2400 5562 de
2428 5513 2606 5562 morte
2639 5507 2998 5575 triumphum
3041 5507 3099 5561 in
3139 5508 3309 5578 signo
3352 5504 3689 5578 crucissibi
3725 5513 3864 5578 pra-

2236 5584 2613 5634 monstratum
2640 5571 2881 5648 accepit,
2909 5591 3156 5648 cumque
3183 5571 3469 5634 calestem
3503 5575 3662 5631 illam
3682 5571 3862 5648 visio—

2233 5663 2382 5731 Pe!!!»
2414 5655 2468 5705 et
2497 5646 2936 5731 sacerdotaliu-m
2971 5646 3301 5731 sermonum
3335 5646 3857 5731 interpretatiaiigm

2230 5717 2383 5777 inter
2412 5734 2472 5777 se
2498 5721 2879 5794 contulisset,
2899 5721 3275 5794 confirmatus
3303 5727 3390 5776 est
3418 5717 3642 5794 animo,
3663 5717 3856 5794 barum

2229 5807 2420 5851 rerum
2449 5782 3057 5864 cOgnitionem'ipsius
3083 5793 3187 5851 Dei
3218 5791 3552 5864 magisterio
3572 5782 3690 5845 sibi
3715 5782 3857 5842 tradi
