4072 6176
249 407 381 469 4581

1085 402 1408 462 HISTORIA
1444 404 1532 460 DE
1571 402 1745 460 VITIS
1785 401 1950 460 ROM.
1994 401 2192 461 PONT.
2228 434 2298 445 —
2326 407 2388 468 S.‘
2425 408 2811 467 SILVESTER.

3509 403 3650 466 1582

247 557 352 614 pro
377 545 532 614 certo
553 538 786 614 habens.
819 537 1042 614 Exinde
1065 537 1307 614 ipsemet
1346 536 1677 614 divinorum
1709 535 1894 614 libroj
1917 519 1977 580 A
2011 547 2191 614 mans,
2224 509 2340 607 quo
2366 538 2546 594 totius
2570 539 2713 614 vitae
2743 536 2952 614 delicta
2982 538 3259 607 expiaret,
3294 536 3646 614 ﬁrmissime

248 609 374 670 rum
409 611 644 669 lectioni
673 624 871 666 vacare
898 610 1160 664 instituit
1193 613 1277 664 :et
1299 622 1425 664 cum
1452 609 1772 664 sacerdotes
1795 609 1892 664 Dei

245 687 358 742 sibi
382 697 697 740 assessores
712 682 1071 745 adscivisset,
1091 683 1264 736 Deum
1284 680 1472 748 illum,
1494 694 1656 749 quem
1676 681 1897 736 viderat

245 759 400 815 omni
431 755 793 810 observantia
844 753 1142 809 colendum
1190 765 1314 807 esse
1358 753 1546 807 duxit.
1591 770 1616 800 »
1663 752 1894 807 Graecus

247 834 436 886 textus
463 827 634 882 habet
670 845 682 880 :
715 825 799 878 τὸν
849 821 1054 894 ὀῳθέντα
1101 823 1234 878 Θεόν
1285 823 1462 885 πάσαις
1506 825 1604 875 δεῖν
1647 824 1770 876 dicto
1813 825 1897 875 Θε-

247 902 467 970 ραπείαις
496 903 679 968 τιμᾷντ
718 899 876 970 illum
905 912 1074 970 quem_
1109 895 1323 970 viderat
1350 897 1518 970 Deum
1559 897 1704 948 omni
1725 895 1896 970 _cultu

240 966 500 1042 prosequi
523 966 764 1042 oportere
774 969 943 1042 duxit
961 986 974 1020 :
996 988 1022 1018 α
1045 966 1705 1042 Posthaac‘munitusspe‘
1725 966 1890 1032 bona,

247 1035 428 1113 quam
463 1042 520 1096 in
547 1041 648 1096 illo
678 1040 1072 1105 collocaverat,
1107 1037 1394 1113 tyrannici
1425 1035 1642 1113 furoris
1692 1037 1894 1113 incen-

246 1109 408 1195 dium
439 1113 810 1195 exstinguere
836 1113 1276 1195 aggressus‘est.
1305 1125 1331 1158 »
1362 1109 1638 1195 Sequitur
1655 1109 1898 1195 expedi-—

246 1187 328 1241 tio
359 1194 415 1240 et
453 1177 696 1239 victoria
721 1177 1304 1238 contra'Maxentium
1355 1177 1505 1235 anno
1531 1177 1656 1236 342.
1698 1180 1896 1248 Capite

246 1271 379 1312 vero
407 1254 478 1311 42
513 1255 764 1325 ejusdem
796 1253 966 1325 libri,
986 1253 1083 1308 ubi
1133 1256 1287 1323 gesta
1319 1253 1680 1325 sequentium
1709 1265 1897 1306 anno-

249 1342 373 1384 rum
408 1323 781 1395 prosequitur
806 1324 1109 1391 Eusebius,
1142 1328 1546 1379 commemorat
1574 1323 1893 1392 episcopos,

247 1400 510 1468 aliosque
528 1397 823 1452 ministros
845 1396 941 1450 Dei
968 1409 1002 1468 a
1023 1396 1400 1468 Constantino
1417 1395 1660 1450 accitos:
1687 1405 1899 1468 eosque

245 1485 356 1526 non
419 1465 584 1524 modo
633 1481 838 1523 mensae
890 1467 1203 1527 adhibitos,
1247 1467 1342 1522 sed
1407 1478 1750 1534 quocunque
1795 1465 1903 1518 iter

247 1541 457 1597 faceret
487 1554 677 1595 secum
711 1540 936 1608 ductos,
976 1545 1147 1608 atque
1206 1538 1355 1593 inter
1397 1551 1493 1591 eos
1553 1536 1611 1589 in
1666 1536 1900 1608 synodis

247 1613 577 1669 consedisse
596 1610 716 1682 (cap
746 1606 856 1682 44.)
902 1605 1130 1682 {idque
1173 1614 1474 1682 antequam
1547 1620 1650 1682 sua
1688 1605 1903 1662 decen-

249 1685 402 1739 nalia
438 1679 728 1749 perageret
756 1680 893 1750 (cap,
929 1679 1016 1741 48)
1048 1699 1060 1735 :
1097 1695 1224 1749 qua:
1269 1679 1536 1735 incidunt
1577 1679 1634 1732 in
1682 1690 1896 1733 annum

245 1755 463 1811 Christi
512 1751 636 1809 346.
684 1755 797 1807 Hoc
838 1759 1024 1808 autem
1072 1752 1346 1807 comitatu
1402 1751 1758 1806 sacerdotum
1795 1750 1895 1805 Dei

250 1841 348 1896 per
379 1827 663 1894 integrum
695 1825 1055 1896 decennium,
1097 1837 1162 1877 ex
1181 1822 1363 1896 prima
1387 1821 1488 1876 illa
1516 1821 1892 1896 apparitione,

2005 608 2261 676 credens,
2305 623 2659 678 quazcunque
2700 609 3037 665 buuanitus
3085 609 3447 677 peccavisset,
3477 623 3647 666 arca—

2006 691 2209 734 norum
2230 680 2528 736 verborum
2551 680 2818 745 efficacia,
2839 686 2892 734 et
2907 681 3148 735 salutari
3175 681 3396 735 lavacro
3415 682 3646 749 penitus

2004 763 2126 805 esse
2154 749 2413 816 delenda,
2443 766 2587 820 genu
2616 752 2758 806 ﬂexo
2799 751 2958 807 humi
2997 751 3391 819 procumbens.
3421 753 3643 807 veniam

2004 833 2036 876 a
2078 823 2191 877 Deo
2233 823 2475 891 supplex
2516 824 2794 892 poposcit,
2830 829 3055 891 peccata
3107 834 3212 877 sua
3260 822 3536 878 confitens
3584 825 3642 879 in

2006 893 2130 959 ipso
2163 895 2476 963 martyrio:
2514 908 2624 964 quo
2653 895 2710 948 in
2748 894 2871 950 loco
2904 907 3173 950 manuum
3219 893 3644 961 impositionem

2005 978 2131 1019 cum
2160 965 2400 1019 solemni
2439 966 2762 1032 precatione
2789 965 3034 1033 primum
3067 965 3275 1020 meruit
3305 964 3584 1033 accipere.
3615 983 3640 1015 υ

2073 1035 2186 1089 Hoc
2225 1037 2619 1092 testimonium
2655 1036 2902 1100 Eusebii,
2958 1036 3270 1104 opinantur
3321 1036 3645 1104 complures

2004 1111 2254 1162 evertere
2288 1108 2591 1163 historiam
2635 1107 2906 1176 baptismi
2950 1121 3048 1176 per
3075 1106 3412 1162 Silvestrum
3458 1109 3647 1162 Romae

2006 1177 2398 1234 administrati
2430 1179 2804 1234 Constantino
2858 1180 3136 1248 Augusto,
3176 1184 3232 1232 et
3273 1178 3648 1234 constabilire

2007 1248 2266 1304 creditur
2302 1251 2641 1305 sententiam
2685 1263 2878 1305 eorum
2923 1250 3022 1319 qui
3071 1249 3328 1318 persuasi
3377 1255 3532 1315 sunt,
3583 1264 3648 1306 ac

2010 1321 2232 1375 caeteris
2254 1322 2492 1376 suadere
2517 1322 2802 1390 nituntur,
2831 1325 2892 1375 ut
2911 1334 3102 1375 secum
3127 1325 3400 1376 tueantur
3427 1325 3647 1376 senten-

2015 1391 2152 1446 tiam
2197 1391 2468 1461 baptismi
2505 1393 2560 1447 in
2604 1392 2713 1446 ﬁne
2765 1393 2896 1446 vita:
2943 1391 3012 1446 ab
3057 1393 3248 1447 eodem
3309 1393 3650 1458 imperatore

2014 1463 2260 1536 suscepti
2293 1463 2666 1536 Nicomediae.
2691 1463 2986 1536 Siquidem
3002 1461 3138 1536 haec
3165 1463 3328 1518 addit
3362 1463 3673 1536 Eusebius,

2013 1531 2242 1589 laudato
2295 1534 2466 1590 loco:
2527 1555 2552 1585 «
2603 1535 2748 1589 Hinc
2774 1531 2872 1588 ‘ab
2928 1533 3260 1589 suburbana
3302 1534 3648 1591 Nicomediae

2007 1605 2325 1673 digressus,
2356 1606 2683 1661 convocatis
2725 1605 3033 1674 episcopis,
3087 1605 3173 1660 sic
3221 1605 3288 1660 ad
3331 1620 3428 1662 eos
3479 1605 3650 1661 verba

2009 1675 2162 1740 fecit,
2201 1695 2226 1726 »
2260 1683 2364 1732 etc.
2416 1677 2663 1746 Exponit
2705 1690 2767 1731 ea
2813 1691 2940 1746 quae
2990 1682 3121 1731 ante
3165 1678 3377 1744 protuli
3436 1677 3506 1732 de
3555 1679 3649 1744 pio

2007 1747 2296 1803 desiderio
2327 1749 2476 1818 quod
2534 1747 2849 1817 aliquando
2895 1748 3234 1809 nutriverat,
3293 1748 3644 1818 percipiendi

2007 1819 2371 1889 signaculum
2404 1819 2654 1874 salutare
2706 1822 2764 1873 in
2810 1819 3078 1874 Jordanis
3131 1819 3388 1876 ﬂumine.
3441 1820 3646 1875 Verum

251 1889 282 1952 a
309 1889 669 1952 Constantini
703 1895 877 1950 latere
910 1908 1019 1950 non
1044 1889 1373 1950 recedente.
1429 1889 1624 1948 eodem
1653 1893 1736 1947 uti
1784 1906 1890 1947 non
1927 1893 1976 1954 B
2003 1890 2116 1961 Deo
2145 1891 2503 1959 disponente,
2541 1890 2773 1956 ibidem,
2808 1890 2907 1946 ubi
2940 1896 3077 1946 tunc
3103 1889 3320 1961 agebat.
3346 1904 3546 1960 nempe
3587 1891 3646 1944 in

249 1969 476 2024 destitit
545 1968 870 2036 imperator,
925 1966 1096 2021 etiam
1144 1979 1212 2020 ex
1257 1965 1587 2036 testimonio
1632 1963 1889 2036 Eusebii,

2004 1960 2286 2016 suburbio
2324 1962 2668 2017 Nicomediae
2705 1962 2928 2015 solemni
2980 1963 3093 2015 ritu
3139 1960 3480 2017 caeremonias
3536 1977 3648 2016 esse

253 2053 434 2109 usque
479 2039 545 2109 ad
575 2032 676 2092 sua
701 2036 1200 2109 quindecennalia,
1236 2035 1646 2109 referenda_ad
1681 2048 1889 2109 annum
1997 2033 2548 2109 peragendasgquod
2571 2033 2806 2102 exsequi
2826 2032 3644 2109 nondistuleruntantistites.

247 2106 464 2165 Christi
485 2107 604 2164 324.
635 2110 691 2163 Si
719 2106 930 2164 bidem
967 2107 1267 2174 Eusebius,
1297 2109 1397 2176 qui
1429 2109 1485 2161 in
1509 2106 1791 2162 Chronico
1821 2106 1890 2162 ad

247 2195 459 2234 annum
505 2178 610 2234 320
649 2125 820 2234 regem
868 2180 1316 2234 persecutionem
1373 2177 1606 2234 Licinii.
1639 2178 1835 2234 eiectis
1861 2191 1890 2233 a

245 2195 459 2237 annum
505 2178 610 2235 320
649 2177 820 2234 refert
868 2180 1316 2247 persecutionem
1373 2177 1606 2238 Licinii,
1639 2178 1835 2246 ejectis
1861 2191 1893 2233 a

250 2253 464 2320 palatio
492 2252 864 2314 Christianis,
885 2251 942 2305 in
971 2251 1097 2304 Vita
1116 2248 1598 2305 Constantinilib.
1621 2247 1889 2318 tt,cap.3,

247 2325 445 2381 tradit.
502 2323 752 2391 ejusdem
795 2321 1213 2390 persecutionis
1243 2334 1412 2376 causa
1485 2327 1541 2375 et
1591 2321 1659 2376 ad
1703 2321 1893 2389 repri-

248 2396 507 2450 mendam
558 2394 701 2448 hanc
739 2393 1164 2462 Oppressionem
1219 2392 1576 2461 tyrannicam
1621 2391 1894 2446 adversus

249 2466 442 2520 fideles
475 2466 799 2530 excitatam,
847 2468 1172 2530 susceptum
1206 2463 1410 2529 fuisse,
1433 2477 1464 2517 a
1514 2463 1608 2532 pio
1635 2462 1895 2531 principe

247 2536 622 2592 Constantino
656 2534 864 2590 bellum
893 2540 1089 2590 contra
1121 2535 1424 2590 Licinium.
1457 2534 1891 2602 Expeditionem

249 2605 422 2663 refert
458 2608 740 2675 auspiciis
763 2607 977 2662 talibus
1009 2603 1550 2675 inchoatumcap.4:
1583 2626 1608 2657 α
1641 2605 1897 2673 Cumque

249 2678 706 2744 precationibus.
741 2679 792 2733 si
826 2692 1078 2749 unquam
1121 2685 1309 2747 antea,
1335 2691 1457 2732 sese
1488 2683 1626 2732 tunc
1655 2678 1897 2749 maxime

250 2749 515 2817 indigere
557 2749 925 2811 intelligeret.
968 2749 1290 2804 sacerdotes
1318 2750 1418 2804 Dei
1453 2762 1642 2804 secum
1676 2748 1848 2803 duxit
1878 2765 1891 2802 :

247 2835 347 2876 eos
389 2820 542 2875 velut
605 2821 852 2889 optimos
891 2822 1097 2876 anima:
1141 2821 1408 2876 custodes
1459 2821 1655 2875 adesse
1681 2832 1891 2884 coram,

247 2898 303 2947 et
320 2905 507 2946 secum
539 2892 751 2946 versari
778 2891 982 2947 debere
1001 2892 1361 2946 existimans.
1393 2911 1418 2940 ιο
1446 2891 1686 2946 Lubente
1719 2891 1900 2958 igitur

248 2963 357 3016 hoc
387 2964 634 3018 secundo
669 2963 1089 3032 quinquennio,
1115 2976 1228 3032 quo
1269 2976 1299 3018 a
1341 2963 1513 3018 bellis
1563 2961 1898 3032 plerumque

250 3033 400 3088 liber
453 3033 751 3089 ordinabat
792 3033 1117 3102 provincias
1173 3034 1574 3098 occidentales,
1602 3047 1632 3087 a
1674 3033 1898 3087 Licinio

253 3109 508 3172 receptas
551 3113 676 3174 post
725 3106 971 3174 priorem
1028 3105 1327 3160 victoriam
1386 3107 1442 3160 in
1486 3103 1898 3160 decennalibus

253 3182 615 3247 reportatum,
664 3191 789 3232 cum
836 3178 979 3233 satis
1030 3177 1350 3247 instructus
1407 3183 1555 3230 esset
1604 3175 1896 3247 mysteriis

2006 2125 2032 2155 α
2066 2104 2271 2162 Divino
2302 2105 2453 2159 enim
2502 2105 2750 2175 donatus
2791 2103 3089 2175 signaculo
3143 2105 3274 2173 pius
3328 2105 3593 2173 princeps
3628 2122 3643 2159 :

2002 2176 2130 2235 Θείας
2171 2177 2435 2246 σφραγῖδος
2493 2173 2763 2245 ἁξιόμενος,
2817 2173 3083 2231 candidis
3129 2189 3193 2230 ac
3242 2176 3421 2246 regiis
3463 2176 3648 2231 vesti-

2002 2246 2111 2301 bus
2152 2246 2300 2301 lucis
2333 2247 2515 2302 instar
2553 2246 2918 2302 radiantibus
2946 2253 3032 2301 est
3059 2247 3326 2315 amictus,
3353 2254 3409 2302 et
3438 2247 3648 2303 candi—

2003 2318 2247 2373 dissimo
2291 2318 2347 2372 in
2377 2317 2522 2373 lecto
2548 2317 2834 2385 recubuit,
2861 2331 2962 2373 nec
2983 2333 3292 2388 purpuram
3315 2319 3647 2388 contingere

2004 2389 2256 2451 amplius
2286 2389 2518 2444 voluit»
2555 2403 2652 2458 per
2675 2402 2884 2460 paucos
2912 2389 3037 2445 dies
3064 2389 3278 2459 quibus
3301 2390 3642 2458 supervixit,

2005 2474 2189 2532 usque
2228 2461 2306 2532 ad,
2342 2461 2700 2518 Dominicam
2756 2462 3131 2531 Pentecostes,
3167 2475 3278 2532 qua
3319 2461 3538 2530 placide
3585 2461 3646 2516 in

2003 2531 2233 2587 Christo
2260 2531 2424 2587 obiii.

2076 2603 2218 2657 Mihi
2251 2608 2437 2658 tamen
2469 2602 2587 2658 11th
2613 2604 2942 2659 testimonia
2973 2602 3205 2659 Eusebii
3244 2607 3457 2659 attente
3514 2616 3648 2672 per-
3685 2664 3692 2668 _

2009 2673 2295 2743 pendenti,
2321 2674 2486 2745 longe
2505 2675 2731 2731 diversa
2752 2675 2822 2730 ab
2847 2689 3042 2730 eorum
3065 2675 3338 2745 opinione
3363 2673 3648 2730 sententia

2009 2745 2267 2799 inhmret.
2327 2744 2521 2815 Neque
2571 2747 2720 2800 enim
2753 2746 3052 2817 Eusebius
3092 2744 3366 2817 refragari
3424 2746 3654 2800 videtur

2007 2816 2344 2871 Nestoriano
2382 2822 2438 2870 et
2481 2817 2716 2883 Malalze,
2751 2816 3099 2883 baptismum
3157 2816 3344 2871 Romae
3391 2816 3652 2871 admini-

2009 2892 2251 2942 stratum
2297 2888 2592 2956 perspicue
2619 2887 2990 2941 narrantibus
3019 2904 3033 2947 ς
3068 2899 3250 2956 neque
3275 2887 3344 2942 de
3369 2886 3653 2956 baptismo

2010 2958 2107 3012 hic
2139 2957 2318 3027 loqui,
2353 2958 2446 3012 sed
2501 2959 2571 3014 de
2623 2957 2849 3014 duobus
2887 2957 3154 3012 Ecclesia:
3195 2959 3567 3014 sacramentis
3619 2971 3653 3013 a

2010 3028 2280 3096 baptismi
2313 3028 2539 3084 lavacro
2588 3029 2855 3095 diversis,
2888 3028 3024 3084 licet
3049 3042 3226 3083 unum
3261 3029 3498 3084 istorum
3543 3042 3654 3097 ap-

2011 3099 2255 3168 pelletur
2286 3098 2557 3169 perfectio
2585 3099 2880 3166 baptismi,
2934 3112 3132 3168 nempe
3161 3101 3514 3168 conﬁrmatio,
3558 3099 3654 3154 al-

2011 3178 2194 3226 terum
2225 3185 2377 3239 vero,
2406 3171 2693 3226 secundus
2721 3171 2952 3240 quidam
3013 3170 3360 3238 baptismus,
3403 3170 3489 3226 vel
3552 3185 3652 3226 se-

254 3233 465 3318 nostrze
496 3233 797 3315 religionis
829 3263 926 3318 per
955 3248 1185 3318 divinas
1227 3246 1612 3318 Scripturasa
1641 3233 1699 3300 se
1731 3246 1896 3318 avide
1928 3233 1975 3296 Ο
2009 3243 2210 3318 cundte
2253 3243 2319 3318 ad
2367 3233 2715 3318 evadendum
2739 3233 2787 3297 ’θ
2817 3233 3119 3318 naufragio
3172 3241 3402 3318 tabulae,
3452 3255 3650 3318 nempe

247 3317 445 3378 lectas,
479 3316 960 3386 easdemquesibi
987 3316 1302 3383 explicatas
1350 3317 1613 3386 quotidie
1642 3330 1739 3384 per
1781 3317 1898 3371 mi-

249 3388 468 3441 nistros
493 3387 615 3448 Dei,
649 3385 942 3440 adhibitos
969 3401 996 3438 a
1025 3400 1084 3439 se
1123 3385 1531 3442 commensales
1561 3394 1613 3441 et.
1635 3400 1898 3442 assesso-

250 3471 370 3512 res:
395 3455 1186 3526 quiscredataprincipeillo,
1219 3459 1316 3526 qui
1347 3458 1463 3528 jam
1485 3457 1899 3513 deliberaverat

248 3531 398 3583 omni
421 3529 572 3580 cultu
603 3531 777 3599 Deum,
792 3529 1049 3599 prosequi
1073 3534 1316 3596 oportere
1343 3529 1358 3599 (
1369 3534 1428 3584 ut
1473 3529 1558 3584 ait
1597 3528 1899 3597 Eusebius)

249 3613 417 3670 quem
450 3600 599 3653 Deus
624 3599 745 3667 ipse
770 3597 1098 3653 hominibus
1125 3597 1431 3658 mandavit.
1456 3607 1510 3655 et
1541 3601 1898 3656 intellexerat

251 3683 353 3737 per
401 3669 739 3724 decennium
772 3683 803 3724 a
857 3671 1037 3724 servis
1068 3683 1132 3722 ac
1173 3671 1460 3726 ministris
1489 3673 1608 3735 Dei,
1644 3673 1896 3740 primum

253 3741 429 3802 hunc,
459 3747 513 3794 et
546 3741 927 3796 necessarium
973 3741 1039 3794 ad
1075 3746 1341 3796 aeternam
1383 3743 1624 3797 salutem
1656 3757 1799 3806 esse,
1834 3749 1898 3799 ut

255 3812 538 3881 baptismo
571 3812 627 3866 in
659 3819 837 3885 morte
862 3811 1078 3867 Christi
1128 3812 1532 3867 administrato
1564 3815 1672 3869 rite
1699 3815 1896 3885 tinga-

255 3897 405 3941 mur.
439 3888 493 3938 et
517 3897 580 3937 ex
620 3883 876 3938 inimicis
895 3885 992 3938 Dei
1021 3885 1327 3939 reddamur
1359 3884 1464 3938 ﬁlii
1494 3883 1897 3954 ad0ptioniset

252 3954 577 4010 cohzrredes
618 3955 880 4026 ‘Christi,
935 3955 1068 4024 quis
1125 3953 1403 4026 (inquam)
1476 3953 1668 4011 credat
1732 3957 1892 4012 aliud

259 4035 547 4093 peractum
609 4023 789 4080 fuisse
819 4040 848 4080 a
883 4023 976 4094 pio
1006 4023 1264 4095 principe
1297 4041 1462 4092 quam
1514 4027 1656 4082 illud
1708 4029 1895 4097 ipsum

258 4097 406 4170 quod
435 4109 465 4150 a
498 4098 837 4170 Nestoriano
888 4105 1111 4170 vetusto
1155 4104 1207 4152 et
1275 4097 1492 4153 illustri
1552 4098 1902 4170 chronologo

255 4167 536 4238 scriptum
595 4169 764 4222 refert
809 4167 1030 4234 Malala,
1094 4182 1292 4234 nempe
1343 4175 1664 4238 perceptum
1725 4167 1905 4226 fuisse

257 4237 629 4305 baptismum,
678 4239 1118 4295 administrante
1165 4239 1438 4294 Silvestro
1495 4237 1654 4308 papa.
1702 4246 1821 4296 tum
1871 4255 1902 4295 a

253 4307 630 4364 Constantino
663 4310 936 4380 Augusto.
970 4316 1090 4366 tum
1123 4325 1151 4366 a
1181 4318 1355 4365 matre
1385 4307 1608 4374 Helena,
1651 4318 1706 4366 et
1769 4327 1902 4380 pro-

259 4380 512 4448 pinquis,
535 4395 601 4436 ac
630 4381 966 4436 domesticis
990 4389 1043 4436 ei
1070 4383 1317 4436 amicis?
1340 4382 1730 4450 Consequitur
1747 4385 1898 4438 enim

256 4450 707 4524 alterum,_quod
738 4452 807 4505 ab
834 4454 1023 4524 eodem
1059 4454 1337 4508 historico
1361 4454 1631 4524 traditur.
1667 4460 1721 4509 et
1747 4457 1897 4524 quod

259 4522 507 4595 parietes
535 4522 642 4590 ipsi
673 4523 1065 4591 comprobant,
1099 4532 1315 4579 erectas
1349 4523 1528 4578 fuisse
1556 4522 1777 4595 ubique
1795 4526 1902 4581 ba—

254 4593 458 4647 silicas
487 4594 542 4647 in
586 4595 892 4663 praecipuis
920 4595 1150 4662 imperii
1193 4595 1549 4652 civitatibus.
1584 4593 1896 4664 praesertim

258 4664 470 4737 Romae1
504 4665 878 4737 proximoque
907 4667 1038 4721 Urbi
1073 4674 1282 4730 tractu,
1317 4674 1372 4721 et
1407 4669 1462 4722 in
1495 4668 1678 4737 Syria.
1718 4667 1900 4735 Opta-

257 4739 415 4788 verat
441 4735 855 4791 Consiantinus
901 4737 1169 4806 baptismi
1207 4735 1622 4794 sacramentum
1656 4739 1898 4794 solemni

259 4806 375 4860 ritu
413 4807 705 4879 percipere
732 4808 1068 4863 inJordanis
1097 4810 1353 4870 ﬂumine,
1379 4823 1544 4879 quem
1570 4811 1753 4864 locum
1788 4810 1904 4864 Sal-

257 4882 420 4932 vator
442 4885 631 4932 noster
660 4877 900 4947 elegerat
927 4880 993 4935 ad
1023 4880 1340 4948 exemplum
1376 4877 1542 4936 nobis
1564 4882 1900 4936 tradendum

256 4954 313 5003 et
341 4948 655 5016 symbolum
693 4950 1060 5006 indicandum
1094 4951 1337 5007 alterius
1374 4966 1404 5006 a
1435 4965 1494 5006 se
1533 4952 1898 5018 instituendi,

259 5019 538 5092 quanan
569 5021 781 5074 Joanne
827 5035 1176 5088 praecursore
1220 5024 1364 5092 tingi
1393 5023 1603 5089 voluit;
1627 5029 1686 5076 ut
1706 5026 1904 5078 sancti-

252 5091 802 5165 ﬁc/tret_bnptismum
839 5095 1086 5165 Joannis,
1130 5091 1386 5150 tradente
1408 5094 1463 5150 S.
1513 5093 1812 5151 Ambrosio
1842 5095 1899 5150 in

257 5161 420 5215 Lucte
451 5162 654 5230 Evang.
683 5176 802 5230 cap.
839 5177 879 5218 ι.

331 5231 512 5300 Hujus
549 5233 826 5288 desiderii
862 5247 890 5289 a
947 5248 1006 5289 se
1044 5241 1207 5291 antea
1254 5237 1460 5292 nutriti
1504 5237 1898 5292 testimonium

260 5303 837 5372 protulitimperator
879 5306 1048 5361 morti
1085 5307 1380 5375 proximus
1419 5309 1476 5363 in
1504 5323 1567 5364 ea
1621 5309 1900 5364 concione

258 5387 427 5446 quam
458 5375 657 5431 habuit
677 5377 746 5432 ad
768 5377 1067 5446 t-‘piSCOpOS
1087 5391 1118 5433 a
1141 5393 1199 5433 se
1217 5386 1574 5446 convocatos,
1596 5381 1678 5435 uti
1705 5385 1900 5434 narrat

259 5444 558 5511 Eusebius,
596 5447 694 5502 lib.
734 5444 1152 5519 tv.cap.‘62,de
1185 5450 1309 5505 Vita
1333 5444 1624 5506 Constant.
1647 5451 1902 5519 Contigit

254 5523 448 5591 autem
471 5519 671 5591 concio
711 5518 812 5574 illa
850 5533 1000 5577 anno
1045 5521 1300 5591 vulgaris
1350 5537 1474 5577 aera:
1525 5519 1631 5578 338
1673 5523 1901 5590 quando

259 5585 488 5668 Pascha:
518 5589 895 5668 “solemnitate
964 5585 1723 5668 peractaConstantinopoli
1770 5608 1897 5668 cum

257 5658 487 5735 caeteris
515 5658 937 5735 ﬁdelibustcap.
965 5658 1052 5734 60)
1085 5663 1371 5733 profectus
1400 5658 1811 5735 Helenopolim,
1840 5666 1900 5721 in

262 5729 1044 5819 bithyniazcmpita‘grotare
1075 5729 1099 5790 ;“
1128 5755 1150 5785 α
1188 5736 1467 5819 Ibiqueﬂin
1502 5729 1712 5819 templo
1745 5729 1899 5792 mar-

261 5806 467 5882 tyrum‘
495 5803 600 5882 diu
645 5803 1050 5882 commoratus,
1111 5803 1567 5882 supplicationes
1604 5803 1900 5882 et__preces

261 5870 472 5948 obtulit
506 5873 640 5927 Deo.
671 5879 928 5945 tumque
958 5870 1270 5930 extremum
1298 5877 1435 5948 vitae
1465 5879 1615 5934 diem
1649 5880 1758 5935 sibi
1782 5881 1894 5948 jam

265 5941 564 5998 imminere
599 5941 858 6014 sentiret,
905 5954 1130 6014 tempus
1179 5947 1401 6003 tandem
1441 5950 1638 6008 adesse
1685 5941 1898 6008 existi-

1928 4635 1979 4694 D

2005 3316 2322 3382 paenitentia
2346 3335 2361 3368 :
2387 3314 2502 3369 duo
2530 3313 2647 3369 haec
2679 3321 3027 3368 sacramenta
3058 3312 3342 3381 baptismo
3376 3314 3491 3382 jam
3529 3314 3654 3368 ini-

2009 3385 2172 3441 tiatis
2202 3385 2596 3456 congruentia,
2647 3397 2846 3453 nempe
2875 3391 3272 3439 sacramentum
3295 3387 3652 3452 conﬁrmatio.

2007 3459 2114 3521 nis,
2151 3461 2200 3510 et
2237 3461 2634 3511 sacramentum
2678 3458 3028 3524 pwnitentiac,
3076 3457 3126 3510 si
3178 3460 3326 3511 recte
3357 3456 3641 3524 percipio.

2012 3528 2268 3583 indicare
2294 3528 2520 3582 videtur
2553 3527 2832 3583 Eusebius
2872 3528 2928 3582 in
2983 3526 3178 3582 allatis
3208 3526 3398 3582 verbis
3437 3546 3450 3582 :
3506 3527 3648 3596 quin

2009 3601 2179 3653 etiam
2208 3599 2435 3654 videtur
2455 3599 2866 3654 Constantinus
2911 3599 3035 3666 ipse
3087 3598 3144 3653 in
3204 3611 3267 3654 ea
3299 3598 3650 3655 allocutione

2008 3671 2292 3738 episcOpis
2316 3670 2568 3725 indicare
2596 3684 2824 3725 causam
2847 3669 3040 3725 dilatae
3067 3670 3455 3735 susceptionis
3483 3683 3651 3724 saca-

2010 3742 2184 3795 menti
2207 3741 2662 3796 confirmationis
2682 3743 2750 3796 ad
2779 3754 2899 3795 eam
2921 3742 3094 3802 diem,
3124 3755 3360 3810 eamque
3384 3741 3656 3809 qundam-

2011 3813 2176 3867 modo
2227 3825 2500 3867 excusare
2541 3813 2898 3879 dilationem,
2959 3818 3154 3878 utpote
3199 3811 3531 3867 rationabili
3579 3825 3649 3866 ex

2010 3896 2182 3938 causa
2205 3883 2529 3951 profectam.
2553 3885 2778 3953 quando
2797 3884 3508 3953 significavitdesiderium
3533 3882 3649 3938 sibi

2012 3953 2193 4009 fuisse
2223 3955 2522 4010 subortum
2553 3969 2584 4010 a
2610 3957 2789 4019 prima
2813 3956 3187 4011 conversione
3233 3956 3300 4010 ad
3332 3956 3371 4010 C
3418 3955 3646 4017 ristum,

2014 4026 2370 4093 suscipiendi
2407 4027 2856 4096 regenerationis
2893 4027 3101 4082 lavacri
3160 4027 3216 4082 in
3245 4040 3310 4081 eo
3356 4025 3499 4086 loco.
3552 4025 3649 4081 ubi

2011 4097 2278 4152 Christus
2305 4098 2580 4152 Dominus
2604 4099 2882 4167 exemplo,
2908 4112 2974 4153 ac
2993 4099 3205 4154 virtute
3253 4111 3354 4152 sua
3386 4097 3652 4152 sanctiﬁ-

2013 4174 2234 4224 caverat
2266 4169 2475 4223 fluenta
2507 4169 2787 4224 Jordanis.
2824 4169 3172 4239 Religiosum
3209 4169 3520 4238 principem
3557 4169 3651 4236 pia

2015 4240 2260 4306 corripit
2289 4239 2512 4294 atl‘ectio
2539 4241 2895 4310 suscipiendi
2932 4247 3345 4296 sacramentum
3377 4240 3647 4308 baptismi

2017 4311 2074 4365 in
2105 4312 2366 4374 Jordane,
2400 4311 2594 4366 statim.
2619 4325 2683 4367 ac
2712 4326 2742 4366 a
2769 4312 3052 4382 Sylvestro
3103 4313 3350 4382 aliisque
3380 4312 3650 4367 sacerdo-

2014 4381 2168 4436 tibus
2194 4383 2418 4437 audivit
2443 4395 2510 4437 ex
2545 4381 2873 4452 EvangeliCa
2899 4384 3162 4446 historia,
3199 4381 3278 4438 ibi
3320 4397 3506 4439 vocem
3538 4384 3650 4437 Pa-

2014 4452 2118 4506 tris
2135 4454 2389 4508 auditam
2423 4454 2870 4522 promulgantem
2904 4455 3112 4510 Filium
3131 4456 3404 4510 dilevtum
3441 4454 3643 4522 Patris,

2016 4537 2118 4596 per
2137 4537 2304 4596 quem
2340 4538 2441 4579 nos
2465 4527 2824 4592 ad0ptamur,
2856 4525 2935 4580 ibi
2964 4527 3226 4582 divinum
3256 4525 3534 4596 Spiritum
3567 4526 3649 4580 vi-

2011 4593 2170 4650 sibili
2207 4596 2396 4664 specie
2426 4609 2595 4656 super
2627 4597 2811 4664 ipsum
2851 4599 3222 4666 apparuissee
3266 4593 3324 4652 in
3382 4604 3511 4666 typo
3543 4611 3650 4652 co-

2013 4665 2236 4721 lumbte.
2269 4667 2326 4720 in
2362 4680 2474 4736 quo
2505 4681 2692 4721 secum
2729 4665 3042 4724 clamamus
3075 4687 3088 4724 :
3141 4669 3290 4724 Abba
3328 4665 3506 4724 Pater.
3534 4668 3648 4723 Ve-

2012 4750 2136 4792 rum
2171 4751 2281 4809 non
2313 4737 2561 4792 defuerit
2581 4737 2850 4809 Silvester
2871 4738 3056 4795 oﬁicio
3081 4740 3434 4809 providentis
3459 4745 3646 4808 pasto-

2012 4809 2112 4870 ris,
2163 4807 2541 4880 declarando,’
2570 4808 2792 4880 scilicet
2833 4810 2982 4866 ﬁdeli
3032 4807 3426 4880 Constantino,
3460 4807 3647 4879 posse

2013 4879 2214 4948 utique
2261 4879 2579 4954 devotionis
2628 4879 2855 4954 affectui
2899 4882 3215 4954 indulgere.
3272 4883 3369 4938 ubi
3436 4882 3647 4939 salutis

2013 4958 2234 5006 asternae
2267 4950 2583 5019 periculum
2626 4965 2737 5005 non
2773 4950 3172 5009 immineat'ex
3198 4955 3495 5010 dilatione.
3519 4953 3642 5009 Non

2014 5036 2176 5095 posse
2208 5021 2776 5095 autem.‘necdebere
2817 5022 3036 5078 differri
3070 5039 3132 5080 ea
3185 5041 3310 5095 qua:
3367 5032 3644 5095 praecepto

2012 5093 2311 5149 Dominico
2331 5092 2615 5147 declarata
2642 5099 2779 5148 sunt
2819 5095 2886 5148 ad
2921 5092 3378 5162 consequendam
3403 5092 3646 5154 salutem

2014 5165 2350 5219 necessaria.
2383 5163 2709 5220 Ostenderit
2733 5165 3002 5220 Silvester
3030 5167 3295 5234 principi,
3329 5183 3646 5225 sacramen-

2012 5243 2131 5292 tum
2161 5236 2430 5300 baptismi
2458 5236 2526 5290 ad
2564 5237 2804 5291 salutem
2837 5238 3218 5292 necessarium
3242 5239 3493 5296 sollicite
3517 5253 3649 5296 con-

2009 5308 2352 5378 quirendum
2384 5321 2525 5371 esse,
2583 5307 2682 5362 ubi
2730 5321 2978 5378 congrua
3031 5308 3344 5364 catechesis
3387 5314 3644 5368 animum

2010 5377 2191 5434 adulti
2209 5378 2582 5447 suscipientis
2607 5379 2714 5434 inst
2727 5377 3025 5435 ruxéritad
3053 5377 3197 5433 illud
3224 5379 3313 5446 pie
3339 5384 3650 5448 percipien-

2009 5450 2168 5510 dum.
2201 5449 2459 5517 exemplo
2501 5450 2751 5519 Philippi
2800 5449 3029 5505 diaconi
3080 5451 3134 5504 in
3163 5449 3253 5504 via
3301 5449 3648 5516 baptizantis

2011 5521 2339 5592 eunuchum
2365 5520 2642 5576 Candacis
2667 5522 2897 5592 reginae,
2921 5527 2977 5576 et
2998 5520 3146 5576 Petri
3169 5520 3413 5592 apostoli
3442 5536 3644 5591 aquam

2017 5592 2176 5648 illico
2205 5591 2394 5646 afferri
2428 5590 2834 5662 praecipientis,
2875 5606 3054 5662 eaque
3099 5590 3401 5648 confestim
3456 5590 3652 5659 bapti-

2013 5663 2197 5720 zantis
2215 5663 2563 5728 Cornelium,
2597 5679 2663 5719 ac
2687 5664 2894 5730 socios,
2929 5664 3008 5719 ita
3034 5664 3330 5719 credentes
3378 5665 3436 5719 in
3477 5662 3654 5718 Chri-

2013 5745 2185 5796 stum,
2222 5741 2285 5790 ut
2308 5734 2528 5806 linguis
2553 5735 2945 5806 loquerentur.
2978 5734 3326 5803 Ostenderit,
3357 5733 3646 5806 piaculum

2011 5806 2129 5862 fore
2151 5805 2406 5874 periculo
2436 5805 2682 5874 plenum,
2714 5807 2763 5862 si
2795 5806 3030 5863 obtentu
3061 5807 3337 5863 salutaris
3361 5805 3572 5864 lavacri
3597 5807 3676 5863 in-

2009 5891 2072 5932 eo
2104 5878 2339 5948 flumine
2373 5878 2744 5946 percipiendi.
2785 5878 2842 5932 in
2884 5891 2997 5948 quo
3031 5880 3301 5934 memoria
3357 5886 3645 5948 gestorum

2005 5947 2219 6002 Christi
2242 5949 2502 6017 pietatem
2536 5960 2722 6019 posset
2745 5947 3061 6022 intendere,
3089 5947 3422 6007 ditferretur
3449 5952 3648 6022 gratia:
