4072 6176
399 330 537 394 4583

1616 330 1981 421 ΑΡΙΔΞΤΑΒΙΙ
2017 331 2579 392 BIBLIOTHECARII.

3662 322 3800 384 1534

403 452 1008 528 divintepercepi_io,et
1029 454 1262 528 animus
1282 454 1471 510 adhuc
1492 454 1845 528 sordesceret
1865 454 2057 523 culpis
2082 470 2129 528 Α
2166 458 2301 526 rias,
2336 458 2657 527 promptius
2701 455 2934 528 erectis
2965 454 3023 510 in
3059 451 3291 510 sedibus
3341 450 3671 528 collocaret.
3717 447 3801 528 Ab

410 527 719 584 obnoxius.
747 526 975 581 Diﬂ‘erri
1009 526 1240 595 quidem
1274 540 1437 595 posse
1462 528 1529 581 ad
1562 539 1687 580 eum
1719 526 1902 580 locum
1934 540 2047 580 sus-

406 599 720 668 ceptionem
770 598 1015 669 alterius
1057 597 1344 667 signaculi
1374 598 1444 669 (si
1476 597 1552 652 ita
1586 596 1894 665 videretur)
1941 609 2056 667 quo

408 667 685 741 ungimur
707 668 935 741 athletae
955 667 1171 741 Christi
1203 681 1301 738 per
1329 667 1727 741 sacramentum
1764 672 2057 741 conﬁrma-

406 739 593 797 tionis.
625 740 685 794 Si
717 740 982 808 princeps
1005 740 1167 797 velit,
1211 753 1339 794 cum
1392 753 1489 808 spe
1530 739 1818 794 uberioris
1858 739 2056 809 gratiae

407 827 474 869 ex
505 825 570 868 ea
606 810 994 878 dispositione
1031 809 1397 878 impetrandae
1444 824 1541 880 per
1597 809 1701 865 hoc
1741 811 2053 865 secundum

406 882 754 952 Christianae
776 880 1156 950 professionis
1184 890 1621 948 sacramentum,
1652 894 1763 952 quo
1788 882 1843 936 in
1872 882 2057 952 gratia

405 956 521 1024 jam
571 966 671 1022 per
698 951 1045 1024 baptismum
1092 959 1355 1023 suscepta
1403 951 1758 1024 roboramur,
1822 951 2055 1007 et’dona

408 1022 597 1081 divini
626 1023 883 1093 Spiritus
906 1028 963 1077 et
988 1024 1225 1078 virtutis
1264 1022 1621 1093 Septiformis
1644 1024 2011 1092 assequimur
2038 1041 2053 1089 ;

410 1110 471 1151 se
500 1108 610 1150 non
645 1092 922 1166 refragari
953 1094 1060 1162 piae
1106 1092 1387 1149 voluntati
1436 1095 1705 1166 Augusti,
1738 1094 1835 1149 ubi
1883 1094 2055 1149 semel

414 1168 473 1222 in
496 1172 621 1222 tuto
652 1165 911 1235 posuerit
938 1179 1126 1219 rerum
1156 1179 1433 1220 summam
1464 1165 1562 1235 per
1596 1166 2056 1221 consecutionem

414 1237 839 1309 primtegratiaa
866 1235 1165 1309 baptismi.
1197 1238 1336 1309 Nam
1377 1245 1433 1291 et
1474 1237 1731 1309 exempla
1758 1244 2058 1309 suppetere

410 1306 802 1378 apostolorum
828 1306 1218 1379 ablegantium
1242 1308 1544 1378 episcopos
1584 1308 1653 1379 ad
1688 1308 2057 1379 signaculum

413 1377 874 1436 cenﬂrmationis
920 1378 997 1432 iis
1043 1377 1452 1433 conferendum
1503 1378 1601 1447 qui
1644 1377 1827 1433 eﬁ'ecti
1867 1377 2064 1433 essent

412 1451 604 1507 multo
626 1457 758 1505 ante
790 1462 887 1518 per
926 1448 1275 1518 baptismum
1307 1449 1626 1504 Christiani
1670 1467 1684 1519 ;
1712 1457 1767 1503 et
1803 1463 1905 1518 pro
1931 1450 2064 1517 epi—

415 1522 575 1591 scopi
608 1520 993 1591 providentia,
1030 1533 1137 1575 non
1167 1533 1390 1590 semper
1433 1520 1654 1575 adultis
1684 1520 1845 1575 illico
1871 1521 2064 1575 admi—

415 1593 654 1649 nistrari
690 1592 1026 1646 chrismatis
1056 1599 1472 1647 sacramentum
1495 1591 1764 1647 elavacro
1790 1591 2063 1660 baptismi

418 1662 860 1736 prodeuntibus,
890 1662 985 1717 sed
1027 1663 1280 1736 spatium
1313 1676 1426 1719 non
1466 1662 1913 1736 semelgconcedi
1955 1676 2068 1718 au-

416 1734 609 1807 genda:
645 1738 920 1803 perceptaa
953 1734 1152 1803 gratiae
1190 1748 1285 1807 per
1303 1734 1579 1807 exercitia
1606 1734 1910 1807 virtutum,
1956 1745 2068 1804 quo

2162 519 2376 584 Arianb
2400 519 2754 599 nequaquam
2784 526 3138 599 baptizatum
3164 540 3231 581 ex
3248 522 3702 599 auctoritatibus
3715 519 3802 599 Διιι-

2167 600 2301 656 latis
2328 593 2582 670 probavi.
2604 593 2732 654 'Sed
2761 593 2946 667 neq—ue
2991 598 3103 652 alia
3136 602 3483 670 sacramenta
3515 593 3587 648 ab
3636 594 3805 670 Aria-

2166 673 2259 727 nis
2304 667 2624 741 percepisse
2675 670 3121 741 Constantinum
3172 667 3459 741 quispiam
3503 669 3804 741 memorat,

2167 744 2283 797 nisi
2304 734 2515 797 'vitios'a
2567 741 2663 797 illa
2704 741 3036 796 testimonia
3074 739 3144 794 ab
3190 734 3426 794 Arianis
3451 750 3518 791 ex
3556 734 3808 790 Eusebio

2164 816 2328 870 detor
2355 827 2387 868 a
2420 814 2478 868 in
2508 814 2750 883 gratiam
2778 812 3100 883 Constantii
3123 812 3249 878 ejus
3278 809 3406 876 ﬁlii,
3439 814 3501 862 ut
3527 821 3702 883 supra
3730 807 3812 883 in-

2164 885 2372 947 dicavi,
2406 892 2460 939 et
2488 877 2617 940 c'um
2648 884 2802 940 notis
2835 882 3037 938 Labbei
3084 877 3221 937 huic
3267 893 3505 935 numero
3549 877 3811 943 insertis,

2160 960 2275 1028 jam
2303 956 2523 1011 dictum
2551 953 2686 1011 fuit.
2718 953 3375 1028 Antegconﬁrmationem
3413 958 3623 1015 tamen,
3686 960 3810 1028 Cani

2166 1019 2401 1084 adultus
2428 1033 2597 1095 esset,
2623 1026 2957 1098 purgandus
2972 1031 3090 1098 erat
3111 1023 3227 1078 alio
3252 1028 3631 1098 sacramento,
3663 1019 3809 1089 quod

2167 1099 2555 1167 metaphorice
2588 1093 2894 1151 lauacrum
2934 1097 3165 1150 alterum
3211 1093 3593 1167 appellamus,
3621 1103 3813 1158 nempe

2168 1164 2523 1227 sacra—mento
2548 1170 2902 1239 ptrnitcntiw,
2949 1167 3084 1234 imo,
3124 1173 3179 1221 et
3202 1179 3233 1239 a
3263 1165 3320 1219 S.
3351 1164 3683 1239 Augustino
3713 1177 3816 1239 ap—

2172 1243 2417 1312 pellatur
2444 1234 2719 1312 la'cacru-m
2735 1237 3222 1312 qu_o_tidianum_.__ad
3233 1242 3462 1292 notante
3480 1234 3707 1312 biorino
3733 1234 3800 1287 de

2168 1306 2375 1369 Pmnit.
2410 1311 2513 1384 lib.
2545 1326 2598 1375 v,
2630 1306 2761 1384 cap;
2788 1308 2878 1384 3i,
2912 1322 3070 1384 num:
3103 1306 3169 1363 45
3193 1315 3249 1362 et
3278 1321 3435 1384 seqq.
3482 1306 3596 1359 Hoc
3626 1312 3815 1384 autem

2170 1387 2283 1441 rite
2323 1375 2909 1453 praemissum't'uisse
2955 1394 2987 1435 a
3034 1375 3412 1453 Constantino
3459 1375 3816 1453 susceptioni

2173 1444 2615 1523 confirmationis,
2638 1454 2717 1508 ita
2733 1452 3032 1522 perspicue
3051 1449 3344 1523 declarant
3368 1446 3599 1523 Eusebii
3628 1444 3816 1505 verba,

2178 1533 2238 1581 ut
2271 1519 2466 1581 nullus
2497 1519 2751 1592 supersit
2785 1519 3113 1592 ambigendi
3163 1520 3322 1576 lorus
3364 1519 3559 1574 eadem
3607 1522 3819 1571 attente

2176 1596 2697 1654 considerantibus.
2744 1593 2893 1661 Quid
2935 1595 3088 1648 enim
3137 1600 3425 1669 peractum
3466 1595 3745 1669 memorat
3790 1599 3818 1639 a

2175 1669 2576 1735 Constantino,
2606 1688 2630 1717 α
2675 1659 2803 1722 cum
2833 1659 3150 1721 extremum
3177 1663 3305 1718 vita:
3349 1662 3503 1735 diem
3538 1659 3653 1713 sibi
3707 1660 3819 1726 jam

2179 1739 2481 1795 imminere
2506 1733 2767 1805 sentiret,
2807 1745 2863 1793 et
2921 1744 3145 1805 tempus
3179 1735 3380 1793 adesse
3422 1733 3679 1795 duceret,
3714 1742 3823 1799 quo

415 1804 749 1878 ampliorem
782 1810 1211 1878 consequantur
1246 1805 1623 1878 itadispositi
1656 1804 2069 1878 adgconﬁrma-
2100 1818 2151 1878 Β
2179 1811 2360 1866 totius
2382 1812 2510 1865 vitm
2539 1809 2750 1865 delicta
2775 1804 3049 1878 expiaret,
3078 1806 3106 1860 ‘?
3139 1825 3163 1855 ι)
3197 1805 3353 1878 Pidei
3385 1816 3580 1878 nempe
3608 1814 3730 1878 sua?
3758 1812 3824 1852 ac

418 1878 655 1933 tionem.
684 1876 846 1931 Pium
877 1877 1061 1945 igitur
1097 1875 1462 1932 desiderium
1494 1876 1753 1931 conversi
1788 1877 1855 1931 ad
1889 1875 2068 1932 Chri-

418 1954 570 2004 stum
621 1946 985 2002 Constantini
1017 1947 1120 2001 hac
1154 1948 1210 2001 in
1245 1955 1405 2017 parte
1447 1947 1893 2016 exaudiendum,
1943 1960 2068 2017 quae

417 2019 908 2076 conﬁrmationem
950 2019 1303 2086 protraheret
1352 2019 1421 2074 ad
1472 2032 1762 2074 accessum
1802 2018 2068 2074 Jordanis

420 2105 550 2146 cum
583 2103 683 2160 spe
719 2090 1089 2157 disponendae
1123 2091 1332 2145 mentis
1362 2091 1429 2146 ad
1462 2091 1612 2145 dona
1644 2089 1896 2158 Spiritus
1922 2089 2070 2144 ube—

422 2163 550 2217 rius
596 2160 962 2232 percipienda
991 2178 1005 2213 :
1033 2160 1132 2216 ubi
1169 2175 1297 2229 pars
1321 2161 1501 2216 altera
1531 2160 1767 2216 consilii
1812 2174 1923 2217 non
1953 2175 2071 2215 nu-

422 2231 1023 2301 taret,’conquerendte
1054 2231 1279 2287 scilicet
1311 2232 1472 2288 illico
1502 2234 1701 2304 gratia:
1729 2232 1796 2286 ad
1827 2232 2071 2287 salutem

424 2304 758 2360 necessarie
801 2317 899 2371 per
929 2305 1350 2373 susceptionem
1382 2304 1676 2373 baptismi.
1701 2304 1801 2357 His
1828 2318 1959 2358 vero
1978 2304 2074 2358 do-

422 2376 632 2431 ctrinis
666 2373 947 2430 imbutum
977 2374 1421 2431 Constantinum
1454 2376 1689 2445 petiisse
1716 2387 1748 2429 a
1777 2374 2069 2436 Silvestro,

424 2453 482 2502 et
496 2446 822 2502 obtinuisse
842 2448 989 2500 citra
1021 2460 1211 2501 moras
1239 2447 1408 2507 ullas,
1440 2453 1567 2516 post
1597 2459 1907 2515 congruam
1932 2450 2074 2500 cate-

426 2519 665 2577 cbesim,
700 2517 1049 2587 baptismum
1080 2536 1091 2571 :
1131 2525 1313 2574 etnon
1351 2518 1699 2573 dissensisse
1735 2516 2071 2572 Silvestrum

423 2601 457 2642 a
494 2589 778 2643 dilatione
816 2588 1300 2657 conﬁrmationis,
1357 2602 1524 2659 quam
1578 2603 1678 2658 pro
1720 2594 1851 2643 voto
1906 2588 2077 2659 prin:

425 2659 575 2728 cipis
620 2660 918 2729 prorogari
965 2673 1127 2726 posse
1169 2661 1340 2714 etiam
1366 2658 1493 2716 cum
1524 2659 1715 2715 fructu
1745 2658 2073 2714 duxeritad

427 2743 719 2783 accessum
764 2730 822 2782 in
876 2729 1258 2797 Palaestinam,
1311 2738 1367 2785 et
1417 2732 1483 2785 ad
1530 2732 1711 2799 ripam
1776 2729 2069 2785 Jordanis.

427 2800 583 2854 Hanc
628 2800 1056 2853 excusationem
1102 2800 1295 2853 dilatae
1347 2801 1805 2855 conﬁrmationis
1852 2801 2081 2855 videtur

427 2870 572 2925 mihi
597 2868 1015 2924 Constantinus
1041 2869 1365 2939 signiﬁcare
1393 2872 1682 2939 episcOpis
1702 2872 1769 2924 ad
1799 2884 1859 2925 se
1876 2883 2080 2925 convo-

427 2941 595 3009 catis,
631 2946 900 3011 narrante
929 2939 1195 3008 Eusebio,
1226 2947 1529 3011 correptus
1555 2940 1752 2995 morbo
1782 2942 1917 2996 dum
1945 2948 2079 2995 ten-

424 3014 582 3068 deret
612 3013 671 3065 in
702 3010 1080 3065 Palaestinam.
1128 3012 1287 3073 Illuc,
1320 3010 1407 3067 ut’
1433 3012 1706 3081 arbitror,
1742 3011 2081 3082 properabat

429 3085 759 3153 imperator,
781 3082 1008 3152 quando
1026 3082 1291 3138 substitit
1319 3083 1689 3149 Nicomedia,
1710 3094 1761 3138 et
1780 3090 2080 3152 correptus

429 3154 895 3225 aegritudine,ac
919 3154 1237 3222 praevidens
1265 3156 1323 3209 in
1348 3155 1706 3210 Palaestinam
1740 3170 1799 3210 se
1823 3167 1934 3209 non
1965 3168 2082 3223 per-

430 3224 755 3291 venturum,
770 3224 928 3278 abire
941 3224 1057 3279 vita
1074 3226 1261 3280 noluit
1276 3239 1385 3281 non
1403 3226 1855 3281 munitusaltero
1866 3225 2083 3280 Christi

382 3320 395 3327 υ
431 3296 751 3368 signaculo,
812 3310 927 3364 quo
980 3292 1408 3352 conllrmamur.
1468 3298 1605 3351 Nam
1654 3299 1800 3368 Oetam
1838 3298 2085 3367 σφραγῖδα

430 3367 646 3437 pariter
685 3369 985 3421 nominant
1009 3368 1181 3422 etiam
1211 3369 1393 3424 Graeci
1421 3374 1478 3422 et
1521 3368 1615 3422 hic
1641 3367 1927 3423 Eusebius
1949 3384 2083 3421 con-

425 3441 751 3508 ﬁrmationis
781 3444 1181 3492 sacramentum
1211 3455 1231 3505 ;
1258 3452 1369 3495 non
1406 3452 1576 3494 secus
1603 3453 1668 3494 ac
1725 3440 1973 3493 diuinum
1999 3441 2083 3493 si-

426 3510 996 3580 gnaculumvocatur
1031 3516 1149 3564 tum
1196 3511 1347 3579 apud
1384 3511 1561 3579 ipsos,
1605 3517 1728 3565 tum
1776 3511 1925 3580 apud
1979 3524 2084 3566 nos

428 3581 705 3649 chrisma,
729 3579 1005 3649 baptismi
1039 3594 1269 3651 quoque
1293 3583 1531 3637 donum.

498 3652 792 3707 Contendo
826 3652 1025 3721 igitur,
1061 3665 1171 3707 non
1211 3653 1502 3707 adversari
1531 3651 1841 3709 Eusebium
1876 3665 2085 3707 narra-

430 3723 578 3779 tioni
604 3723 930 3778 Nestoriani
955 3737 1021 3776 ac
1051 3723 1267 3778 Malalaa
1293 3725 1363 3778 de
1394 3723 1680 3792 baptismo
1719 3738 1750 3778 a
1795 3724 2068 3787 Constan-

431 3795 554 3850 tino
586 3794 773 3848 Romae
798 3801 1084 3865 suscepto,
1115 3796 1208 3850 sed
1243 3795 1534 3850 adversari
1564 3795 1969 3865 praejudicatos
2000 3796 2083 3848 in-

433 3871 707 3934 terpretes
732 3864 1032 3921 verborum
1083 3866 1335 3920 Eusebii.
1385 3867 1523 3921 Dico
1566 3864 1873 3921 Eusebium
1920 3865 2087 3920 nobis

433 3936 703 3992 exhibere
747 3940 1139 4004 conﬁrmatum,
1186 3950 1296 3991 non
1351 3937 1683 4007 baptizatum
1738 3938 2086 3992 Nicomedia:

430 4008 893 4076 Constantinum,
926 4008 1024 4075 qui
1053 4008 1170 4076 jam
1197 4008 1437 4063 salutari
1469 4008 1685 4063 Christi
1720 4007 1941 4063 lavacro
1968 4009 2088 4064 Ro—

440 4093 542 4132 mae
569 4079 790 4133 tinctus
847 4077 1033 4133 fuerat
1058 4093 1089 4133 a
1120 4079 1415 4135 Silvestro.
1445 4082 1705 4133 Divinum
1742 4081 2088 4146 signaculum

441 4150 878 4221 (oetavaspaytaaj
928 4150 1130 4218 utique
1159 4151 1410 4219 percepit
1466 4151 1848 4206 Nicomediae:
1897 4164 2088 4221 quan-

437 4218 745 4288 doquidem
776 4227 1128 4292 peritempus
1173 4222 1283 4289 ipsi
1311 4218 1421 4276 non
1468 4223 1656 4291 licuit,
1684 4223 1830 4291 quod
1862 4218 2086 4292 jamdiu

438 4294 747 4359 optaverat,
785 4290 840 4342 in
878 4289 1232 4344 Palmstinam
1271 4294 1582 4360 pervenire,
1630 4289 1788 4347 et‘ad
1820 4289 2089 4348 Jordanis

440 4361 653 4417 ﬂuenta
683 4361 941 4427 Spiritus
960 4362 1143 4415 sancti
1176 4363 1326 4416 dona
1356 4375 1454 4429 per
1484 4363 1819 4417 chrismatis
1852 4366 2087 4418 unctio—

440 4446 565 4488 nem
597 4432 906 4500 percipere.
936 4431 1021 4486 Ab
1050 4432 1319 4502 episcopo
1352 4434 1698 4489 Nicomediae
1718 4440 1916 4503 agente
1943 4449 2090 4490 con-

441 4503 703 4558 ﬁrmatus
733 4510 862 4573 est;
898 4516 1012 4559 non
1070 4512 1252 4559 tamen
1303 4504 1375 4559 ab
1418 4505 1689 4574 episcOpo
1743 4505 2087 4562 Nicomediae

2181 1891 2389 1936 nostra:
2413 1882 2527 1936 vim
2563 1888 2736 1935 totam
2786 1872 3072 1946 excitavit,
3105 1898 3127 1926 α
3185 1875 3518 1931 ﬁrmissime
3562 1872 3824 1929 credens.

2180 1966 2533 2024 quaecunque
2563 1951 2899 2024 humanitus
2930 1949 3295 2024 peccavisset,
3324 1958 3667 2024 arcanorum
3693 1955 3826 2024 ver-

2179 2015 2379 2080 borum
2400 2015 2667 2087 eliicacia,
2700 2028 2755 2077 et
2780 2015 3021 2075 salutari
3055 2019 3278 2073 lavacro
3309 2017 3541 2086 penitus
3564 2028 3694 2070 esse
3725 2015 3825 2067 de-

2182 2096 2368 2151 lenda.
2399 2113 2424 2145 n
2450 2094 2506 2149 ld
2527 2093 2801 2163 cogitavit
2826 2100 2900 2157 et,
2928 2096 3192 2163 renovato
3225 2088 3353 2163 tidci
3374 2100 3683 2163 consensu,
3703 2097 3829 2139 con-

2181 2174 2401 2221 stanter
2432 2158 2639 2231 tenuit,
2673 2164 2885 2218 virtute
2915 2161 3478 2235 a_(.‘h_risto__Domino
3507 2158 3696 2235 indita
3730 2170 3827 2235 sa:-

2183 2237 2491 2293 cramentis
2516 2236 2586 2290 ab
2611 2229 2676 2289 eo
2709 2232 3154 2307 institutis,du_o
3184 2231 3280 2307 ill_a
3310 2236 3577 2299 prmstare
3603 2229 3673 2307 ad
3708 2229 3832 2307 uui-

2185 2322 2343 2364 versa
2372 2309 2503 2362 vita:
2530 2312 2755 2376 peccata
2789 2304 3018 2373 penitus
3050 2301 3319 2367 tollenda,
3367 2314 3492 2369 qua:
3541 2301 3763 2353 nostris
3799 2309 3829 2349 a

2185 2379 2472 2449 theologis
2534 2378 2814 2432 dicuntur
2839 2382 3181 2449 sacramenta
3204 2378 3584 2449 _mortuomm,
3629 2380 3832 2436 nempe

2187 2443 2576 2518 baptismunet
2599 2449 3010 2517 pa'nitentiam;
3067 2443 3242 2518 istud.
3295 2443 3440 2518 quod
3496 2454 3831 2494 arcanorum

2182 2515 2466 2576 uerborum
2492 2515 2760 2588 efﬁcacia,
2788 2518 2940 2573 istud
2965 2517 3113 2586 quod
3137 2522 3184 2569 et
3202 2515 3831 2588 uerborumurcanorum

2186 2594 2449 2661 efﬁcacia,
2478 2584 2528 2646 et
2548 2584 2805 2645 salutari
2831 2584 3046 2661 lauacro
3078 2584 3827 2661 junctimadministratur.

2187 2653 2255 2719 Et
2286 2653 2557 2733 quoniam
2592 2660 2844 2733 salutare
2873 2660 2977 2715 hoc
3000 2653 3285 2713 lavacrum
3322 2655 3597 2733 baptismi
3635 2653 3834 2733 iterari

2186 2725 2456 2789 Christus
2490 2732 2816 2797 interdixit,
2847 2735 2945 2800 qui
2972 2744 3298 2783 arcanorum
3324 2727 3611 2781 verborum
3648 2725 3837 2800 mede-

2188 2807 2316 2872 lam,
2348 2818 2447 2860 seu
2474 2804 2735 2874 spiritale
2777 2797 3061 2857 lavacrum
3086 2801 3413 2874 pauitantia:
3444 2797 3836 2874 tAumusepties,

2190 2868 2312 2932 tum
2344 2868 2671 2947 septuagies
2702 2876 3070 2947 septies._pro
3087 2868 3417 2947 indigentia
3449 2868 3741 2947 ﬁdelium,
3762 2879 3841 2947 re-

2191 2948 2387 3002 novari
2410 2940 2481 3001 ac
2508 2940 2779 3000 adhiberi
2800 2940 3163 3013 indulgenter
3190 2942 3449 3009 permisit
3481 2958 3498 3003 ς
3533 2940 3643 3013 hoc
3676 2940 3840 3013 unice

2191 3019 2305 3091 sibi
2328 3031 2625 3091 superesse
2645 3009 3425 3091 inielligens:Const_antinus,
3458 3012 3563 3080 qui
3592 3011 3710 3091 jam
3738 3009 3843 3091 pri-

2188 3090 2313 3145 dem
2338 3081 2664 3157 baptizatus
2708 3081 2918 3156 fuerat,
2970 3086 3075 3141 hoc
3099 3086 3267 3157 etiam
3304 3083 3412 3137 rite
3455 3081 3714 3150 percepit
3741 3081 3839 3157 Ni-

2111 3182 2160 3247 ο
2191 3151 2469 3247 comestis
2490 3160 2570 3247 at
2594 3151 3017 3247 excuneati?)
3027 3155 3356 3247 Vasatae.
3367 3151 3842 3247 rescae-.31“

2197 3239 2477 3301 purgatus
2511 3225 2775 3284 accedere
2817 3234 3007 3297 posset
3050 3227 3117 3281 ad
3148 3225 3481 3301 chrismatis
3510 3234 3845 3301 sacramen—

2194 3293 2338 3357 tum“.
2370 3300 2518 3374 quod
2552 3302 2639 3371 (ut
2666 3293 2976 3374 innuimus
3018 3310 3148 3352 cum
3204 3294 3468 3374 Eusebio)
3505 3293 3839 3374 distuierat.

2194 3362 2429 3443 sperans
2447 3372 2515 3427 ad
2543 3362 2723 3439 ripam
2751 3369 3016 3426 Jordanis
3034 3382 3065 3443 a
3087 3381 3147 3422 se
3169 3362 3495 3443 perceptum
3531 3364 3633 3443 iri
3663 3362 3851 3429 Quare

2198 3436 2401 3515 a'genu
2428 3445 2574 3499 ﬂexo
2603 3436 2767 3496 humi
2803 3439 3207 3515 procumbens1
3230 3436 3448 3515 veniam
3471 3449 3512 3515 _a
3562 3436 3675 3488 Deo
3702 3447 3849 3515 sup—

2199 3507 2324 3585 pits;
2353 3516 2637 3586 pOposcit,
2675 3507 2896 3586 peccata
2924 3524 3025 3586 sua
3066 3508 3346 3564 conﬁtens
3380 3507 3437 3586 in
3470 3507 3601 3586 ipso.
3627 3511 3853 3586 mai-ty:

2196 3575 2303 3642 rio.
2339 3575 2550 3639 n'N'ihil
2584 3575 2699 3639 haec
2717 3586 2785 3639 ad
2821 3584 3202 3651 baptismum:
3240 3579 3433 3655 omnia
3464 3576 3750 3655 pertinent
3779 3575 3849 3655 ad

2195 3661 2616 3713 sacramentum
2645 3646 3028 3727 paenitentiae:
3058 3650 3537 3727 quemadmodum
3561 3647 3741 3727 etiam
3756 3646 3853 3699 ad.

2198 3728 2554 3783 ministratio
2583 3716 2928 3781 sacramenti
2959 3716 3397 3797 quaisequitur:
3436 3740 3462 3770 α
3487 3732 3601 3797 quo
3635 3719 3694 3770 in
3726 3716 3854 3797 loco

2198 3813 2425 3855 manum
2460 3798 2888 3867 impositionem
2915 3791 3042 3851 cum
3079 3794 3322 3867 solemni
3358 3791 3685 3867 precatione
3724 3791 3853 3867 pri-

2198 3884 2348 3926 mum
2392 3859 2609 3945 meruit
2631 3869 2907 3945 accipere.
2928 3939 2938 3945 _
2963 3886 2988 3915 »
3022 3868 3193 3945 Nemo
3227 3859 3474 3945 ignorat,
3514 3862 3666 3945 inter
3689 3859 3856 3945 anti—

2198 3955 2345 4012 quos
2372 3942 2523 3996 ritus
2544 3935 3079 4012 administrationis
3123 3935 3495 4012 paenitentiae,
3548 3935 3851 4012 praet-tim

2238 4013 2449 4078 ubliczzr,
2484 4012 2768 4065 recenseri
2793 4024 2990 4081 manus
3022 4002 3435 4081 imposnionem,
3466 4018 3497 4058 a
3526 4002 3856 4081 sacerdotij

2238 4030 2449 4078 uouczzr,
2484 4030 2768 4065 I‘CCBIISBI‘I
2793 4030 2990 4063 manus
3022 4030 3435 4076 "upusnwuem,
3466 4030 3497 4058 ει
3527 4030 3852 4057 aawruuu-

2190 4030 2307 4138 bus
2340 4083 2742 4152 paenitentiam
2795 4080 2972 4152 capiti
3020 4077 3415 4152 praestandam,
3465 4088 3593 4152 cum
3623 4074 3852 4152 solemni

2197 4146 2414 4222 fusio-ne
2438 4169 2676 4223 precum.
2710 4153 2839 4207 Pcst
2870 4146 3134 4223 haeresim
3173 4150 3422 4223 Novati,
3466 4146 3851 4223 instauratam

2199 4212 2380 4281 'fuisse
2410 4212 2553 4278 hanc
2575 4222 2948 4293 apostolicam
2977 4218 3389 4296 disciplinam,_
3408 4214 3731 4296 luculenter
3755 4212 3859 4267 do1

2198 4304 2287 4351 cet
2315 4296 2575 4351 Morinus
2599 4290 2657 4347 in
2689 4296 2859 4347 tertia:
2911 4292 3222 4361 praesvrtint
3257 4290 3511 4361 stationis
3532 4358 3540 4361 _
3561 4290 3852 4361 pteniten-

2199 4368 2377 4434 tibus,
2421 4379 2594 4436 quam
2624 4356 3044 4436 substratidnem
3086 4359 3394 4436 appellant.
3440 4357 3580 4436 Vintle
3628 4356 3848 4436 _M_or_in.

2198 4441 2269 4495 de
2305 4427 2501 4491 Pzeni't.
2531 4436 2635 4491 lib.
2670 4451 2744 4502 vr,
2775 4449 2900 4504 cap.
2927 4432 2982 4501 8,
3015 4442 3071 4488 et
3098 4427 3182 4487 lib
3212 4446 3289 4501 ιχ,
3342 4444 3468 4504 cap.
3497 4428 3554 4495 9,
3586 4427 3685 4481 ubi
3742 4427 3852 4479 Pa-

2201 4518 2349 4565 trum
2385 4509 2539 4563 tertii
2564 4515 2617 4561 et
2646 4502 3063 4577 quarti—saeculi
3097 4502 3469 4577 testimoniis,
3494 4506 3551 4554 et
3574 4511 3639 4553 ex
3670 4510 3847 4552 cano-

441 4574 686 4631 Eusebio
715 4570 950 4647 Aria'no,
980 4576 1075 4630 sed
1108 4575 1178 4630 ab
1212 4575 1316 4631 illo
1343 4589 1411 4631 ex
1441 4570 1728 4647 episcopis
1756 4577 2085 4647 catholicis,
2119 4574 2174 4636 D
2199 4580 2374 4636 nibus
2392 4579 2620 4634 Nicmno
2648 4570 2817 4632 etiam
2838 4575 3089 4631 concilio
3115 4570 3552 4647 vetustioribus,
3579 4582 3700 4624 eam
3725 4580 3855 4647 con.

442 4659 607 4717 quem
626 4658 704 4717 ex
732 4646 1122 4701 destinatione
1150 4647 1412 4702 Silvestri
1447 4646 1622 4717 papze,
1664 4662 1856 4703 secum
1907 4646 2089 4703 duce-4

440 4716 539 4771 bat
580 4716 731 4785 pius,
773 4717 1102 4785 imperator,
1150 4718 1341 4789 veluti
1375 4716 1586 4789 patrem
1634 4732 1699 4773 ac
1747 4720 2087 4775 directorem

444 4789 594 4856 vitae,
635 4793 981 4857 postquama
1010 4789 1285 4844 Silvestro
1320 4788 1713 4845 fueratRomaa
1740 4789 2087 4859 baptizatus;

439 4872 554 4915 non
582 4872 748 4931 secus
782 4873 849 4913 ac
879 4865 1116 4931 sanctus
1144 4858 1437 4931 presbyter
1466 4861 1886 4931 Simplicianus
1915 4858 2091 4917 Roma

444 4929 1215 5003 transmissusMediolanum
1240 4929 1355 5003 fuit
1385 4933 1451 5003 ad
1481 4929 1852 5002 diri'gendum
1881 4932 1938 4987 in
1961 4934 2093 5003 epi—

445 5000 663 5072 sc0pali
679 5001 1050 5072 regimine,et
1067 5002 1121 5056 in
1136 5000 1771 5072 ecclesiasticadiécipli
1786 5016 1848 5057 na
1865 5000 2093 5059 beatum

441 5071 835 5154 Ambrosium,
864 5071 1226 5154 delegatione
1269 5076 1454 5154 sancti
1507 5071 1799 5154 pontiticis
1842 5076 2092 5154 Damasi,

444 5144 640 5201 statim
663 5157 729 5198 ac
756 5142 1094 5217 ambrosius
1123 5157 1190 5217 ex
1218 5142 1626 5217 catechumeno
1651 5146 1866 5217 electus
1891 5147 1957 5203 ad
1982 5142 2097 5217 epié

443 5223 739 5284 secpatum
766 5214 930 5269 illius
946 5214 1199 5270 ecclesiae
1226 5214 1359 5284 fuit,
1390 5222 1453 5271 ut
1472 5216 1613 5270 alibi
1642 5215 1935 5271 observavi
1965 5214 2094 5274 cum

445 5282 601 5368 card.
634 5287 878 5368 iiaronio
908 5286 975 5368 ad
1010 5298 1221 5368 annum
1420 5290 1807 5368 dumagerem
1836 5288 1907 5343 de
1952 5303 2098 5345 con—

447 5358 757 5430 suetudine
771 5358 1120 5430 vicariorum
1135 5357 1205 5412 ab
1218 5357 1909 5429 episcopisadhibitorum
1934 5375 2098 5430 quar-

441 5435 499 5485 to
525 5429 740 5485 Christi
772 5428 1002 5484 saeculo.

518 5500 717 5556 Plures
769 5502 1069 5571 episcopos
1117 5500 1175 5556 in
1234 5502 1513 5556 comitatu
1554 5511 1745 5555 secum
1805 5502 2011 5558 ductos
2065 5519 2097 5560 a

446 5569 844 5641 Constantino.
878 5569 1043 5627 antea
1077 5574 1309 5641 probavi
1354 5585 1419 5627 ex
1446 5571 1709 5632 Eusebio,
1743 5578 1860 5628 tum
1898 5583 1958 5627 ut
1987 5589 2100 5630 mo-

451 5640 574 5715 nita
600 5641 812 5696 divinae
844 5643 988 5713 legis
1014 5640 1089 5697 ab
1119 5643 1190 5698 iis
1223 5643 1484 5699 hauriret
1510 5644 1844 5713 quotidiana
1877 5647 2101 5715 exposi-

451 5714 607 5766 tione
639 5724 929 5783 sacrorum
962 5714 1247 5783 codicum,
1281 5722 1400 5770 tum
1431 5721 1493 5769 ut
1532 5715 1857 5771 destinatos
1886 5730 1917 5771 a
1949 5714 2100 5772 Sum-

448 5796 539 5839 mo
574 5782 842 5850 pontiﬁce
864 5784 933 5837 ad
957 5784 1300 5839 erudiendos
1326 5789 1381 5839 in
1408 5785 1515 5840 fide
1545 5787 1782 5853 populos
1824 5801 2094 5843 novarum

446 5853 746 5926 regionum
782 5854 1025 5921 imperio
1054 5856 1380 5911 additarum
1416 5870 1517 5925 per
1540 5859 1900 5912 Constantini
1927 5862 2099 5916 victo-

2198 4652 2563 4707 suetudinem
2616 4647 2971 4717 comprobat,
3025 4659 3212 4720 quam
3245 4643 3426 4720 hicAa
3470 4641 3855 4720 Constantino

2196 4729 2474 4779 servatam
2531 4713 2764 4774 indicat
2807 4726 2998 4773 textus
3044 4713 3305 4772 Eusebii.
3357 4713 3649 4781 Quoddam
3696 4713 3854 4765 enim

2236 4808 2379 4848 enus
2408 4791 2650 4861 publica}
2685 4791 3034 4859 paenitentia:
3070 4787 3283 4861 imitari
3314 4799 3380 4839 ac
3431 4784 3724 4861 percipere
3750 4796 3859 4836 vo-

2229 4867 2318 4919 uit
2355 4855 2656 4919 studiosus
2678 4855 2902 4915 aeterna:
2930 4860 3141 4916 salutis
3170 4859 3501 4925 imperator.
3528 4861 3586 4908 et
3615 4855 3695 4907 ita
3728 4867 3857 4921 pur-

2204 4942 2371 5006 gatus
2395 4937 2919 5006 adsacramentum
2951 4928 3438 5006 Conﬁrmationis,
3476 4926 3728 4979 indicata
3765 4937 3858 5006 .ex

2205 4996 2375 5061 causa
2407 5005 2674 5067 dilatum,
2724 5002 3028 5058 accedere:
3087 5013 3201 5071 quo
3228 5000 3294 5051 ad
3355 5005 3673 5071 extremum
3725 4996 3861 5049 vitae

2205 5090 2439 5148 agonem
2496 5089 2823 5148 properans,
2857 5069 3203 5148 muniretur.
3241 5071 3357 5148 Nec
3383 5069 3621 5123 deerant
3665 5080 3863 5148 causae

2208 5138 2312 5203 cur
2354 5138 2653 5218 ﬂagitaret
2687 5152 2747 5218 ut
2813 5144 3141 5218 hujusmod‘i
3199 5138 3431 5210 publica
3459 5139 3862 5218 susceptione

2211 5210 2559 5290 paenitentia:
2590 5210 3207 5290 admissa_totiu_svitte
3227 5210 3676 5290 erratandsleret:
3716 5210 3866 5290 [for-

2209 5280 2357 5345 tasse
2382 5290 2533 5344 enim
2555 5296 2609 5343 et
2626 5288 2806 5342 caedes
2828 5287 3017 5354 Crispi
3054 5281 3378 5339 innocentis
3400 5280 3535 5343 lilii,
3564 5289 3619 5335 et
3652 5280 3863 5354 hujus:

2210 5362 2361 5416 modi
2396 5360 2563 5427 facta,
2591 5356 2836 5432 qumvei
2869 5351 3266 5426 imprudenter
3293 5354 3378 5407 ira
3417 5358 3743 5432 correptus,
3776 5351 3862 5405 vel

2208 5432 2505 5501 zelotypae
2534 5422 2790 5486 stimulis
2818 5422 3168 5501 impotenter
3192 5434 3376 5492 actus,
3399 5424 3553 5501 eiad
3576 5422 3861 5501 ultionem

2212 5492 2407 5573 potius
2435 5514 2604 5572 quam
2632 5502 2699 5573 ad
2729 5492 3017 5573 judicium
3045 5510 3377 5573 properans,
3403 5495 3515 5550 sibi
3552 5492 3865 5573 videbatur

2206 5566 2533 5634 admisisse,
2566 5572 2704 5627 talia
2730 5566 3136 5640 reputavit,‘ut
3160 5568 3460 5640 plusquam
3489 5566 3712 5640 privato
3744 5579 3863 5640 pa:-

2209 5645 2432 5701 nitendi
2464 5645 2606 5709 ritu,
2631 5636 2820 5718 coram
2835 5636 3105 5718 ﬁcales-ia
3131 5636 3518 5718 exomologesi
3546 5636 3723 5718 edita,
3755 5636 3865 5718 dus

2206 5723 2359 5772 ceret
2388 5729 2511 5771 esse
2532 5706 2804 5770 sananda.
2834 5713 3094 5768 Zosimus
3145 5706 3421 5766 ethnicus
3445 5706 3719 5775 scriptor,
3755 5706 3863 5762 lib.

2210 5802 2270 5852 ll,
2306 5801 2430 5854 cap.
2471 5785 2557 5851 26,
2589 5798 2708 5841 eam
2742 5783 3079 5858 gravitatem
3114 5782 3494 5858 admissorum
3540 5791 3789 5858 suorum
3829 5796 3863 5858 ει

2211 5851 2471 5929 principe
2504 5851 2821 5926 reputatam
2846 5855 2925 5913 ita
2954 5861 3249 5923 memorat,
3283 5860 3345 5911 ut
3382 5851 3738 5908 calumniam
3770 5851 3866 5904 ad-
