4072 6176
253 339 394 401 4585

1080 341 1401 398 HISTORIA
1442 342 1535 397 DE
1571 341 1747 399 VlTIS
1786 340 1953 397 ROM.
1994 339 2198 397 PONT.
2235 372 2304 383 -—-
2342 343 2398 399 S.
2440 343 2829 401 SILVESTER.

3521 344 3659 402 4586

252 467 351 523 dat
397 468 524 536 ejus
558 468 959 540 ptenitentiaa,
1013 482 1143 524 cum
1204 466 1414 540 scribit
1461 466 1898 540 Constantinum
1928 465 2236 540 Alib._de
2268 468 2478 538 Script.
2532 469 2745 525 Eccles.
2787 471 2855 525 ad
2903 471 3211 527 sectionem
3258 468 3548 540 Origenis,
3581 471 3659 525 ita

253 545 508 593 tentasse
536 539 759 594 diluere
797 553 893 607 per
925 541 1197 595 lustricas
1225 539 1582 593 ethnicorum
1610 537 1901 606 expiatio—

254 622 355 665 nes
378 612 557 664 totius
586 610 717 665 vita:
751 618 976 679 peccata
1007 630 1019 664 :
1054 626 1198 681 quas
1235 610 1608 677 expiationes,
1626 622 1763 681 cum
1794 620 1899 662 ne—

256 693 348 735 mo
377 694 441 735 ex
466 681 703 735 deorum
734 680 1085 737 sacriﬁculis
1113 682 1225 751 ipsi
1252 681 1524 735 exhibere
1553 680 1741 744 vellet,
1774 691 1901 733 mo-

253 751 689 823 nitu/Egyptii,
711 754 859 823 apud
887 753 1248 823 Christianos
1277 752 1701 821 conquirendas
1725 761 1903 823 cura-

254 821 358 893 vit.
380 820 1083 893 Calumniam'scriptOris
1120 822 1330 878 infensi
1364 820 1475 878 nbn
1511 824 1707 876 minus
1729 820 1903 874 Chri-

256 890 443 948 Siiano
464 894 684 947 nomini
719 890 1158 964 quam'principi
1179 894 1522 948 Christianae
1550 893 1680 948 ﬁdei
1707 905 1902 964 asser-

259 964 370 1036 tori
406 971 471 1019 et
497 963 926 1033 ampliﬁcatori,
968 963 1112 1021 satis
1145 963 1357 1020 refellit
1387 965 1670 1036 integrum
1703 963 1903 1036 vicen—

255 1034 452 1105 nium,
501 1037 650 1104 quod
707 1050 836 1090 cum
889 1037 1179 1105 episcopis
1208 1036 1460 1105 aliisque
1504 1033 1903 1105 sacerdotibus

251 1102 603 1161 Christianis
635 1102 946 1176 imperator
959 1102 1386 1176 jam'exegerat,
1420 1107 1681 1176 quotidie
1704 1102 1907 1159 confe-

259 1187 393 1231 rens
413 1190 542 1232 cum
565 1178 775 1232 eisdem
804 1178 1073 1233 dedivini
1106 1178 1301 1233 cultus
1330 1178 1571 1242 ratione,
1604 1191 1668 1231 ac
1695 1182 1908 1244 myste—

255 1246 383 1312 riis,
418 1256 481 1302 ut
513 1248 750 1316 proinde
795 1248 1060 1319 ignorare
1094 1262 1203 1304 non
1240 1255 1446 1317 posset,
1484 1247 1796 1319 remedium
1823 1258 1907 1300 sa-

257 1320 533 1373 cramenti
556 1318 928 1388 poenitentiae,
962 1320 1331 1388 peccantibus
1350 1327 1476 1387 post
1497 1318 1767 1387 baptismi
1786 1331 1904 1372 sus-

258 1389 602 1460 ceptionem,
660 1398 717 1445 et
786 1391 986 1460 culpas
1042 1390 1386 1446 deﬁentibus
1451 1403 1483 1444 a
1537 1389 1905 1460 miseratione

255 1457 473 1529 Christi
514 1474 638 1515 esse
667 1457 955 1529 paratum.
993 1464 1118 1516 Haec
1150 1467 1333 1516 tamen
1380 1460 1670 1516 calumnia
1693 1458 1902 1512 Zosimi

258 1527 393 1602 licet
413 1527 720 1602 conﬁnga’t,
754 1531 898 1587 falsa
926 1533 1173 1588 remedia
1197 1539 1253 1586 et
1290 1528 1842 1602 exsecrandafuisse
1873 1543 1904 1583 a

254 1598 984 1671 Christiano'imperatore
1036 1605 1295 1673 quaesita,
1343 1610 1589 1658 attamen
1643 1601 1905 1673 insinuat

252 1682 441 1726 veram
492 1681 548 1728 et
577 1686 760 1728 acrem
801 1672 1099 1731 censuram
1132 1677 1262 1729 vita:
1290 1688 1410 1730 suae
1439 1688 1470 1728 a
1511 1674 1607 1742 pio
1642 1672 1904 1742 principe

253 1744 515 1798 severius
544 1746 868 1799 excitatam.

328 1814 450 1868 Non
495 1821 579 1868 est
624 1822 919 1883 propterea
960 1816 1284 1871 mirandum
1343 1816 1393 1869 si
1439 1813 1724 1883 publicam
1778 1826 1901 1881 poe-

258 1882 502 1938 nitentis
516 1882 799 1953 principis
817 1884 1252 1952 confessionem,
1271 1887 1391 1954 pari
1416 1882 1793 1954 impudentia,
1808 1885 1901 1938 Zo-

256 1956 443 2025 simus
462 1955 535 2009 sit
568 1955 958 2011 calumniatus
986 1970 1087 2025 pro
1103 1957 1355 2012 ethnicis
1381 1955 1901 2025 superstitionibus

259 2024 534 2096 scribens,
583 2039 649 2080 ac
704 2026 863 2080 illam
902 2024 1104 2082 Ariani
1160 2024 1503 2096 posteriores
1531 2028 1755 2081 diversa
1802 2039 1906 2080 ca-

257 2093 479 2150 lumnia
511 2097 571 2150 in
611 2110 746 2151 suas
780 2104 966 2165 partes
998 2093 1322 2167 pertrahere
1353 2098 1470 2153 sint
1494 2099 1714 2153 conati.
1747 2097 1903 2151 Zosi-

258 2177 388 2235 mus
419 2167 790 2239 nonrerubuit
815 2168 1139 2239 conﬁngere
1161 2170 1320 2238 pium
1347 2169 1659 2237 principem
1688 2169 1904 2223 studio-

257 2249 385 2291 sum
429 2236 694 2293 abolendi
742 2236 1035 2305 criminis,
1082 2236 1177 2294 ad‘
1208 2236 1552 2295 taurOboliaL
1592 2244 1648 2294 et
1706 2239 1904 2307 impiis

258 2307 543 2375 ejusmodi
569 2309 959 2377 lustrationes,
977 2311 1401 2380 conquirendas
1425 2324 1456 2365 a
1479 2310 1679 2378 mystis
1703 2310 1907 2364 daemo-

260 2390 419 2451 num,
448 2393 508 2434 se
556 2388 944 2435 convertisse:
980 2383 1129 2451 quod
1181 2382 1370 2437 scelus
1396 2389 1589 2449 postea
1636 2382 1907 2435 Julianus

263 2448 653 2518 impiissimus
683 2458 941 2520 apostata
972 2448 1165 2507 revera
1192 2448 1537 2522 perpetravit
1570 2469 1582 2503 :
1613 2453 1707 2506 cui
1739 2452 1907 2507 Zosi—

263 2528 392 2593 mUs
410 2528 680 2589 tanquam
706 2530 1030 2593 commystaa
1056 2536 1162 2579 suo
1182 2522 1520 2579 concinebat
1571 2523 1770 2577 Ariani
1803 2535 1908 2591 pa-

265 2590 409 2645 riter
454 2605 562 2646 non
594 2590 972 2651 erubuerunt.
1004 2608 1189 2649 veram
1224 2594 1587 2650 Constantini
1624 2590 1909 2662 pmniten-

263 2662 402 2716 tiam
456 2663 516 2717 in
569 2663 767 2719 falsam
814 2667 1175 2721 iterationem
1224 2666 1497 2736 baptismi
1547 2664 1909 2733 impudenter

261 2739 608 2800 convertere,
652 2742 716 2790 ut
743 2737 1077 2792 Constantio
1107 2738 1285 2806 impio
1323 2739 1448 2806 ejus
1495 2736 1617 2791 tilio
1646 2742 1908 2790 assenta-

262 2810 466 2876 rentur
495 2822 508 2858 :
536 2807 781 2874 quemin
818 2809 1074 2876 ipsorum
1109 2805 1369 2862 haeresim
1404 2815 1748 2876 pertractum
1782 2805 1911 2861 exi—

260 2875 575 2930 stimarunt
601 2875 895 2933 lubentius
924 2892 1288 2935 accessurum
1314 2881 1383 2934 ad
1406 2875 1747 2947 sacrilegam
1781 2890 1913 2947 pere

261 2954 580 3013 ceptionem
610 2948 972 3015 baptismatis
996 2950 1067 3004 ab
1097 2950 1333 3004 Arianis
1357 2946 1824 3015 administrandi,
1858 2946 1910 3000 si

262 3019 532 3086 princeps
550 3018 727 3085 ﬁlius,
755 3028 989 3088 paterno
1012 3021 1289 3089 exemplo,
1313 3022 1517 3075 iterare
1536 3019 1680 3074 illud
1694 3017 1805 3089 sibi
1820 3017 1910 3070 vi-

259 3092 513 3160 deretur,
537 3096 592 3142 et
612 3092 887 3146 crederet.
909 3092 1065 3160 Quod
1096 3088 1291 3160 itaque
1312 3093 1705 3160 Czesariensis
1729 3088 1913 3160 Euse-

2012 537 2295 611 scrihens:
2321 560 2345 590 «
2375 537 2456 594 Ad
2492 542 2833 611 Mammieam
2873 548 3103 596 matrem
3138 537 3443 596 Alexandri
3473 555 3659 611 impe-

2010 610 2221 663 ratoris
2235 611 2562 678 religiosam
2580 609 2787 665 femina
2800 625 2846 665 m
2865 609 3657 682 rogatusvenitAntiochiam,

2007 686 2063 736 et
2084 694 2307 736 summo
2329 682 2543 737 honore
2571 682 2801 737 habitus
2820 688 2925 751 est,
2949 684 3215 751 quodque
3242 685 3311 739 ad
3334 684 3659 753 Philippum

2012 752 2432 824 imperatorem,
2466 754 2566 821 qui
2604 754 2823 821 primus
2846 755 2916 807 de
2943 754 3174 824 regibus
3195 755 3460 808 Humanis
3485 752 3660 808 Chri-

2011 823 2241 877 stianus
2280 823 2413 881 fuit.
2446 829 2497 877 et
2543 825 2610 877 ad
2656 830 2888 878 matrem
2939 825 3063 892 ejus
3096 824 3319 878 litteras
3348 824 3498 890 fecit,
3535 838 3660 894 qua:

2013 908 2198 962 usque
2232 894 2400 964 hodie
2435 900 2677 959 exstant,
2712 895 2848 964 quis
2876 895 3102 964 ignorat
3131 896 3159 948 Ἰ
3190 914 3215 943 ››
3249 894 3524 963 additque
3551 897 3659 949 Pa-

2014 964 2145 1035 gius
2161 983 2177 1018 :
2193 984 2217 1015 (ι
2232 962 2427 1031 Quoad
2452 962 2813 1019 Vincentium
2830 962 3208 1035 Lirinensem.
3230 962 3655 1032 Cassiodorum,

2014 1034 2245 1099 etalios,
2262 1039 2362 1104 qui
2379 1036 2708 1103 Philippum
2723 1036 3111 1090 Christianum
3129 1034 3307 1089 fuisse
3322 1049 3657 1103 persuasum

2017 1105 2283 1172 habuere,
2323 1107 2409 1161 illi
2438 1107 2493 1160 in
2522 1119 2770 1161 errorem
2808 1109 2973 1161 tracti
3010 1113 3146 1161 sunt
3170 1119 3201 1160 a
3236 1106 3405 1161 Paulo
3430 1106 3657 1177 Oresio,

2016 1177 2117 1247 qui
2144 1184 2201 1231 et
2230 1177 2351 1246 ipse
2379 1179 2650 1245 deceptus
2678 1184 2785 1244 est,
2818 1189 2878 1233 ut
2910 1179 3106 1231 statim
3163 1178 3422 1243 ostendo,
3469 1196 3494 1226 ι›
3546 1186 3653 1231 etc.

2087 1247 2221 1314 Quae
2252 1249 2302 1302 si
2352 1262 2479 1302 vera
2507 1249 2646 1309 sint,
2694 1262 2804 1303 non
2836 1249 3006 1303 video
3052 1263 3158 1302 cur
3176 1249 3367 1301 critici
3395 1248 3660 1302 nonnulli

2015 1320 2164 1387 apud
2205 1319 2345 1373 Cave
2373 1321 2674 1382 mirentur,
2707 1320 2855 1388 quod
2896 1320 2952 1373 in
2984 1319 3211 1373 decreto
3240 1318 3457 1373 Gelasii
3502 1331 3660 1387 papa:

2017 1389 2267 1443 Historia
2312 1389 2544 1443 Eusebii
2602 1388 2883 1444 referatur
2936 1391 3086 1443 inter
3132 1389 3474 1458 apocrypha.
3535 1390 3657 1443 Non

2015 1461 2166 1515 enim
2194 1461 2321 1515 ideo
2361 1459 2712 1515 referebatur
2751 1460 2808 1515 in
2844 1474 2965 1515 eam
2997 1461 3258 1521 classem,
3289 1460 3437 1528 quod
3470 1458 3658 1528 plera—

2017 1545 2127 1601 que
2146 1531 2216 1585 ab
2259 1532 2505 1586 Eusebio
2550 1532 2725 1586 relata
2760 1538 3100 1599 putarentur
3126 1546 3158 1585 a
3188 1533 3425 1585 veritate
3446 1531 3655 1599 aliena,
3728 1542 3733 1547 '

2013 1609 2113 1657 aut
2137 1602 2208 1656 ab
2233 1602 2480 1657 Eusebio
2505 1616 2612 1656 non
2633 1614 2756 1656 esse
2784 1603 3033 1670 scripta;
3065 1603 3159 1657 sed
3185 1602 3487 1670 quiajusta
3515 1600 3653 1655 sub-

2013 1680 2136 1728 erat
2163 1686 2334 1727 causa
2357 1674 2683 1743 dubitandi,
2713 1686 2845 1727 num
2877 1674 3058 1727 textui
3106 1674 3356 1743 genuino
3397 1672 3660 1727 Historia:

2016 1743 2349 1798 Eusebiana:
2369 1744 2564 1813 aliqua
2599 1742 2843 1798 fuissent
2875 1745 3095 1798 intruSa
3116 1742 3188 1797 ab
3213 1744 3466 1809 Arianis,
3500 1748 3599 1797 aut
3629 1755 3660 1796 a

1933 1831 1984 1890 Β
2015 1814 2353 1890 Donatistis,
2397 1815 2858 1890 quandoquidem
2908 1815 3005 1869 isti
3051 1822 3311 1890 auctores
3353 1814 3661 1890 mussitant

2020 1886 2427 1954 tnterpolatum
2478 1884 2661 1940 fuisse
2706 1893 3010 1955 utrumque
3048 1898 3195 1954 Opus
3234 1884 3493 1953 Eusebii,
3540 1892 3658 1938 tum

2013 1956 2335 2011 Chronicon
2367 1956 2609 2024 scilicet,
2644 1963 2761 2011 tum
2795 1956 3125 2010 Historiam.

2086 2026 2293 2082 Verum
2315 2028 2386 2082 de
2411 2028 2780 2095 corruptione
2817 2034 3004 2082 textus
3035 2026 3366 2088 Eusebiani,
3411 2026 3515 2080 hac
3537 2025 3660 2081 sal—

2014 2104 2124 2153 tem
2158 2098 2214 2151 in
2249 2106 2404 2166 parte
2423 2098 2687 2153 Historia:
2714 2098 2784 2152 de
2799 2099 2922 2152 Vita
2945 2099 3472 2167 Constantini,qua:
3492 2096 3660 2166 paulo

2012 2175 2144 2224 ante
2169 2170 2440 2237 producta
2465 2176 2551 2223 est
2578 2168 2649 2222 ab
2679 2168 3065 2224 assertoribus
3089 2168 3359 2237 baptismi
3394 2170 3663 2222 Nicome-

2012 2239 2251 2307 diensis,
2282 2240 2402 2309 ipse
2420 2253 2530 2295 non
2561 2252 2788 2308 queror.
2820 2240 2934 2295 imo
2966 2253 3067 2294 nec
3093 2239 3370 2308 suspicor.
3395 2240 3662 2307 Conque-

2016 2324 2111 2365 ror
2137 2310 2528 2365 tantummodo
2572 2313 2641 2365 de
2677 2312 3043 2380 priejudicata
3097 2310 3570 2379 interpretatione
3597 2321 3660 2363 ac

2013 2382 2341 2436 detorsione
2370 2382 2620 2449 ejusdem
2641 2383 2937 2437 sententia:
2960 2399 2972 2435 :
2997 2383 3092 2437 cui
3124 2383 3476 2437 occasionem
3513 2393 3664 2449 prae-

2016 2452 2138 2508 buit
2194 2452 2691 2523 (quemadmodum
2739 2454 2797 2507 in
2838 2454 3043 2508 Orosio
3097 2452 3406 2507 adnotabat
3438 2450 3663 2522 Pagius)

2020 2524 2437 2579 usustranslati
2466 2523 2754 2578 verbisive
2770 2523 3662 2592 metaphoraajuxtadisciplinam

2019 2596 2234 2661 arcani,
2265 2609 2391 2664 qua:
2425 2594 2524 2648 illa
2563 2601 2726 2649 {etate
2769 2595 2992 2665 vigebat
3033 2609 3161 2649 cum
3189 2607 3375 2649 seruio
3417 2600 3567 2648 esset
3594 2592 3665 2647 de

2017 2665 2420 2724 Sacramentis,
2447 2666 2581 2720 dum
2608 2666 2827 2733 prolata
2848 2665 2918 2720 ab
2944 2667 3185 2720 Eusebio
3208 2667 3278 2720 de
3302 2666 3666 2732 susceptione

2019 2737 2295 2792 salutaris
2343 2736 2552 2791 lavacri
2598 2738 2946 2804 paenitentia:
2995 2750 3090 2803 per
3134 2749 3343 2790 arcana
3395 2737 3562 2789 verba
3613 2739 3668 2788 et

2023 2821 2291 2862 manuum
2344 2808 2770 2874 impositionem
2802 2820 2931 2860 cum
2980 2807 3223 2860 solemni
3276 2805 3598 2872 precatione
3635 2816 3667 2858 a

2020 2878 2418 2932 sacerdotibus
2431 2878 2497 2928 ad
2511 2878 2624 2928 min
2638 2877 2851 2928 istratte
2868 2875 3116 2943 principi
3131 2875 3425 2929 conﬁtenti
3444 2886 3670 2943 peccata

2021 2948 2204 3002 totius
2234 2947 2361 3001 vitae
2393 2943 2648 2999 referunt
2675 2946 3099 3000 inconsiderate
3116 2946 3184 3000 ad
3209 2945 3559 3013 baptismum
3579 2961 3594 3010 ;
3614 2949 3671 2998 et

2021 3018 2285 3071 divinum
2307 3016 2671 3086 signaculum
2700 3016 2772 3069 ab
2797 3015 3043 3070 Eusebio
3067 3025 3436 3070 memoratum
3450 3016 3670 3069 etCon-

2022 3089 2278 3143 stantino
2335 3086 2584 3141 inditum
2651 3099 2748 3153 per
2788 3087 3119 3154 episc0pum
3180 3086 3667 3140 Nicomediensem

260 3157 399 3231 hius
431 3149 785 3230 perscripsit,
814 3164 898 3217 vel
919 3149 1000 3217 de
1032 3149 1271 3231 mysti'co
1302 3162 1529 3216 lavacro
1562 3159 1913 3231 paenitentiae
1944 3149 1990 3207 Ο
2026 3159 2477 3231 interpretantur
2503 3149 3116 3231 baptismum,cum_sit
3141 3156 3218 3231 de
3239 3156 3549 3210 chrismate
3569 3167 3669 3209 seu

260 3240 303 3302 a_
325 3228 699 3302 Constantino
732 3240 1003 3302 perceptae
1027 3228 1372 3287 Nicomediae
1425 3231 1510 3284 vel
1535 3231 1605 3284 de
1628 3229 1914 3284 Constan-

259 3297 370 3351 tini
421 3301 531 3356 ﬁde
554 3297 863 3358 conﬁtente
891 3297 1277 3354 admissorum
1322 3302 1379 3354 in
1414 3302 1529 3355 vita
1571 3301 1907 3365 criminum,

228 3368 410 3421 'duas
445 3382 572 3422 esse
617 3370 986 3437 purgationes
1016 3387 1048 3423 a
1077 3370 1307 3427 Christo
1336 3373 1579 3426 Domino
1612 3372 1912 3426 institutas

264 3438 329 3492 iu
349 3438 753 3509 Sacramentis,
784 3452 953 3493 unam
989 3442 1300 3494 iterandam
1333 3455 1428 3509 per
1454 3455 1660 3497 arcana
1686 3442 1913 3497 scilicet

258 3507 506 3582 verhain
538 3509 870 3565 conﬁtentis
894 3523 958 3564 ac
980 3511 1313 3582 phenitentis
1333 3507 1715 3582 absolutione,
1735 3514 1909 3567 aliam

265 3580 735 3652 poniterandam
767 3595 863 3650 per
887 3580 1055 3652 viirha
1084 3588 1142 3636 et
1178 3582 1462 3637 lavacrum
1496 3583 1553 3636 in
1583 3580 1908 3652 baptismo;

264 3649 325 3723 id
369 3650 459 3704 illi
497 3652 867 3707 detorserant
904 3653 970 3723 ad
1017 3651 1215 3707 falsam
1252 3652 1608 3708 iterationem
1639 3649 1913 3723 baptismi

258 3719 641 3794 Constantino
671 3725 818 3790 patri
850 3721 1245 3794 aﬁingendam,
1283 3730 1345 3778 ut
1369 3736 1577 3788 veram,
1610 3730 1664 3778 et
1689 3719 1918 3779 sacrile-

263 3804 392 3861 gam
407 3793 745 3863 Constantio
772 3794 893 3849 ﬁlio
915 3794 1242 3863 suaderent,
1267 3795 1352 3849 vel
1385 3808 1414 3851 a
1442 3808 1503 3849 se
1526 3794 1639 3863 jam
1673 3795 1919 3850 adminio

262 3864 554 3945 strandam
573 3862 643 3917 ab
658 3866 1001 3945 auctoritate
1022 3862 1507 3936 superiOrisexem
1519 3862 1598 3935 pli
1616 3866 1719 3920 ded
1732 3875 1917 3921 actam

262 3944 391 3987 esse
422 3941 719 4002 jactarent.

343 4004 519 4077 Video
546 4006 855 4062 nonnullos
878 4008 1189 4077 scriptores
1218 4008 1289 4063 de
1309 4007 1655 4062 Arianorum
1686 4005 1920 4063 fraudi-

261 4070 377 4129 bus
408 4075 486 4129 ita
507 4088 631 4131 esse
662 4070 1094 4146 persuasos,'ut
1122 4078 1275 4133 hunc
1307 4080 1495 4148 ipsum
1520 4078 1755 4134 Eusebii
1790 4085 1920 4134 tex-

266 4149 389 4225 tum
421 4148 810 4225 suspicentur,
844 4150 976 4204 data
1007 4163 1200 4225 opera,
1234 4149 1462 4225 ah_illjs
1495 4150 1824 4225 mutilatum
1858 4151 1916 4205 in

269 4214 375 4268 lib.
405 4214 569 4290 inde
597 4218 725 4272 Vita
744 4214 1130 4284 Censtantini,
1163 4234 1283 4290 cap.
1305 4218 1361 4275 7.
1398 4223 1605 4288 Pagius
1627 4222 1833 4276 Junior
1850 4234 1921 4276 ex

264 4292 433 4362 tetro
457 4288 527 4362 de
553 4289 740 4344 Marca
786 4291 867 4362 ita
902 4292 1214 4362 censuij_in
1236 4288 1829 4362 Breviariogestorum
1860 4293 1915 4348 S.

266 4355 555 4434 Silvestri,
606 4373 763 4434 nium.
806 4358 896 4423 24,
932 4375 1055 4432 pag.
1081 4358 1179 4434 777,
1220 4376 1349 4434 cum
1379 4355 1649 4434 Gelasius
1683 4364 1920 4434 Cyzice-

268 4439 404 4497 nus,
432 4428 534 4483 lib.
556 4432 913 4487 iiHistoricai
930 4428 1628 4504 concilii'Nicaani,cap.5,
1646 4428 1918 4504 proﬁtea-

267 4504 389 4572 turg
415 4513 495 4572 se,
534 4504 972 4572 transcripsisse
1024 4516 1092 4558 ex
1129 4502 1384 4559 indicato
1413 4502 1660 4559 EuSehii‘
1694 4505 1819 4561 loco
1862 4514 1919 4561 et

263 4570 456 4637 capite
485 4571 605 4625 haec
631 4570 818 4637 verba,
851 4587 979 4643 quae
1011 4574 1181 4629 hodie
1212 4575 1270 4627 in
1301 4574 1545 4629 Eusebio
1573 4576 1917 4631 desideran-

266 4649 396 4694 tur:
433 4661 459 4692 «
494 4644 617 4710 Ipse
635 4645 788 4699 enim
816 4645 1026 4699 llosius
1051 4658 1119 4699 ex
1142 4645 1440 4713 Hispaniis
1467 4647 1722 4701 nominis
1739 4653 1794 4702 et
1823 4647 1916 4703 fa-

265 4722 372 4766 mae
400 4713 731 4786 celebritate
757 4716 1029 4786 insignis,
1055 4716 1154 4786 qui
1172 4716 1433 4771 Silvestri
1456 4717 1714 4785 episcopi
1743 4720 1916 4773 maxi-

269 4794 377 4856 mae
407 4783 804 4856 Romielocum
830 4783 1146 4851 obtinebat,
1176 4800 1289 4843 una
1320 4799 1449 4841 cum
1475 4783 1751 4843 Romanis
1782 4803 1918 4856 pre-

265 4850 520 4922 shyteris
554 4855 742 4911 Vitore
765 4864 820 4913 et
851 4857 1148 4913 Vincentio
1168 4871 1297 4913 cum
1317 4857 1455 4912 aliis
1488 4858 1688 4913 multis
1709 4850 1916 4915 incon-

265 4935 430 4979 sessu
463 4926 566 4981 illo
590 4925 800 4982 adfuit.
835 4947 861 4976 ι)

340 4995 613 5069 Praeterea
631 4999 776 5053 idem
814 4998 1025 5069 Pagius
1043 4999 1249 5055 Junior
1270 4998 1500 5055 dubitat
1516 5000 1573 5054 in
1587 4998 1722 5054 aliis
1740 5001 1914 5055 etiam

270 5063 517 5139 locisgde
538 5063 987 5139 interpolatione
1010 5077 1203 5126 textus
1232 5071 1494 5126 Eusebii.
1530 5071 1667 5125 Nam
1698 5071 1757 5125 in
1792 5071 1915 5126 Vita

267 5148 320 5211 ξ.
352 5136 614 5211 Fabiani,
648 5136 789 5211 niui,
822 5147 1119 5209 postquam
1162 5142 1494 5211 suspicatus
1523 5146 1609 5197 est
1633 5143 1794 5196 Actis
1842 5143 1910 5197 S.

262 5208 455 5281 Pontii
477 5211 676 5266 addita
697 5208 880 5267 fuisSe
912 5208 1209 5281 complura
1230 5208 1823 5276 fabulosa,descendit
1842 5213 1911 5268 ad

261 5277 498 5353 Eusebii
534 5288 772 5348 textum,
803 5283 874 5338 de
902 5296 1018 5353 quo
1045 5277 1124 5338 ita
1150 5283 1393 5339 scribit:
1437 5283 1591 5350 Quod
1620 5286 1812 5338 attinet
1840 5285 1917 5338 ad

261 5348 581 5424 Eusebium,
611 5355 696 5407 uel
715 5354 832 5422 ejus
855 5348 1105 5407 Historia
1140 5355 1210 5408 ab
1239 5356 1426 5424 aliqua
1447 5348 1525 5409 est
1559 5357 1909 5424 interpolata,

261 5422 406 5475 sicut
444 5424 562 5490 ejus
601 5424 902 5479 Chronicon
947 5425 1017 5479 ab
1056 5422 1404 5493 Hieronymo,
1449 5427 1535 5480 uel
1581 5422 1719 5485 certe
1750 5428 1913 5493 falsis

260 5494 577 5566 rumoribus
622 5496 876 5566 deceptus
916 5501 1013 5550 est.
1054 5497 1121 5550 1n
1170 5496 1430 5551 Chronico
1458 5500 1602 5551 enim
1631 5502 1907 5566 supponit.

266 5562 331 5615 in
382 5562 763 5639 celebratione
783 5567 1037 5621 ludorum
1064 5570 1413 5622 szwlarium
1455 5562 1916 5639 Philippi—[plura

264 5635 634 5699 gentilitatem
674 5639 976 5692 redolentia
1003 5643 1230 5708 peracta
1271 5654 1404 5702 esse,
1445 5635 1916 5708 quod'nianifeste

264 5710 544 5777 repugnat
588 5711 897 5762 narrationi
939 5711 1069 5763 libri
1107 5712 1250 5764 sexti
1290 5710 1410 5777 ejus
1455 5711 1715 5766 Historia:
1746 5731 1764 5767 :
1813 5711 1914 5767 ubi

271 5771 525 5856 (scilicet
556 5789 682 5846 cap.
731 5777 802 5834 36
832 5779 934 5856 lib.
972 5780 1050 5856 γι)
1081 5771 1332 5856 afﬁrmai
1375 5781 1705 5856 Philippum
1736 5782 1919 5839 fuisse

270 5844 690 5919 Christianum,
721 5855 780 5905 et
793 5863 863 5905 ex
887 5844 1135 5907 Eusebio
1159 5852 1215 5907 id
1243 5852 1437 5908 hausit
1456 5844 1836 5927 Hieronymus
1856 5857 1917 5911 in

2023 3227 2477 3284 conﬁrmationis
2507 3233 2861 3282 sacramento
2885 3228 3346 3295 intelligendum.

1996 3301 2010 3312 ‘
2094 3302 2174 3355 Ita
2213 3312 2343 3354 vero
2384 3298 2869 3365 interpretandam
2906 3311 3031 3352 esse
3062 3298 3295 3352 Eusebii
3323 3296 3669 3352 sententiam

1943 4557 1998 4617 1)

2022 3372 2417 3427 demonstrare
2440 3383 2525 3424 me
2548 3382 2710 3437 posse
2728 3375 2884 3437 puto.
2903 3370 3028 3423 Nisi
3050 3370 3204 3423 enim
3229 3369 3309 3423 ita
3329 3374 3667 3437 expoliatur,

2026 3442 2314 3498 fatendum
2348 3448 2495 3496 esset
2525 3440 2832 3497 Eusebium
2876 3441 2933 3494 in
2969 3440 3223 3495 Historia
3251 3440 3322 3494 de
3367 3440 3492 3493 Vita
3516 3438 3670 3494 Con-

2023 3512 2635 3570 stantinicontrarium
2661 3524 2784 3566 esse
2812 3510 3349 3578 sibimetipsialiter
3369 3509 3667 3572 scribenti,

2025 3593 2145 3641 tum
2193 3585 2251 3639 in
2295 3583 2602 3644 Chronico,
2641 3589 2759 3636 tum
2803 3582 2863 3637 in
2900 3582 3153 3637 Historia
3192 3581 3572 3636 ecclesiatica.
3607 3582 3669 3635 In

2027 3656 2133 3711 hac
2173 3655 2327 3710 enim
2356 3652 2604 3708 afﬁrmat
2631 3653 2755 3722 (lib.
2789 3654 2866 3719 vi,
2905 3666 3025 3723 cap.
3056 3650 3145 3721 34)
3189 3653 3519 3721 Philippum
3556 3652 3671 3706 im-

2029 3734 2340 3795 peratorem
2376 3725 2556 3780 tuisse
2579 3722 2989 3779 Christianum.
3021 3724 3170 3778 Idem
3194 3724 3371 3779 tradit
3403 3725 3461 3778 in
3484 3722 3670 3795 Chro—

2027 3793 2159 3852 nico
2202 3797 2271 3852 ad
2316 3809 2529 3851 annum
2576 3796 2701 3865 ejus
2732 3795 2962 3864 imperii
2999 3796 3269 3864 primum,
3310 3793 3671 3864 Olympiadis

2027 3882 2159 3923 vero
2186 3865 2295 3923 255
2318 3874 2609 3936 quartum,
2636 3866 2713 3921 ita
2742 3865 3039 3921 scribens:
3069 3887 3094 3936 ᾳ
3128 3866 3432 3935 Philippus
3458 3865 3673 3934 Philip-

2029 3952 2162 4008 pum
2178 3935 2359 3993 ﬁlium
2373 3952 2438 3991 su
2450 3952 2479 3992 u
2491 3952 2540 3992 m
2556 3943 2873 3993 consortem
2890 3937 3047 4007 regni
3066 3935 3222 4001 facit,
3234 3940 3549 4005 primusque
3561 3950 3673 3993 om-

2028 4007 2190 4065 nium
2221 4023 2289 4063 ex
2310 4008 2582 4064 Romanis
2614 4008 3059 4077 imperatoribus
3083 4008 3447 4063 Christianus
3479 4007 3612 4063 fuit.
3641 4025 3668 4058 »

2026 4082 2165 4136 Cum
2190 4080 2373 4149 igitur
2387 4080 2503 4133 haec
2521 4081 2770 4135 tradatet
2797 4080 2854 4133 in
2868 4093 2971 4134 sua
2994 4078 3675 4135 Historicarcclesiastica

2029 4159 2087 4207 et
2108 4152 2165 4206 in
2192 4164 2298 4205 suo
2326 4150 2610 4206 Chronico
2637 4164 2747 4220 qua
2786 4150 3005 4204 ratione
3044 4150 3320 4220 possetin
3364 4156 3671 4207 memorato

2034 4223 2182 4277 libro
2214 4235 2268 4275 ιν
2296 4221 2433 4276 Vitae
2465 4218 2846 4285 Constantini,
2893 4234 3016 4289 cap.
3044 4218 3106 4275 61
3143 4228 3199 4275 et
3227 4219 3316 4288 6’2,
3348 4234 3411 4275 ea
3438 4233 3673 4276 narrare

2029 4294 2099 4348 de
2132 4292 2414 4361 perceptis
2447 4292 2791 4347 Nicomediae
2833 4293 3226 4353 sacramentis,
3277 4299 3394 4347 tum
3426 4293 3670 4348 subdere

2036 4365 2149 4419 haec
2171 4364 2338 4418 verba
2371 4381 2383 4417 :
2420 4382 2446 4415 α
2487 4363 2646 4417 Solus
2685 4365 2866 4433 igitur
2894 4376 2961 4417 ex
2987 4364 3258 4418 omnibus
3288 4364 3385 4431 qui
3417 4376 3668 4433 unquam

2031 4433 2264 4491 fuerunt
2291 4433 2737 4502 imperatoribus
2753 4434 3165 4489 Constantinus
3196 4435 3255 4487 in
3280 4435 3496 4488 Christi
3530 4447 3671 4488 mar-

2030 4505 2197 4576 tyriis
2237 4512 2468 4560 renatus
2497 4512 2554 4576 et
2583 4512 2887 4560 renovatus
2927 4510 3033 4569 est,
3092 4511 3149 4557 et
3175 4505 3375 4559 divino
3423 4506 3671 4576 donatus

2027 4575 2328 4648 signaculo
2348 4575 2661 4648 exsultavit
2680 4576 2915 4648 spiritu,
2941 4579 3358 4648 renovatusque
3378 4581 3465 4629 est
3483 4588 3548 4629 ac
3572 4575 3673 4630 di-

2026 4644 2158 4703 vina
2192 4648 2320 4703 luce
2343 4647 2593 4715 repletus
2619 4648 2648 4700 τ
2680 4665 2706 4696 ››
2732 4646 2791 4701 Si
2823 4646 2940 4700 hac
2968 4644 3119 4699 nihil
3143 4644 3471 4714 signiﬁcant
3499 4659 3672 4715 quam

2026 4719 2397 4789 baptismum,
2422 4717 2706 4789 quomodo
2720 4717 2867 4771 solus
2892 4716 3048 4789 inter
3080 4716 3450 4789 imperatores
3471 4716 3673 4789 divino

2026 4785 2275 4846 donatus
2294 4785 2616 4859 signaculo,
2648 4788 2698 4842 si
2729 4787 2939 4843 saeculo
2962 4785 3134 4842 ferme
3154 4786 3342 4859 solido
3362 4794 3494 4842 ante
3517 4788 3674 4842 Con-

2026 4857 2577 4928 stantinumprimus
2607 4873 2637 4913 e
2658 4859 2930 4914 Romanis
2964 4857 3407 4927 imperatoribus
3430 4860 3677 4928 baptiza-

2028 4940 2122 4987 tus
2161 4930 2347 4987 fuerat
2395 4930 2698 5000 Philippus
2727 4937 2783 4985 et
2813 4931 3181 4984 Christianus
3211 4929 3472 4985 redditus
3506 4930 3673 4999 juxta

2028 5000 2377 5057 Eusebium?
2409 5003 2625 5071 Pugnat
2645 5014 2836 5057 secum
2866 5001 3260 5067 historicus,si
3289 5000 3673 5071 utrobiquedc

2026 5072 2296 5142 baptismi
2311 5078 2530 5127 tantum
2562 5072 2863 5142 signaculo
2878 5072 3217 5128 afﬁrmetur.
3249 5072 3381 5127 Atsi
3408 5073 3671 5129 divinum

2026 5143 2389 5214 signaculum
2419 5144 2549 5197 θείαν
2591 5145 2856 5213 σφραγῖδα,
2880 5151 2936 5198 et
2959 5144 3144 5195 τελεὶον
3191 5143 3515 5214 φυλακτήριον
3564 5144 3671 5198 Ni-

2024 5213 2296 5285 coiiiediaz
2344 5213 2457 5282 ipsi
2496 5214 2789 5279 collatum,
2832 5214 3224 5285 intelligamus
3254 5213 3670 5270 sacramentum

2025 5283 2506 5341 conﬁrmationis.
2541 5285 2637 5339 cui
2676 5283 3475 5353 pwnitentitesacramentum
3521 5299 3674 5355 prte-

2027 5354 2280 5426 miserit(
2299 5356 2448 5424 quod
2478 5355 2783 5426 Philippus
2803 5356 3111 5424 imperator
3139 5355 3342 5412 fecisse
3370 5370 3479 5412 non
3504 5354 3676 5413 tradi-

2026 5434 2123 5498 tur
2142 5427 2213 5481 ab
2246 5424 2574 5498 historico);
2596 5440 2717 5481 com
2730 5427 2963 5495 ponitur
2983 5434 3291 5498 utrumque
3309 5429 3527 5485 dictum
3553 5430 3674 5484 Eu-

2025 5497 2190 5563 sebii,
2226 5498 2515 5563 utprimus
2544 5497 2695 5551 inter
2726 5499 3099 5566 imperatores
3130 5499 3432 5567 Romanos,
3464 5500 3524 5554 in
3554 5501 3676 5555 Eu-

2023 5568 2171 5625 sebii
2217 5568 2522 5640 sententia,
2553 5567 2924 5640 Christianus
2960 5569 3039 5623 sit
3070 5567 3305 5624 elfectus
3339 5583 3436 5638 per
3477 5570 3678 5640 bapti-

2024 5653 2210 5696 smum
2246 5639 2589 5712 Philippus;
2623 5648 2687 5712 et
2719 5639 2865 5712 solus
2910 5640 3062 5712 inter
3086 5640 3457 5712 imperatores
3494 5639 3678 5712 usique

2025 5712 2095 5766 ad
2126 5708 2960 5781 atatemEusebiiChristiano
2993 5710 3109 5764 ritu
3133 5709 3426 5779 professus
3449 5708 3679 5781 publice

2031 5784 2420 5852 ptenitentiam
2450 5782 2710 5852 Magnus
2748 5780 3164 5836 Constantinus
3200 5794 3298 5851 per
3325 5797 3532 5838 arcana
3575 5796 3677 5839 sa-

2025 5850 2319 5909 cerdotum
2352 5850 2516 5908 verba
2540 5850 2600 5909 in
2621 5864 2687 5908 eo
2711 5859 3066 5908 sacramento
3099 5850 3396 5924 purgatus,
3425 5853 3676 5923 spiritus

3330 5939 3423 5998 50.
