4072 6176
338 300 478 360 4589

1210 299 1530 357 HISTORIA
1568 303 1659 357 DE
1696 301 1873 358 VlTlS
1908 300 2077 357 ROM.
2110 299 2309 356 PONT.
2338 331 2411 342 —
2437 303 2494 359 S.
2533 303 2919 360 SILVES'IER.

3608 300 3630 359 4
3640 303 3747 363 590

330 425 621 493 Jordanis,
649 437 748 492 spe
773 423 1077 480 ulterioris
1108 423 1419 493 profectus,
1443 423 1524 478 ita
1551 422 1779 495 ditierri
1808 421 1998 495 indul-
2017 425 2074 484 A
2107 421 2343 491 lepram,
2392 437 2425 479 a
2450 438 2563 494 quo
2606 426 2932 494 metaphora
2976 426 3405 495 Scripturarum
3445 425 3745 494 desumpta

335 504 513 569 geret.
546 495 882 569 Disciplina
908 500 1159 569 attamen
1190 502 1356 550 tenax
1390 494 1665 569 providit,
1696 507 1764 549 ne
1795 493 1994 550 unctio

333 565 533 639 aliqua
563 567 930 639 omitteretur
967 566 1140 639 etiam
1164 580 1293 621 cum
1319 565 1612 639 presbyter
1640 565 1989 639 baptizaret:

336 644 396 696 et
440 636 702 708 mysterii
761 636 1045 692 retinendi
1095 651 1266 692 causa
1293 637 1693 705 constituit,ut
1739 636 1997 708 baptiza-

335 714 452 766 tum
506 707 694 763 liniret
743 709 1030 777 presbyter
1072 708 1379 774 chrismate,
1435 709 1669 762 levatum
1719 707 1782 760 de
1820 721 1988 775 aqua,

340 781 489 853 quod
516 785 786 853 occurret
816 779 1079 853 sequenti
1102 780 1372 853 seetione.

411 853 684 906 Praterea
732 850 1103 919 disciplinam
1167 850 1435 906 Ecclesia
1465 849 1746 919 vigentem
1774 861 1901 919 suo,
1935 852 1992 919 et

337 922 599 980 Silvestri
627 921 862 983 saculo,
891 917 958 975 in
993 920 1334 976 chrismatis
1363 917 1719 976 sacramento
1749 917 1994 974 admini-

341 994 576 1050 strando
606 1005 718 1048 non
765 1005 988 1061 semper
1020 992 1182 1048 illico
1212 998 1338 1061 post
1364 992 1737 1059 baptismum,
1765 990 1864 1046 sed
1894 990 1992 1043 in—

341 1065 621 1134 terposito
650 1063 995 1133 quandoque
1035 1067 1141 1118 tem
1154 1078 1304 1132 pore,
1330 1064 1515 1118 varias
1542 1062 1614 1134 ob
1647 1075 1852 1134 causas
1894 1073 1993 1114 ra-

341 1132 672 1197 tionabiles,
700 1134 846 1191 satis
873 1132 1198 1203 expressam
1234 1134 1467 1190 exhibet
1493 1133 1661 1188 nobis
1690 1134 1747 1188 S.
1784 1132 1991 1203 Hiero—

346 1219 549 1276 nymus
580 1207 639 1260 in
669 1206 909 1276 Dialogo
926 1201 1203 1261 adversus
1228 1205 1644 1269 Luciferianos,
1668 1204 1768 1260 ubi
1790 1201 1994 1257 Ortho-

342 1278 527 1334 doxus
555 1276 800 1332 afﬁrmat
832 1290 846 1323 :
877 1297 903 1329 α
944 1278 1098 1330 Hanc
1127 1290 1250 1332 esse
1269 1277 1642 1332 ecclesiarum
1681 1277 1990 1330 consuetu-

342 1348 558 1416 dinem,
591 1348 769 1429 utuad
792 1348 1041 1429 eoshqui
1088 1347 1254 1429 longe
1302 1348 1362 1429 in
1396 1346 1720 1429 minoribus
1748 1343 1989 1429 urbibus

344 1432 442 1488 per
462 1418 818 1489 presbyteros
837 1424 892 1474 et
910 1416 1183 1474 diaconos
1194 1416 1472 1487 baptizati
1495 1423 1652 1485 sunt,
1680 1416 1989 1489 episcopus

341 1485 412 1546 ad
447 1485 866 1547 invocationem
900 1490 1085 1544 sancti
1107 1485 1381 1559 Spiritus,
1421 1502 1645 1543 manum
1676 1485 1990 1559 impositu—

342 1574 443 1616 rus
470 1566 739 1617 excurrat
771 1580 796 1610 ι)
829 1579 841 1614 :
873 1565 926 1615 et
960 1560 1131 1629 paulo
1159 1567 1285 1629 post
1311 1560 1418 1615 hoc
1445 1560 1591 1614 idem
1624 1558 1871 1613 nitidius
1900 1569 1991 1610 ex-

345 1631 587 1700 plicans,
619 1632 783 1687 docet
811 1650 823 1686 :
851 1651 876 1683 α
911 1633 1065 1685 Hanc
1096 1631 1547 1686 observationem
1591 1643 1658 1684 ex
1694 1642 1756 1683 ea
1783 1633 1988 1700 aucto—

342 1698 516 1757 ritate
540 1698 900 1769 descendere,
927 1702 1076 1772 quod
1111 1708 1238 1772 post
1258 1716 1555 1756 ascensum
1588 1698 1989 1772 DominiSpi—

340 1772 497 1828 ritus
526 1780 758 1829 sanctus
796 1774 864 1828 ad
896 1769 1186 1842 apostolos
1223 1773 1538 1838 descendit,
1574 1777 1637 1827 ut
1663 1770 1888 1826 scilicet
1927 1769 1985 1822 in

342 1842 582 1898 ecclesia
604 1845 950 1913 baptizatus,
985 1843 1100 1898 nisi
1129 1856 1226 1913 per
1257 1857 1460 1899 manus
1479 1843 1733 1912 episc0pi
1770 1854 1880 1896 non
1901 1853 1989 1894 ac-

342 1913 524 1982 cipiat
550 1914 835 1983 Spiritum
875 1920 1133 1969 sanctum
1156 1914 1236 1983 (in
1256 1919 1596 1968 sacramento
1615 1914 1989 1983 conﬁrmatio-

346 1985 455 2053 nis)
487 1982 653 2054 quem
685 1999 791 2040 nos
812 1986 1130 2041 asserimus
1161 1988 1220 2040 in
1246 1998 1376 2040 vero
1394 1985 1734 2054 baptismate
1761 1982 1943 2038 tribui
1969 1999 1982 2035 :

342 2059 398 2110 et
431 2055 561 2110 inde
598 2057 836 2122 veniret,
875 2063 936 2112 ut
961 2057 1087 2112 sine
1123 2056 1433 2113 chrismate
1481 2060 1538 2112 et
1566 2054 1820 2125 episcopi
1854 2054 1991 2125 jus-

345 2126 527 2197 sione,
571 2140 755 2197 neque
801 2127 1092 2197 presbyter
1126 2141 1307 2197 neque
1344 2124 1624 2183 diaconus
1648 2127 1745 2195 jus
1770 2124 1989 2197 habeat

345 2194 697 2265 baptizandi,
722 2194 873 2268 quod
902 2194 1246 2268 frequenter,
1277 2199 1327 2254 si
1350 2206 1533 2253 tamen
1564 2194 1877 2253 necessitas
1898 2208 1989 2268 co-

347 2273 460 2338 gat,
494 2269 711 2324 scimus
730 2266 901 2324 etiam
931 2266 1097 2325 licere
1119 2270 1308 2325 laicis.
1335 2288 1360 2319 n
1388 2269 1698 2338 Baptizatis
1723 2268 1906 2338 igitur
1928 2266 1987 2320 in

346 2338 579 2407 viculis,
607 2345 709 2394 aut
740 2340 799 2394 in
830 2339 1104 2399 castellis.
1151 2348 1251 2397 aut
1288 2342 1346 2395 in
1390 2339 1802 2396 remotioribus
1843 2338 1988 2393 locis

347 2422 446 2479 per
474 2409 831 2479 presbyteros
859 2417 916 2466 et
940 2412 1214 2467 diaconos
1244 2413 1329 2468 ait
1352 2411 1576 2467 evenire
1615 2415 1680 2466 ut
1702 2415 1833 2465 ante
1872 2409 1989 2479 vita

345 2478 765 2550 excedant,’seu
803 2483 1113 2550 dormiant,
1150 2498 1318 2553 quam
1352 2498 1449 2553 per
1477 2483 1809 2553 episcopum
1831 2478 1988 2553 invi-

348 2557 588 2622 santur:
624 2554 776 2608 unde
804 2559 979 2622 patet,
1014 2567 1125 2609 non
1154 2551 1425 2610 omnibus
1447 2551 1617 2609 etiam
1658 2551 1878 2607 adultis
1907 2551 1988 2604 il—

347 2621 459 2678 lico
491 2630 617 2692 post
645 2621 1018 2693 baptismum,
1045 2624 1293 2681 conferri
1325 2625 1692 2680 consuevisse
1713 2622 1987 2693 chrisma-

348 2694 424 2765 tis
448 2692 889 2763 sacramentum,
920 2697 1017 2751 sed
1043 2710 1145 2765 pro
1171 2697 1326 2751 varia
1357 2695 1784 2765 opportunitate
1801 2692 1989 2748 dilfer-

346 2764 420 2833 ri,
452 2772 515 2821 ut
541 2767 713 2821 etiam
745 2767 917 2822 hodie
943 2768 1006 2822 ﬁt
1029 2764 1540 2837 {quemadmodum
1570 2766 1826 2837 Spiritus
1849 2775 1991 2818 san—

344 2841 472 2890 ctus
492 2837 549 2891 in
576 2835 1134 2906 Actisapostolorum
1157 2839 1326 2893 datus
1342 2835 1838 2906 pluribusdiebus
1866 2838 1992 2906 post

343 2908 733 2963 ascensionem
786 2905 1032 2964 ’Domini
1086 2909 1231 2963 hanc
1301 2905 1669 2977 disciplinam
1727 2905 1990 2977 Ecclesia

346 2980 688 3034 monstravit
732 2980 1149 3048 attemperandi
1199 2975 1561 3034 collationem
1630 2975 1986 3048 chrismatis.

345 3061 447 3120 seu
475 3046 933 3106 conﬁrmationis
947 3051 1286 3105 sacramenti
1306 3052 1470 3120 juxta
1501 3046 1988 3120 opportunitatem

2025 1792 2075 1852 Β
2099 1775 2398 1852 terpolata.

2105 500 2213 565 est,
2247 495 2408 550 valde
2438 496 2721 565 suspicor.
2752 497 3114 551 Consuetudo
3140 497 3288 552 enim
3320 498 3444 565 ejus
3473 495 3741 551 translati

2106 564 2348 637 verbiin
2372 564 2689 636 Scripturis
2714 567 2781 621 ad
2814 573 3037 636 peccata
3063 564 3440 637 signiﬁcanda
3466 567 3739 633 adhibiti,

2105 648 2233 707 cum
2269 636 2479 705 lepram
2529 651 2561 691 a
2601 638 2755 706 lepra
2786 636 3144 707 distinguere
3174 640 3240 692 ad
3274 637 3522 693 cilicium
3548 651 3745 693 sacer-

2103 705 2258 761 dotis
2270 707 2536 772 refertur;
2554 709 2631 763 ita
2647 705 2753 763 iam
2766 708 2863 762 ilia
2874 705 3086 762 riserat
3099 709 3527 764 atateSilvestri
3544 710 3745 764 etCono

2104 778 2375 848 stantini,
2406 785 2469 834 ut
2499 779 2908 835 ecclesiasticis
2933 779 3077 833 viris
3114 780 3322 848 passim
3355 786 3746 834 assumeretur

2103 847 2269 903 etiam
2326 847 2383 904 in
2439 850 2733 906 dictandis
2763 849 3082 904 canonibus
3124 849 3542 920 conciliorum:
3589 850 3741 920 quod

2107 920 2474 992 perspicuum
2510 921 2572 975 ﬁt
2606 920 2929 992 legentibus
2959 934 3232 975 canonem
3266 917 3333 974 l7
3360 917 3745 992 concilii—An-

2103 991 2300 1059 cyrani
2332 991 2440 1047 sub
2470 990 2765 1056 Silvestro,
2804 993 2883 1046 ita
2913 998 3271 1059 conceptum,
3302 1003 3367 1046 ac
3390 990 3583 1045 Latine
3606 991 3745 1046 red—

2103 1062 2290 1117 ditum
2317 1080 2329 1116 :
2360 1083 2385 1113 «
2415 1065 2524 1119 Eos
2551 1065 2651 1132 qui
2685 1061 3168 1118 irrationabiliter
3194 1062 3468 1130 vixerint,
3499 1069 3555 1116 et
3585 1061 3745 1130 lepra

2104 1133 2287 1189 inusti
2317 1134 2585 1190 criminis
2604 1134 2752 1190 alios
2778 1133 3114 1202 polluerint,
3142 1132 3406 1202 pracepit
3438 1136 3634 1187 sancta
3660 1146 3747 1201 sy—

2101 1203 2289 1262 nodus
2315 1206 2464 1260 inter
2488 1218 2584 1260 eos
2605 1218 2784 1274 orare,
2811 1205 2910 1274 qui
2937 1204 3151 1272 spiritu
3190 1203 3597 1274 periclitantur
3627 1203 3748 1258 im-—

2103 1276 2337 1333 mundo.
2364 1295 2390 1326 »
2424 1278 2601 1345 Lepra
2630 1277 2809 1343 igitur
2833 1273 3165 1340 eriminum,
3200 1288 3312 1330 non
3344 1273 3499 1342 lepra
3532 1286 3743 1345 corpo-

2103 1350 2186 1404 ris
2210 1343 2544 1403 mundatum
2563 1347 3362 1402 exhibebantConstantinum
3389 1345 3613 1399 sincera
3643 1343 3745 1399 illa
3808 1350 3815 1355 ‘

2098 1420 2440 1476 documenta
2495 1432 2620 1487 qua
2667 1416 3025 1473 describebat
3064 1423 3264 1472 auctor
3294 1415 3530 1471 secundi
3579 1420 3745 1487 cata-

2100 1490 2242 1558 lOgi,
2265 1495 2321 1544 et
2351 1502 2477 1542 cum
2507 1485 2572 1544 eo
2597 1489 3084 1544 Bibliothecarius
3104 1489 3161 1542 in
3184 1488 3289 1543 hoc
3316 1499 3586 1558 numero,_
3603 1485 3742 1558 dum

2100 1509 2158 1547 lO
2204 1509 2242 1558 Ι,
2265 1509 2321 1544 ει
2351 1509 2477 1542 cum
2507 1509 2572 1544 ευ
2597 1509 3084 1544 ῡιωιυίιιευδωυδ
3104 1509 3161 1542 Ill
3184 1509 3289 1543 llUC
3316 1509 3571 1547 ιιυιιιθω,
3603 1509 3742 1540 υυω

2099 1509 2474 1627 adfirmabant,
2536 1574 2569 1614 a
2628 1560 2904 1615 Silvestre
2958 1572 3095 1628 papa
3161 1558 3507 1627 baptizatum
3563 1556 3743 1628 fuisse

2098 1632 2539 1690 Constantinum
2584 1630 2929 1701 Augustum,
2960 1627 3004 1681 λι
3038 1627 3222 1699 quem
3267 1629 3490 1701 curavit
3540 1627 3745 1701 Domi-

2100 1719 2210 1760 nus
2239 1716 2332 1774 per
2364 1697 2712 1774 baptismum
2740 1715 2770 1755 a
2794 1700 2969 1774 lepra.
3008 1719 3032 1749 ι)
3064 1697 3204 1755 Acta
3227 1697 3744 1774 Silvestrinonin-

2445 1768 2738 1841 probabile
2762 1768 3065 1827 admodum
3109 1778 3214 1833 est,
3249 1770 3398 1825 nihil
3441 1770 3593 1825 ultra
3626 1768 3745 1841 hac

2096 1839 2266 1902 verba
2305 1839 2486 1898 fuisse
2507 1843 2836 1912 complexa;
2869 1856 2999 1898 cum
3033 1841 3180 1896 nihil
3212 1841 3303 1896 his
3324 1841 3598 1912 adjecerit
3620 1839 3746 1912 Au-

2097 1924 2221 1973 ctor
2250 1914 2484 1972 secundi
2520 1910 2787 1984 cata'logi,
2817 1913 3085 1984 nihilque
3113 1910 3744 1984 addideritBibliothe-

2097 1989 2292 2044 carius
2322 1985 2568 2042 ﬁdeliter
2590 1980 2977 2040 transcribens
2995 1980 3250 2052 phrasim
3278 1983 3487 2052 passim
3514 1980 3746 2036 adhibi-

2100 2065 2212 2115 tam
2244 2072 2343 2129 per
2372 2069 2494 2122 eam
2525 2056 3026 2129 atatemetiamin
3054 2068 3271 2129 canone
3285 2053 3518 2129 concilii
3552 2053 3744 2121 Ancy-

2099 2125 2259 2186 rani.’
2296 2131 2468 2184 Vetus
2515 2128 2709 2183 arcani
2741 2126 3074 2195 disciplina,
3112 2126 3170 2179 in
3218 2125 3508 2194 mysteriis
3545 2135 3745 2177 sacra-

2100 2207 2418 2258 mentorum
2478 2199 2811 2263 tractandis,
2844 2205 3009 2252 caute
3066 2196 3330 2266 proloqui
3375 2195 3634 2266 studens,
3689 2200 3744 2247 et

2100 2272 2472 2343 profanorum
2523 2270 2726 2343 oculis
2789 2264 3080 2343 occultare
3135 2264 3390 2343 ﬁdelium
3454 2264 3742 2343 sanctiora

2098 2333 2473 2405 theoremata,
2519 2340 2598 2396 ita
2636 2346 2967 2397 assueverat
2998 2340 3083 2395 uti
3129 2337 3427 2393 translatis
3456 2333 3740 2404 ejusmodi

2098 2412 2517 2479 locutionibus,
2542 2412 2827 2482 expressis
2847 2411 2904 2465 in
2930 2410 3150 2466 divinis
3184 2409 3412 2482 litteris,
3439 2416 3502 2462 ut
3530 2405 3744 2482 passim

2098 2500 2193 2541 eas
2215 2477 2513 2541 adhiberet
2537 2477 2804 2553 tanquam
2836 2482 3120 2551 proprias,
3148 2481 3269 2553 sive
3288 2484 3363 2553 Aut
3383 2477 3742 2553 prppriarum

2095 2556 2550 2626 aquipollentes,
2584 2560 2640 2609 et
2656 2547 3012 2626 quandoque
3035 2553 3093 2607 in
3116 2547 3750 2626 signiﬁcandeuexpedi-

2100 2619 2298 2688 tiores,
2327 2628 2493 2697 juxta
2542 2619 2832 2681 monitum
2873 2619 2937 2678 ΒΪ
2974 2619 3296 2697 Augustini
3332 2622 3424 2697 .inr
3457 2620 3624 2697 libris
3672 2619 3744 2697 _de

2097 2689 2372 2754 Doctrina
2410 2697 2757 2752 Christiana.
2793 2698 2918 2750 Hac
2954 2689 3161 2749 deinde
3202 2694 3466 2762 dogmata
3516 2689 3741 2762 ﬁguris,

2100 2784 2167 2825 ac
2182 2769 2482 2825 translatis
2502 2768 2723 2822 inclusa
2738 2766 3008 2821 fidelibus
3026 2760 3305 2820 distincte
3314 2777 3379 2817 ex
3389 2760 3746 2831 ponebantur

2102 2855 2202 2910 per
2227 2841 2550 2910 sacerdotes
2578 2853 2795 2910 arcana
2824 2837 3385 2910 duc-trina_mysteriis_
3416 2835 3743 2885 illSti‘Ut'tOS.’

2101 2904 2247 2980 quos
2266 2911 2435 2980 etiam
2453 2907 2797 2980 adhibuisse
2812 2905 3249 2980 Constantinum
3273 2904 3342 2957 ab
3372 2905 3494 2972 ipSu
3519 2914 3747 2980 conver-

2099 2972 2289 3034 sionis
2332 2978 2504 3033 initio
2546 2978 2710 3032 docet
2734 2975 3039 3031 Eusebius.
3067 2977 3341 3043 Tempora
3376 2987 3506 3028 vero
3532 2972 3745 3043 subse-

2099 3054 2233 3105 cuta
2284 3063 2353 3104 ex
2402 3049 2663 3119 mysticis
2716 3060 2782 3119 ac
2840 3042 3251 3119 metaphoricis
3325 3042 3742 3119 locutio_nibus,

345 3118 457 3190 loci
483 3134 549 3175 ac
595 3122 887 3190 temporis,
941 3122 1165 3177 cateris
1221 3113 1558 3176 muneribus
1580 3113 1676 3171 'ab
1719 3116 1988 3190 episcopo
2020 3126 2068 3187 ί]
2097 3121 2420 3189 compendii
2442 3113 2635 3186 causa,
2670 3113 3010 3190 substitutis
3043 3117 3405 3190 prepriorum
3440 3113 3740 3190 verborum

345 3188 647 3260 obeundis,
675 3186 775 3248 aut
800 3186 991 3248 causis
1010 3193 1315 3260 dilationis
1334 3190 1404 3242 ab
1432 3191 1556 3260 ipso
1577 3186 1986 3260 approbandis.

343 3261 464 3316 Non
505 3256 689 3333 igitur
706 3264 1125 3333 mirumvideri
1144 3258 1339 3333 debet,
1365 3259 1415 3313 si
1446 3256 1637 3333 eadem
1665 3256 1986 3333 disciplina

339 3344 487 3383 usus
515 3327 603 3382 e'st
625 3333 827 3382 beatus
847 3328 1119 3383 Silvester
1141 3330 1199 3382 in
1224 3329 1561 3383 reservanda
1582 3327 1986 3397 opportuniori

342 3397 490 3466 loco,
518 3411 584 3452 ac
615 3403 866 3466 tempore
907 3398 1345 3453 conﬁrmatione
1392 3399 1780 3467 Constantini,
1812 3411 1984 3468 quam

342 3469 404 3524 in
436 3468 670 3524 exordio
698 3468 967 3540 Ecclesia
984 3483 1016 3525 a
1044 3470 1269 3540 Spiritu
1294 3475 1492 3526 sancto
1511 3469 1792 3540 apostolis
1812 3468 1992 3524 tradi-

341 3545 456 3596 tam
482 3539 875 3610 cognoscebat.

412 3612 537 3667 Stat
604 3612 788 3683 igitur
848 3624 1072 3683 summa
1153 3612 1442 3668 dictorum
1517 3625 1645 3668 cum
1727 3610 1988 3683 legitimo

340 3696 515 3738 sensu
544 3681 882 3737 Eusébiaua
905 3682 1176 3738 Historia
1204 3688 1260 3739 et
1300 3683 1697 3753 Chronologia
1726 3681 1809 3739 de'
1836 3682 1984 3753 Vita,

340 3758 503 3809 atate
539 3765 619 3824 ac
661 3753 947 3821 baptismo
1002 3755 1062 3808 B.
1119 3755 1341 3810 Helena
1396 3760 1452 3810 et
1492 3754 1878 3824 Constantini,
1932 3762 1991 3812 et

339 3823 689 3898 conciliatur
726 3838 856 3898 cum
899 3825 1232 3881 Nestoriani
1277 3835 1332 3881 et
1378 3827 1595 3898 Malala
1625 3827 1986 3898 chronogra-

340 3895 497 3965 phia,
543 3895 981 3966 ettnarratione,
1035 3902 1090 3951 et
1144 3911 1271 3952 cum
1330 3897 1767 3954 Bibliothecarii
1801 3895 1980 3966 textu,

337 3964 766 4046 asserentihus;
817 3966 1170 4036 baptizatum
1208 3966 1410 4046 fuisse
1461 3964 1982 4046 a_Silvestro_papa

336 4038 499 4108 pium
551 4035 718 4092 illum
749 4035 1147 4107 imperatorem
1206 4039 1266 4093 in
1308 4038 1448 4094 urbe
1476 4040 1653 4095 Roma
1681 4040 1751 4094 ad
1807 4035 1980 4093 Late-

342 4121 443 4165 ran
455 4121 569 4164 um.

407 4179 726 4260 Sinautem
750 4179 978 4260 phrasis
1016 4179 1264 4260 Eusebio
1294 4186 1570 4260 usurpata
1604 4180 1828 4260 lavacro
1860 4193 1985 4260 pa—

338 4251 631 4322 nitentia,
670 4263 736 4305 ac
765 4251 836 4305 de
874 4251 1176 4322 signaculo
1207 4251 1663 4307 conﬁrmationis
1697 4251 1983 4306 transfor—

339 4321 558 4376 manda
585 4321 712 4388 ejus
740 4324 1039 4378 sententia
1072 4335 1268 4377 ansam
1299 4322 1460 4378 dedit
1484 4323 1739 4388 Arianis,
1771 4322 1827 4377 id
1869 4335 1981 4378 non

337 4398 425 4462 est
449 4392 593 4447 vitio
636 4393 964 4449 vertendum
1002 4393 1301 4461 historico,
1330 4393 1425 4448 sed
1454 4393 1829 4448 abutentibus
1857 4393 1982 4462 ejus

336 4460 583 4517 historia
614 4463 673 4517 in
717 4464 1100 4532 patrocinium
1133 4460 1383 4519 erroris:
1417 4465 1664 4532 posteris
1704 4476 1833 4520 vero
1872 4460 1981 4517 ab-

334 4548 481 4616 usus
495 4532 999 4616 illeimprudenter
1013 4535 1309 4604 imposuit,
1325 4550 1452 4616 cum
1470 4535 1830 4616 illegitimam
1849 4534 1977 4603 pla~

333 4605 654 4675 giariorum
695 4606 1101 4672 detorsionem,
1145 4620 1247 4675 pro
1282 4613 1434 4662 recto
1464 4605 1774 4662 scribentis
1803 4617 1975 4661 sensu

333 4676 710 4731 admiserunt.
743 4678 966 4746 Imponi
993 4683 1180 4748 autem
1229 4678 1494 4748 posteris,
1535 4677 1793 4748 sequiori
1821 4690 1972 4747 pra-

330 4748 533 4803 sertim
588 4752 769 4809 atate,
819 4761 930 4803 non
980 4747 1097 4803 fuit
1146 4747 1383 4803 diﬂicile
1444 4750 1547 4805 hac
1600 4747 1659 4804 in
1701 4748 1967 4818 historia,

330 4824 529 4891 vexata
561 4822 645 4872 tot
692 4818 920 4891 artibus
942 4818 1389 4891 hareticorum:
1439 4820 1653 4891 quibus
1684 4819 1971 4891 tribuitur

330 4889 573 4944 mutatio
626 4890 882 4945 nominis
926 4890 1247 4946 Constantii
1310 4893 1369 4946 in
1415 4889 1853 4948 constantinum
1912 4890 1968 4944 in

330 4964 488 5016 textu
516 4959 821 5016 Athanasii
848 4962 918 5016 de
936 4961 1199 5031 Synodis,
1234 4975 1452 5019 necnon
1482 4962 1794 5032 Ambrosii,
1812 4960 1970 5016 Zosi-

329 5032 428 5099 mi,
493 5031 765 5097 Socratis,
822 5032 1117 5088 Sozomeni
1172 5034 1294 5089 loca
1362 5035 1421 5089 in
1483 5033 1725 5090 dubium
1784 5031 1970 5089 revo—

325 5109 472 5184 cata,
501 5107 558 5157 et
594 5116 630 5184 a_
655 5102 897 5184 Duronio
925 5116 1183 5184 excussa,
1209 5105 1294 5184 uti
1324 5119 1393 5184 ex
1424 5106 1599 5177 Pagio
1628 5104 1968 5173 adnotabam

328 5173 502 5228 initio
540 5179 803 5229 notarum
834 5174 1239 5231 historicarum
1280 5178 1339 5231 in
1375 5173 1530 5232 hunc
1557 5190 1882 5233 numerum.

393 5245 507 5299 Nec
535 5244 850 5318 dissimilis
899 5245 1327 5303 transformatio
1352 5250 1649 5304 sententia
1674 5250 1963 5318 suspicari

325 5321 510 5385 potest
536 5316 781 5371 deducta
834 5330 902 5371 ex
952 5318 1111 5372 Actis
1171 5317 1455 5382 Silvestri,
1509 5334 1641 5376 cum
1687 5316 1817 5376 vero
1854 5323 1959 5379 ba-

322 5389 537 5457 ptismo
556 5400 655 5456 per
669 5388 928 5444 eumdem
945 5388 1349 5446 administrate
1375 5389 1597 5445 Helena
1618 5397 1673 5447 et
1692 5391 1964 5450 Constan-

321 5457 487 5538 tino,
508 5458 755 5538 admista
771 5465 872 5538 est
905 5458 1076 5527 lepra
1112 5462 1337 5538 curatio
1368 5478 1381 5514 :
1416 5465 1629 5538 quain
1669 5463 1831 5538 Actis
1856 5479 1960 5537 ge—

323 5528 632 5606 nui_nis_,_ut
659 5530 934 5606 arbitror,
951 5528 1520 5606 _memoraubatur,sed
1551 5533 1716 5606 longe
1735 5528 1961 5592 diversa

318 5601 605 5654 sententia
624 5613 689 5655 ac
713 5601 927 5675 legitur
948 5602 1007 5656 in
1038 5603 1484 5675 transformatis.
1511 5606 1590 5660 Ex
1617 5601 1812 5675 phrasi
1836 5621 1962 5663 con-

320 5675 505 5753 sueta,
534 5684 663 5753 qua
685 5673 1357 5753 sordesmentishpeccati
1375 5673 1960 5753 _reatu_n_btata_lepra

319 5740 552 5813 nomine
581 5740 726 5797 solet
740 5743 1075 5813 exprimere,
1094 5740 1469 5801 Constantino
1495 5748 1760 5805 additum
1776 5740 1962 5805 fuisse

319 5812 715 5884 imprudenter
758 5813 1015 5872 morbum
1058 5812 1336 5885 [corporis
1362 5816 1824 5891 elephantiasim,
1857 5834 1961 5877 seu

2102 3184 2258 3261 usui,
2308 3205 2505 3246 ansam
2537 3184 3237 3261 quandoqueobtulerunt
3278 3184 3618 3261 lectoribus,
3645 3195 3744 3238 se-

2099 3255 2328 3333 quioris
2374 3255 2688 3330 praesertim
2741 3255 2948 3328 atatis,
2995 3272 3213 3333 suoque
3261 3265 3438 3333 marte
3496 3255 3654 3310 ausis
3678 3266 3744 3308 ea

2101 3329 2511 3404 interpretari;
2544 3340 2603 3388 ut
2633 3333 2853 3404 ineptas
2894 3330 3264 3404 narrationes
3293 3329 3640 3383 deducerent
3673 3337 3742 3404 ex

2101 3396 2363 3476 ignorata
2397 3406 2452 3460 vi
2483 3396 2747 3459 translati
2794 3401 2997 3476 verbi,_
3017 3401 3182 3470 longe
3210 3400 3447 3476 diverso
3467 3412 3639 3454 sensu
3669 3396 3742 3453 ab

2102 3471 2204 3533 illo
2238 3477 2423 3546 primo
2453 3475 2737 3544 scriptore
2756 3472 3026 3546 adhibiti,
3052 3485 3118 3546 ac
3142 3471 3585 3546 perciperetur_a
3611 3480 3740 3526 sero

2099 3541 2300 3618 aliquo
2325 3541 2779 3618 transcriptore:
2815 3542 3147 3618 quideiude
3175 3555 3366 3618 ausus
3391 3554 3515 3618 sese
3542 3541 3598 3594 in
3626 3554 3739 3618 au-

2099 3612 2309 3675 ctorem
2338 3619 2560 3689 erigere
2582 3612 2965 3673 admirabilis
3007 3613 3263 3689 alicujus
3310 3612 3571 3667 historia
3599 3612 3738 3689 aliis

2102 3691 2396 3761 ignorata,
2432 3682 2709 3761 “inventa
2737 3699 2861 3761 sua
2909 3683 3257 3761 venditabat,
3316 3690 3418 3761 aut
3467 3682 3740 3761 assuebat

2099 3754 2349 3816 véterum
2374 3758 2825 3827 narrationibus,
2849 3758 2927 3813 ita
2948 3763 3013 3811 ut
3034 3757 3090 3810 in
3119 3754 3419 3827 nonnullis
3432 3754 3738 3827 codicibus

2096 3832 2332 3888 additus
2347 3832 2668 3901 reperiatur
2681 3824 2955 3901 numerus
2969 3827 3143 3882 trium
3161 3826 3407 3901 millium
3429 3824 3736 3901 infantium

2097 3903 2166 3957 ad
2199 3896 2465 3958 balneum
2498 3900 2859 3958 Constantini
2884 3899 3055 3968 lepra
3078 3897 3391 3969 parandum
3412 3896 3738 3969 crudeliter

2096 3975 2549 4042 mactandorum,
2580 3985 2744 4042 quem
2772 3985 2804 4026 a
2828 3970 3131 4027 codicibus
3156 3968 3456 4038 castigatis
3487 3979 3739 4022 resecan-

2092 4044 2227 4100 dum
2257 4046 2485 4099 censuit
2508 4057 2646 4099 cura
2676 4042 3018 4112 diligentior
3042 4046 3420 4112 posterorum.

2162 4114 2467 4185 Quidpiam
2500 4115 2680 4185 igitur
2704 4108 2899 4185 simile
2928 4108 3442 4185 procusum_fuisse
3471 4108 3738 4178 suspicor

2092 4199 2161 4241 ex
2205 4182 2402 4255 phrasi
2431 4193 2488 4241 et
2519 4182 2847 4253 metaphora
2900 4185 3061 4252 lepra
3085 4182 3557 4255 perhbaptismum
3584 4195 3740 4237 mun-

2091 4252 2236 4311 data
2262 4258 2320 4312 in
2344 4257 2592 4312 historia
2613 4252 2975 4311 Constantini
2997 4268 3029 4310 a
3046 4257 3153 4309 sim
3166 4252 3396 4321 pliciori
3417 4252 3619 4320 aliquo
3640 4264 3734 4305 ar-

2094 4328 2248 4384 tiﬁce
2268 4328 2777 4399 sequiorisavi,ac
2794 4326 2938 4382 illud
2962 4322 3731 4399 vetustiusadditamentum,

2092 4400 2243 4468 quod
2278 4393 2472 4455 minus
2495 4393 2691 4455 felices
2721 4399 3062 4467 interpretes
3083 4396 3343 4452 historia
3372 4393 3728 4461 Eusebiana,

2091 4470 2211 4525 sive
2240 4472 2412 4526 etiam
2443 4471 2643 4526 Ariani
2689 4470 2938 4525 studiosi
2968 4469 3094 4536 ejus
3123 4471 3490 4536 corruptores
3518 4477 3731 4536 procure

2004 4525 2058 4586 D
2088 4525 2639 4597 dendum’curarunt
2669 4541 2727 4595 in
2755 4525 3267 4611 gratiam'gregalis
3286 4525 3379 4590 sui
3404 4525 3729 4611 Constantii

2085 4612 2156 4668 de
2208 4611 2494 4681 baptismo
2551 4605 3275 4681 Nicomédiensiﬁsumpta
3315 4605 3613 4681 occasione
3660 4618 3730 4660 ex

2088 4677 2417 4751 metaphora
2462 4682 2715 4748 Eusebii,
2763 4694 2875 4751 qua
2906 4679 3154 4748 spiritus
3196 4677 3728 4751 purgationembper

2081 4748 2546 4825 exom'OIOgesim,
2579 4767 2689 4825 seu;
2724 4748 3114 4825 paenitentiam
3155 4752 3370 4825 nomine
3414 4748 3639 4825 ιᾳυιιωιί2
3672 4752 3729 4825 et

2081 4817 2496 4881 sacramentum
2536 4817 3010 4879 confirmationis
3069 4834 3167 4890 per
3221 4817 3558 4876 vocabulum
3617 4817 3727 4887 ipsi

2079 4909 2378 4951 commune
2396 4909 2524 4950 cum
2544 4894 2849 4964 baptismo,
2873 4906 3071 4962 nempe
3087 4893 3265 4946 divini
3283 4891 3577 4964 signaculi,
3597 4891 3727 4950 θείας

2081 4970 2363 5037 σφραγῖδος,
2394 4969 2465 5022 de
2491 4961 2868 5021 Constantino
2902 4961 3142 5034 loquens
3171 4961 3474 5037 expressit.

2150 5031 2440 5108 Neque'ex
2470 5037 2661 5093 verbis
2705 5031 2992 5108 Chronici'
3026 5031 3338 5108 Eusebiani
3400 5032 3457 5086 in
3487 5031 3725 5088 addita—

2081 5105 2269 5165 mento
2328 5109 2655 5178 Hieronymi
2704 5107 3020 5178 quidquam
3074 5105 3371 5175 proﬁcient
3411 5110 3726 5159 assertores

2077 5180 2350 5251 baptismi
2366 5180 2843 5251 Nicomediensis.
2859 5181 2996 5233 Nam
3012 5179 3389 5251 Hieronymus
3402 5187 3515 5229 non
3528 5188 3721 5239 suum,

2075 5247 2169 5307 sed
2226 5252 2458 5307 Eusebii
2508 5250 2852 5307 Chronicum
2920 5250 3116 5304 Latine
3168 5247 3431 5310 reddens,
3493 5251 3549 5300 et
3597 5251 3726 5314 post

2074 5323 2407 5378 Vicennalia
2445 5322 2808 5377 Constantini
2849 5322 2928 5391 (in
2966 5319 3183 5390 quibus
3217 5318 3569 5391 Chro‘nicum
3599 5317 3723 5372 Eu-

2072 5393 2217 5449 sebii
2244 5392 2561 5463 desinebat)
2588 5394 2834 5449 ulterius
2857 5388 3204 5463 'producens,
3234 5403 3302 5463 ex
3327 5388 3580 5463 ejusdem
3612 5400 3724 5444 au—

2070 5465 2249 5521 ctoris
2276 5458 2552 5534 historia,
2572 5465 2808 5521 totidem
2837 5458 3028 5519 verbis
3053 5461 3308 5517 reddidit
3336 5458 3721 5534 metaphoram

2072 5537 2349 5593 salutaris
2387 5530 2621 5605 lavacri,
2669 5536 2717 5590 si
2759 5535 2829 5589 de
2859 5530 3598 5605 sacramentopauitentia
3619 5543 3724 5605 ea-j

2071 5609 2196 5664 dem
2227 5609 2445 5678 prolata
2462 5601 2731 5677 credidit,
2746 5601 3426 5678 velsuppletossolemnis
3446 5601 3723 5671 baptismi

2072 5674 2242 5734 ritus'
2272 5680 2322 5734 si
2352 5677 2500 5734 forte
2538 5692 2690 5733 more
2723 5674 3190 5746 compendiario,
3232 5680 3287 5729 et
3331 5674 3574 5743 privato,
3607 5687 3721 5729 non

2073 5763 2237 5805 secus
2263 5764 2328 5805 ac
2366 5749 2833 5806 decumbentium
2870 5747 3218 5818 agritudine
3247 5746 3718 5802 administratum

2072 5820 2421 5890 baptismum
2443 5830 2609 5877 antea
2640 5819 2969 5890 supposuit,
3000 5819 3140 5875 utin
3162 5818 3464 5888 aliquibus
3496 5828 3723 5885 magno-
