  <div class='ocr_page' id='page_1' title='image "/cluster/home/n/w/nwhite01/storage/ocr_20150623/127/coo.31924054870328/013.png"; bbox 0 0 4154 6440; ppageno 0'>
   <div class='ocr_carea' id='block_1_1' title="bbox 476 367 3736 439">
    <p class='ocr_par' dir='ltr' id='par_1_1' title="bbox 476 367 3736 439">
     <span class='ocr_line' id='line_1_1' title="bbox 476 367 3736 439; baseline 0 -3"><span class='ocrx_word' id='word_1_1' title='bbox 476 367 528 438; x_wconf 75' lang='grc' dir='ltr'>Η</span> <span class='ocrx_word' id='word_1_2' title='bbox 1679 372 2239 437; x_wconf 66' lang='grc' dir='ltr'><strong>ΒΕΒΞΟᾹΤΙΟΝΕΞ</strong></span> <span class='ocrx_word' id='word_1_3' title='bbox 2280 377 2517 436; x_wconf 69' lang='lat' dir='ltr'><strong>LIBRI.</strong></span> <span class='ocrx_word' id='word_1_4' title='bbox 3668 375 3736 439; x_wconf 72' lang='lat'><strong>12</strong></span> 
     </span>
    </p>
   </div>
   <div class='ocr_carea' id='block_1_2' title="bbox 471 485 3730 557">
    <p class='ocr_par' dir='ltr' id='par_1_2' title="bbox 471 485 3730 557">
     <span class='ocr_line' id='line_1_2' title="bbox 471 485 3730 557; baseline 0.001 -19"><span class='ocrx_word' id='word_1_5' title='bbox 471 488 660 540; x_wconf 58' lang='lat' dir='ltr'><strong>Verbis</strong></span> <span class='ocrx_word' id='word_1_6' title='bbox 709 487 930 542; x_wconf 80' lang='lat' dir='ltr'><strong>aeribus</strong></span> <span class='ocrx_word' id='word_1_7' title='bbox 968 485 1359 555; x_wconf 68' lang='lat' dir='ltr'><strong>expostulat&quot;,</strong></span> <span class='ocrx_word' id='word_1_8' title='bbox 1398 485 1497 540; x_wconf 76' lang='lat' dir='ltr'><strong>viri</strong></span> <span class='ocrx_word' id='word_1_9' title='bbox 1552 485 1636 541; x_wconf 86' lang='lat' dir='ltr'><strong>sui</strong></span> <span class='ocrx_word' id='word_1_10' title='bbox 1690 486 1857 539; x_wconf 90' lang='lat' dir='ltr'><strong>nimia</strong></span> <span class='ocrx_word' id='word_1_11' title='bbox 1926 486 2190 541; x_wconf 82' lang='lat' dir='ltr'><strong>modestia</strong></span> <span class='ocrx_word' id='word_1_12' title='bbox 2233 488 2552 555; x_wconf 71' lang='lat' dir='ltr'><strong>contigisse,</strong></span> <span class='ocrx_word' id='word_1_13' title='bbox 2585 497 2643 540; x_wconf 92' lang='lat' dir='ltr'><strong>ut</strong></span> <span class='ocrx_word' id='word_1_14' title='bbox 2689 486 2901 555; x_wconf 88' lang='lat' dir='ltr'><strong>imperii</strong></span> <span class='ocrx_word' id='word_1_15' title='bbox 2952 486 3232 541; x_wconf 64' lang='lat' dir='ltr'><strong>successio</strong></span> <span class='ocrx_word' id='word_1_16' title='bbox 3274 494 3393 557; x_wconf 87' lang='lat' dir='ltr'><strong>post</strong></span> <span class='ocrx_word' id='word_1_17' title='bbox 3443 500 3730 541; x_wconf 69' lang='lat' dir='ltr'><strong>CX&quot;CSSUIII</strong></span> 
     </span>
    </p>
   </div>
   <div class='ocr_carea' id='block_1_3' title="bbox 474 571 3730 644">
    <p class='ocr_par' dir='ltr' id='par_1_3' title="bbox 474 571 3730 644">
     <span class='ocr_line' id='line_1_3' title="bbox 474 571 3730 644; baseline -0 -17"><span class='ocrx_word' id='word_1_18' title='bbox 474 575 650 627; x_wconf 77' lang='lat' dir='ltr'><strong>Alexii</strong></span> <span class='ocrx_word' id='word_1_19' title='bbox 699 574 868 641; x_wconf 90' lang='lat' dir='ltr'><strong>patris</strong></span> <span class='ocrx_word' id='word_1_20' title='bbox 903 574 970 627; x_wconf 89' lang='lat' dir='ltr'><strong>ad</strong></span> <span class='ocrx_word' id='word_1_21' title='bbox 1018 571 1286 627; x_wconf 81' lang='lat' dir='ltr'><strong>Joannem</strong></span> <span class='ocrx_word' id='word_1_22' title='bbox 1323 573 1507 644; x_wconf 86' lang='lat' dir='ltr'><strong>potius</strong></span> <span class='ocrx_word' id='word_1_23' title='bbox 1554 572 1805 638; x_wconf 82' lang='lat' dir='ltr'><strong>fratrem,</strong></span> <span class='ocrx_word' id='word_1_24' title='bbox 1843 573 1967 629; x_wconf 70' lang='lat' dir='ltr'><strong>licet</strong></span> <span class='ocrx_word' id='word_1_25' title='bbox 2024 572 2300 642; x_wconf 83' lang='lat' dir='ltr'><strong>juniorem</strong></span> <span class='ocrx_word' id='word_1_26' title='bbox 2348 592 2410 625; x_wconf 88' lang='lat' dir='ltr'><strong>ae</strong></span> <span class='ocrx_word' id='word_1_27' title='bbox 2448 581 2571 640; x_wconf 89' lang='lat' dir='ltr'><strong>post</strong></span> <span class='ocrx_word' id='word_1_28' title='bbox 2608 587 2667 626; x_wconf 89' lang='lat' dir='ltr'><strong>se</strong></span> <span class='ocrx_word' id='word_1_29' title='bbox 2719 589 2825 625; x_wconf 90' lang='lat' dir='ltr'><strong>non</strong></span> <span class='ocrx_word' id='word_1_30' title='bbox 2865 576 3042 626; x_wconf 88' lang='lat' dir='ltr'><strong>solum</strong></span> <span class='ocrx_word' id='word_1_31' title='bbox 3091 583 3297 637; x_wconf 85' lang='lat' dir='ltr'><strong>natam,</strong></span> <span class='ocrx_word' id='word_1_32' title='bbox 3343 573 3437 626; x_wconf 87' lang='lat' dir='ltr'><strong>sed</strong></span> <span class='ocrx_word' id='word_1_33' title='bbox 3468 572 3631 626; x_wconf 90' lang='lat' dir='ltr'><strong>etiam</strong></span> <span class='ocrx_word' id='word_1_34' title='bbox 3664 577 3730 627; x_wconf 90' lang='lat' dir='ltr'><strong>ad</strong></span> 
     </span>
    </p>
   </div>
   <div class='ocr_carea' id='block_1_4' title="bbox 477 659 3732 731">
    <p class='ocr_par' dir='ltr' id='par_1_4' title="bbox 477 659 3732 731">
     <span class='ocr_line' id='line_1_4' title="bbox 477 659 3732 731; baseline 0.001 -17"><span class='ocrx_word' id='word_1_35' title='bbox 477 662 770 730; x_wconf 75' lang='lat' dir='ltr'><strong>imperium</strong></span> <span class='ocrx_word' id='word_1_36' title='bbox 831 660 1172 731; x_wconf 82' lang='lat' dir='ltr'><strong>designatam</strong></span> <span class='ocrx_word' id='word_1_37' title='bbox 1226 660 1515 730; x_wconf 87' lang='lat' dir='ltr'><strong>genitum,</strong></span> <span class='ocrx_word' id='word_1_38' title='bbox 1554 660 1937 723; x_wconf 66' lang='lat' dir='ltr'><strong>delaberetur;</strong></span> <span class='ocrx_word' id='word_1_39' title='bbox 1980 659 2126 729; x_wconf 88' lang='lat' dir='ltr'><strong>jure,</strong></span> <span class='ocrx_word' id='word_1_40' title='bbox 2167 662 2310 729; x_wconf 85' lang='lat' dir='ltr'><strong>quod</strong></span> <span class='ocrx_word' id='word_1_41' title='bbox 2361 677 2423 712; x_wconf 76' lang='lat' dir='ltr'><strong>ex</strong></span> <span class='ocrx_word' id='word_1_42' title='bbox 2475 661 2831 728; x_wconf 78' lang='lat' dir='ltr'><strong>przerogativa</strong></span> <span class='ocrx_word' id='word_1_43' title='bbox 2869 662 3082 725; x_wconf 80' lang='lat' dir='ltr'><strong>:etatis;</strong></span> <span class='ocrx_word' id='word_1_44' title='bbox 3115 678 3234 731; x_wconf 89' lang='lat' dir='ltr'><strong>spe,</strong></span> <span class='ocrx_word' id='word_1_45' title='bbox 3284 677 3446 726; x_wconf 91' lang='lat' dir='ltr'><strong>quam</strong></span> <span class='ocrx_word' id='word_1_46' title='bbox 3475 677 3505 714; x_wconf 93' lang='lat' dir='ltr'><strong>e</strong></span> <span class='ocrx_word' id='word_1_47' title='bbox 3538 663 3732 717; x_wconf 80' lang='lat' dir='ltr'><strong>matris</strong></span> 
     </span>
    </p>
   </div>
   <div class='ocr_carea' id='block_1_5' title="bbox 478 747 3731 819">
    <p class='ocr_par' dir='ltr' id='par_1_5' title="bbox 478 747 3731 819">
     <span class='ocr_line' id='line_1_5' title="bbox 478 747 3731 819; baseline 0.001 -19"><span class='ocrx_word' id='word_1_48' title='bbox 478 748 661 802; x_wconf 85' lang='lat' dir='ltr'><strong>studio</strong></span> <span class='ocrx_word' id='word_1_49' title='bbox 699 757 754 801; x_wconf 89' lang='lat' dir='ltr'><strong>et</strong></span> <span class='ocrx_word' id='word_1_50' title='bbox 792 761 1154 819; x_wconf 81' lang='lat' dir='ltr'><strong>cognatorum</strong></span> <span class='ocrx_word' id='word_1_51' title='bbox 1203 762 1302 817; x_wconf 89' lang='lat' dir='ltr'><strong>pro</strong></span> <span class='ocrx_word' id='word_1_52' title='bbox 1341 763 1400 803; x_wconf 90' lang='lat' dir='ltr'><strong>se</strong></span> <span class='ocrx_word' id='word_1_53' title='bbox 1433 747 1841 817; x_wconf 88' lang='lat' dir='ltr'><strong>conjurautium</strong></span> <span class='ocrx_word' id='word_1_54' title='bbox 1879 748 2155 801; x_wconf 82' lang='lat' dir='ltr'><strong>voluntate</strong></span> <span class='ocrx_word' id='word_1_55' title='bbox 2194 758 2398 801; x_wconf 87' lang='lat' dir='ltr'><strong>certam</strong></span> <span class='ocrx_word' id='word_1_56' title='bbox 2437 748 2711 811; x_wconf 80' lang='lat' dir='ltr'><strong>habebat,</strong></span> <span class='ocrx_word' id='word_1_57' title='bbox 2748 747 3126 817; x_wconf 84' lang='lat' dir='ltr'><strong>intempestiva</strong></span> <span class='ocrx_word' id='word_1_58' title='bbox 3162 748 3345 801; x_wconf 89' lang='lat' dir='ltr'><strong>mariti</strong></span> <span class='ocrx_word' id='word_1_59' title='bbox 3384 748 3731 818; x_wconf 77' lang='lat' dir='ltr'><strong>philosophia</strong></span> 
     </span>
    </p>
   </div>
   <div class='ocr_carea' id='block_1_6' title="bbox 479 834 3729 906">
    <p class='ocr_par' dir='ltr' id='par_1_6' title="bbox 479 834 3729 906">
     <span class='ocr_line' id='line_1_6' title="bbox 479 834 3729 906; baseline 0 -17"><span class='ocrx_word' id='word_1_60' title='bbox 479 836 751 901; x_wconf 81' lang='lat' dir='ltr'><strong>corruptis</strong></span> <span class='ocrx_word' id='word_1_61' title='bbox 787 850 851 890; x_wconf 90' lang='lat' dir='ltr'><strong>ac</strong></span> <span class='ocrx_word' id='word_1_62' title='bbox 898 835 1152 905; x_wconf 88' lang='lat' dir='ltr'><strong>proditis.</strong></span> <span class='ocrx_word' id='word_1_63' title='bbox 1198 836 1474 889; x_wconf 83' lang='lat' dir='ltr'><strong>Adversus</strong></span> <span class='ocrx_word' id='word_1_64' title='bbox 1507 835 1649 888; x_wconf 90' lang='lat' dir='ltr'><strong>hanc</strong></span> <span class='ocrx_word' id='word_1_65' title='bbox 1699 834 2136 888; x_wconf 82' lang='lat' dir='ltr'><strong>criminationem</strong></span> <span class='ocrx_word' id='word_1_66' title='bbox 2175 838 2262 888; x_wconf 75' lang='lat' dir='ltr'><strong>vix</strong></span> <span class='ocrx_word' id='word_1_67' title='bbox 2294 845 2379 890; x_wconf 87' lang='lat' dir='ltr'><strong>est</strong></span> <span class='ocrx_word' id='word_1_68' title='bbox 2424 846 2481 889; x_wconf 91' lang='lat' dir='ltr'><strong>ut</strong></span> <span class='ocrx_word' id='word_1_69' title='bbox 2520 837 2658 891; x_wconf 80' lang='lat' dir='ltr'><strong>satis</strong></span> <span class='ocrx_word' id='word_1_70' title='bbox 2698 834 3068 906; x_wconf 82' lang='lat' dir='ltr'><strong>Nicephorum</strong></span> <span class='ocrx_word' id='word_1_71' title='bbox 3110 853 3210 891; x_wconf 91' lang='lat' dir='ltr'><strong>sua</strong></span> <span class='ocrx_word' id='word_1_72' title='bbox 3244 839 3422 891; x_wconf 88' lang='lat' dir='ltr'><strong>virtus</strong></span> <span class='ocrx_word' id='word_1_73' title='bbox 3456 846 3674 891; x_wconf 88' lang='lat' dir='ltr'><strong>tueatur</strong></span> <span class='ocrx_word' id='word_1_74' title='bbox 3713 852 3729 889; x_wconf 90' lang='lat'>:</span> 
     </span>
    </p>
   </div>
   <div class='ocr_carea' id='block_1_7' title="bbox 483 919 3730 993">
    <p class='ocr_par' dir='ltr' id='par_1_7' title="bbox 483 919 3730 993">
     <span class='ocr_line' id='line_1_7' title="bbox 483 919 3730 993; baseline 0.001 -17"><span class='ocrx_word' id='word_1_75' title='bbox 483 922 837 992; x_wconf 88' lang='lat' dir='ltr'><strong>popularibus</strong></span> <span class='ocrx_word' id='word_1_76' title='bbox 877 922 961 975; x_wconf 87' lang='lat' dir='ltr'><strong>vel</strong></span> <span class='ocrx_word' id='word_1_77' title='bbox 989 922 1327 992; x_wconf 66' lang='lat' dir='ltr'><strong>pra&#39;judiciis</strong></span> <span class='ocrx_word' id='word_1_78' title='bbox 1369 921 1448 975; x_wconf 76' lang='lat' dir='ltr'><strong>vel</strong></span> <span class='ocrx_word' id='word_1_79' title='bbox 1486 920 1685 975; x_wconf 88' lang='lat' dir='ltr'><strong>studiis</strong></span> <span class='ocrx_word' id='word_1_80' title='bbox 1726 919 2014 974; x_wconf 82' lang='lat' dir='ltr'><strong>ambitioni</strong></span> <span class='ocrx_word' id='word_1_81' title='bbox 2065 922 2313 976; x_wconf 84' lang='lat' dir='ltr'><strong>mulieris</strong></span> <span class='ocrx_word' id='word_1_82' title='bbox 2339 924 2541 990; x_wconf 88' lang='lat' dir='ltr'><strong>potius,</strong></span> <span class='ocrx_word' id='word_1_83' title='bbox 2577 939 2741 992; x_wconf 89' lang='lat' dir='ltr'><strong>quam</strong></span> <span class='ocrx_word' id='word_1_84' title='bbox 2774 925 2874 978; x_wconf 88' lang='lat' dir='ltr'><strong>viri</strong></span> <span class='ocrx_word' id='word_1_85' title='bbox 2926 925 3291 979; x_wconf 79' lang='lat' dir='ltr'><strong>moderationi</strong></span> <span class='ocrx_word' id='word_1_86' title='bbox 3327 924 3730 993; x_wconf 80' lang='lat' dir='ltr'><strong>sullragaturis.</strong></span> 
     </span>
    </p>
   </div>
   <div class='ocr_carea' id='block_1_8' title="bbox 481 1008 3731 1083">
    <p class='ocr_par' dir='ltr' id='par_1_8' title="bbox 481 1008 3731 1083">
     <span class='ocr_line' id='line_1_8' title="bbox 481 1008 3731 1083; baseline 0.001 -22"><span class='ocrx_word' id='word_1_87' title='bbox 481 1012 557 1062; x_wconf 80' lang='lat' dir='ltr'><strong>Ac</strong></span> <span class='ocrx_word' id='word_1_88' title='bbox 586 1025 777 1078; x_wconf 90' lang='lat' dir='ltr'><strong>parum</strong></span> <span class='ocrx_word' id='word_1_89' title='bbox 810 1010 967 1063; x_wconf 90' lang='lat' dir='ltr'><strong>abest</strong></span> <span class='ocrx_word' id='word_1_90' title='bbox 989 1011 1120 1078; x_wconf 89' lang='lat' dir='ltr'><strong>quin</strong></span> <span class='ocrx_word' id='word_1_91' title='bbox 1150 1009 1253 1078; x_wconf 85' lang='lat' dir='ltr'><strong>ipsi</strong></span> <span class='ocrx_word' id='word_1_92' title='bbox 1278 1009 1442 1063; x_wconf 85' lang='lat' dir='ltr'><strong>etiam</strong></span> <span class='ocrx_word' id='word_1_93' title='bbox 1479 1008 1747 1072; x_wconf 84' lang='lat' dir='ltr'><strong>historici,</strong></span> <span class='ocrx_word' id='word_1_94' title='bbox 1774 1023 1912 1077; x_wconf 86' lang='lat' dir='ltr'><strong>quos</strong></span> <span class='ocrx_word' id='word_1_95' title='bbox 1942 1009 2224 1077; x_wconf 72' lang='lat' dir='ltr'><strong>sapientia-</strong></span> <span class='ocrx_word' id='word_1_96' title='bbox 2257 1026 2482 1064; x_wconf 78' lang='lat' dir='ltr'><strong>causam</strong></span> <span class='ocrx_word' id='word_1_97' title='bbox 2510 1012 2790 1082; x_wconf 81' lang='lat' dir='ltr'><strong>suscipere</strong></span> <span class='ocrx_word' id='word_1_98' title='bbox 2819 1012 3071 1076; x_wconf 75' lang='lat' dir='ltr'><strong>decebat,</strong></span> <span class='ocrx_word' id='word_1_99' title='bbox 3100 1012 3370 1067; x_wconf 71' lang='lat' dir='ltr'><strong>socordize</strong></span> <span class='ocrx_word' id='word_1_100' title='bbox 3397 1014 3731 1083; x_wconf 84' lang='lat' dir='ltr'><strong>Bryenniunt</strong></span> 
     </span>
    </p>
   </div>
   <div class='ocr_carea' id='block_1_9' title="bbox 478 1097 3733 1170">
    <p class='ocr_par' dir='ltr' id='par_1_9' title="bbox 478 1097 3733 1170">
     <span class='ocr_line' id='line_1_9' title="bbox 478 1097 3733 1170; baseline 0.001 -18"><span class='ocrx_word' id='word_1_101' title='bbox 478 1116 543 1152; x_wconf 81' lang='lat' dir='ltr'><strong>ac</strong></span> <span class='ocrx_word' id='word_1_102' title='bbox 564 1101 807 1167; x_wconf 85' lang='lat' dir='ltr'><strong>stuporis</strong></span> <span class='ocrx_word' id='word_1_103' title='bbox 840 1100 943 1153; x_wconf 90' lang='lat' dir='ltr'><strong>hoc</strong></span> <span class='ocrx_word' id='word_1_104' title='bbox 982 1099 1204 1152; x_wconf 87' lang='lat' dir='ltr'><strong>nomine</strong></span> <span class='ocrx_word' id='word_1_105' title='bbox 1258 1098 1599 1151; x_wconf 80' lang='lat' dir='ltr'><strong>insimulent.</strong></span> <span class='ocrx_word' id='word_1_106' title='bbox 1639 1097 1737 1151; x_wconf 86' lang='lat' dir='ltr'><strong>Ille</strong></span> <span class='ocrx_word' id='word_1_107' title='bbox 1793 1105 1974 1149; x_wconf 88' lang='lat' dir='ltr'><strong>tamen</strong></span> <span class='ocrx_word' id='word_1_108' title='bbox 2014 1097 2157 1151; x_wconf 91' lang='lat' dir='ltr'><strong>haud</strong></span> <span class='ocrx_word' id='word_1_109' title='bbox 2204 1100 2507 1153; x_wconf 87' lang='lat' dir='ltr'><strong>concidens</strong></span> <span class='ocrx_word' id='word_1_110' title='bbox 2534 1102 2741 1164; x_wconf 91' lang='lat' dir='ltr'><strong>animo,</strong></span> <span class='ocrx_word' id='word_1_111' title='bbox 2786 1101 2930 1155; x_wconf 89' lang='lat' dir='ltr'><strong>hanc</strong></span> <span class='ocrx_word' id='word_1_112' title='bbox 2970 1102 3326 1170; x_wconf 84' lang='lat' dir='ltr'><strong>quantumvis</strong></span> <span class='ocrx_word' id='word_1_113' title='bbox 3363 1100 3637 1156; x_wconf 79' lang='lat' dir='ltr'><strong>difﬁcilem</strong></span> <span class='ocrx_word' id='word_1_114' title='bbox 3669 1116 3733 1155; x_wconf 88' lang='lat' dir='ltr'><strong>ac</strong></span> 
     </span>
    </p>
   </div>
   <div class='ocr_carea' id='block_1_10' title="bbox 408 1172 3734 1258">
    <p class='ocr_par' dir='ltr' id='par_1_10' title="bbox 408 1172 3734 1258">
     <span class='ocr_line' id='line_1_10' title="bbox 408 1172 3734 1258; baseline -0 -15"><span class='ocrx_word' id='word_1_115' title='bbox 408 1240 415 1243; x_wconf 95' lang='lat'>_</span> <span class='ocrx_word' id='word_1_116' title='bbox 481 1193 821 1254; x_wconf 69' lang='lat' dir='ltr'><strong>desperatam</strong></span> <span class='ocrx_word' id='word_1_117' title='bbox 866 1185 1170 1239; x_wconf 79' lang='lat' dir='ltr'><strong>evicturum</strong></span> <span class='ocrx_word' id='word_1_118' title='bbox 1213 1198 1272 1239; x_wconf 90' lang='lat' dir='ltr'><strong>se</strong></span> <span class='ocrx_word' id='word_1_119' title='bbox 1311 1199 1534 1238; x_wconf 83' lang='lat' dir='ltr'><strong>causam</strong></span> <span class='ocrx_word' id='word_1_120' title='bbox 1568 1184 1730 1254; x_wconf 87' lang='lat' dir='ltr'><strong>plane</strong></span> <span class='ocrx_word' id='word_1_121' title='bbox 1770 1183 2031 1250; x_wconf 83' lang='lat' dir='ltr'><strong>confidit,</strong></span> <span class='ocrx_word' id='word_1_122' title='bbox 2058 1193 2110 1239; x_wconf 91' lang='lat' dir='ltr'><strong>te</strong></span> <span class='ocrx_word' id='word_1_123' title='bbox 2150 1186 2341 1254; x_wconf 87' lang='lat' dir='ltr'><strong>utique</strong></span> <span class='ocrx_word' id='word_1_124' title='bbox 2370 1186 2613 1254; x_wconf 87' lang='lat' dir='ltr'><strong>arbitra,</strong></span> <span class='ocrx_word' id='word_1_125' title='bbox 2639 1187 2800 1258; x_wconf 84' lang='lat' dir='ltr'><strong>cujus</strong></span> <span class='ocrx_word' id='word_1_126' title='bbox 2833 1172 2924 1257; x_wconf 84' lang='lat' dir='ltr'><strong>qui</strong></span> <span class='ocrx_word' id='word_1_127' title='bbox 2971 1204 3171 1244; x_wconf 87' lang='lat' dir='ltr'><strong>sensus</strong></span> <span class='ocrx_word' id='word_1_128' title='bbox 3192 1189 3269 1243; x_wconf 89' lang='lat' dir='ltr'><strong>sit</strong></span> <span class='ocrx_word' id='word_1_129' title='bbox 3297 1187 3516 1244; x_wconf 87' lang='lat' dir='ltr'><strong>futurus</strong></span> <span class='ocrx_word' id='word_1_130' title='bbox 3549 1188 3602 1242; x_wconf 94' lang='lat' dir='ltr'><strong>in</strong></span> <span class='ocrx_word' id='word_1_131' title='bbox 3638 1186 3734 1244; x_wconf 77' lang='lat' dir='ltr'><strong>tali</strong></span> 
     </span>
    </p>
   </div>
   <div class='ocr_carea' id='block_1_11' title="bbox 481 1270 3732 1345">
    <p class='ocr_par' dir='ltr' id='par_1_11' title="bbox 481 1270 3732 1345">
     <span class='ocr_line' id='line_1_11' title="bbox 481 1270 3732 1345; baseline 0.002 -22"><span class='ocrx_word' id='word_1_132' title='bbox 481 1274 893 1336; x_wconf 73' lang='lat' dir='ltr'><strong>controversia,</strong></span> <span class='ocrx_word' id='word_1_133' title='bbox 926 1280 1055 1341; x_wconf 89' lang='lat' dir='ltr'><strong>post</strong></span> <span class='ocrx_word' id='word_1_134' title='bbox 1097 1286 1161 1324; x_wconf 85' lang='lat' dir='ltr'><strong>ea</strong></span> <span class='ocrx_word' id='word_1_135' title='bbox 1207 1285 1330 1339; x_wconf 65' lang='lat' dir='ltr'><strong>quae</strong></span> <span class='ocrx_word' id='word_1_136' title='bbox 1385 1270 1591 1324; x_wconf 89' lang='lat' dir='ltr'><strong>mundo</strong></span> <span class='ocrx_word' id='word_1_137' title='bbox 1628 1271 1833 1324; x_wconf 91' lang='lat' dir='ltr'><strong>dudum</strong></span> <span class='ocrx_word' id='word_1_138' title='bbox 1883 1270 2234 1340; x_wconf 88' lang='lat' dir='ltr'><strong>applaudenti</strong></span> <span class='ocrx_word' id='word_1_139' title='bbox 2283 1273 2421 1328; x_wconf 86' lang='lat' dir='ltr'><strong>mira</strong></span> <span class='ocrx_word' id='word_1_140' title='bbox 2447 1275 2747 1343; x_wconf 83' lang='lat' dir='ltr'><strong>specimina</strong></span> <span class='ocrx_word' id='word_1_141' title='bbox 2792 1275 3008 1330; x_wconf 85' lang='lat' dir='ltr'><strong>edidisti</strong></span> <span class='ocrx_word' id='word_1_142' title='bbox 3057 1275 3345 1342; x_wconf 65' lang='lat' dir='ltr'><strong>sapientiae</strong></span> <span class='ocrx_word' id='word_1_143' title='bbox 3387 1285 3732 1345; x_wconf 87' lang='lat' dir='ltr'><strong>sceptrorum</strong></span> 
     </span>
    </p>
   </div>
   <div class='ocr_carea' id='block_1_12' title="bbox 481 1358 3737 1429">
    <p class='ocr_par' dir='ltr' id='par_1_12' title="bbox 481 1358 3737 1429">
     <span class='ocr_line' id='line_1_12' title="bbox 481 1358 3737 1429; baseline 0.002 -17"><span class='ocrx_word' id='word_1_144' title='bbox 481 1360 917 1429; x_wconf 70' lang='lat' dir='ltr'><strong>contemptricis,</strong></span> <span class='ocrx_word' id='word_1_145' title='bbox 952 1358 1202 1413; x_wconf 85' lang='lat' dir='ltr'><strong>dubitare</strong></span> <span class='ocrx_word' id='word_1_146' title='bbox 1250 1374 1411 1413; x_wconf 91' lang='lat' dir='ltr'><strong>nemo</strong></span> <span class='ocrx_word' id='word_1_147' title='bbox 1446 1371 1642 1428; x_wconf 74' lang='lat' dir='ltr'><strong>pou-st.</strong></span> <span class='ocrx_word' id='word_1_148' title='bbox 1685 1362 1862 1429; x_wconf 81' lang='lat' dir='ltr'><strong>Atque</strong></span> <span class='ocrx_word' id='word_1_149' title='bbox 1897 1359 2040 1413; x_wconf 89' lang='lat' dir='ltr'><strong>idem</strong></span> <span class='ocrx_word' id='word_1_150' title='bbox 2082 1359 2348 1415; x_wconf 83' lang='lat' dir='ltr'><strong>hactenus</strong></span> <span class='ocrx_word' id='word_1_151' title='bbox 2379 1370 2591 1415; x_wconf 87' lang='lat' dir='ltr'><strong>tantum</strong></span> <span class='ocrx_word' id='word_1_152' title='bbox 2630 1362 2715 1415; x_wconf 92' lang='lat' dir='ltr'><strong>sui</strong></span> <span class='ocrx_word' id='word_1_153' title='bbox 2748 1362 2931 1417; x_wconf 80' lang='lat' dir='ltr'><strong>meriti</strong></span> <span class='ocrx_word' id='word_1_154' title='bbox 2962 1363 3299 1417; x_wconf 90' lang='lat' dir='ltr'><strong>conscientia</strong></span> <span class='ocrx_word' id='word_1_155' title='bbox 3338 1364 3554 1426; x_wconf 88' lang='lat' dir='ltr'><strong>nititur,</strong></span> <span class='ocrx_word' id='word_1_156' title='bbox 3588 1372 3644 1417; x_wconf 93' lang='lat' dir='ltr'><strong>ut</strong></span> <span class='ocrx_word' id='word_1_157' title='bbox 3676 1379 3737 1418; x_wconf 85' lang='lat' dir='ltr'><strong>se</strong></span> 
     </span>
    </p>
   </div>
   <div class='ocr_carea' id='block_1_13' title="bbox 481 1447 3733 1519">
    <p class='ocr_par' dir='ltr' id='par_1_13' title="bbox 481 1447 3733 1519">
     <span class='ocr_line' id='line_1_13' title="bbox 481 1447 3733 1519; baseline 0.001 -19"><span class='ocrx_word' id='word_1_158' title='bbox 481 1447 896 1513; x_wconf 87' lang='lat' dir='ltr'><strong>absolvendum,</strong></span> <span class='ocrx_word' id='word_1_159' title='bbox 952 1457 1005 1501; x_wconf 88' lang='lat' dir='ltr'><strong>te</strong></span> <span class='ocrx_word' id='word_1_160' title='bbox 1056 1447 1263 1515; x_wconf 86' lang='lat' dir='ltr'><strong>judice,</strong></span> <span class='ocrx_word' id='word_1_161' title='bbox 1307 1459 1521 1501; x_wconf 83' lang='lat' dir='ltr'><strong>Crl&#39;luttt</strong></span> <span class='ocrx_word' id='word_1_162' title='bbox 1557 1447 1792 1514; x_wconf 82' lang='lat' dir='ltr'><strong>habeat;</strong></span> <span class='ocrx_word' id='word_1_163' title='bbox 1831 1447 2059 1501; x_wconf 87' lang='lat' dir='ltr'><strong>minime</strong></span> <span class='ocrx_word' id='word_1_164' title='bbox 2097 1463 2227 1503; x_wconf 87' lang='lat' dir='ltr'><strong>vero</strong></span> <span class='ocrx_word' id='word_1_165' title='bbox 2271 1458 2333 1501; x_wconf 84' lang='lat' dir='ltr'><strong>ut</strong></span> <span class='ocrx_word' id='word_1_166' title='bbox 2381 1449 2626 1518; x_wconf 74' lang='lat' dir='ltr'><strong>aspirare</strong></span> <span class='ocrx_word' id='word_1_167' title='bbox 2666 1449 2814 1504; x_wconf 87' lang='lat' dir='ltr'><strong>ausit</strong></span> <span class='ocrx_word' id='word_1_168' title='bbox 2858 1449 2926 1504; x_wconf 91' lang='lat' dir='ltr'><strong>ad</strong></span> <span class='ocrx_word' id='word_1_169' title='bbox 2974 1449 3343 1519; x_wconf 55' lang='lat' dir='ltr'><strong>aequalitatem</strong></span> <span class='ocrx_word' id='word_1_170' title='bbox 3378 1450 3557 1505; x_wconf 80' lang='lat' dir='ltr'><strong>laudis</strong></span> <span class='ocrx_word' id='word_1_171' title='bbox 3603 1460 3733 1505; x_wconf 67' lang='lat' dir='ltr'><strong>tuae.</strong></span> 
     </span>
    </p>
   </div>
   <div class='ocr_carea' id='block_1_14' title="bbox 481 1528 3734 1606">
    <p class='ocr_par' dir='ltr' id='par_1_14' title="bbox 481 1528 3734 1606">
     <span class='ocr_line' id='line_1_14' title="bbox 481 1528 3734 1606; baseline 0.002 -20"><span class='ocrx_word' id='word_1_172' title='bbox 481 1534 684 1603; x_wconf 84' lang='lat' dir='ltr'><strong>Nempe</strong></span> <span class='ocrx_word' id='word_1_173' title='bbox 710 1535 824 1602; x_wconf 87' lang='lat' dir='ltr'><strong>ipse</strong></span> <span class='ocrx_word' id='word_1_174' title='bbox 857 1535 1146 1603; x_wconf 89' lang='lat' dir='ltr'><strong>imperium</strong></span> <span class='ocrx_word' id='word_1_175' title='bbox 1191 1528 1303 1588; x_wconf 80' lang='lat' dir='ltr'><strong>tilio</strong></span> <span class='ocrx_word' id='word_1_176' title='bbox 1348 1549 1376 1586; x_wconf 92' lang='lat' dir='ltr'><strong>a</strong></span> <span class='ocrx_word' id='word_1_177' title='bbox 1402 1545 1557 1601; x_wconf 86' lang='lat' dir='ltr'><strong>patre</strong></span> <span class='ocrx_word' id='word_1_178' title='bbox 1597 1534 1837 1604; x_wconf 79' lang='lat' dir='ltr'><strong>legitime</strong></span> <span class='ocrx_word' id='word_1_179' title='bbox 1867 1534 2124 1588; x_wconf 86' lang='lat' dir='ltr'><strong>traditum</strong></span> <span class='ocrx_word' id='word_1_180' title='bbox 2167 1534 2434 1589; x_wconf 84' lang='lat' dir='ltr'><strong>violenter</strong></span> <span class='ocrx_word' id='word_1_181' title='bbox 2466 1535 2795 1604; x_wconf 90' lang='lat' dir='ltr'><strong>intercipere</strong></span> <span class='ocrx_word' id='word_1_182' title='bbox 2830 1550 2997 1606; x_wconf 86' lang='lat' dir='ltr'><strong>gener</strong></span> <span class='ocrx_word' id='word_1_183' title='bbox 3035 1536 3358 1605; x_wconf 84' lang='lat' dir='ltr'><strong>temperavit</strong></span> <span class='ocrx_word' id='word_1_184' title='bbox 3387 1553 3402 1589; x_wconf 88' lang='lat'><strong>:</strong></span> <span class='ocrx_word' id='word_1_185' title='bbox 3434 1552 3600 1606; x_wconf 83' lang='lat' dir='ltr'><strong>quain</strong></span> <span class='ocrx_word' id='word_1_186' title='bbox 3631 1538 3734 1591; x_wconf 92' lang='lat' dir='ltr'><strong>hoc</strong></span> 
     </span>
    </p>
   </div>
   <div class='ocr_carea' id='block_1_15' title="bbox 482 1621 3739 1691">
    <p class='ocr_par' dir='ltr' id='par_1_15' title="bbox 482 1621 3739 1691">
     <span class='ocr_line' id='line_1_15' title="bbox 482 1621 3739 1691; baseline 0.001 -17"><span class='ocrx_word' id='word_1_187' title='bbox 482 1622 624 1675; x_wconf 88' lang='lat' dir='ltr'><strong>infra</strong></span> <span class='ocrx_word' id='word_1_188' title='bbox 661 1623 831 1677; x_wconf 90' lang='lat' dir='ltr'><strong>decus</strong></span> <span class='ocrx_word' id='word_1_189' title='bbox 875 1633 1052 1683; x_wconf 87' lang='lat' dir='ltr'><strong>tuum.</strong></span> <span class='ocrx_word' id='word_1_190' title='bbox 1084 1623 1449 1677; x_wconf 79' lang='lat' dir='ltr'><strong>Serenissima</strong></span> <span class='ocrx_word' id='word_1_191' title='bbox 1482 1623 1720 1689; x_wconf 73' lang='lat' dir='ltr'><strong>Regina!</strong></span> <span class='ocrx_word' id='word_1_192' title='bbox 1745 1621 1826 1675; x_wconf 87' lang='lat' dir='ltr'><strong>Tu</strong></span> <span class='ocrx_word' id='word_1_193' title='bbox 1858 1622 2002 1675; x_wconf 89' lang='lat' dir='ltr'><strong>enim</strong></span> <span class='ocrx_word' id='word_1_194' title='bbox 2034 1636 2259 1691; x_wconf 77' lang='lat' dir='ltr'><strong>regnum</strong></span> <span class='ocrx_word' id='word_1_195' title='bbox 2292 1622 2531 1691; x_wconf 83' lang='lat' dir='ltr'><strong>amplum</strong></span> <span class='ocrx_word' id='word_1_196' title='bbox 2561 1631 2615 1676; x_wconf 89' lang='lat' dir='ltr'><strong>et</strong></span> <span class='ocrx_word' id='word_1_197' title='bbox 2642 1621 2846 1677; x_wconf 75' lang='lat' dir='ltr'><strong>ﬂorens</strong></span> <span class='ocrx_word' id='word_1_198' title='bbox 2876 1622 3067 1677; x_wconf 90' lang='lat' dir='ltr'><strong>multis</strong></span> <span class='ocrx_word' id='word_1_199' title='bbox 3102 1624 3262 1678; x_wconf 86' lang='lat' dir='ltr'><strong>annis</strong></span> <span class='ocrx_word' id='word_1_200' title='bbox 3286 1623 3739 1691; x_wconf 86' lang='lat' dir='ltr'><strong>tranquillissime</strong></span> 
     </span>
    </p>
   </div>
   <div class='ocr_carea' id='block_1_16' title="bbox 480 1708 3736 1781">
    <p class='ocr_par' dir='ltr' id='par_1_16' title="bbox 480 1708 3736 1781">
     <span class='ocr_line' id='line_1_16' title="bbox 480 1708 3736 1781; baseline 0.002 -23"><span class='ocrx_word' id='word_1_201' title='bbox 480 1725 820 1775; x_wconf 86' lang='lat' dir='ltr'><strong>possessum,</strong></span> <span class='ocrx_word' id='word_1_202' title='bbox 858 1709 913 1763; x_wconf 94' lang='lat' dir='ltr'><strong>in</strong></span> <span class='ocrx_word' id='word_1_203' title='bbox 965 1724 1175 1763; x_wconf 85' lang='lat' dir='ltr'><strong>sutnma</strong></span> <span class='ocrx_word' id='word_1_204' title='bbox 1208 1724 1391 1763; x_wconf 84' lang='lat' dir='ltr'><strong>rerum</strong></span> <span class='ocrx_word' id='word_1_205' title='bbox 1434 1710 1679 1763; x_wconf 85' lang='lat' dir='ltr'><strong>omnium</strong></span> <span class='ocrx_word' id='word_1_206' title='bbox 1724 1708 1983 1763; x_wconf 77' lang='lat' dir='ltr'><strong>felicitate</strong></span> <span class='ocrx_word' id='word_1_207' title='bbox 2016 1718 2069 1762; x_wconf 91' lang='lat' dir='ltr'><strong>et</strong></span> <span class='ocrx_word' id='word_1_208' title='bbox 2103 1724 2223 1777; x_wconf 71' lang='lat' dir='ltr'><strong>quae</strong></span> <span class='ocrx_word' id='word_1_209' title='bbox 2256 1708 2383 1763; x_wconf 90' lang='lat' dir='ltr'><strong>inde</strong></span> <span class='ocrx_word' id='word_1_210' title='bbox 2417 1710 2665 1763; x_wconf 91' lang='lat' dir='ltr'><strong>nascitur</strong></span> <span class='ocrx_word' id='word_1_211' title='bbox 2698 1710 3024 1780; x_wconf 90' lang='lat' dir='ltr'><strong>populorum</strong></span> <span class='ocrx_word' id='word_1_212' title='bbox 3073 1712 3475 1778; x_wconf 88' lang='lat' dir='ltr'><strong>benevolentia,</strong></span> <span class='ocrx_word' id='word_1_213' title='bbox 3506 1712 3736 1781; x_wconf 58' lang='lat' dir='ltr'><strong>sapieno</strong></span> 
     </span>
    </p>
   </div>
   <div class='ocr_carea' id='block_1_17' title="bbox 478 1797 3737 1868">
    <p class='ocr_par' dir='ltr' id='par_1_17' title="bbox 478 1797 3737 1868">
     <span class='ocr_line' id='line_1_17' title="bbox 478 1797 3737 1868; baseline 0 -16"><span class='ocrx_word' id='word_1_214' title='bbox 478 1802 691 1853; x_wconf 78' lang='lat' dir='ltr'><strong>tissime</strong></span> <span class='ocrx_word' id='word_1_215' title='bbox 722 1800 1112 1868; x_wconf 78' lang='lat' dir='ltr'><strong>gubernatum,</strong></span> <span class='ocrx_word' id='word_1_216' title='bbox 1138 1815 1416 1868; x_wconf 66' lang='lat' dir='ltr'><strong>generosae</strong></span> <span class='ocrx_word' id='word_1_217' title='bbox 1448 1800 1649 1853; x_wconf 84' lang='lat' dir='ltr'><strong>mentis</strong></span> <span class='ocrx_word' id='word_1_218' title='bbox 1679 1798 1901 1853; x_wconf 91' lang='lat' dir='ltr'><strong>heroico</strong></span> <span class='ocrx_word' id='word_1_219' title='bbox 1933 1801 2213 1868; x_wconf 87' lang='lat' dir='ltr'><strong>proposito</strong></span> <span class='ocrx_word' id='word_1_220' title='bbox 2245 1806 2442 1867; x_wconf 88' lang='lat' dir='ltr'><strong>sponte</strong></span> <span class='ocrx_word' id='word_1_221' title='bbox 2469 1798 2758 1854; x_wconf 84' lang='lat' dir='ltr'><strong>abdicasti.</strong></span> <span class='ocrx_word' id='word_1_222' title='bbox 2793 1797 3160 1868; x_wconf 74' lang='lat' dir='ltr'><strong>Magnificum,</strong></span> <span class='ocrx_word' id='word_1_223' title='bbox 3196 1798 3431 1864; x_wconf 89' lang='lat' dir='ltr'><strong>illustre,</strong></span> <span class='ocrx_word' id='word_1_224' title='bbox 3459 1798 3653 1868; x_wconf 88' lang='lat' dir='ltr'><strong>ingens</strong></span> <span class='ocrx_word' id='word_1_225' title='bbox 3682 1809 3737 1853; x_wconf 86' lang='lat' dir='ltr'><strong>et</strong></span> 
     </span>
    </p>
   </div>
   <div class='ocr_carea' id='block_1_18' title="bbox 481 1884 3733 1957">
    <p class='ocr_par' dir='ltr' id='par_1_18' title="bbox 481 1884 3733 1957">
     <span class='ocr_line' id='line_1_18' title="bbox 481 1884 3733 1957; baseline -0.001 -15"><span class='ocrx_word' id='word_1_226' title='bbox 481 1890 587 1942; x_wconf 91' lang='lat' dir='ltr'><strong>alte</strong></span> <span class='ocrx_word' id='word_1_227' title='bbox 615 1904 783 1957; x_wconf 88' lang='lat' dir='ltr'><strong>supra</strong></span> <span class='ocrx_word' id='word_1_228' title='bbox 816 1888 1117 1942; x_wconf 88' lang='lat' dir='ltr'><strong>mediocria</strong></span> <span class='ocrx_word' id='word_1_229' title='bbox 1151 1899 1296 1942; x_wconf 87' lang='lat' dir='ltr'><strong>recte</strong></span> <span class='ocrx_word' id='word_1_230' title='bbox 1343 1887 1483 1941; x_wconf 85' lang='lat' dir='ltr'><strong>facta</strong></span> <span class='ocrx_word' id='word_1_231' title='bbox 1529 1887 1780 1942; x_wconf 87' lang='lat' dir='ltr'><strong>eminens</strong></span> <span class='ocrx_word' id='word_1_232' title='bbox 1813 1884 2055 1943; x_wconf 88' lang='lat' dir='ltr'><strong>facinus!</strong></span> <span class='ocrx_word' id='word_1_233' title='bbox 2095 1885 2253 1952; x_wconf 88' lang='lat' dir='ltr'><strong>Quod</strong></span> <span class='ocrx_word' id='word_1_234' title='bbox 2292 1895 2475 1941; x_wconf 88' lang='lat' dir='ltr'><strong>tamen</strong></span> <span class='ocrx_word' id='word_1_235' title='bbox 2503 1887 2795 1956; x_wconf 86' lang='lat' dir='ltr'><strong>augustius</strong></span> <span class='ocrx_word' id='word_1_236' title='bbox 2835 1886 3185 1957; x_wconf 86' lang='lat' dir='ltr'><strong>diviniusque</strong></span> <span class='ocrx_word' id='word_1_237' title='bbox 3225 1902 3339 1952; x_wconf 83' lang='lat' dir='ltr'><strong>res,</strong></span> <span class='ocrx_word' id='word_1_238' title='bbox 3371 1887 3533 1956; x_wconf 86' lang='lat' dir='ltr'><strong>cujus</strong></span> <span class='ocrx_word' id='word_1_239' title='bbox 3560 1889 3733 1957; x_wconf 82' lang='lat' dir='ltr'><strong>gratia</strong></span> 
     </span>
    </p>
   </div>
   <div class='ocr_carea' id='block_1_19' title="bbox 481 1971 3735 2045">
    <p class='ocr_par' dir='ltr' id='par_1_19' title="bbox 481 1971 3735 2045">
     <span class='ocr_line' id='line_1_19' title="bbox 481 1971 3735 2045; baseline -0.001 -14"><span class='ocrx_word' id='word_1_240' title='bbox 481 1985 799 2045; x_wconf 85' lang='lat' dir='ltr'><strong>susceptum</strong></span> <span class='ocrx_word' id='word_1_241' title='bbox 830 1984 936 2041; x_wconf 88' lang='lat' dir='ltr'><strong>est,</strong></span> <span class='ocrx_word' id='word_1_242' title='bbox 969 1975 1156 2029; x_wconf 82' lang='lat' dir='ltr'><strong>ellieit.</strong></span> <span class='ocrx_word' id='word_1_243' title='bbox 1182 1976 1499 2045; x_wconf 79' lang='lat' dir='ltr'><strong>Agnoveras</strong></span> <span class='ocrx_word' id='word_1_244' title='bbox 1548 1975 1875 2028; x_wconf 72' lang='lat' dir='ltr'><strong>catholicam</strong></span> <span class='ocrx_word' id='word_1_245' title='bbox 1918 1975 2237 2041; x_wconf 89' lang='lat' dir='ltr'><strong>veritatem;</strong></span> <span class='ocrx_word' id='word_1_246' title='bbox 2276 1982 2333 2028; x_wconf 89' lang='lat' dir='ltr'><strong>et</strong></span> <span class='ocrx_word' id='word_1_247' title='bbox 2370 1974 2599 2029; x_wconf 90' lang='lat' dir='ltr'><strong>nebulas</strong></span> <span class='ocrx_word' id='word_1_248' title='bbox 2629 1972 2899 2029; x_wconf 66' lang='lat' dir='ltr'><strong>haeretica</strong></span> <span class='ocrx_word' id='word_1_249' title='bbox 2937 1972 3169 2041; x_wconf 80' lang='lat' dir='ltr'><strong>fraudis,</strong></span> <span class='ocrx_word' id='word_1_250' title='bbox 3200 1983 3319 2030; x_wconf 89' lang='lat' dir='ltr'><strong>toto</strong></span> <span class='ocrx_word' id='word_1_251' title='bbox 3350 1971 3735 2042; x_wconf 79' lang='lat' dir='ltr'><strong>Septentrione</strong></span> 
     </span>
    </p>
   </div>
   <div class='ocr_carea' id='block_1_20' title="bbox 485 2060 3734 2132">
    <p class='ocr_par' dir='ltr' id='par_1_20' title="bbox 485 2060 3734 2132">
     <span class='ocr_line' id='line_1_20' title="bbox 485 2060 3734 2132; baseline -0 -17"><span class='ocrx_word' id='word_1_252' title='bbox 485 2064 694 2117; x_wconf 86' lang='lat' dir='ltr'><strong>dudum</strong></span> <span class='ocrx_word' id='word_1_253' title='bbox 743 2063 973 2126; x_wconf 75' lang='lat' dir='ltr'><strong>effusas,</strong></span> <span class='ocrx_word' id='word_1_254' title='bbox 1000 2062 1198 2116; x_wconf 73' lang='lat' dir='ltr'><strong>utentis</strong></span> <span class='ocrx_word' id='word_1_255' title='bbox 1229 2063 1491 2117; x_wconf 89' lang='lat' dir='ltr'><strong>divinitus</strong></span> <span class='ocrx_word' id='word_1_256' title='bbox 1522 2062 1804 2116; x_wconf 69' lang='lat' dir='ltr'><strong>illustrata:</strong></span> <span class='ocrx_word' id='word_1_257' title='bbox 1841 2060 1982 2116; x_wconf 80' lang='lat' dir='ltr'><strong>felici</strong></span> <span class='ocrx_word' id='word_1_258' title='bbox 2029 2062 2361 2131; x_wconf 87' lang='lat' dir='ltr'><strong>perspicacia</strong></span> <span class='ocrx_word' id='word_1_259' title='bbox 2388 2061 2752 2119; x_wconf 82' lang='lat' dir='ltr'><strong>discesseras.</strong></span> <span class='ocrx_word' id='word_1_260' title='bbox 2777 2060 3052 2116; x_wconf 85' lang='lat' dir='ltr'><strong>Areebant</strong></span> <span class='ocrx_word' id='word_1_261' title='bbox 3079 2076 3147 2116; x_wconf 90' lang='lat' dir='ltr'><strong>ne</strong></span> <span class='ocrx_word' id='word_1_262' title='bbox 3172 2076 3463 2132; x_wconf 87' lang='lat' dir='ltr'><strong>sequerere</strong></span> <span class='ocrx_word' id='word_1_263' title='bbox 3492 2060 3734 2116; x_wconf 87' lang='lat' dir='ltr'><strong>oblatam</strong></span> 
     </span>
    </p>
   </div>
   <div class='ocr_carea' id='block_1_21' title="bbox 483 2146 3734 2216">
    <p class='ocr_par' dir='ltr' id='par_1_21' title="bbox 483 2146 3734 2216">
     <span class='ocr_line' id='line_1_21' title="bbox 483 2146 3734 2216; baseline -0 -14"><span class='ocrx_word' id='word_1_264' title='bbox 483 2156 661 2205; x_wconf 80' lang='lat' dir='ltr'><strong>lucent</strong></span> <span class='ocrx_word' id='word_1_265' title='bbox 701 2149 885 2204; x_wconf 60' lang='lat' dir='ltr'><strong>infulae</strong></span> <span class='ocrx_word' id='word_1_266' title='bbox 936 2165 1002 2204; x_wconf 75' lang='lat' dir='ltr'><strong>ne</strong></span> <span class='ocrx_word' id='word_1_267' title='bbox 1059 2149 1406 2213; x_wconf 75' lang='lat' dir='ltr'><strong>diademata,</strong></span> <span class='ocrx_word' id='word_1_268' title='bbox 1451 2150 1862 2204; x_wconf 83' lang='lat' dir='ltr'><strong>tenacissimum</strong></span> <span class='ocrx_word' id='word_1_269' title='bbox 1905 2150 2250 2204; x_wconf 84' lang='lat' dir='ltr'><strong>vinculorum</strong></span> <span class='ocrx_word' id='word_1_270' title='bbox 2302 2163 2497 2216; x_wconf 78' lang='lat' dir='ltr'><strong>genus.</strong></span> <span class='ocrx_word' id='word_1_271' title='bbox 2542 2146 2623 2201; x_wconf 88' lang='lat' dir='ltr'><strong>&#39;l&#39;u</strong></span> <span class='ocrx_word' id='word_1_272' title='bbox 2677 2156 2859 2201; x_wconf 88' lang='lat' dir='ltr'><strong>tamen</strong></span> <span class='ocrx_word' id='word_1_273' title='bbox 2910 2146 3137 2201; x_wconf 89' lang='lat' dir='ltr'><strong>collecta</strong></span> <span class='ocrx_word' id='word_1_274' title='bbox 3183 2148 3237 2201; x_wconf 90' lang='lat' dir='ltr'><strong>in</strong></span> <span class='ocrx_word' id='word_1_275' title='bbox 3281 2157 3331 2201; x_wconf 92' lang='lat' dir='ltr'><strong>te</strong></span> <span class='ocrx_word' id='word_1_276' title='bbox 3362 2162 3526 2202; x_wconf 91' lang='lat' dir='ltr'><strong>unam</strong></span> <span class='ocrx_word' id='word_1_277' title='bbox 3569 2148 3734 2201; x_wconf 76' lang='lat' dir='ltr'><strong>trium</strong></span> 
     </span>
    </p>
   </div>
   <div class='ocr_carea' id='block_1_22' title="bbox 479 2231 3737 2305">
    <p class='ocr_par' dir='ltr' id='par_1_22' title="bbox 479 2231 3737 2305">
     <span class='ocr_line' id='line_1_22' title="bbox 479 2231 3737 2305; baseline -0.001 -15"><span class='ocrx_word' id='word_1_278' title='bbox 479 2238 842 2292; x_wconf 73' lang='lat' dir='ltr'><strong>Orientalium</strong></span> <span class='ocrx_word' id='word_1_279' title='bbox 875 2235 983 2290; x_wconf 73' lang='lat' dir='ltr'><strong>fide</strong></span> <span class='ocrx_word' id='word_1_280' title='bbox 1014 2252 1080 2290; x_wconf 82' lang='lat' dir='ltr'><strong>ac</strong></span> <span class='ocrx_word' id='word_1_281' title='bbox 1123 2236 1322 2305; x_wconf 82' lang='lat' dir='ltr'><strong>pietate</strong></span> <span class='ocrx_word' id='word_1_282' title='bbox 1348 2252 1562 2305; x_wconf 89' lang='lat' dir='ltr'><strong>regum,</strong></span> <span class='ocrx_word' id='word_1_283' title='bbox 1603 2235 1881 2291; x_wconf 84' lang='lat' dir='ltr'><strong>Christum</strong></span> <span class='ocrx_word' id='word_1_284' title='bbox 1918 2239 2045 2289; x_wconf 91' lang='lat' dir='ltr'><strong>olim</strong></span> <span class='ocrx_word' id='word_1_285' title='bbox 2088 2235 2255 2291; x_wconf 78' lang='lat' dir='ltr'><strong>stella:</strong></span> <span class='ocrx_word' id='word_1_286' title='bbox 2284 2234 2477 2297; x_wconf 90' lang='lat' dir='ltr'><strong>ductu,</strong></span> <span class='ocrx_word' id='word_1_287' title='bbox 2507 2231 2719 2289; x_wconf 85' lang='lat' dir='ltr'><strong>Herode</strong></span> <span class='ocrx_word' id='word_1_288' title='bbox 2752 2235 2956 2289; x_wconf 84' lang='lat' dir='ltr'><strong>frustra</strong></span> <span class='ocrx_word' id='word_1_289' title='bbox 2996 2235 3269 2305; x_wconf 81' lang='lat' dir='ltr'><strong>ringente,</strong></span> <span class='ocrx_word' id='word_1_290' title='bbox 3293 2250 3542 2303; x_wconf 65' lang='lat' dir='ltr'><strong>quaerere</strong></span> <span class='ocrx_word' id='word_1_291' title='bbox 3571 2250 3737 2288; x_wconf 89' lang='lat' dir='ltr'><strong>auso-</strong></span> 
     </span>
    </p>
   </div>
   <div class='ocr_carea' id='block_1_23' title="bbox 483 2324 3739 2394">
    <p class='ocr_par' dir='ltr' id='par_1_23' title="bbox 483 2324 3739 2394">
     <span class='ocr_line' id='line_1_23' title="bbox 483 2324 3739 2394; baseline 0.001 -17"><span class='ocrx_word' id='word_1_292' title='bbox 483 2341 626 2385; x_wconf 83' lang='lat' dir='ltr'><strong>rum.</strong></span> <span class='ocrx_word' id='word_1_293' title='bbox 686 2326 874 2394; x_wconf 78' lang='lat' dir='ltr'><strong>regina</strong></span> <span class='ocrx_word' id='word_1_294' title='bbox 927 2325 1092 2378; x_wconf 90' lang='lat' dir='ltr'><strong>trium</strong></span> <span class='ocrx_word' id='word_1_295' title='bbox 1152 2325 1506 2393; x_wconf 82' lang='lat' dir='ltr'><strong>populorum,</strong></span> <span class='ocrx_word' id='word_1_296' title='bbox 1548 2326 1825 2394; x_wconf 81' lang='lat' dir='ltr'><strong>perruptis</strong></span> <span class='ocrx_word' id='word_1_297' title='bbox 1879 2324 2137 2378; x_wconf 69' lang='lat' dir='ltr'><strong>omnibus</strong></span> <span class='ocrx_word' id='word_1_298' title='bbox 2194 2326 2512 2390; x_wconf 84' lang='lat' dir='ltr'><strong>obstaculis,</strong></span> <span class='ocrx_word' id='word_1_299' title='bbox 2554 2325 2621 2380; x_wconf 90' lang='lat' dir='ltr'><strong>ad</strong></span> <span class='ocrx_word' id='word_1_300' title='bbox 2672 2324 2875 2380; x_wconf 85' lang='lat' dir='ltr'><strong>Christi</strong></span> <span class='ocrx_word' id='word_1_301' title='bbox 2931 2325 3221 2389; x_wconf 90' lang='lat' dir='ltr'><strong>vicarium,</strong></span> <span class='ocrx_word' id='word_1_302' title='bbox 3264 2326 3456 2380; x_wconf 70' lang='lat' dir='ltr'><strong>haeresi</strong></span> <span class='ocrx_word' id='word_1_303' title='bbox 3506 2327 3739 2388; x_wconf 76' lang='lat' dir='ltr'><strong>calcata,</strong></span> 
     </span>
    </p>
   </div>
   <div class='ocr_carea' id='block_1_24' title="bbox 480 2410 3747 2484">
    <p class='ocr_par' dir='ltr' id='par_1_24' title="bbox 480 2410 3747 2484">
     <span class='ocr_line' id='line_1_24' title="bbox 480 2410 3747 2484; baseline 0.001 -19"><span class='ocrx_word' id='word_1_304' title='bbox 480 2413 815 2477; x_wconf 82' lang='lat' dir='ltr'><strong>cucurristi;</strong></span> <span class='ocrx_word' id='word_1_305' title='bbox 865 2426 1007 2465; x_wconf 65' lang='lat' dir='ltr'><strong>vera:</strong></span> <span class='ocrx_word' id='word_1_306' title='bbox 1047 2410 1333 2481; x_wconf 79' lang='lat' dir='ltr'><strong>religionis</strong></span> <span class='ocrx_word' id='word_1_307' title='bbox 1378 2413 1693 2466; x_wconf 68' lang='lat' dir='ltr'><strong>exercendae</strong></span> <span class='ocrx_word' id='word_1_308' title='bbox 1730 2410 2043 2465; x_wconf 79' lang='lat' dir='ltr'><strong>facultatem</strong></span> <span class='ocrx_word' id='word_1_309' title='bbox 2087 2413 2228 2466; x_wconf 90' lang='lat' dir='ltr'><strong>haud</strong></span> <span class='ocrx_word' id='word_1_310' title='bbox 2276 2428 2409 2468; x_wconf 87' lang='lat' dir='ltr'><strong>caro</strong></span> <span class='ocrx_word' id='word_1_311' title='bbox 2457 2414 2565 2468; x_wconf 89' lang='lat' dir='ltr'><strong>emi</strong></span> <span class='ocrx_word' id='word_1_312' title='bbox 2615 2422 2732 2468; x_wconf 85' lang='lat' dir='ltr'><strong>rata</strong></span> <span class='ocrx_word' id='word_1_313' title='bbox 2767 2415 2985 2483; x_wconf 83' lang='lat' dir='ltr'><strong>jactura</strong></span> <span class='ocrx_word' id='word_1_314' title='bbox 3040 2429 3357 2484; x_wconf 86' lang='lat' dir='ltr'><strong>regnorum.</strong></span> <span class='ocrx_word' id='word_1_315' title='bbox 3404 2413 3579 2469; x_wconf 76' lang='lat' dir='ltr'><strong>Macte</strong></span> <span class='ocrx_word' id='word_1_316' title='bbox 3615 2432 3747 2483; x_wconf 72' lang='lat' dir='ltr'><strong>rara</strong></span> 
     </span>
    </p>
   </div>
   <div class='ocr_carea' id='block_1_25' title="bbox 482 2499 3733 2573">
    <p class='ocr_par' dir='ltr' id='par_1_25' title="bbox 482 2499 3733 2573">
     <span class='ocr_line' id='line_1_25' title="bbox 482 2499 3733 2573; baseline 0 -19"><span class='ocrx_word' id='word_1_317' title='bbox 482 2504 656 2573; x_wconf 73' lang='lat' dir='ltr'><strong>gloria</strong></span> <span class='ocrx_word' id='word_1_318' title='bbox 683 2501 1124 2559; x_wconf 75' lang='lat' dir='ltr'><strong>inusitatissimze</strong></span> <span class='ocrx_word' id='word_1_319' title='bbox 1144 2502 1389 2565; x_wconf 88' lang='lat' dir='ltr'><strong>virtutis,</strong></span> <span class='ocrx_word' id='word_1_320' title='bbox 1424 2517 1531 2570; x_wconf 85' lang='lat' dir='ltr'><strong>qua</strong></span> <span class='ocrx_word' id='word_1_321' title='bbox 1557 2500 1805 2573; x_wconf 86' lang='lat' dir='ltr'><strong>dynastis</strong></span> <span class='ocrx_word' id='word_1_322' title='bbox 1828 2499 2146 2556; x_wconf 86' lang='lat' dir='ltr'><strong>Borealibus</strong></span> <span class='ocrx_word' id='word_1_323' title='bbox 2166 2502 2339 2571; x_wconf 84' lang='lat' dir='ltr'><strong>prima</strong></span> <span class='ocrx_word' id='word_1_324' title='bbox 2359 2510 2482 2571; x_wconf 89' lang='lat' dir='ltr'><strong>post</strong></span> <span class='ocrx_word' id='word_1_325' title='bbox 2503 2501 2781 2558; x_wconf 86' lang='lat' dir='ltr'><strong>funestam</strong></span> <span class='ocrx_word' id='word_1_326' title='bbox 2805 2500 3168 2555; x_wconf 87' lang='lat' dir='ltr'><strong>defectionem</strong></span> <span class='ocrx_word' id='word_1_327' title='bbox 3200 2501 3411 2554; x_wconf 89' lang='lat' dir='ltr'><strong>illarum</strong></span> <span class='ocrx_word' id='word_1_328' title='bbox 3447 2501 3733 2570; x_wconf 75' lang='lat' dir='ltr'><strong>regionum</strong></span> 
     </span>
    </p>
   </div>
   <div class='ocr_carea' id='block_1_26' title="bbox 481 2579 3734 2662">
    <p class='ocr_par' dir='ltr' id='par_1_26' title="bbox 481 2579 3734 2662">
     <span class='ocr_line' id='line_1_26' title="bbox 481 2579 3734 2662; baseline -0.002 -16"><span class='ocrx_word' id='word_1_329' title='bbox 481 2596 696 2662; x_wconf 78' lang='lat' dir='ltr'><strong>signtun</strong></span> <span class='ocrx_word' id='word_1_330' title='bbox 726 2591 960 2660; x_wconf 71' lang='lat' dir='ltr'><strong>exempli</strong></span> <span class='ocrx_word' id='word_1_331' title='bbox 993 2591 1259 2645; x_wconf 77' lang='lat' dir='ltr'><strong>salutaris</strong></span> <span class='ocrx_word' id='word_1_332' title='bbox 1279 2590 1551 2645; x_wconf 74' lang='lat' dir='ltr'><strong>extulisti.</strong></span> <span class='ocrx_word' id='word_1_333' title='bbox 1596 2591 1701 2645; x_wconf 89' lang='lat' dir='ltr'><strong>Sed</strong></span> <span class='ocrx_word' id='word_1_334' title='bbox 1750 2591 1864 2644; x_wconf 68' lang='lat' dir='ltr'><strong>haec</strong></span> <span class='ocrx_word' id='word_1_335' title='bbox 1894 2592 2160 2660; x_wconf 87' lang='lat' dir='ltr'><strong>ampliora</strong></span> <span class='ocrx_word' id='word_1_336' title='bbox 2200 2599 2330 2645; x_wconf 93' lang='lat' dir='ltr'><strong>sunt</strong></span> <span class='ocrx_word' id='word_1_337' title='bbox 2354 2605 2517 2660; x_wconf 87' lang='lat' dir='ltr'><strong>quam</strong></span> <span class='ocrx_word' id='word_1_338' title='bbox 2564 2598 2623 2644; x_wconf 86' lang='lat' dir='ltr'><strong>ut</strong></span> <span class='ocrx_word' id='word_1_339' title='bbox 2656 2589 2925 2656; x_wconf 84' lang='lat' dir='ltr'><strong>angustiis</strong></span> <span class='ocrx_word' id='word_1_340' title='bbox 2950 2579 3210 2658; x_wconf 63' lang='lat' dir='ltr'><strong>epistola</strong></span> <span class='ocrx_word' id='word_1_341' title='bbox 3238 2589 3438 2642; x_wconf 87' lang='lat' dir='ltr'><strong>arctari</strong></span> <span class='ocrx_word' id='word_1_342' title='bbox 3480 2588 3734 2644; x_wconf 82' lang='lat' dir='ltr'><strong>debeant.</strong></span> 
     </span>
    </p>
   </div>
   <div class='ocr_carea' id='block_1_27' title="bbox 484 2675 3735 2749">
    <p class='ocr_par' dir='ltr' id='par_1_27' title="bbox 484 2675 3735 2749">
     <span class='ocr_line' id='line_1_27' title="bbox 484 2675 3735 2749; baseline -0.002 -16"><span class='ocrx_word' id='word_1_343' title='bbox 484 2683 562 2734; x_wconf 74' lang='lat' dir='ltr'><strong>Ad</strong></span> <span class='ocrx_word' id='word_1_344' title='bbox 624 2678 953 2749; x_wconf 74' lang='lat' dir='ltr'><strong>Bryenniunt</strong></span> <span class='ocrx_word' id='word_1_345' title='bbox 1009 2681 1191 2734; x_wconf 88' lang='lat' dir='ltr'><strong>redeo.</strong></span> <span class='ocrx_word' id='word_1_346' title='bbox 1233 2678 1338 2745; x_wconf 80' lang='lat' dir='ltr'><strong>Qui</strong></span> <span class='ocrx_word' id='word_1_347' title='bbox 1387 2679 1532 2733; x_wconf 89' lang='lat' dir='ltr'><strong>hunc</strong></span> <span class='ocrx_word' id='word_1_348' title='bbox 1584 2694 1743 2733; x_wconf 90' lang='lat' dir='ltr'><strong>suum</strong></span> <span class='ocrx_word' id='word_1_349' title='bbox 1790 2678 1845 2731; x_wconf 91' lang='lat' dir='ltr'><strong>in</strong></span> <span class='ocrx_word' id='word_1_350' title='bbox 1892 2679 2165 2746; x_wconf 88' lang='lat' dir='ltr'><strong>publicam</strong></span> <span class='ocrx_word' id='word_1_351' title='bbox 2211 2679 2387 2733; x_wconf 89' lang='lat' dir='ltr'><strong>lucem</strong></span> <span class='ocrx_word' id='word_1_352' title='bbox 2429 2678 2690 2743; x_wconf 86' lang='lat' dir='ltr'><strong>reditum,</strong></span> <span class='ocrx_word' id='word_1_353' title='bbox 2724 2686 2890 2744; x_wconf 88' lang='lat' dir='ltr'><strong>atque</strong></span> <span class='ocrx_word' id='word_1_354' title='bbox 2928 2675 2982 2729; x_wconf 90' lang='lat' dir='ltr'><strong>in</strong></span> <span class='ocrx_word' id='word_1_355' title='bbox 3024 2675 3236 2728; x_wconf 87' lang='lat' dir='ltr'><strong>Latium</strong></span> <span class='ocrx_word' id='word_1_356' title='bbox 3296 2677 3616 2737; x_wconf 87' lang='lat' dir='ltr'><strong>transitum,</strong></span> <span class='ocrx_word' id='word_1_357' title='bbox 3663 2676 3735 2729; x_wconf 90' lang='lat' dir='ltr'><strong>ita</strong></span> 
     </span>
    </p>
   </div>
   <div class='ocr_carea' id='block_1_28' title="bbox 481 2762 3734 2835">
    <p class='ocr_par' dir='ltr' id='par_1_28' title="bbox 481 2762 3734 2835">
     <span class='ocr_line' id='line_1_28' title="bbox 481 2762 3734 2835; baseline -0 -18"><span class='ocrx_word' id='word_1_358' title='bbox 481 2772 699 2819; x_wconf 84' lang='lat' dir='ltr'><strong>demunt</strong></span> <span class='ocrx_word' id='word_1_359' title='bbox 724 2768 1068 2835; x_wconf 81' lang='lat' dir='ltr'><strong>auspicatum</strong></span> <span class='ocrx_word' id='word_1_360' title='bbox 1097 2765 1211 2819; x_wconf 89' lang='lat' dir='ltr'><strong>fore</strong></span> <span class='ocrx_word' id='word_1_361' title='bbox 1245 2765 1578 2835; x_wconf 83' lang='lat' dir='ltr'><strong>intelligens,</strong></span> <span class='ocrx_word' id='word_1_362' title='bbox 1613 2764 1657 2820; x_wconf 90' lang='lat' dir='ltr'><strong>si</strong></span> <span class='ocrx_word' id='word_1_363' title='bbox 1699 2764 2030 2835; x_wconf 75' lang='lat' dir='ltr'><strong>benignitate</strong></span> <span class='ocrx_word' id='word_1_364' title='bbox 2061 2765 2267 2820; x_wconf 83' lang='lat' dir='ltr'><strong>favoris</strong></span> <span class='ocrx_word' id='word_1_365' title='bbox 2295 2766 2396 2831; x_wconf 91' lang='lat' dir='ltr'><strong>tui,</strong></span> <span class='ocrx_word' id='word_1_366' title='bbox 2423 2766 2580 2834; x_wconf 89' lang='lat' dir='ltr'><strong>quasi</strong></span> <span class='ocrx_word' id='word_1_367' title='bbox 2608 2764 2741 2819; x_wconf 89' lang='lat' dir='ltr'><strong>astri</strong></span> <span class='ocrx_word' id='word_1_368' title='bbox 2776 2762 2974 2817; x_wconf 89' lang='lat' dir='ltr'><strong>natalis</strong></span> <span class='ocrx_word' id='word_1_369' title='bbox 3003 2762 3247 2817; x_wconf 89' lang='lat' dir='ltr'><strong>benelico</strong></span> <span class='ocrx_word' id='word_1_370' title='bbox 3294 2773 3519 2832; x_wconf 89' lang='lat' dir='ltr'><strong>aspectu</strong></span> <span class='ocrx_word' id='word_1_371' title='bbox 3562 2769 3734 2817; x_wconf 85' lang='lat' dir='ltr'><strong>tortu-</strong></span> 
     </span>
    </p>
   </div>
   <div class='ocr_carea' id='block_1_29' title="bbox 480 2850 3737 2923">
    <p class='ocr_par' dir='ltr' id='par_1_29' title="bbox 480 2850 3737 2923">
     <span class='ocr_line' id='line_1_29' title="bbox 480 2850 3737 2923; baseline -0.001 -18"><span class='ocrx_word' id='word_1_372' title='bbox 480 2862 662 2915; x_wconf 83' lang='lat' dir='ltr'><strong>netur,</strong></span> <span class='ocrx_word' id='word_1_373' title='bbox 697 2862 748 2907; x_wconf 91' lang='lat' dir='ltr'><strong>te</strong></span> <span class='ocrx_word' id='word_1_374' title='bbox 777 2853 969 2917; x_wconf 87' lang='lat' dir='ltr'><strong>ambit,</strong></span> <span class='ocrx_word' id='word_1_375' title='bbox 1000 2853 1098 2907; x_wconf 91' lang='lat' dir='ltr'><strong>tibi</strong></span> <span class='ocrx_word' id='word_1_376' title='bbox 1145 2853 1440 2922; x_wconf 87' lang='lat' dir='ltr'><strong>supplicat,</strong></span> <span class='ocrx_word' id='word_1_377' title='bbox 1498 2861 1651 2907; x_wconf 91' lang='lat' dir='ltr'><strong>tuum</strong></span> <span class='ocrx_word' id='word_1_378' title='bbox 1694 2854 2060 2922; x_wconf 89' lang='lat' dir='ltr'><strong>patrocinium</strong></span> <span class='ocrx_word' id='word_1_379' title='bbox 2097 2854 2375 2923; x_wconf 87' lang='lat' dir='ltr'><strong>implorat.</strong></span> <span class='ocrx_word' id='word_1_380' title='bbox 2414 2850 2587 2907; x_wconf 91' lang='lat' dir='ltr'><strong>Suum</strong></span> <span class='ocrx_word' id='word_1_381' title='bbox 2633 2860 2894 2921; x_wconf 83' lang='lat' dir='ltr'><strong>pra-terea</strong></span> <span class='ocrx_word' id='word_1_382' title='bbox 2928 2850 3010 2919; x_wconf 92' lang='grc' dir='ltr'>(ιιι</span> <span class='ocrx_word' id='word_1_383' title='bbox 3048 2859 3133 2904; x_wconf 83' lang='lat' dir='ltr'><strong>est</strong></span> <span class='ocrx_word' id='word_1_384' title='bbox 3165 2853 3328 2904; x_wconf 91' lang='lat' dir='ltr'><strong>homo</strong></span> <span class='ocrx_word' id='word_1_385' title='bbox 3363 2850 3737 2921; x_wconf 82' lang='lat' dir='ltr'><strong>gratissimus)</strong></span> 
     </span>
    </p>
   </div>
   <div class='ocr_carea' id='block_1_30' title="bbox 482 2937 3737 3008">
    <p class='ocr_par' dir='ltr' id='par_1_30' title="bbox 482 2937 3737 3008">
     <span class='ocr_line' id='line_1_30' title="bbox 482 2937 3737 3008; baseline -0.001 -15"><span class='ocrx_word' id='word_1_386' title='bbox 482 2952 868 2994; x_wconf 82' lang='lat' dir='ltr'><strong>remuneratur</strong></span> <span class='ocrx_word' id='word_1_387' title='bbox 912 2941 1265 3007; x_wconf 88' lang='lat' dir='ltr'><strong>interpretem</strong></span> <span class='ocrx_word' id='word_1_388' title='bbox 1299 2956 1313 2992; x_wconf 90' lang='lat'><strong>:</strong></span> <span class='ocrx_word' id='word_1_389' title='bbox 1347 2940 1474 2994; x_wconf 87' lang='lat' dir='ltr'><strong>dum</strong></span> <span class='ocrx_word' id='word_1_390' title='bbox 1515 2954 1642 2994; x_wconf 91' lang='lat' dir='ltr'><strong>enm</strong></span> <span class='ocrx_word' id='word_1_391' title='bbox 1689 2939 1834 2994; x_wconf 77' lang='lat' dir='ltr'><strong>velut</strong></span> <span class='ocrx_word' id='word_1_392' title='bbox 1883 2938 2153 3008; x_wconf 78' lang='lat' dir='ltr'><strong>Majestati</strong></span> <span class='ocrx_word' id='word_1_393' title='bbox 2201 2940 2334 2994; x_wconf 69' lang='lat' dir='ltr'><strong>Tute</strong></span> <span class='ocrx_word' id='word_1_394' title='bbox 2380 2939 2799 2995; x_wconf 70' lang='lat' dir='ltr'><strong>devotissimum</strong></span> <span class='ocrx_word' id='word_1_395' title='bbox 2841 2938 3096 2994; x_wconf 89' lang='lat' dir='ltr'><strong>clientem</strong></span> <span class='ocrx_word' id='word_1_396' title='bbox 3146 2937 3632 3008; x_wconf 86' lang='lat' dir='ltr'><strong>amplitudinisque</strong></span> <span class='ocrx_word' id='word_1_397' title='bbox 3671 2952 3737 2991; x_wconf 88' lang='lat' dir='ltr'><strong>ac</strong></span> 
     </span>
    </p>
   </div>
   <div class='ocr_carea' id='block_1_31' title="bbox 479 3024 3747 3097">
    <p class='ocr_par' dir='ltr' id='par_1_31' title="bbox 479 3024 3747 3097">
     <span class='ocr_line' id='line_1_31' title="bbox 479 3024 3747 3097; baseline -0.002 -17"><span class='ocrx_word' id='word_1_398' title='bbox 479 3028 667 3097; x_wconf 79' lang='lat' dir='ltr'><strong>gloria:</strong></span> <span class='ocrx_word' id='word_1_399' title='bbox 698 3028 1170 3083; x_wconf 74' lang='lat' dir='ltr'><strong>studiosissimum</strong></span> <span class='ocrx_word' id='word_1_400' title='bbox 1209 3038 1338 3092; x_wconf 70' lang='lat' dir='ltr'><strong>tuae,</strong></span> <span class='ocrx_word' id='word_1_401' title='bbox 1391 3027 1672 3097; x_wconf 81' lang='lat' dir='ltr'><strong>obsequiis</strong></span> <span class='ocrx_word' id='word_1_402' title='bbox 1716 3026 2012 3081; x_wconf 80' lang='lat' dir='ltr'><strong>admovere</strong></span> <span class='ocrx_word' id='word_1_403' title='bbox 2045 3031 2242 3082; x_wconf 85' lang='lat' dir='ltr'><strong>vestris</strong></span> <span class='ocrx_word' id='word_1_404' title='bbox 2272 3038 2327 3082; x_wconf 92' lang='lat' dir='ltr'><strong>et</strong></span> <span class='ocrx_word' id='word_1_405' title='bbox 2356 3027 2643 3081; x_wconf 89' lang='lat' dir='ltr'><strong>insinuare</strong></span> <span class='ocrx_word' id='word_1_406' title='bbox 2682 3024 2871 3096; x_wconf 68' lang='lat' dir='ltr'><strong>gratiae</strong></span> <span class='ocrx_word' id='word_1_407' title='bbox 2917 3034 3180 3091; x_wconf 87' lang='lat' dir='ltr'><strong>conatur;</strong></span> <span class='ocrx_word' id='word_1_408' title='bbox 3224 3025 3367 3078; x_wconf 88' lang='lat' dir='ltr'><strong>haud</strong></span> <span class='ocrx_word' id='word_1_409' title='bbox 3400 3040 3532 3079; x_wconf 89' lang='lat' dir='ltr'><strong>sane</strong></span> <span class='ocrx_word' id='word_1_410' title='bbox 3556 3025 3747 3078; x_wconf 68' lang='lat' dir='ltr'><strong>fucata</strong></span> 
     </span>
    </p>
   </div>
   <div class='ocr_carea' id='block_1_32' title="bbox 479 3112 3743 3185">
    <p class='ocr_par' dir='ltr' id='par_1_32' title="bbox 479 3112 3743 3185">
     <span class='ocr_line' id='line_1_32' title="bbox 479 3112 3743 3185; baseline -0.002 -16"><span class='ocrx_word' id='word_1_411' title='bbox 479 3116 814 3179; x_wconf 68' lang='lat' dir='ltr'><strong>le&#39;sllltloltlo,</strong></span> <span class='ocrx_word' id='word_1_412' title='bbox 844 3116 1045 3185; x_wconf 81' lang='lat' dir='ltr'><strong>quippe</strong></span> <span class='ocrx_word' id='word_1_413' title='bbox 1076 3131 1107 3170; x_wconf 92' lang='lat' dir='ltr'><strong>a</strong></span> <span class='ocrx_word' id='word_1_414' title='bbox 1154 3115 1313 3171; x_wconf 86' lang='lat' dir='ltr'><strong>factis</strong></span> <span class='ocrx_word' id='word_1_415' title='bbox 1350 3131 1567 3185; x_wconf 87' lang='lat' dir='ltr'><strong>semper</strong></span> <span class='ocrx_word' id='word_1_416' title='bbox 1614 3115 1917 3185; x_wconf 82' lang='lat' dir='ltr'><strong>solidisque</strong></span> <span class='ocrx_word' id='word_1_417' title='bbox 1954 3115 2167 3180; x_wconf 86' lang='lat' dir='ltr'><strong>ollieiis,</strong></span> <span class='ocrx_word' id='word_1_418' title='bbox 2200 3115 2294 3169; x_wconf 81' lang='lat' dir='ltr'><strong>ubi</strong></span> <span class='ocrx_word' id='word_1_419' title='bbox 2332 3129 2514 3184; x_wconf 76' lang='lat' dir='ltr'><strong>opera:</strong></span> <span class='ocrx_word' id='word_1_420' title='bbox 2557 3112 2825 3169; x_wconf 64' lang='lat' dir='ltr'><strong>naranda</strong></span> <span class='ocrx_word' id='word_1_421' title='bbox 2874 3112 3096 3168; x_wconf 88' lang='lat' dir='ltr'><strong>occasio</strong></span> <span class='ocrx_word' id='word_1_422' title='bbox 3133 3114 3430 3176; x_wconf 84' lang='lat' dir='ltr'><strong>vocaverit,</strong></span> <span class='ocrx_word' id='word_1_423' title='bbox 3480 3112 3638 3167; x_wconf 71' lang='lat' dir='ltr'><strong>fidem</strong></span> <span class='ocrx_word' id='word_1_424' title='bbox 3673 3126 3743 3164; x_wconf 84' lang='lat' dir='ltr'><strong>ac</strong></span> 
     </span>
    </p>
   </div>
   <div class='ocr_carea' id='block_1_33' title="bbox 477 3202 1231 3272">
    <p class='ocr_par' dir='ltr' id='par_1_33' title="bbox 477 3202 1231 3272">
     <span class='ocr_line' id='line_1_33' title="bbox 477 3202 1231 3272; baseline 0 -17"><span class='ocrx_word' id='word_1_425' title='bbox 477 3204 919 3272; x_wconf 75' lang='lat' dir='ltr'><strong>experimentum</strong></span> <span class='ocrx_word' id='word_1_426' title='bbox 951 3202 1231 3258; x_wconf 82' lang='lat' dir='ltr'><strong>habituro.</strong></span> 
     </span>
    </p>
   </div>
   <div class='ocr_carea' id='block_1_34' title="bbox 549 3353 1609 3425">
    <p class='ocr_par' dir='ltr' id='par_1_34' title="bbox 549 3353 1609 3425">
     <span class='ocr_line' id='line_1_34' title="bbox 549 3353 1609 3425; baseline 0.005 -18"><span class='ocrx_word' id='word_1_427' title='bbox 549 3354 585 3387; x_wconf 61' lang='grc'><strong><em>⁴</em></strong></span> <span class='ocrx_word' id='word_1_428' title='bbox 610 3353 767 3425; x_wconf 74' lang='lat' dir='ltr'><strong>Apud</strong></span> <span class='ocrx_word' id='word_1_429' title='bbox 807 3355 1052 3410; x_wconf 79' lang='lat' dir='ltr'><strong>Nicetam</strong></span> <span class='ocrx_word' id='word_1_430' title='bbox 1090 3357 1407 3413; x_wconf 80' lang='lat' dir='ltr'><strong>Choniatctn</strong></span> <span class='ocrx_word' id='word_1_431' title='bbox 1444 3359 1537 3413; x_wconf 89' lang='lat' dir='ltr'><strong>lib.</strong></span> <span class='ocrx_word' id='word_1_432' title='bbox 1570 3375 1609 3412; x_wconf 72' lang='grc' dir='ltr'><strong>ιε.</strong></span> 
     </span>
    </p>
   </div>
   <div class='ocr_carea' id='block_1_35' title="bbox 1466 3556 2019 3568">
    <p class='ocr_par' dir='ltr' id='par_1_35' title="bbox 1466 3556 2019 3568">
     <span class='ocr_line' id='line_1_35' title="bbox 1466 3556 2019 3568; baseline 0.007 -4"><span class='ocrx_word' id='word_1_433' title='bbox 1466 3556 1961 3567; x_wconf 42' lang='lat' dir='ltr'><strong>Wagn“..-—</strong></span> <span class='ocrx_word' id='word_1_434' title='bbox 1974 3560 2019 3568; x_wconf 64' lang='lat'><strong>.-</strong></span> 
     </span>
    </p>
   </div>
   <div class='ocr_carea' id='block_1_36' title="bbox 1092 3698 2732 3770">
    <p class='ocr_par' dir='ltr' id='par_1_36' title="bbox 1092 3698 2732 3770">
     <span class='ocr_line' id='line_1_36' title="bbox 1092 3698 2732 3770; baseline 0.003 -20"><span class='ocrx_word' id='word_1_435' title='bbox 1092 3698 1590 3770; x_wconf 72' lang='grc' dir='ltr'><strong>ΓΑΛΗΝΟΤΑἹᾙ</strong></span> <span class='ocrx_word' id='word_1_436' title='bbox 1630 3699 1768 3754; x_wconf 85' lang='grc' dir='ltr'><strong>ΤΩΝ</strong></span> <span class='ocrx_word' id='word_1_437' title='bbox 1805 3700 2165 3765; x_wconf 81' lang='grc' dir='ltr'><strong>ΣΟΥΕΚΩΝ,</strong></span> <span class='ocrx_word' id='word_1_438' title='bbox 2202 3701 2494 3755; x_wconf 75' lang='grc' dir='ltr'><strong>ΓΟΊὉΩΝ</strong></span> <span class='ocrx_word' id='word_1_439' title='bbox 2531 3703 2661 3757; x_wconf 74' lang='grc' dir='ltr'><strong>ΚΑΙ</strong></span> <span class='ocrx_word' id='word_1_440' title='bbox 2711 3704 2732 3755; x_wconf 78' lang='grc' dir='ltr'><strong>ι</strong></span> 
     </span>
    </p>
   </div>
   <div class='ocr_carea' id='block_1_37' title="bbox 1505 3698 3145 3770">
    <p class='ocr_par' dir='ltr' id='par_1_37' title="bbox 1505 3699 3145 3770">
     <span class='ocr_line' id='line_1_37' title="bbox 1505 3699 3145 3770; baseline 0.003 -18"><span class='ocrx_word' id='word_1_441' title='bbox 1505 3699 1590 3770; x_wconf 58' lang='lat' dir='ltr'><strong>TI}</strong></span> <span class='ocrx_word' id='word_1_442' title='bbox 1630 3699 1768 3754; x_wconf 85' lang='grc' dir='ltr'><strong>ΤΩΝ</strong></span> <span class='ocrx_word' id='word_1_443' title='bbox 1805 3700 2165 3765; x_wconf 80' lang='grc' dir='ltr'><strong>ΣΟΥΕΚΩΝ,</strong></span> <span class='ocrx_word' id='word_1_444' title='bbox 2202 3701 2494 3755; x_wconf 75' lang='grc' dir='ltr'><strong>ΓΟΊὈΩΝ</strong></span> <span class='ocrx_word' id='word_1_445' title='bbox 2531 3703 2661 3757; x_wconf 75' lang='grc' dir='ltr'><strong>ΚΑΙ</strong></span> <span class='ocrx_word' id='word_1_446' title='bbox 2711 3702 3145 3759; x_wconf 77' lang='grc' dir='ltr'><strong>ΟΥΛΝΔΑΛΩΝ</strong></span> 
     </span>
    </p>
   </div>
   <div class='ocr_carea' id='block_1_38' title="bbox 1688 3857 2523 3929">
    <p class='ocr_par' dir='ltr' id='par_1_38' title="bbox 1688 3857 2523 3929">
     <span class='ocr_line' id='line_1_38' title="bbox 1688 3857 2523 3929; baseline 0.002 -20"><span class='ocrx_word' id='word_1_447' title='bbox 1688 3857 2081 3926; x_wconf 78' lang='grc' dir='ltr'><strong>ΒΑΣΙΛΙΣΣῌ</strong></span> <span class='ocrx_word' id='word_1_448' title='bbox 2129 3859 2523 3929; x_wconf 75' lang='grc' dir='ltr'><strong>ΧΡΙΣΤΙΝῌ,</strong></span> 
     </span>
    </p>
   </div>
   <div class='ocr_carea' id='block_1_39' title="bbox 754 4014 3393 4081">
    <p class='ocr_par' dir='ltr' id='par_1_39' title="bbox 754 4014 3393 4081">
     <span class='ocr_line' id='line_1_39' title="bbox 754 4014 3393 4081; baseline 0.003 -14"><span class='ocrx_word' id='word_1_449' title='bbox 754 4014 1345 4070; x_wconf 76' lang='grc' dir='ltr'><strong>ΑΠΟΛΕΙΦΘΕΙΣΗΣ</strong></span> <span class='ocrx_word' id='word_1_450' title='bbox 1381 4014 1500 4067; x_wconf 79' lang='lat' dir='ltr'><strong>AIA</strong></span> <span class='ocrx_word' id='word_1_451' title='bbox 1550 4015 1693 4068; x_wconf 65' lang='grc' dir='ltr'><strong>ΤΗΝ</strong></span> <span class='ocrx_word' id='word_1_452' title='bbox 1726 4014 2140 4067; x_wconf 78' lang='grc' dir='ltr'><strong>ΕΥΣΕΒΕΙΑΝ</strong></span> <span class='ocrx_word' id='word_1_453' title='bbox 2176 4018 2577 4081; x_wconf 78' lang='grc' dir='ltr'><strong>ΒΑΣΙΛΕΙΑΣ,</strong></span> <span class='ocrx_word' id='word_1_454' title='bbox 2615 4018 2868 4074; x_wconf 82' lang='grc' dir='ltr'><strong>ΡΩΜΗΝ</strong></span> <span class='ocrx_word' id='word_1_455' title='bbox 2902 4020 3393 4075; x_wconf 76' lang='grc' dir='ltr'><strong>ΕΙΣΕΑΘΟΥΣΗ.</strong></span> 
     </span>
    </p>
   </div>
   <div class='ocr_carea' id='block_1_40' title="bbox 1022 4312 2662 4380">
    <p class='ocr_par' dir='ltr' id='par_1_40' title="bbox 1022 4312 2621 4380">
     <span class='ocr_line' id='line_1_40' title="bbox 1022 4312 2621 4380; baseline 0.001 -9"><span class='ocrx_word' id='word_1_456' title='bbox 1022 4312 1558 4371; x_wconf 65' lang='grc' dir='ltr'><strong>δΕΒΕΝιδεΙΜίΕ</strong></span> <span class='ocrx_word' id='word_1_457' title='bbox 1602 4312 2026 4380; x_wconf 78' lang='lat' dir='ltr'><strong>SUECORUM,</strong></span> <span class='ocrx_word' id='word_1_458' title='bbox 2070 4316 2481 4372; x_wconf 74' lang='lat' dir='ltr'><strong>GOTUORUM</strong></span> <span class='ocrx_word' id='word_1_459' title='bbox 2527 4319 2621 4373; x_wconf 82' lang='lat' dir='ltr'><strong><em>ET</em></strong></span> 
     </span>
    </p>
   </div>
   <div class='ocr_carea' id='block_1_41' title="bbox 1548 4312 3188 4380">
    <p class='ocr_par' dir='ltr' id='par_1_41' title="bbox 1548 4312 3188 4380">
     <span class='ocr_line' id='line_1_41' title="bbox 1548 4312 3188 4380; baseline 0.005 -15"><span class='ocrx_word' id='word_1_460' title='bbox 1548 4313 1558 4365; x_wconf 72' lang='grc' dir='ltr'>Γ</span> <span class='ocrx_word' id='word_1_461' title='bbox 1602 4312 2026 4380; x_wconf 77' lang='lat' dir='ltr'><strong>SUECORUM,</strong></span> <span class='ocrx_word' id='word_1_462' title='bbox 2070 4316 2481 4372; x_wconf 74' lang='lat' dir='ltr'><strong>GOTUORUM</strong></span> <span class='ocrx_word' id='word_1_463' title='bbox 2527 4319 2621 4373; x_wconf 83' lang='lat' dir='ltr'><strong><em>ET</em></strong></span> <span class='ocrx_word' id='word_1_464' title='bbox 2664 4318 3188 4375; x_wconf 73' lang='lat' dir='ltr'><strong>WAA&#39;DALORUN</strong></span> 
     </span>
    </p>
   </div>
   <div class='ocr_carea' id='block_1_42' title="bbox 1688 4467 2529 4541">
    <p class='ocr_par' dir='ltr' id='par_1_42' title="bbox 1688 4467 2529 4541">
     <span class='ocr_line' id='line_1_42' title="bbox 1688 4467 2529 4541; baseline 0.006 -18"><span class='ocrx_word' id='word_1_465' title='bbox 1688 4467 2001 4526; x_wconf 65' lang='grc' dir='ltr'><strong>ΒΕΟΙΝιἘ</strong></span> <span class='ocrx_word' id='word_1_466' title='bbox 2049 4470 2481 4527; x_wconf 75' lang='grc' dir='ltr'><strong>ϐΙΙΙῖΙδΤΙΝΛΞ</strong></span> <span class='ocrx_word' id='word_1_467' title='bbox 2510 4516 2529 4541; x_wconf 93' lang='lat'><strong>,</strong></span> 
     </span>
    </p>
   </div>
   <div class='ocr_carea' id='block_1_43' title="bbox 1164 4626 2804 4694">
    <p class='ocr_par' dir='ltr' id='par_1_43' title="bbox 1164 4627 2804 4694">
     <span class='ocr_line' id='line_1_43' title="bbox 1164 4627 2804 4694; baseline -0.001 -10"><span class='ocrx_word' id='word_1_468' title='bbox 1164 4629 1482 4687; x_wconf 71' lang='lat' dir='ltr'><strong>RELICTO</strong></span> <span class='ocrx_word' id='word_1_469' title='bbox 1536 4629 1627 4685; x_wconf 82' lang='lat' dir='ltr'><strong>OB</strong></span> <span class='ocrx_word' id='word_1_470' title='bbox 1672 4627 2049 4683; x_wconf 78' lang='grc' dir='ltr'><strong>ΡΙΕΤΑΊἜΜ</strong></span> <span class='ocrx_word' id='word_1_471' title='bbox 2102 4627 2374 4694; x_wconf 70' lang='lat' dir='ltr'><strong>REGNO,</strong></span> <span class='ocrx_word' id='word_1_472' title='bbox 2416 4627 2681 4685; x_wconf 77' lang='grc' dir='ltr'><strong>ΒΟΜΛΜ</strong></span> <span class='ocrx_word' id='word_1_473' title='bbox 2715 4628 2804 4682; x_wconf 80' lang='lat' dir='ltr'><strong>AD</strong></span> 
     </span>
    </p>
   </div>
   <div class='ocr_carea' id='block_1_44' title="bbox 1431 4626 3071 4694">
    <p class='ocr_par' dir='ltr' id='par_1_44' title="bbox 1431 4626 3071 4694">
     <span class='ocr_line' id='line_1_44' title="bbox 1431 4626 3071 4694; baseline -0.003 -8"><span class='ocrx_word' id='word_1_474' title='bbox 1431 4630 1482 4686; x_wconf 38' lang='lat'><strong>‘0</strong></span> <span class='ocrx_word' id='word_1_475' title='bbox 1536 4629 1627 4685; x_wconf 82' lang='lat' dir='ltr'><strong>OB</strong></span> <span class='ocrx_word' id='word_1_476' title='bbox 1672 4627 2049 4683; x_wconf 79' lang='grc' dir='ltr'><strong>ΡΙΕΤΑΊἜΜ</strong></span> <span class='ocrx_word' id='word_1_477' title='bbox 2102 4627 2374 4694; x_wconf 70' lang='lat' dir='ltr'><strong>REGNO,</strong></span> <span class='ocrx_word' id='word_1_478' title='bbox 2416 4627 2681 4685; x_wconf 77' lang='lat' dir='ltr'><strong><em>ROMAM</em></strong></span> <span class='ocrx_word' id='word_1_479' title='bbox 2715 4626 3071 4683; x_wconf 79' lang='lat' dir='ltr'><strong>ADEUN&#39;I&#39;I.</strong></span> 
     </span>
    </p>
   </div>
   <div class='ocr_carea' id='block_1_45' title="bbox 2084 4806 2152 4818">
    <p class='ocr_par' dir='ltr' id='par_1_45' title="bbox 2084 4806 2152 4818">
     <span class='ocr_line' id='line_1_45' title="bbox 2084 4806 2152 4818; baseline -0.029 0"><span class='ocrx_word' id='word_1_480' title='bbox 2084 4806 2152 4818; x_wconf 72' lang='grc'><strong>...-</strong></span> 
     </span>
    </p>
   </div>
   <div class='ocr_carea' id='block_1_46' title="bbox 469 4931 2109 5010">
    <p class='ocr_par' dir='ltr' id='par_1_46' title="bbox 469 4931 2109 5004">
     <span class='ocr_line' id='line_1_46' title="bbox 469 4931 2109 5004; baseline -0.006 -11"><span class='ocrx_word' id='word_1_481' title='bbox 469 4937 669 5002; x_wconf 69' lang='lat' dir='ltr'><strong>Roma,</strong></span> <span class='ocrx_word' id='word_1_482' title='bbox 711 4934 1069 5004; x_wconf 72' lang='lat' dir='ltr'><strong>triumphaleS</strong></span> <span class='ocrx_word' id='word_1_483' title='bbox 1100 4931 1347 4987; x_wconf 81' lang='lat' dir='ltr'><strong>lestivior</strong></span> <span class='ocrx_word' id='word_1_484' title='bbox 1381 4931 1589 4987; x_wconf 90' lang='lat' dir='ltr'><strong>instrue</strong></span> <span class='ocrx_word' id='word_1_485' title='bbox 1618 4947 1866 5001; x_wconf 83' lang='lat' dir='ltr'><strong>pompas,</strong></span> <span class='ocrx_word' id='word_1_486' title='bbox 2070 4942 2109 4996; x_wconf 68' lang='grc' dir='ltr'><strong>Α</strong></span> 
     </span>
    </p>
   </div>
   <div class='ocr_carea' id='block_1_47' title="bbox 1943 4931 3583 5010">
    <p class='ocr_par' dir='ltr' id='par_1_47' title="bbox 2070 4932 3583 5010">
     <span class='ocr_line' id='line_1_47' title="bbox 2070 4932 3583 5010; baseline 0.005 -26"><span class='ocrx_word' id='word_1_487' title='bbox 2070 4942 2119 4996; x_wconf 71' lang='grc' dir='ltr'>Α</span> <span class='ocrx_word' id='word_1_488' title='bbox 2161 4933 2365 4987; x_wconf 72' lang='grc' dir='ltr'><strong>Ἐαθλὰ</strong></span> <span class='ocrx_word' id='word_1_489' title='bbox 2386 4932 2794 5004; x_wconf 73' lang='grc' dir='ltr'><strong>θριαμεεὺουσα</strong></span> <span class='ocrx_word' id='word_1_490' title='bbox 2826 4936 3001 5007; x_wconf 78' lang='grc' dir='ltr'>χαρᾶς</span> <span class='ocrx_word' id='word_1_491' title='bbox 3031 4935 3108 5005; x_wconf 77' lang='grc' dir='ltr'><strong>μὴ</strong></span> <span class='ocrx_word' id='word_1_492' title='bbox 3138 4934 3337 5003; x_wconf 78' lang='grc' dir='ltr'><strong>φείδεο,</strong></span> <span class='ocrx_word' id='word_1_493' title='bbox 3372 4936 3583 5010; x_wconf 83' lang='grc' dir='ltr'><strong>Ῥωμη,</strong></span> 
     </span>
    </p>
   </div>
   <div class='ocr_carea' id='block_1_48' title="bbox 539 5020 2179 5097">
    <p class='ocr_par' dir='ltr' id='par_1_48' title="bbox 539 5020 1759 5093">
     <span class='ocr_line' id='line_1_48' title="bbox 539 5020 1759 5093; baseline -0.005 -13"><span class='ocrx_word' id='word_1_494' title='bbox 539 5026 609 5081; x_wconf 86' lang='grc' dir='ltr'>Ει</span> <span class='ocrx_word' id='word_1_495' title='bbox 635 5040 807 5080; x_wconf 90' lang='lat' dir='ltr'><strong>novus</strong></span> <span class='ocrx_word' id='word_1_496' title='bbox 840 5025 1065 5093; x_wconf 87' lang='lat' dir='ltr'><strong>antiqua</strong></span> <span class='ocrx_word' id='word_1_497' title='bbox 1097 5032 1268 5077; x_wconf 88' lang='lat' dir='ltr'><strong>certet</strong></span> <span class='ocrx_word' id='word_1_498' title='bbox 1298 5022 1354 5075; x_wconf 84' lang='lat' dir='ltr'><strong>in</strong></span> <span class='ocrx_word' id='word_1_499' title='bbox 1382 5021 1515 5076; x_wconf 85' lang='lat' dir='ltr'><strong>urbe</strong></span> <span class='ocrx_word' id='word_1_500' title='bbox 1544 5020 1711 5075; x_wconf 90' lang='lat' dir='ltr'><strong>decor</strong></span> <span class='ocrx_word' id='word_1_501' title='bbox 1744 5039 1759 5073; x_wconf 88' lang='lat'><strong>:</strong></span> 
     </span>
    </p>
   </div>
   <div class='ocr_carea' id='block_1_49' title="bbox 1870 5020 3510 5097">
    <p class='ocr_par' dir='ltr' id='par_1_49' title="bbox 2223 5025 3510 5097">
     <span class='ocr_line' id='line_1_49' title="bbox 2223 5025 3510 5097; baseline 0.004 -20"><span class='ocrx_word' id='word_1_502' title='bbox 2223 5025 2506 5097; x_wconf 72' lang='grc' dir='ltr'><strong>Αξτχύνϐῃ</strong></span> <span class='ocrx_word' id='word_1_503' title='bbox 2521 5026 2583 5080; x_wconf 72' lang='grc' dir='ltr'>δὲ</span> <span class='ocrx_word' id='word_1_504' title='bbox 2610 5025 2677 5079; x_wconf 78' lang='grc' dir='ltr'><strong>τὰ</strong></span> <span class='ocrx_word' id='word_1_505' title='bbox 2705 5027 2836 5096; x_wconf 77' lang='grc' dir='ltr'>πρὶν</span> <span class='ocrx_word' id='word_1_506' title='bbox 2862 5026 3067 5097; x_wconf 81' lang='grc' dir='ltr'><strong>κόσμια.</strong></span> <span class='ocrx_word' id='word_1_507' title='bbox 3095 5026 3236 5097; x_wconf 79' lang='grc' dir='ltr'><strong>πρὸς</strong></span> <span class='ocrx_word' id='word_1_508' title='bbox 3262 5028 3324 5079; x_wconf 74' lang='grc' dir='ltr'><strong>τὸ</strong></span> <span class='ocrx_word' id='word_1_509' title='bbox 3352 5028 3473 5082; x_wconf 82' lang='grc' dir='ltr'>νέον</span> <span class='ocrx_word' id='word_1_510' title='bbox 3497 5045 3510 5060; x_wconf 88' lang='grc'><strong>·</strong></span> 
     </span>
    </p>
   </div>
   <div class='ocr_carea' id='block_1_50' title="bbox 468 5112 2108 5189">
    <p class='ocr_par' dir='ltr' id='par_1_50' title="bbox 468 5112 1936 5185">
     <span class='ocr_line' id='line_1_50' title="bbox 468 5112 1936 5185; baseline -0.005 -12"><span class='ocrx_word' id='word_1_511' title='bbox 468 5119 585 5173; x_wconf 70' lang='lat' dir='ltr'><strong>Non</strong></span> <span class='ocrx_word' id='word_1_512' title='bbox 622 5118 709 5171; x_wconf 92' lang='lat' dir='ltr'><strong>hic</strong></span> <span class='ocrx_word' id='word_1_513' title='bbox 744 5131 1038 5185; x_wconf 81' lang='lat' dir='ltr'><strong>regnorum</strong></span> <span class='ocrx_word' id='word_1_514' title='bbox 1066 5113 1325 5169; x_wconf 80' lang='lat' dir='ltr'><strong>domitrix</strong></span> <span class='ocrx_word' id='word_1_515' title='bbox 1359 5113 1577 5167; x_wconf 88' lang='lat' dir='ltr'><strong>Bellona</strong></span> <span class='ocrx_word' id='word_1_516' title='bbox 1612 5112 1936 5183; x_wconf 87' lang='lat' dir='ltr'><strong>triumphos,</strong></span> 
     </span>
    </p>
   </div>
   <div class='ocr_carea' id='block_1_51' title="bbox 1976 5112 3616 5189">
    <p class='ocr_par' dir='ltr' id='par_1_51' title="bbox 2156 5115 3616 5189">
     <span class='ocr_line' id='line_1_51' title="bbox 2156 5115 3616 5189; baseline 0.003 -20"><span class='ocrx_word' id='word_1_517' title='bbox 2156 5118 2233 5169; x_wconf 84' lang='grc' dir='ltr'><strong>Οὐ</strong></span> <span class='ocrx_word' id='word_1_518' title='bbox 2266 5118 2375 5187; x_wconf 82' lang='grc' dir='ltr'><strong>γὰρ</strong></span> <span class='ocrx_word' id='word_1_519' title='bbox 2413 5118 2586 5186; x_wconf 72' lang='grc' dir='ltr'><strong>’Ἄρης</strong></span> <span class='ocrx_word' id='word_1_520' title='bbox 2618 5115 2830 5187; x_wconf 71' lang='grc' dir='ltr'><strong>ἐχθρῶν</strong></span> <span class='ocrx_word' id='word_1_521' title='bbox 2862 5117 3106 5172; x_wconf 78' lang='grc' dir='ltr'><strong>ἐπινίκια</strong></span> <span class='ocrx_word' id='word_1_522' title='bbox 3143 5117 3295 5170; x_wconf 78' lang='grc' dir='ltr'>δεινὰ</span> <span class='ocrx_word' id='word_1_523' title='bbox 3314 5118 3616 5189; x_wconf 68' lang='grc' dir='ltr'><strong>δαμέντων,</strong></span> 
     </span>
    </p>
   </div>
   <div class='ocr_carea' id='block_1_52' title="bbox 536 5192 2176 5281">
    <p class='ocr_par' dir='ltr' id='par_1_52' title="bbox 536 5192 1701 5274">
     <span class='ocr_line' id='line_1_52' title="bbox 536 5192 1701 5274; baseline -0.005 -11"><span class='ocrx_word' id='word_1_524' title='bbox 536 5209 701 5263; x_wconf 90' lang='lat' dir='ltr'><strong>Orbis</strong></span> <span class='ocrx_word' id='word_1_525' title='bbox 724 5208 792 5262; x_wconf 88' lang='lat' dir='ltr'><strong>ab</strong></span> <span class='ocrx_word' id='word_1_526' title='bbox 818 5206 1029 5261; x_wconf 81' lang='lat' dir='ltr'><strong>excidio</strong></span> <span class='ocrx_word' id='word_1_527' title='bbox 1062 5205 1209 5259; x_wconf 88' lang='lat' dir='ltr'><strong>nulla</strong></span> <span class='ocrx_word' id='word_1_528' title='bbox 1248 5218 1449 5274; x_wconf 73' lang='lat' dir='ltr'><strong>tropzea</strong></span> <span class='ocrx_word' id='word_1_529' title='bbox 1482 5206 1635 5274; x_wconf 89' lang='lat' dir='ltr'><strong>petit.</strong></span> <span class='ocrx_word' id='word_1_530' title='bbox 1698 5192 1701 5195; x_wconf 27' lang='grc' dir='ltr'><strong><em>λ</em></strong></span> 
     </span>
    </p>
   </div>
   <div class='ocr_carea' id='block_1_53' title="bbox 1866 5192 3506 5281">
    <p class='ocr_par' dir='ltr' id='par_1_53' title="bbox 2221 5208 3506 5281">
     <span class='ocr_line' id='line_1_53' title="bbox 2221 5208 3506 5281; baseline 0.002 -20"><span class='ocrx_word' id='word_1_531' title='bbox 2221 5208 2358 5261; x_wconf 64' lang='grc' dir='ltr'><strong>Οὐδὲ</strong></span> <span class='ocrx_word' id='word_1_532' title='bbox 2385 5208 2602 5277; x_wconf 79' lang='grc' dir='ltr'><strong>σφαγῆς</strong></span> <span class='ocrx_word' id='word_1_533' title='bbox 2640 5210 2896 5278; x_wconf 84' lang='grc' dir='ltr'><strong>μερόπων</strong></span> <span class='ocrx_word' id='word_1_534' title='bbox 2928 5210 3084 5279; x_wconf 84' lang='grc' dir='ltr'>τίμια</span> <span class='ocrx_word' id='word_1_535' title='bbox 3125 5210 3298 5262; x_wconf 84' lang='grc' dir='ltr'>σκῦλα</span> <span class='ocrx_word' id='word_1_536' title='bbox 3329 5213 3506 5281; x_wconf 72' lang='grc' dir='ltr'><strong>φέρει.</strong></span> 
     </span>
    </p>
   </div>
   <div class='ocr_carea' id='block_1_54' title="bbox 468 5299 2108 5375">
    <p class='ocr_par' dir='ltr' id='par_1_54' title="bbox 468 5299 1872 5371">
     <span class='ocr_line' id='line_1_54' title="bbox 468 5299 1872 5371; baseline 0 -16"><span class='ocrx_word' id='word_1_537' title='bbox 468 5305 600 5356; x_wconf 85' lang='lat' dir='ltr'><strong>Arte</strong></span> <span class='ocrx_word' id='word_1_538' title='bbox 634 5317 771 5356; x_wconf 88' lang='lat' dir='ltr'><strong>nova</strong></span> <span class='ocrx_word' id='word_1_539' title='bbox 795 5301 966 5371; x_wconf 88' lang='lat' dir='ltr'><strong>pietas</strong></span> <span class='ocrx_word' id='word_1_540' title='bbox 997 5299 1193 5364; x_wconf 84' lang='lat' dir='ltr'><strong>vincit,</strong></span> <span class='ocrx_word' id='word_1_541' title='bbox 1222 5300 1351 5369; x_wconf 86' lang='lat' dir='ltr'><strong>quia</strong></span> <span class='ocrx_word' id='word_1_542' title='bbox 1382 5312 1598 5369; x_wconf 83' lang='lat' dir='ltr'><strong>sceptra</strong></span> <span class='ocrx_word' id='word_1_543' title='bbox 1629 5311 1872 5367; x_wconf 85' lang='lat' dir='ltr'><strong>recusat,</strong></span> 
     </span>
    </p>
   </div>
   <div class='ocr_carea' id='block_1_55' title="bbox 2082 5299 3722 5375">
    <p class='ocr_par' dir='ltr' id='par_1_55' title="bbox 2149 5300 3722 5375">
     <span class='ocr_line' id='line_1_55' title="bbox 2149 5300 3722 5375; baseline 0.004 -24"><span class='ocrx_word' id='word_1_544' title='bbox 2149 5300 2314 5352; x_wconf 73' lang='grc' dir='ltr'><strong>’Δλλὰ</strong></span> <span class='ocrx_word' id='word_1_545' title='bbox 2332 5301 2526 5369; x_wconf 76' lang='grc' dir='ltr'>κρατεῖ</span> <span class='ocrx_word' id='word_1_546' title='bbox 2547 5300 2607 5352; x_wconf 79' lang='grc' dir='ltr'><strong>τὸ</strong></span> <span class='ocrx_word' id='word_1_547' title='bbox 2627 5300 2789 5363; x_wconf 76' lang='grc' dir='ltr'><strong>σέϐας</strong></span> <span class='ocrx_word' id='word_1_548' title='bbox 2813 5300 3186 5372; x_wconf 77' lang='grc' dir='ltr'><strong>βασιλεύματα</strong></span> <span class='ocrx_word' id='word_1_549' title='bbox 3207 5300 3318 5370; x_wconf 86' lang='grc' dir='ltr'><strong>λαμ</strong></span> <span class='ocrx_word' id='word_1_550' title='bbox 3365 5304 3436 5371; x_wconf 84' lang='grc' dir='ltr'><strong>ρὰ</strong></span> <span class='ocrx_word' id='word_1_551' title='bbox 3456 5303 3722 5375; x_wconf 61' lang='grc' dir='ltr'><strong>πατῆσαι.</strong></span> 
     </span>
    </p>
   </div>
   <div class='ocr_carea' id='block_1_56' title="bbox 541 5390 2181 5465">
    <p class='ocr_par' dir='ltr' id='par_1_56' title="bbox 541 5390 1930 5465">
     <span class='ocr_line' id='line_1_56' title="bbox 541 5390 1930 5465; baseline -0.001 -16"><span class='ocrx_word' id='word_1_552' title='bbox 541 5399 837 5465; x_wconf 72' lang='lat' dir='ltr'><strong>ltegnaque</strong></span> <span class='ocrx_word' id='word_1_553' title='bbox 871 5409 978 5446; x_wconf 91' lang='lat' dir='ltr'><strong>non</strong></span> <span class='ocrx_word' id='word_1_554' title='bbox 1020 5408 1292 5463; x_wconf 83' lang='lat' dir='ltr'><strong>pugnans,</strong></span> <span class='ocrx_word' id='word_1_555' title='bbox 1324 5392 1418 5446; x_wconf 87' lang='lat' dir='ltr'><strong>sed</strong></span> <span class='ocrx_word' id='word_1_556' title='bbox 1460 5390 1690 5462; x_wconf 76' lang='lat' dir='ltr'><strong>fugitiva</strong></span> <span class='ocrx_word' id='word_1_557' title='bbox 1722 5395 1930 5449; x_wconf 82' lang='lat' dir='ltr'><strong>domat.</strong></span> 
     </span>
    </p>
   </div>
   <div class='ocr_carea' id='block_1_57' title="bbox 1904 5390 3544 5465">
    <p class='ocr_par' dir='ltr' id='par_1_57' title="bbox 1904 5391 3544 5463">
     <span class='ocr_line' id='line_1_57' title="bbox 1904 5391 3544 5463; baseline -0.002 -15"><span class='ocrx_word' id='word_1_558' title='bbox 1904 5410 1930 5448; x_wconf 56' lang='grc' dir='ltr'><strong>ξ.</strong></span> <span class='ocrx_word' id='word_1_559' title='bbox 2225 5391 2491 5447; x_wconf 76' lang='grc' dir='ltr'><strong>Ἐλλαὸεν</strong></span> <span class='ocrx_word' id='word_1_560' title='bbox 2514 5392 2635 5445; x_wconf 78' lang='grc' dir='ltr'><strong>οὐδὲ</strong></span> <span class='ocrx_word' id='word_1_561' title='bbox 2665 5394 2837 5463; x_wconf 77' lang='grc' dir='ltr'><strong>μάχη,</strong></span> <span class='ocrx_word' id='word_1_562' title='bbox 2869 5393 3005 5446; x_wconf 81' lang='grc' dir='ltr'><strong>ἀλλὰ</strong></span> <span class='ocrx_word' id='word_1_563' title='bbox 3029 5393 3177 5463; x_wconf 70' lang='grc' dir='ltr'><strong>φυγὴ</strong></span> <span class='ocrx_word' id='word_1_564' title='bbox 3210 5394 3272 5445; x_wconf 84' lang='grc' dir='ltr'><strong>τὸ</strong></span> <span class='ocrx_word' id='word_1_565' title='bbox 3308 5396 3507 5463; x_wconf 69' lang='grc' dir='ltr'>κράτος</span> <span class='ocrx_word' id='word_1_566' title='bbox 3531 5412 3544 5425; x_wconf 85' lang='grc'><strong>·</strong></span> 
     </span>
    </p>
   </div>
   <div class='ocr_carea' id='block_1_58' title="bbox 469 5484 2109 5557">
    <p class='ocr_par' dir='ltr' id='par_1_58' title="bbox 469 5484 1930 5555">
     <span class='ocr_line' id='line_1_58' title="bbox 469 5484 1930 5555; baseline -0.001 -13"><span class='ocrx_word' id='word_1_567' title='bbox 469 5488 651 5543; x_wconf 76' lang='lat' dir='ltr'><strong>inclita</strong></span> <span class='ocrx_word' id='word_1_568' title='bbox 687 5487 980 5555; x_wconf 88' lang='lat' dir='ltr'><strong>majorum,</strong></span> <span class='ocrx_word' id='word_1_569' title='bbox 1016 5484 1189 5553; x_wconf 79' lang='lat' dir='ltr'><strong>virgo,</strong></span> <span class='ocrx_word' id='word_1_570' title='bbox 1223 5486 1351 5538; x_wconf 89' lang='lat' dir='ltr'><strong>dum</strong></span> <span class='ocrx_word' id='word_1_571' title='bbox 1393 5493 1607 5554; x_wconf 85' lang='lat' dir='ltr'><strong>sceptra</strong></span> <span class='ocrx_word' id='word_1_572' title='bbox 1641 5486 1930 5555; x_wconf 79' lang='lat' dir='ltr'><strong>relinquis,</strong></span> 
     </span>
    </p>
   </div>
   <div class='ocr_carea' id='block_1_59' title="bbox 2083 5484 3723 5557">
    <p class='ocr_par' dir='ltr' id='par_1_59' title="bbox 2143 5485 3723 5557">
     <span class='ocr_line' id='line_1_59' title="bbox 2143 5485 3723 5557; baseline 0 -16"><span class='ocrx_word' id='word_1_573' title='bbox 2143 5487 2408 5556; x_wconf 72' lang='grc' dir='ltr'><strong>Παρθένε,</strong></span> <span class='ocrx_word' id='word_1_574' title='bbox 2440 5486 2548 5540; x_wconf 85' lang='grc' dir='ltr'><strong>τῶν</strong></span> <span class='ocrx_word' id='word_1_575' title='bbox 2567 5488 2848 5557; x_wconf 80' lang='grc' dir='ltr'><strong>προγόνων</strong></span> <span class='ocrx_word' id='word_1_576' title='bbox 2871 5485 3203 5555; x_wconf 41' lang='grc' dir='ltr'><strong>ὑπερήφανα.</strong></span> <span class='ocrx_word' id='word_1_577' title='bbox 3226 5486 3480 5556; x_wconf 78' lang='grc' dir='ltr'><strong>σκῆπτρα</strong></span> <span class='ocrx_word' id='word_1_578' title='bbox 3504 5488 3723 5541; x_wconf 69' lang='grc' dir='ltr'>λιποῖσα</span> 
     </span>
    </p>
   </div>
   <div class='ocr_carea' id='block_1_60' title="bbox 540 5576 2180 5651">
    <p class='ocr_par' dir='ltr' id='par_1_60' title="bbox 540 5576 1618 5649">
     <span class='ocr_line' id='line_1_60' title="bbox 540 5576 1618 5649; baseline -0.004 -15"><span class='ocrx_word' id='word_1_579' title='bbox 540 5582 760 5649; x_wconf 72' lang='lat' dir='ltr'><strong>Sceptra</strong></span> <span class='ocrx_word' id='word_1_580' title='bbox 797 5577 872 5630; x_wconf 92' lang='lat' dir='ltr'><strong>tui</strong></span> <span class='ocrx_word' id='word_1_581' title='bbox 906 5576 1100 5630; x_wconf 76' lang='lat' dir='ltr'><strong>victrix</strong></span> <span class='ocrx_word' id='word_1_582' title='bbox 1135 5577 1402 5630; x_wconf 73' lang='lat' dir='ltr'><strong>nobiliora</strong></span> <span class='ocrx_word' id='word_1_583' title='bbox 1437 5577 1618 5644; x_wconf 86' lang='lat' dir='ltr'><strong>eapis;</strong></span> 
     </span>
    </p>
   </div>
   <div class='ocr_carea' id='block_1_61' title="bbox 1795 5576 3435 5651">
    <p class='ocr_par' dir='ltr' id='par_1_61' title="bbox 2212 5578 3435 5651">
     <span class='ocr_line' id='line_1_61' title="bbox 2212 5578 3435 5651; baseline -0.001 -19"><span class='ocrx_word' id='word_1_584' title='bbox 2212 5580 2333 5632; x_wconf 82' lang='grc' dir='ltr'><strong>Σοίο</strong></span> <span class='ocrx_word' id='word_1_585' title='bbox 2357 5580 2455 5649; x_wconf 83' lang='grc' dir='ltr'>μὲν</span> <span class='ocrx_word' id='word_1_586' title='bbox 2485 5580 2543 5645; x_wconf 79' lang='grc' dir='ltr'>ἐξ</span> <span class='ocrx_word' id='word_1_587' title='bbox 2577 5580 2748 5649; x_wconf 78' lang='grc' dir='ltr'><strong>ἥττης</strong></span> <span class='ocrx_word' id='word_1_588' title='bbox 2779 5578 2907 5645; x_wconf 77' lang='grc' dir='ltr'><strong>ἄξια.</strong></span> <span class='ocrx_word' id='word_1_589' title='bbox 2940 5582 3199 5651; x_wconf 78' lang='grc' dir='ltr'><strong>σκῆπτρα</strong></span> <span class='ocrx_word' id='word_1_590' title='bbox 3232 5581 3435 5650; x_wconf 78' lang='grc' dir='ltr'>νέμεις.</span> 
     </span>
    </p>
   </div>
   <div class='ocr_carea' id='block_1_62' title="bbox 465 5668 2105 5745">
    <p class='ocr_par' dir='ltr' id='par_1_62' title="bbox 465 5668 2042 5741">
     <span class='ocr_line' id='line_1_62' title="bbox 465 5668 2042 5741; baseline 0.001 -16"><span class='ocrx_word' id='word_1_591' title='bbox 465 5675 708 5725; x_wconf 63' lang='grc' dir='ltr'><strong>δυιηιυτυ</strong></span> <span class='ocrx_word' id='word_1_592' title='bbox 726 5686 887 5739; x_wconf 80' lang='lat' dir='ltr'><strong>regna</strong></span> <span class='ocrx_word' id='word_1_593' title='bbox 913 5668 1012 5722; x_wconf 83' lang='lat' dir='ltr'><strong>sibi</strong></span> <span class='ocrx_word' id='word_1_594' title='bbox 1044 5685 1298 5739; x_wconf 82' lang='lat' dir='ltr'><strong>magnum</strong></span> <span class='ocrx_word' id='word_1_595' title='bbox 1321 5677 1425 5733; x_wconf 90' lang='lat' dir='ltr'><strong>est,</strong></span> <span class='ocrx_word' id='word_1_596' title='bbox 1443 5684 1539 5724; x_wconf 88' lang='lat' dir='ltr'><strong>sua</strong></span> <span class='ocrx_word' id='word_1_597' title='bbox 1560 5669 1806 5739; x_wconf 71' lang='lat' dir='ltr'><strong>linquere</strong></span> <span class='ocrx_word' id='word_1_598' title='bbox 1828 5674 2042 5741; x_wconf 44' lang='lat' dir='ltr'><strong>majus;</strong></span> 
     </span>
    </p>
   </div>
   <div class='ocr_carea' id='block_1_63' title="bbox 2088 5668 3728 5745">
    <p class='ocr_par' dir='ltr' id='par_1_63' title="bbox 2144 5671 3728 5745">
     <span class='ocr_line' id='line_1_63' title="bbox 2144 5671 3728 5745; baseline 0.001 -20"><span class='ocrx_word' id='word_1_599' title='bbox 2144 5673 2316 5735; x_wconf 79' lang='grc' dir='ltr'><strong>Κῦδος</strong></span> <span class='ocrx_word' id='word_1_600' title='bbox 2338 5673 2433 5743; x_wconf 76' lang='grc' dir='ltr'><strong>ἔην</strong></span> <span class='ocrx_word' id='word_1_601' title='bbox 2456 5675 2761 5744; x_wconf 68' lang='grc' dir='ltr'><strong>βκσίλευμα</strong></span> <span class='ocrx_word' id='word_1_602' title='bbox 2788 5671 2999 5739; x_wconf 75' lang='grc' dir='ltr'><strong>λαϐεῖν,</strong></span> <span class='ocrx_word' id='word_1_603' title='bbox 3023 5676 3168 5745; x_wconf 76' lang='grc' dir='ltr'><strong>μέγα</strong></span> <span class='ocrx_word' id='word_1_604' title='bbox 3194 5673 3361 5745; x_wconf 77' lang='grc' dir='ltr'><strong>θαῦμ’</strong></span> <span class='ocrx_word' id='word_1_605' title='bbox 3385 5676 3728 5739; x_wconf 65' lang='grc' dir='ltr'><strong>ἀπολείπεινν</strong></span> 
     </span>
    </p>
   </div>
   <div class='ocr_carea' id='block_1_64' title="bbox 541 5763 2181 5839">
    <p class='ocr_par' dir='ltr' id='par_1_64' title="bbox 541 5763 1766 5830">
     <span class='ocr_line' id='line_1_64' title="bbox 541 5763 1766 5830; baseline -0.001 -12"><span class='ocrx_word' id='word_1_606' title='bbox 541 5766 763 5819; x_wconf 64' lang='lat' dir='ltr'><strong>Vincere</strong></span> <span class='ocrx_word' id='word_1_607' title='bbox 800 5763 1136 5819; x_wconf 77' lang='lat' dir='ltr'><strong>Christinatn</strong></span> <span class='ocrx_word' id='word_1_608' title='bbox 1171 5780 1273 5818; x_wconf 92' lang='lat' dir='ltr'><strong>non</strong></span> <span class='ocrx_word' id='word_1_609' title='bbox 1312 5763 1413 5816; x_wconf 75' lang='lat' dir='ltr'><strong>nisi</strong></span> <span class='ocrx_word' id='word_1_610' title='bbox 1447 5764 1560 5817; x_wconf 71' lang='lat' dir='ltr'><strong>sola</strong></span> <span class='ocrx_word' id='word_1_611' title='bbox 1596 5773 1766 5830; x_wconf 80' lang='lat' dir='ltr'><strong>potes.</strong></span> 
     </span>
    </p>
   </div>
   <div class='ocr_carea' id='block_1_65' title="bbox 1834 5763 3474 5839">
    <p class='ocr_par' dir='ltr' id='par_1_65' title="bbox 2217 5767 3474 5839">
     <span class='ocr_line' id='line_1_65' title="bbox 2217 5767 3474 5839; baseline 0.005 -21"><span class='ocrx_word' id='word_1_612' title='bbox 2217 5768 2259 5818; x_wconf 83' lang='grc' dir='ltr'>Χ</span> <span class='ocrx_word' id='word_1_613' title='bbox 2271 5771 2512 5837; x_wconf 67' lang='grc' dir='ltr'><strong>ριστῖναν</strong></span> <span class='ocrx_word' id='word_1_614' title='bbox 2550 5770 2604 5822; x_wconf 74' lang='grc' dir='ltr'><strong>δὲ</strong></span> <span class='ocrx_word' id='word_1_615' title='bbox 2643 5768 2823 5837; x_wconf 73' lang='grc' dir='ltr'><strong>δαμᾷν</strong></span> <span class='ocrx_word' id='word_1_616' title='bbox 2852 5767 2945 5821; x_wconf 69' lang='grc' dir='ltr'>σὺν</span> <span class='ocrx_word' id='word_1_617' title='bbox 2982 5769 3140 5835; x_wconf 71' lang='grc' dir='ltr'>μόνον</span> <span class='ocrx_word' id='word_1_618' title='bbox 3172 5769 3329 5839; x_wconf 73' lang='grc' dir='ltr'>ἔργον</span> <span class='ocrx_word' id='word_1_619' title='bbox 3361 5769 3474 5839; x_wconf 55' lang='grc' dir='ltr'><strong>ἐν.</strong></span> 
     </span>
    </p>
   </div>
  </div>
