4154 6432
427 368 495 435 15
1525 354 1750 425 PETRI
1791 360 2087 424 POSSINI
2133 352 2553 424 PREFATIO.
3618 352 3686 422 16

429 514 3275 542 _____________________________________._____________.._____

1054 702 1475 821 PETRI
1570 702 2123 818 POSSINI
2223 698 3033 815 PR/EFATIO.

2035 964 2106 983 Δ..

501 1131 687 1188 Vidum
720 1131 894 1185 Annae
926 1128 1224 1185 Comnenae
1254 1127 1519 1181 amissum
1555 1133 1608 1179 et
1641 1122 1838 1178 misere
1865 1123 2209 1193 deploratum
2246 1125 2423 1177 virum
2462 1122 2827 1192 Nicephorum
2859 1123 3132 1179 Caesarem
3167 1124 3498 1197 Bryenuium
3528 1133 3692 1187 Euri—

417 1223 577 1293 pideo
607 1221 755 1274 velut
782 1218 1019 1289 quodam
1064 1216 1321 1272 Herculis
1351 1214 1618 1268 miraculo
1659 1211 1963 1273 reddimus.
1992 1213 2123 1265 dum
2159 1213 2404 1267 Alexiadi
2451 1210 2766 1267 Cmsarissa:
2803 1213 2949 1268 illius
2993 1215 3281 1269 turturinis
3326 1220 3526 1287 passim
3557 1238 3690 1289 «μιρ-

416 1310 594 1366 stibus
627 1306 821 1362 acerba
855 1303 1107 1374 conjugis
1132 1302 1371 1357 Cmsaris
1402 1299 1513 1355 fata
1545 1299 1864 1353 lamentanti
1899 1298 2067 1371 (quod
2100 1318 2237 1372 opus
2276 1294 2407 1358 ante
2434 1318 2610 1359 annos
2643 1303 2854 1375 aliquot
2882 1303 2988 1358 luci
3014 1306 3288 1379 dedimus)
3315 1307 3690 1381 Brycunianos

419 1411 566 1450 nunc
597 1394 1025 1449 commentarios
1056 1390 1428 1461 adjungimus.
1464 1402 1640 1457 saepe,
1659 1387 1916 1451 multum,
1952 1398 2006 1441 et
2044 1392 2241 1445 merito
2264 1392 2434 1445 Aitme
2467 1390 2539 1444 ibi
2569 1391 2854 1458 laudatos;
2890 1400 2945 1445 et
2970 1392 3126 1446 nobis
3144 1393 3421 1451 Alexinum
3447 1398 3690 1456 historia

418 1482 757 1538 illustranda:
778 1480 1041 1535 studiosis
1062 1480 1146 1533 vel
1166 1491 1232 1532 eo
1261 1477 1485 1531 nomine
1509 1474 1925 1540 desiderabiles,
1948 1474 2092 1545 quod
2122 1489 2185 1529 ex
2213 1475 2281 1530 iis
2304 1473 2583 1529 Comuena
2608 1486 2660 1529 et
2677 1475 2948 1531 scribendi
2967 1477 3279 1545 consilium,
3310 1491 3363 1535 et
3383 1484 3690 1554 argumenti

419 1585 612 1640 genus,
644 1576 697 1623 et
731 1566 1055 1636 scriptionis
1090 1564 1331 1620 formam
1354 1577 1420 1617 ac
1454 1562 1680 1617 modum
1717 1577 1835 1617 sese
1870 1563 2120 1617 hausisse
2152 1561 2400 1632 professa
2432 1577 2537 1616 non
2578 1563 2744 1616 semel
2780 1570 2885 1617 est.
2917 1562 3026 1618 Nec
3069 1575 3249 1620 tamen
3290 1568 3343 1621 in
3381 1570 3480 1623 hac
3523 1574 3681 1639 quasi

417 1658 708 1712 Alcestidis
732 1670 898 1712 scena
933 1653 1203 1709 invidiose
1230 1652 1500 1721 gloriosas
1525 1650 1660 1705 mihi
1695 1650 2028 1721 sumpserim
2058 1650 2274 1705 mirifici
2310 1648 2561 1704 Herculis
2591 1659 2776 1720 partes
2810 1666 2825 1704 :
2857 1651 3059 1721 quippe
3085 1654 3172 1707 cui
3200 1655 3384 1723 potius
3416 1657 3471 1711 in
3496 1658 3685 1715 fabula

420 1748 514 1801 tali
558 1746 772 1801 Admeti
804 1757 1043 1815 persona
1094 1740 1383 1796 conveniat
1413 1740 1597 1795 alieno
1623 1738 1894 1794 beneﬁcio
1948 1735 2144 1793 felicis.
2176 1731 2322 1787 Vivit
2356 1731 2590 1799 Tolosa,
2645 1742 2699 1787 et
2734 1734 2942 1789 utinam
2999 1736 3091 1790 diu
3138 1752 3203 1792 ac
3249 1739 3689 1799 fortunatissime

422 1836 565 1891 sicut
595 1834 795 1903 dignus
834 1842 941 1896 est,
981 1829 1149 1892 vivat,
1193 1828 1259 1882 V.
1293 1827 1354 1883 (ἒ.
1390 1828 1662 1882 Antonius
1699 1826 1943 1881 Dadinus
1988 1823 2290 1886 Altaserra,
2336 1821 2696 1891 praerogativa
2738 1822 3121 1878 excellentium
3173 1827 3490 1881 meritorum
3532 1843 3693 1885 eum

420 1934 623 1977 sortem
652 1932 706 1974 et
736 1918 1209 1988 comparationum
1248 1930 1428 1969 moras
1454 1913 1666 1983 judicio
1698 1912 2085 1969 illustrissimae
2119 1908 2261 1963 illius
2291 1908 2599 1962 Academias
2635 1907 2864 1963 allectus
2893 1909 2946 1964 in
2993 1910 3395 1979 amplissimum
3430 1915 3682 1970 ordinem

424 2019 865 2070 autecessorum,
905 2006 1051 2074 juris
1081 2004 1191 2057 illic
1231 2002 1521 2071 utriusque
1549 2001 1733 2069 regius
1767 2001 2063 2071 professor.
2097 1997 2147 2050 Is
2183 2010 2247 2048 ex
2280 2010 2387 2056 me,
2422 1994 2647 2064 quicum
2683 1995 3023 2051 amicissime
3055 1999 3291 2064 vivebat,
3328 2017 3451 2055 cum
3488 2004 3688 2072 ετιϊὶιιιε

421 2093 825 2151 eoufabulaudo
853 2071 1203 2162 cognovisset
1232 2098 1439 2159 quanto
1468 2087 1740 2144 desiderio
1768 2098 1979 2141 tenerer
2013 2083 2378 2153 antiquissimi
2420 2083 2627 2139 codicis
2655 2083 2949 2142 Alexiados
2986 2086 3157 2142 Annae
3184 2089 3496 2156 Coutnenm,
3525 2071 3686 2163 quem

421 2199 451 2237 a
480 2181 683 2237 Jacobo
718 2180 945 2248 Cujaeio
982 2178 1224 2247 principe
1250 2177 1773 2246 jurisconsultorum
1811 2176 1875 2229 ad
1905 2190 2056 2244 spem
2099 2173 2358 2228 editionis
2400 2173 2528 2226 olim
2568 2173 2829 2227 traditum
2859 2175 2978 2230 viro
3014 2178 3363 2234 nobilissimo
3410 2190 3469 2235 et
3494 2186 3678 2236 cruda;

421 2271 636 2327 tissime
667 2267 826 2323 Petro
873 2266 1052 2322 Fnbro
1100 2265 1453 2335 Saujoriano,
1499 2276 1621 2319 esse
1669 2262 1848 2318 adhuc
1880 2252 2092 2317 Tolosa:
2123 2272 2315 2332 magna
2347 2261 2534 2330 opinio
2569 2270 2719 2328 erat;
2750 2261 2843 2317 sed
2876 2263 3034 2333 cujus
3075 2264 3129 2318 in
3179 2280 3343 2322 manu
3393 2285 3570 2338 quave
3625 2273 3685 2325 in

421 2359 587 2413 domo
618 2364 784 2417 esset,
822 2354 1022 2408 frustra
1050 2362 1169 2407 erat
1195 2361 1424 2407 eatenus
1454 2352 1771 2422 quaesitum.
1808 2346 1967 2412 Cum,
1996 2352 2244 2420 inquam,
2283 2348 2442 2405 istius
2478 2364 2611 2404 metu
2645 2365 2792 2404 cura:
2823 2353 3101 2416 conscius,
3144 2366 3196 2407 et
3226 2366 3452 2426 propter
3482 2360 3678 2414 amici.

423 2448 552 2501 tiam
594 2445 869 2514 particeps
917 2451 1085 2501 esset.
1125 2440 1265 2496 forte
1304 2440 1381 2494 illi
1431 2441 1684 2509 contigit.
1716 2456 1821 2493 non
1859 2439 2019 2493 modo
2050 2439 2102 2491 in
2141 2437 2386 2491 notitiam
2422 2435 2543 2505 ejus
2582 2436 2818 2491 hominis
2846 2438 3055 2505 venire,
3088 2456 3253 2510 penes
3287 2461 3447 2513 quem
3482 2447 3529 2501 is
3567 2449 3690 2502 the-

428 2547 630 2587 saurus
674 2528 1084 2588 asservabatur.
1124 2527 1217 2583 sed
1247 2535 1304 2583 et
1336 2536 1539 2581 tantam
1574 2527 1641 2580 ab
1669 2540 1735 2581 eo
1767 2526 1906 2579 inire
1948 2527 2203 2593 gratiam,
2238 2536 2296 2579 ut
2330 2539 2527 2594 negare
2559 2524 2659 2593 ipsi
2691 2524 2827 2580 nihil
2860 2539 3069 2596 posset.
3100 2528 3388 2600 [inpetrata
3419 2534 3583 2599 igitur
3628 2538 3681 2591 in

430 2634 640 2691 paucos
668 2618 788 2674 dies
820 2614 1155 2687 optatissimi
1190 2614 1321 2669 mihi
1365 2614 1571 2669 codicis
1604 2629 1771 2668 usura
1802 2613 2153 2681 cupidissime
2183 2612 2453 2667 adVoIavit
2492 2612 2558 2665 ad
2594 2628 2678 2667 me
2702 2628 2765 2668 ac
2798 2621 2968 2669 totum
2999 2616 3439 2685 illO|lillali>Slll20
3486 2625 3683 2693 gaudio

427 2708 687 2779 perfudit.
719 2702 878 2760 Liber
913 2710 1029 2759 erat
1067 2720 1095 2758 e
1143 2702 1337 2757 charta
1369 2703 1535 2756 lintea
1570 2701 1948 2772 perantiquus,
1987 2712 2039 2755 et
2069 2716 2262 2756 manus
2307 2700 2688 2755 transmarinae
2710 2739 2725 2765 ,
2761 2717 2922 2771 quem
2977 2704 3161 2759 statim
3195 2707 3451 2765 evolvens
3481 2714 3679 2767 avidis-

426 2798 591 2862 sime,
646 2795 698 2847 in
736 2802 801 2849 eo
838 2788 1012 2862 reperi
1067 2792 1234 2846 libros
1279 2788 1592 2860 quindecim
1636 2788 1925 2843 Alexiados
1968 2791 2139 2843 Annae
2184 2789 2448 2858 integros,
2485 2803 2586 2842 nec
2618 2790 2811 2857 paucis
2842 2790 2977 2845 locis
3008 2792 3076 2845 ab
3110 2807 3175 2847 eo
3202 2799 3497 2865 exemplari
3532 2801 3679 2855 mule-

421 2896 611 2939 nostra
635 2884 747 2952 jam
798 2889 911 2933 tum
949 2878 1224 2948 prodierat
1255 2878 1446 2941 editio,
1476 2878 1743 2935 diversos.
1776 2874 2051 2941 Prtefatio,
2081 2892 2244 2946 quam
2272 2891 2335 2930 ex
2366 2870 2764 2931 llmsehelianis
2795 2879 3068 2949 excerptis
3090 2884 3445 2953 sumpsimus,
3471 2887 3629 2943 dceta
3664 2907 3685 2955 ;

423 2972 520 3028 sed
561 2969 853 3025 exhibebat
882 2965 1001 3034 ejus
1037 2967 1154 3021 loco
1205 2965 1342 3021 bene
1386 2966 1606 3035 longum
1653 2981 1814 3036 opus,
1865 2966 2063 3033 ἀνεπὶγ

2040 2981 2265 3035 magar,
2300 2963 2605 3034 ἀνώνυμον,
2646 2964 2954 3035 ἁκέφα>.ον;
2992 2969 3195 3039 quippe
3246 2972 3406 3041 cujus
3448 2964 3680 3044 primum

424 3059 615 3114 folium
654 3064 706 3110 et
730 3056 912 3124 operis
950 3054 1192 3119 titulum,
1227 3062 1279 3107 et
1320 3068 1519 3107 nomen
1555 3053 1819 3116 auctoris,
1853 3063 1905 3106 et
1946 3052 2163 3106 initium
2216 3050 2465 3119 prommii
2524 3050 2894 3105 verisimiliter
2918 3055 3289 3122 complexum,
3320 3074 3427 3113 non
3461 3078 3684 3134 compa-

424 3147 597 3201 rebat.
635 3142 751 3197 Non
794 3142 919 3211 plus
960 3150 1140 3195 tamen
1197 3154 1304 3194 uno
1348 3138 1479 3194 folio
1529 3140 1738 3204 deesse,
1774 3151 1897 3193 nota
1932 3138 2157 3195 secundi
2199 3138 2410 3190 numeri
2446 3134 2623 3205 primo
2663 3138 2916 3192 foliOrum
2970 3155 3091 3207 utne
3122 3143 3421 3211 restabant,
3464 3154 3683 3219 praalian

429 3232 790 3290 monstrabat.
824 3228 903 3284 Ex
937 3243 1045 3298 quo
1076 3228 1194 3281 alia:
1224 3225 1473 3282 similiter
1508 3226 1730 3296 pagella:
1772 3227 1837 3281 ad
1892 3228 2053 3281 finem
2103 3238 2275 3294 usque
2328 3225 2490 3294 spissi
2539 3226 2764 3292 'codicis,
2815 3238 2945 3284 Suos
2997 3230 3229 3286 invicem
3297 3235 3585 3305 merentes,
3632 3252 3691 3296 et

424 3329 694 3392 perpetua
732 3317 876 3373 serie
927 3318 1045 3370 sine
1079 3314 1189 3369 ullo
1224 3314 1371 3368 hiatu
1426 3315 1778 3370 continuatos
1812 3328 2073 3370 numeros
2118 3312 2392 3366 habebant
2442 3312 2629 3382 figuris
2682 3312 3030 3371 Saracenieis
3079 3332 3393 3388 expressos.
3449 3326 3685 3391 Quwsiti

430 3407 593 3461 anxie
620 3402 749 3474 quid
788 3403 878 3456 illa
910 3403 1127 3455 tandem
1164 3408 1347 3456 essent
1378 3401 1654 3456 Alexiadis
1701 3413 1809 3456 tam
1861 3403 2090 3458 verbosa
2127 3400 2531 3472 prolegomena.
2571 3396 2681 3458 Nec
2730 3404 2824 3460 diu
2856 3405 3032 3462 abfuit
3064 3411 3195 3478 quin
3233 3411 3394 3482 plane
3423 3431 3489 3471 ac
3533 3432 3685 3473 certo

428 3492 816 3560 comperirem,
846 3504 967 3543 esse
1001 3488 1151 3558 ipsos
1186 3488 1510 3560 αὐτόχρημα
1544 3492 1972 3545 commentarios
2000 3489 2289 3559 Nicepliori
2316 3487 2551 3545 Ctesaris
2592 3491 2851 3561 Bryenuii
2885 3502 2990 3547 tam
3029 3497 3266 3565 propriis
3297 3509 3353 3554 et
3379 3501 3683 3561 illustribus

428 3577 842 3631 character-ibus
875 3575 941 3629 ab
965 3574 1121 3629 Anna
1155 3574 1277 3644 ejus
1318 3576 1549 3647 conjuge
1584 3577 1898 3645 insignitos,
1926 3582 1984 3630 ut
2014 3578 2235 3647 agnosci
2273 3578 2392 3632 visu
2424 3578 2604 3648 primo
2636 3577 2754 3635 sine
2785 3584 3211 3641 nomenclatoris
3232 3601 3398 3659 opera
3434 3602 3681 3661 possein.

423 3660 693 3720 Nimirum
741 3663 1017 3718 habemus
1040 3679 1103 3717 ex
1139 3663 1311 3718 Amne
1354 3663 1695 3733 praefatione,
1733 3663 2065 3734 llrjennium
2116 3672 2308 3733 rogatu
2351 3666 2536 3723 lrenes
2586 3669 2865 3739 Augustae,
2915 3673 3104 3729 matris
3146 3672 3339 3743 Anna,
3389 3660 3665 3751 scripsiss.

426 3769 589 3824 opius,
624 3764 735 3822 quo
770 3751 1236 3820 complectebatur
1267 3752 1566 3820 primordia
1609 3752 1825 3815 Alexii,
1861 3750 2061 3806 deinde
2109 3751 2381 3821 Augusti;
2447 3753 2569 3823 ejus
2615 3756 2930 3824 scriptionis
2980 3759 3197 3815 initium
3239 3750 3529 3833 repetitum
3563 3783 3685 3825 esse

424 3858 597 3913 usque
624 3842 694 3896 ab
737 3840 969 3894 Romani
1003 3838 1258 3909 Diogenis
1286 3839 1630 3909 principatu;
1669 3839 1795 3894 inde
1825 3839 2196 3894 narrationem
2227 3834 2294 3895 ad
2338 3840 2643 3898 Botauiatls
2691 3834 3013 3914 imperantis
3056 3857 3300 3920 tempora
3337 3853 3678 3921 perductam.

422 3931 597 3996 Quam
631 3932 744 3983 haec
769 3931 955 3983 omnia
984 3936 1174 3982 nostro
1215 3927 1345 3981 huic
1374 3927 1536 3983 unice
1556 3928 1761 3997 scripto
1795 3928 2151 3994 conveniunt,
2184 3930 2421 3999 primum
2450 3929 2605 3986 lrene
2626 3932 2872 4002 Augusta
2903 3945 3236 4006 nuncupata,
3262 3940 3456 3997 deinde
3483 3946 3688 4010 princi—

423 4020 571 4089 pium
601 4026 657 4072 et
694 4016 854 4071 finem
888 4016 1223 4072 narrationis
1252 4016 1321 4071 iis
1358 4024 1550 4071 exacte
1575 4015 1826 4071 terminis
1863 4016 2175 4083 cohibente,
2202 4032 2345 4087 quos
2381 4019 2633 4089 designat
2666 4019 2847 4084 Anna,
2884 4032 3171 4091 postremo
3209 4026 3409 4094 ubique
3437 4029 3590 4084 dotes
3631 4040 3692 4085 rt

421 4107 652 4159 virtutes
679 4102 851 4157 Alexii
890 4110 1019 4157 tunc
1055 4104 1273 4171 privati,
1312 4113 1500 4172 postea
1536 4104 1906 4173 imperatoris,
1959 4105 2360 4162 studiosissime
2389 4107 2722 4163 celebrante.
2768 4107 3036 4166 Praeterea
3080 4127 3202 4181 qua:
3254 4113 3444 4170 iuesse‘
3481 4117 3683 4189 lh'yen-

424 4192 604 4248 nianis
629 4191 1044 4247 commentariis
1077 4190 1308 4245 alIirmat
1340 4194 1517 4257 Anna,
1547 4208 1617 4247 ca.
1641 4193 1694 4246 in
1732 4193 1883 4247 hisce
1912 4194 2105 4248 outnia
2130 4202 2468 4263 comparent.
2498 4194 2557 4248 ld
2587 4210 2696 4249 uno
2730 4196 2970 4251 alterove
2996 4199 3247 4269 exetuplo
3273 4201 3697 4260 demonstrasse-

423 4282 560 4335 Satis
589 4279 682 4334 sit.
708 4278 827 4334 Lib.
864 4295 904 4342 ι,
937 4295 989 4349 p.
1018 4280 1072 4346 9,
1103 4279 1170 4335 de
1196 4280 1380 4335 causis
1409 4296 1532 4349 qua:
1560 4278 1890 4351 Bryenuium
1919 4283 2189 4335 seniorem
2223 4281 2494 4336 moverint
2523 4282 2590 4337 ad
2622 4284 2909 4353 imperium
2943 4283 3328 4353 affectantium,
3361 4291 3432 4344 ita
3464 4293 3681 4348 scribit:

420 4371 497 4424 Τὸ
533 4372 633 4442 μὲν
666 4370 790 4424 ὅθεν
832 4370 925 4423 καὶ
964 4371 1133 4435 ὅπως,
1173 4370 1275 4424 οὐκ
1321 4371 1618 4440 ἀναγκαῖόν
1648 4374 1796 4423 ἐστιν
1820 4372 1953 4441 ἡμῖν
1995 4370 2326 4438 διηγεῖσθαι·
2364 4369 2560 4438 φθάνει
2589 4369 2696 4441 γὰρ
2751 4372 2785 4441 ή
2838 4369 2935 4424 τοῦ
2966 4373 3245 4444 Καίσαρος
3293 4376 3586 4451 ξυγγραφὴ
3621 4381 3685 4434 τὸ

424 4461 598 4513 αἴτιον
623 4458 723 4529 τῆς
745 4459 1081 4522 ἀποστασίας
1112 4459 1483 4531 ἐξιστορῆσαι.
1518 4458 1632 4515 lloc
1656 4467 1740 4515 est
1775 4478 1787 4513 :
1827 4460 1999 4528 Hujus
2034 4460 2064 4510 it

2037 4459 2224 4527 incepti
2253 4473 2368 4527 qua:
2398 4473 2563 4511 causa
2596 4474 2774 4528 quem
2804 4463 3039 4515 rationes
3068 4462 3287 4531 fuerint,
3320 4468 3449 4520 mihi
3478 4484 3583 4522 non
3603 4482 3677 4523 est

420 4563 629 4602 necesse
660 4547 965 4613 diligentius
1007 4562 1264 4616 exponere
1288 4561 1307 4599 :
1334 4546 1584 4611 quoniam
1618 4547 1777 4600 istum
1806 4548 1949 4601 nobis
1973 4547 2204 4599 laborem
2233 4554 2514 4598 accuratus
2541 4562 2603 4600 ea
2626 4547 2690 4600 de
2731 4562 2787 4599 re
2819 4551 2990 4603 nostri
3014 4547 3243 4605 Cesaris
3274 4558 3681 4611 momentarius

418 4636 711 4703 occupavit.
750 4633 875 4688 llsec
908 4635 1065 4703 plane
1097 4634 1324 4704 digitum
1365 4634 1657 4688 intendunt
1698 4636 1750 4688 itt
1784 4635 1982 4688 librum
2019 4634 2239 4688 tertium
2276 4634 2470 4687 horum
2498 4635 3044 4692 commentariorum.
3087 4639 3163 4693 lbi
3192 4643 3338 4696 enim
3371 4658 3401 4696 a
3435 4646 3680 4699 sectione

418 4724 660 4779 secunda
700 4722 767 4777 ad
795 4722 1063 4777 decimam
1101 4721 1382 4777 fusissitne
1415 4720 1771 4777 declarantur
1801 4737 2137 4791 causznquae
2163 4721 2492 4791 Bryennium
2525 4733 2817 4778 moverunt
2846 4725 2913 4779 ad
2951 4727 3243 4796 imperium
3278 4733 3679 4803 usurpandum.

418 4810 590 4864 Paulo
619 4818 742 4879 post
767 4814 925 4863 Anna
954 4810 1146 4864 eadem
1179 4809 1247 4863 de
1280 4807 1630 4879 expeditione
1657 4809 1836 4864 Alexii
1869 4812 1922 4863 in
1959 4810 2308 4879 Bryennium,
2342 4808 2615 4880 hujusque
2645 4811 2822 4876 clade,
2850 4815 3186 4883 captivitate,
3217 4827 3272 4872 et
3316 4824 3682 4878 excaecatiohe

418 4898 655 4953 breviter
684 4913 1019 4962 memorans,
1077 4897 1156 4951 ait
1210 4896 1312 4950 sibi
1356 4911 1581 4951 necesse
1627 4911 1740 4951 non
1779 4897 1945 4951 videri
1984 4912 2049 4952 ea
2076 4896 2392 4967 diligentius
2428 4905 2627 4951 cuncta
2656 4899 2930 4969 persequi.
2968 4900 3040 4954 Τὸ
3063 4903 3173 4974 γὰρ
3200 4905 3423 4975 ἀκριϐὲς
3453 4910 3677 4981 (inquit)

415 4988 513 5053 τῆς
544 4984 785 5054 ἱστορίας
823 4984 914 5037 τὸν
949 4984 1276 5055 βουλόμενον
1307 4986 1522 5053 μαθεῖν,
1565 4985 1621 5046 ἐς
1652 4984 1744 5036 τὸν
1782 4985 2041 5055 Καίσαρα

2081 4983 2552 5054 παραπέμπομεν.
2585 4982 2699 5038 Hoc
2742 4996 2870 5039 est:
2914 4982 3053 5042 Nam
3110 4991 3279 5059 fusius
3332 5001 3381 5045 ct
3430 4996 3688 5051 subtilius.

416 5074 521 5126 ista
570 5071 834 5140 descripta
875 5073 966 5141 qui
1008 5089 1160 5126 nosse
1202 5073 1492 5139 cupierint,
1521 5088 1608 5125 eos
1650 5072 1717 5124 ad
1762 5071 2019 5126 Cassareut
2053 5073 2390 5125 remittimus.
2449 5070 2764 5141 Respiciunt
2796 5074 2897 5128 ista
2944 5077 3231 5130 manifeste
3268 5080 3359 5132 lib.
3398 5096 3449 5133 tv
3482 5081 3677 5135 horum

416 5160 962 5221 commentariorum,
999 5159 1052 5212 in
1103 5170 1215 5227 quo
1264 5174 1293 5212 a
1342 5175 1469 5211 num
1522 5159 1650 5212 2nd
1696 5159 1761 5213 18
1795 5161 1908 5215 haec
1950 5168 2062 5216 tota
2107 5160 2436 5231 Bryenniani
2480 5162 2626 5225 belli,
2659 5172 2714 5215 et
2762 5161 3017 5231 Bryenuii
3060 5165 3392 5220 calamitatis
3451 5170 3691 5222 historia.

431 5245 855 5300 distinctissime
881 5247 1359 5314 minutissimeque
1390 5246 1645 5299 traditur.
1680 5245 1844 5301 Libro
1881 5263 2101 5318 quoque
2143 5250 2421 5303 Alexiadis
2455 5266 2507 5315 ι,
2544 5266 2592 5318 p.
2623 5250 2749 5315 271,
2774 5252 2843 5306 de
2876 5254 3057 5321 pra-lio
3088 5253 3278 5306 lsaacii
3314 5256 3679 5311 Sebastucra-

420 5335 555 5387 toris
587 5349 712 5387 cum
745 5330 941 5388 Turcis
969 5334 1269 5388 commisso
1309 5349 1477 5402 prope
1507 5335 1876 5397 Antiochiam,
1909 5337 1979 5388 ita
2016 5353 2060 5391 st

2046 5336 2205 5391 cribit
2238 5338 2393 5391 Anna
2435 5354 2450 5390 :
2491 5339 2676 5401 Ὅπως
2702 5337 2756 5389 δὲ
2791 5338 2848 5390 τὸ
2888 5340 3388 5412 λεπτομερέστερον
3436 5343 3686 5398 ἐθέλοντι,

415 5421 734 5489 μανθάνειν,
778 5422 962 5488 ἕξεται
995 5422 1102 5475 ἀπὸ
1134 5422 1243 5474 τῶν
1269 5421 1362 5473 τοῦ
1397 5421 1623 5474 Κλεινῡῦ
1664 5423 1925 5491 καίσαρος
1979 5439 2055 5476 συ·

2037 5426 2433 5495 ιγγραμμάτων
2470 5426 2787 5496 διεντυχείν.
2838 5425 2913 5479 De
2968 5444 3070 5495 quo
3127 5433 3411 5494 (nituit-um
3469 5434 3677 5502 prndio)

414 5511 504 5580 qui
548 5511 853 5564 distinctius
897 5512 1028 5564 scire
1056 5509 1214 5574 volet,
1261 5507 1415 5561 habet
1458 5514 1863 5563 commentarios
1898 5512 2081 5582 inclyti
2115 5514 2343 5567 L'tesaris
2369 5529 2496 5583 quos
2528 5514 2794 5567 consulat.
2846 5512 3045 5567 Exstat
3066 5515 3343 5571 indicatus
3386 5521 3471 5573 his
3499 5525 3680 5576 verbis

414 5600 569 5655 locus
610 5599 663 5652 in
698 5600 899 5655 nostris
932 5600 1079 5654 hisce
1109 5598 1469 5669 Bryenuiauis
1510 5600 1923 5655 commentariis
1955 5601 2043 5655 lib.
2083 5617 2141 5664 ll,
2169 5617 2321 5655 num.
2355 5601 2447 5655 ‘29.
2485 5600 2815 5672 Bryenuium
2854 5615 3037 5669 porro,
3083 5604 3208 5657 licet
3242 5605 3502 5659 iudicium
3539 5611 3680 5663 tttuli

416 5686 588 5738 codici
624 5702 751 5749 ms.,
787 5696 845 5741 ut
877 5687 1012 5751 dixi,
1044 5686 1299 5751 defuerit,
1332 5700 1454 5740 esse
1488 5684 1651 5753 hujus
1679 5690 1859 5754 operis
1909 5699 2190 5742 auctorem
2224 5689 2359 5744 satis
2404 5689 2551 5743 clare
2595 5692 2906 5744 ostenditur
2963 5691 3056 5744 lib.
3110 5706 3183 5751 tv.
3240 5710 3395 5747 num.
3450 5695 3537 5762 l5,
3584 5698 3673 5751 ubi

422 5770 748 5841 Brycnnium
808 5775 1076 5829 seniorem
1123 5775 1271 5827 illum
1323 5772 1533 5841 imperii
1570 5774 1921 5828 candidatum
1956 5778 2351 5831 commendans
2406 5779 2673 5847 scriptor,
2708 5777 3037 5846 deprecatur
3082 5780 3358 5852 vulgarem
3406 5785 3672 5839 invidiam
