4154 6520
410 524 466 592 tt
1499 535 1726 594 PETRI
1777 536 2072 595 t’OSSlNI
2114 535 2541 596 PREFATIO.
3586 525 3653 590 18

407 648 558 704 atque
587 636 971 706 exceptionem
1000 637 1219 706 allegari
1252 639 1468 692 solitam
1501 642 1552 694 in
1585 641 1742 695 tidem
1773 657 1963 695 eorum
1989 641 2078 710 qui
2117 643 2183 698 de
2212 643 2374 698 rebus
2397 639 2638 709 propriis
2669 640 2734 693 ad
2770 653 3028 708 personas
3062 638 3372 692 familiasve
3403 637 3646 703 ipsorum

409 723 808 786 pertinentibus
847 735 1091 783 narrant.
1116 724 1237 792 Quo
1266 726 1402 781 satis
1443 728 1711 798 signiticet
1738 730 1925 793 istum,
1956 745 2117 799 quem
2149 729 2286 788 adeo
2314 728 2523 784 extollit
2549 727 2904 798 Brycnnium,
2937 734 3032 780 aut
3057 736 3294 796 patrem,
3323 724 3469 788 quod
3492 723 3658 776 habet

407 807 660 871 Zonaras.
694 820 810 870 aut.
842 821 900 866 ut
943 815 1097 866 Anna
1135 814 1318 870 verius
1355 813 1604 881 altirmat,
1643 831 1804 870 avum
1839 833 1998 872 suum
2040 811 2230 872 fuisse.
2268 816 2340 871 De
2382 831 2492 885 quo
2518 817 2661 879 vide,
2693 815 2737 868 si
2787 814 2937 879 libet,
2967 823 3126 874 notas
3149 824 3370 873 nostras
3398 811 3469 867 ad
3494 827 3652 867 num-

410 896 467 950 1‘2
498 907 550 950 et
593 898 660 950 15
694 897 791 954 lib.
823 915 874 952 tv
908 901 1100 954 horum
1138 903 1691 957 commentariorum.
2580 907 2584 910 ’

471 982 572 1037 Per
617 985 732 1039 hanc
758 1001 857 1054 ego
889 988 1105 1042 abunde
1145 1005 1466 1058 persuasus,
1510 1007 1631 1045 esse
1672 992 1806 1048 istos
1853 1006 2078 1046 o:nn.no
2120 990 2542 1058 commentarios
2579 988 2814 1043 Caesaris
2854 986 3133 1058 Bryennii,
3184 986 3253 1042 iis
3301 985 3498 1055 raptim
3553 999 3654 1040 ex-

408 1075 724 1134 scribendis,
759 1090 858 1143 pro
886 1077 1155 1144 angustiis
1180 1079 1428 1132 concessi
1454 1080 1741 1148 temporis,
1788 1095 2008 1133 manuni
2052 1088 2105 1132 et
2144 1078 2386 1131 animum
2423 1076 2680 1146 applicui.
2716 1075 2774 1129 lu
2819 1091 2928 1142 quo
2975 1073 3274 1129 dulcissimi
3305 1071 3500 1127 fratris
3547 1063 3658 1125 mei

405 1171 458 1214 et
488 1162 730 1215 unanimi
759 1164 1024 1232 συνεργοῦ
1057 1163 1116 1218 Ρ,
1153 1166 1364 1222 Claudii
1400 1166 1637 1222 Maltrait
1673 1168 1877 1223 auxilio
1904 1165 2165 1221 benevolo
2199 1180 2318 1219 sum
2347 1178 2500 1218 usus.
2529 1161 2757 1230 Quoties
2793 1161 2937 1214 enim
2968 1160 3333 1216 ineluctabilis
3361 1159 3660 1215 necessitas

410 1249 599 1317 stylum
629 1259 682 1304 et
709 1250 922 1309 tabulas
947 1253 1335 1321 extorquebat,
1365 1255 1452 1308 ille
1478 1255 1919 1308 succenturialat
1954 1253 2211 1306 vicariam
2244 1266 2490 1319 cperam,
2523 1265 2593 1303 ne
2624 1248 3029 1318 circumscripti
3067 1247 3131 1300 ad
3157 1245 3277 1313 ejus
3310 1245 3512 1300 codicis
3540 1261 3663 1314 pre-

405 1335 607 1389 cariam
638 1352 862 1390 usuram
907 1339 1066 1406 spatii
1107 1354 1231 1408 pars
1265 1340 1422 1395 nobis
1463 1342 1580 1396 nlla
1629 1341 1963 1395 dilaberetur
2020 1339 2214 1394 etiosa.
2245 1337 2338 1391 Sic
2371 1338 2521 1392 brevi
2574 1336 2969 1406 exscripsimus
3016 1351 3154 1404 opus
3201 1334 3331 1400 illud
3383 1343 3556 1386 totum
3611 1342 3666 1386 et

413 1423 721 1492 priusquam
771 1425 976 1478 exisset
1036 1429 1352 1496 praescripta
1401 1429 1537 1492 dies,
1575 1445 1698 1483 cum
1739 1429 1842 1483 title
1871 1442 1935 1482 ac
1967 1427 2160 1498 gratiis
2187 1424 2384 1480 debitis
2415 1425 2822 1480 commodatum
2858 1423 3218 1491 archetypum
3271 1421 3515 1475 codicem
3552 1421 3665 1474 ela-

415 1511 626 1565 rissimo
651 1521 704 1565 et
733 1512 1136 1569 oliieiosissimo
1172 1516 1288 1569 viro
1338 1517 1570 1571 reddidi.
1605 1517 1850 1586 Contigit
1881 1515 2073 1570 deinde
2105 1529 2238 1568 usus
2266 1511 2490 1566 liberior
2525 1511 2728 1566 codicis
2758 1511 3027 1580 ejusdem,
3065 1510 3269 1576 insigni
3305 1519 3358 1564 et
3397 1509 3499 1561 hoc
3543 1509 3663 1561 loco

416 1601 705 1653 memorari
743 1601 908 1670 digno
942 1601 1206 1656 bent-ﬁcio
1245 1604 1694 1674 incomparabilis
1729 1614 1783 1659 ct
1812 1605 1970 1673 longe
2003 1617 2164 1670 supra
2201 1601 2481 1670 vulgarem
2527 1601 2753 1656 modum
2809 1597 3138 1667 prmdicandi
3179 1597 3301 1650 viii.
3361 1597 3664 1650 Guiiclmus

411 1686 606 1739 etenim
639 1685 917 1757 Pugetius,
948 1699 1171 1744 senatus
1199 1689 1452 1746 Tolosani
1487 1693 1669 1750 lumen
1706 1693 1918 1763 ingens,
1963 1689 2151 1761 paucis
2180 1699 2302 1758 post
2347 1687 2460 1751 illa,
2497 1702 2620 1756 quas
2655 1686 2820 1740 modo
2859 1685 3044 1747 retuli,
3093 1685 3289 1738 mensi!
3314 1700 3379 1740 us
3409 1683 3668 1737 convenit

413 1788 525 1838 me;
563 1782 616 1826 et
644 1773 750 1828 isto
788 1775 928 1843 ipso,
961 1791 1121 1845 quem
1177 1777 1337 1846 quasi
1393 1777 1578 1830 furtim
1626 1787 1787 1832 antea
1831 1778 2095 1841 videram,
2148 1776 2519 1845 manuscripto
2571 1775 2711 1832 libro
2755 1775 2822 1830 de
2879 1773 3070 1830 famuli
3122 1773 3448 1832 assectantis
3493 1786 3662 1826 manu

409 1871 624 1930 sumpto
655 1879 668 1916 ε
698 1878 764 1915 en
815 1863 978 1926 hunc,
1028 1865 1228 1932 inquit,
1287 1867 1556 1930 codicem,
1589 1867 1717 1935 quia
1751 1867 1845 1920 tibi
1883 1867 2068 1920 utilem
2099 1876 2153 1918 et
2183 1863 2549 1922 desideratum
2607 1862 2872 1925 intellexi,
2903 1876 3022 1917 mea
3061 1861 3290 1930 pecunia
3327 1860 3664 1926 redemptum

410 1950 474 2003 do
504 1949 600 2002 tibi
624 1949 898 2018 donoque,
931 1959 989 2005 ut
1017 1959 1145 2006 tuus
1177 1968 1335 2021 quam
1371 1954 1576 2024 Optimo
1603 1955 1727 2024 jure
1760 1955 1848 2008 sit.
1886 1954 2057 2008 Tanta
2085 1951 2166 2006 vis
2197 1951 2637 2020 generosissimus
2667 1949 3032 2005 humanitatis
3063 1950 3118 2006 in
3147 1949 3239 2003 illo
3266 1948 3479 2008 egeteris
3509 1962 3665 2015 a-que

409 2036 660 2091 omnibus
691 2037 982 2092 virtutibus
1007 2048 1064 2091 et
1097 2041 1372 2107 praeclaris
1396 2042 1613 2095 dotibus
1642 2042 1706 2095 ad
1741 2042 2063 2096 miraculum
2095 2038 2312 2093 exculto
2352 2037 2517 2102 heroe
2543 2035 2664 2089 fuit.
2698 2036 2870 2105 Cujus
2902 2037 3004 2091 bac
3029 2036 3164 2090 mite
3195 2044 3503 2109 opportuna
3533 2032 3667 2086 libe»

413 2124 623 2176 raiitate
670 2124 802 2176 mihi
833 2125 1202 2180 commoditas
1245 2127 1543 2181 abundavit
1582 2126 1928 2182 conferenda:
1969 2128 2080 2197 jam
2118 2125 2272 2178 edita:
2309 2124 2587 2180 Alexiadis
2630 2139 2752 2177 cum
2789 2121 2882 2177 illo
2932 2139 3095 2178 manu
3133 2122 3358 2196 antiqua
3391 2119 3666 2190 descripto

411 2210 526 2277 ejus
558 2210 890 2278 exemplari;
923 2219 977 2264 et
1004 2225 1068 2264 ex
1103 2227 1164 2265 ea
1195 2213 1491 2268 collatione
1545 2229 1656 2266 non
1698 2214 1859 2267 modo
1904 2214 2128 2268 lacunas
2165 2212 2425 2267 editionis
2472 2211 2724 2280 explendi
2756 2225 2967 2272 omnes,
3019 2209 3112 2267 sed
3158 2209 3406 2263 diversas
3450 2223 3670 2278 quoque

411 2293 671 2348 lettioues
695 2291 852 2347 facile
883 2292 966 2355 bis
997 2293 1143 2347 mille
1182 2297 1235 2348 in
1275 2296 1396 2349 libri
1446 2297 1549 2348 mei
1578 2296 1706 2350 editi
1757 2311 1853 2350 ora
1901 2299 2144 2352 notandi.
2194 2300 2371 2368 Atque
2419 2308 2479 2353 ut
2531 2298 2735 2352 nullam
2773 2305 2882 2350 tam
2941 2296 3182 2350 benevoli
3227 2294 3390 2349 oliicii
3439 2294 3666 2364 gratiam

413 2380 676 2443 omittam.
712 2394 811 2435 nec
847 2381 980 2434 illud
1010 2381 1200 2434 celabo
1241 2397 1254 2433 :
1293 2397 1569 2437 summum
1619 2383 1770 2437 illum
1809 2385 1982 2438 virum
2036 2385 2090 2438 in
2143 2385 2483 2455 conscientia
2537 2385 2718 2440 meriti
2771 2385 2909 2438 tanti
2946 2383 3037 2437 tali
3092 2397 3301 2436 mecum
3337 2382 3667 2437 verecundia

412 2467 607 2537 egisse,
638 2475 697 2520 ut
730 2482 852 2520 cum
889 2467 1170 2522 incidisset
1203 2469 1279 2522 illi
1316 2470 1614 2525 necessitas
1644 2472 1892 2540 tuendam
1923 2472 2190 2527 revisensli
2223 2489 2386 2544 quem
2419 2472 2718 2527 donaverat
2760 2471 2989 2534 codicis,
3041 2486 3146 2524 non
3199 2469 3546 2532 sustinuerit,
3583 2484 3668 2522 me

415 2565 527 2606 IIIIII
564 2553 810 2618 absente,
846 2555 996 2606 illum
1045 2569 1076 2608 e
1122 2564 1336 2617 nostro,
1364 2556 1452 2609 ubi
1505 2557 1854 2626 reliqueram,
1889 2558 2162 2614 Tolosano
2190 2560 2418 2629 collegio
2457 2573 2764 2629 reposcere,
2805 2557 2909 2612 nisi
2942 2557 3095 2627 prius
3137 2574 3220 2610 me
3256 2554 3669 2610 olliciosissimis

415 2641 607 2695 litteris
649 2653 854 2710 rogato,
889 2651 947 2696 ut
973 2640 1093 2712 ejus
1129 2643 1348 2697 brevem
1410 2658 1656 2708 usuram,
1691 2655 1874 2714 postia
1928 2647 2271 2714 restituendi,
2320 2647 2426 2702 sibi
2468 2647 2844 2701 concederem.
2896 2645 3080 2711 Quare
3115 2645 3352 2699 viderint
3405 2643 3498 2714 qui
3549 2651 3671 2710 post

413 2729 821 2783 acerbissimum
870 2746 993 2782 mox
1029 2741 1276 2784 secutum
1315 2732 1462 2784 illius
1494 2732 1903 2790 immortalitate
1937 2734 2243 2804 dignissimi
2281 2735 2376 2788 tiri
2411 2734 2580 2790 funus
2625 2734 2827 2788 librum
2864 2734 3029 2788 istunt
3069 2734 3214 2786 inter
3248 2733 3367 2800 ejus
3403 2729 3667 2799 κειμήλια

417 2825 682 2884 repertum
723 2817 1060 2870 hatrcditaria
1094 2818 1442 2885 possessione
1493 2820 1598 2872 rite
1639 2835 1936 2890 occupasse
1969 2821 2138 2874 videri
2173 2823 2378 2886 volunt,
2414 2838 2525 2890 quo
2557 2821 2681 2890 jure
2719 2836 2834 2876 rem
2874 2821 3160 2874 detineant
3193 2818 3483 2872 manifeste
3529 2817 3664 2870 alie-

415 2920 572 2970 nam;
608 2905 806 2973 quippe
841 2905 1082 2974 legitima
1113 2906 1406 2959 donatione
1445 2907 1584 2960 inter
1617 2910 1770 2961 vivos
1798 2924 1862 2962 ac
1894 2909 2244 2964 testatissima
2277 2909 2370 2962 τοῦ
2405 2911 2711 2979 μακαρίτου
2752 2907 3030 2977 quondam
3059 2907 3180 2977 ejus
3213 2907 3420 2961 domini
3459 2905 3664 2959 beneﬁ-

414 2992 587 3046 centia
615 2993 920 3047 certissime
953 2993 1272 3046 translatam
1304 2993 1355 3045 in
1387 2992 1477 3062 jus
1510 3001 1781 3058 nostrum,
1814 2997 1880 3048 de
1914 3010 2022 3062 quo
2061 2995 2248 3066 utique
2277 2995 2411 3049 niltil
2443 2996 2710 3050 cedimus.

488 3077 706 3142 Verum,
743 3088 802 3132 ut
833 3079 898 3133 ad
943 3090 1187 3133 nostrum
1221 3079 1550 3148 Brycunimn
1599 3083 1835 3146 redeam,
1879 3084 2190 3138 necessario
2238 3083 2596 3150 prolitendum
2642 3083 2730 3136 hic
2771 3091 2881 3147 est,
2932 3081 3120 3136 fuisse
3156 3081 3302 3134 illius
3371 3088 3426 3134 et
3458 3078 3672 3131 mendis

415 3166 915 3236 inquinatissin'tam
951 3178 1004 3221 et
1031 3167 1245 3221 lacunis
1281 3183 1389 3221 non
1429 3170 1568 3222 raris
1601 3184 1699 3222 nec
1728 3184 1916 3237 parum
1949 3169 2190 3224 molestis
2233 3171 2593 3240 interruptam
2628 3172 2680 3224 in
2713 3171 3010 3242 archetypo
3066 3171 3158 3223 illo
3189 3179 3242 3223 et
3293 3168 3452 3222 unico
3480 3167 3668 3222 codice

415 3255 763 3322 scripturam.
801 3253 953 3308 Unde
981 3254 1116 3310 satis
1146 3255 1449 3308 sudandum
1485 3255 1614 3308 mihi
1654 3255 1754 3309 fuit
1809 3258 1860 3309 in
1907 3273 2030 3312 vera
2062 3257 2290 3314 lectione
2341 3261 2678 3328 conjecturis
2728 3260 3057 3326 divinanda;
3087 3259 3212 3328 plus
3255 3259 3418 3310 etiam
3455 3255 3505 3308 in
3547 3271 3668 3308 veta

413 3341 701 3410 scriptoris
731 3341 1024 3407 sententia,
1056 3343 1324 3397 tolerabili
1356 3341 1546 3395 Saltem
1589 3343 2034 3412 interpretatione
2065 3346 2413 3402 declaranda.
2442 3344 2585 3401 Niltil
2611 3345 2720 3400 fere
2749 3356 2928 3400 tamen
2967 3345 3066 3400 ista
3108 3343 3438 3399 necessitate
3471 3343 3670 3395 immu-

419 3440 592 3482 tatum
615 3438 716 3496 est,
743 3430 902 3498 cujus
933 3446 1040 3484 non
1068 3439 1280 3484 constet
1308 3431 1493 3485 lectori
1521 3431 1658 3485 ratio
1691 3431 1742 3483 in
1769 3432 1936 3485 uotis.
1978 3420 2048 3486 At
2074 3437 2489 3503 quanticunque
2529 3433 2882 3490 laborisillud
2917 3433 3133 3488 abunde
3163 3445 3411 3501 magnam
3434 3429 3666 3499 pretium

415 3517 691 3582 ducitnus,
728 3517 874 3588 quod
915 3518 1201 3573 historiam
1243 3519 1556 3588 praeclaram
1592 3533 1622 3572 a
1663 3526 1799 3574 teste
1834 3535 2085 3588 magnam
2119 3533 2324 3591 partem
2359 3521 2598 3587 oculata,
2644 3520 2945 3590 eodemque
2979 3519 3256 3591 dignitatis
3287 3527 3449 3588 atque
3478 3527 3670 3571 aucto-

412 3601 596 3655 ritatis
627 3617 873 3668 summae,
927 3602 1173 3673 adeoque
1239 3604 1290 3658 in
1323 3605 1498 3659 aetatis
1544 3603 1690 3658 illius
1740 3604 2159 3673 sapientissimis
2214 3609 2434 3673 habito,
2490 3608 2694 3663 diserte
2745 3607 3070 3678 sincereque
3118 3606 3507 3674 conscriptam,
3568 3620 3666 3657 nec

412 3704 659 3757 parvam,
687 3699 744 3743 ut
773 3705 1084 3761 speramus,
1129 3690 1446 3762 Byzantinis
1474 3690 1979 3747 Comnenianorum
2013 3705 2319 3766 temporum
2353 3697 2516 3752 rebus
2548 3696 2724 3751 lucem
2753 3695 3074 3759 affusuram,
3104 3695 3157 3749 in
3200 3693 3480 3764 publicum
3508 3707 3671 3747 usum

407 3781 651 3836 edimus.

427 3981 3159 4002 ”-——_m—-—————————-—'
3206 3992 3214 3995 ”

1196 4150 2083 4265 TESTIMONIA
2190 4149 2884 4264 VETERUM

921 4410 1064 4500 ne
1146 4406 1621 4498 cassus
1704 4403 2410 4496 NiCEPHORO
2484 4369 3174 4497 .navenuto.

2030 4627 2097 4642 ψ

1426 4752 1582 4806 Anna
1609 4751 1875 4806 Conmena
1898 4753 1951 4804 in
1989 4748 2312 4819 Praefatione
2347 4750 2669 4805 Alexiadis:

497 4869 655 4936 Ἐμοὶ
681 4868 818 4938 ἀνὴρ
851 4869 1070 4936 ἐγένετο
1097 4867 1241 4920 κατὰ
1258 4865 1456 4936 νόμους
1483 4868 1774 4938 συναφθεὶς
1797 4870 1826 4921 ὁ
1858 4871 1990 4922 Καί-
2017 4866 2069 4926 Α

2036 4866 2069 4926 λ
2165 4865 2392 4921 Maritus
2433 4865 2564 4920 mihi
2599 4866 2703 4919 t'utt
2739 4863 2979 4935 legitimo
3003 4862 3112 4916 ritu
3151 4862 3481 4932 conjunrtus
3515 4860 3676 4918 Nice-

410 4976 526 5029 3ap
560 4959 893 5029 Νικηφόρος,
926 4960 1007 5021 εἰς
1034 4957 1132 5027 τὴν
1164 4957 1274 5011 τῶν
1301 4959 1606 5028 Βρυεννίων
1643 4963 1828 5030 σεῖραν
1859 4963 1991 5014 ἀνα-

2098 4958 2302 5028 phorus
2344 4959 2545 5017 Caesar.
2581 4956 2794 5026 generis
2843 4956 3038 5010 seriem
3078 4955 3143 5009 ad
3191 4953 3491 5024 Brycunios
3540 4954 3679 5010 rele-

410 5050 674 5118 γὸμενος,
701 5049 841 5119 ἀνὴρ
874 5049 968 5101 καὶ
1000 5047 1231 5111 κάλλους
1257 5048 1558 5121 ὑπερϐολῇ,
1593 5050 1687 5103 καὶ
1722 5050 1995 5111 συνέσεως

2105 5064 2266 5112 rens,
2299 5049 2380 5102 vir
2417 5057 2473 5102 et
2518 5047 2706 5100 formae
2755 5044 3072 5116 prmstantia
3106 5053 3160 5099 et
3206 5045 3676 5103 consun‘tmationc

409 5141 707 5211 ἀκρότητι,
762 5143 854 5194 καὶ
907 5141 1083 5208 λόγων
1126 5139 1407 5212 ἀκριϐείᾳ,
1452 5141 1651 5212 μακρῷ
1697 5141 1823 5204 τοὺς
1875 5143 1994 5194 κατ’

2107 5141 2409 5212 prudentiae
2429 5149 2483 5193 et
2511 5137 2844 5208 perfectione
2872 5137 3132 5191 doctrina:
3162 5136 3322 5208 longe
3357 5153 3520 5207 supra
3551 5153 3674 5192 om-

409 5235 584 5287 αὑτὸν
615 5233 993 5304 ὑπερϐάλλων.
1026 5233 1223 5304 Θαῦμα
1244 5233 1351 5303 γὰρ
1382 5232 1643 5303 ἄντικρυς
1669 5235 1766 5287 καὶ
1787 5232 1998 5306 ὁρώμε-

2105 5247 2226 5297 nes,
2245 5233 2336 5304 qui
2368 5241 2498 5286 tunc
2517 5238 2695 5295 erant,
2725 5229 3078 5296 antecellens,
3100 5229 3425 5286 miraculum
3453 5246 3681 5300 prorsus

409 5342 506 5389 νος
542 5326 638 5378 καὶ
666 5325 1040 5399 ἀκροώμενος,
1073 5326 1167 5381 καὶ
1193 5324 1261 5379 τὰ
1287 5325 1433 5396 ἑξῆς.

2104 5325 2280 5382 oculis
2332 5324 2634 5379 videntium
2680 5321 3012 5390 auribusque
3067 5322 3494 5377 auscultandum
3545 5323 3680 5377 olle-

2106 5431 2251 5481 rcns,
2289 5426 2394 5470 etc.

489 5533 634 5588 Alibi
667 5550 804 5607 sirpe
833 5535 887 5590 in
918 5551 1020 5592 sua
1052 5534 1293 5591 Historia
1319 5535 1502 5592 eadem
1535 5537 1691 5590 Anna
1720 5536 1978 5607 Bryennii
2005 5535 2234 5603 ejusdem
2273 5551 2390 5588 cum
2417 5515 2627 5589 stamina
2667 5533 2823 5587 laude
2854 5533 3115 5587 meminit.

409 5649 664 5706 Zonaras
721 5659 861 5703 tomo
909 5647 1004 5703 III
1049 5650 1342 5705 Annalium
1376 5665 1534 5718 agens
1577 5652 1642 5704 de
1689 5649 1875 5704 Alexio
1905 5651 2140 5718 Augusto
2189 5658 2304 5718 post
2354 5648 2691 5703 Constantini
2724 5646 3182 5716 Porpliyrogeniti,
3211 5647 3296 5698 cui
3356 5651 3677 5709 desponsata

475 5742 631 5794 Anna
662 5737 896 5808 ejusdem
934 5737 1107 5791 Alexii
1139 5739 1485 5808 primogenita
1518 5738 1717 5807 fuerat,
1751 5749 1870 5791 ante
1896 5723 2106 5806 nuptias
2136 5746 2353 5790 nionem
2380 5775 2394 5798 ,
2439 5737 2602 5787 alium
2635 5750 2886 5803 span-sum
2915 5733 3081 5786 eidem
3117 5733 3245 5796 ﬁlim
3268 5749 3377 5784 sua:
3403 5732 3564 5782 dante
3595 5745 3614 5782 :

487 5858 742 5929 Νυμφεον
781 5861 972 5930 ἕτερον
1020 5859 1106 5912 ἐπ’
1145 5861 1282 5930 αὐτῇ
1329 5859 1658 5929 εἰσῳκίσατο
1693 5861 1783 5913 τὸν
1835 5860 2004 5930 μείζω

2178 5858 2447 5928 Sponsum
2475 5858 2705 5910 alterum
2745 5859 2793 5909 ei
2822 5855 3017 5911 ascivit
3043 5854 3340 5908 maximum
3375 5859 3501 5906 natu
3543 5854 3679 5907 tilio-

413 5950 527 6004 τῶν
582 5951 712 6006 υἱῶν
765 5951 1092 6021 Νικηφόρον
1146 5951 1239 6005 τοῦ
1289 5953 1613 6022 Βρυεννὶου·
1663 5950 1721 6004 ὃν
1770 5953 1799 6005 ὁ
1847 5952 2003 6018 λόγος

2105 5967 2225 6006 rum
2258 5949 2545 6018 Nicephori
2580 5948 2854 6020 Bryenuii,
2893 5961 3056 6018 quem
3086 5946 3339 6014 superius
3389 5943 3677 6000 retulimus
