4154 6446
448 418 520 485 3i
1668 433 2085 494 NlCEl‘llOlll
2134 433 2501 493 BRYENNII
3656 431 3727 499 32

454 531 868 589 conculcatione
894 536 1117 598 veritus,
1164 541 1463 607 praesertim
1505 557 1628 597 cum
1675 544 1780 598 alia
1830 560 2029 614 suppe—

2137 545 2441 599 ἀπαιτοῦσα
2475 547 2567 598 καὶ
2602 544 2856 612 γενναίας
2892 544 3121 610 ἔνδειξιν
3158 546 3336 615 ψυχῆς
3374 546 3468 598 καί
3503 548 3726 615 ἀνδρίας

455 631 594 676 teret
628 622 771 677 haud
803 626 964 693 paulo
1003 627 1345 696 plausibilior
1389 632 1668 703 tutiorque
1716 636 1856 689 ratio
1908 650 2032 705 per-

455 712 617 767 dendi
654 715 753 769 viri
785 717 942 771 fortis
973 734 1069 786 per
1101 722 1341 789 speciem
1391 724 1639 791 honoris,
1687 728 2031 798 praeﬁciendo

454 821 579 860 cum
612 808 768 863 bellis
797 812 1117 877 periculosis
1158 823 1212 868 et
1239 816 1575 887 dillicilibus,
1609 836 1709 875 nec
1753 823 1802 878 ei
1844 822 2031 891 copias

455 893 683 950 idoneas
715 897 1068 955 conficiendis
1117 903 1185 957 iis
1231 909 1630 978 suppeditando
1659 929 1672 964 :
1702 927 1763 966 cx
1799 928 1908 982 quo
1953 913 2033 966 al-

455 996 631 1042 terum
657 998 777 1043 erat
800 997 1286 1063 consequens,'aut
1303 991 1715 1056 succubiturum
1735 1003 2030 1075 aliquando

454 1079 698 1145 periculo
752 1081 1061 1155 lctbalcque
1116 1090 1315 1144 vulnus
1356 1093 1594 1160 quodam
1630 1093 1683 1147 in
1715 1096 1900 1165 pra-lio
1934 1112 2027 1151 ac-

452 1181 742 1237 cepturum
793 1175 898 1228 sibi
954 1193 1062 1232 non
1116 1190 1427 1251 parcentem
1476 1183 1733 1253 juvenem
1781 1204 1794 1239 :
1842 1197 1937 1242 aut
1984 1188 2027 1241 si

455 1266 872 1328 procurationes
911 1269 1273 1326 demandatas
1307 1275 1387 1328 vel
1420 1277 1703 1345 suscipere
1749 1292 2034 1335 recusaret

455 1355 535 1405 vel
601 1368 854 1425 acceptas
899 1363 1129 1433 exsequi
1184 1366 1505 1435 ncgligeret,
1560 1370 1755 1424 merito
1795 1380 1849 1426 et
1896 1371 2032 1429 citra

452 1445 726 1511 publicam
786 1451 1222 1507 misericordiam
1271 1457 1415 1511 velut
1483 1458 1724 1528 legitimo
1765 1463 2033 1532 supplicio

452 1533 834 1603 subjiceretur.
884 1538 948 1591 Et
984 1552 1143 1596 erant
1171 1547 1516 1601 commodum
1558 1550 1622 1602 ad
1667 1566 1888 1604 manum
1939 1568 2034 1606 cx-

453 1625 788 1691 peditiontttn
849 1630 992 1685 haud
1053 1632 1295 1690 facilium
1346 1640 1686 1694 occasiones.
1738 1641 1840 1708 Qui
1886 1645 2030 1699 enim

451 1717 616 1772 rebus
660 1721 881 1776 studere
911 1725 1068 1779 novis
1113 1726 1227 1796 jam
1278 1730 1380 1782 sub
1424 1729 1686 1787 Micbarle
1733 1745 2028 1803 coeperant,

451 1804 760 1876 liryeunius
814 1820 867 1865 et
927 1813 1223 1878 Basilaces,
1270 1819 1481 1876 nobiles
1523 1832 1576 1876 et
1628 1822 1873 1878 illustres
1904 1827 2031 1892 viri,

451 1912 560 1950 non
596 1896 833 1957 l‘erctttes
866 1918 1014 1970 cum,
1061 1924 1221 1977 quem
1262 1912 1424 1978 paulo
1467 1924 1593 1968 ante
1632 1917 1946 1971 rebellionis
1975 1919 2029 1973 in

450 2003 799 2045 communem
846 1994 1130 2051 dominum
1202 2001 1524 2059 habuissent
1588 2005 1836 2071 socium,
1895 2023 2035 2077 pra:-

451 2091 663 2151 reptum
722 2084 826 2154 10
872 2086 1162 2157 imperium
1223 2109 1480 2149 exercere
1546 2113 1689 2150 nunc
1755 2099 1809 2151 in
1886 2101 2034 2169 ipsos

449 2189 672 2243 quoque
713 2178 868 2240 \‘cllc.
918 2184 1093 2249 pa'am
1149 2187 1479 2240 recusabant
1526 2191 1681 2243 subdi
1736 2191 2036 2248 Botauiatre

449 2282 748 2338 gerereque
804 2274 1098 2343 pergebant
1149 2293 1236 2331 res
1285 2280 1359 2332 uti
1407 2281 1509 2337 sub
1544 2283 1712 2352 priori
1758 2294 2037 2355 cmperant

451 2357 720 2428 ptitteipe,
755 2366 994 2433 propriis
1035 2370 1315 2437 auspiciis,
1355 2382 1648 2444 partesque
1670 2390 1802 2431 suas
1843 2393 1939 2447 pro
1977 2394 2036 2432 se

449 2450 685 2519 quisque
712 2454 886 2523 copiis
919 2464 971 2509 et
1021 2459 1219 2529 opibus
1266 2478 1428 2532 quam
1473 2465 1810 2521 validissime
1854 2468 2037 2522 ﬁrma-

448 2540 601 2595 bant.
636 2544 832 2599 Contra
885 2547 986 2603 llos
1032 2550 1155 2604 belli
1197 2552 1303 2606 dux
1351 2556 1421 2608 ab
1454 2557 1783 2626 imperatore
1814 2561 2037 2616 Alexius

449 2632 710 2705 deligitur
752 2645 808 2691 et
848 2641 1088 2694 mittitur
1122 2655 1253 2699 tunc
1301 2648 1482 2716 magni
1531 2650 1819 2705 domestici
1861 2653 2038 2724 digni-

450 2732 560 2777 tate
600 2736 848 2784 ornatus.
901 2730 1087 2800 Neque
1122 2733 1213 2788 ille
1241 2738 1536 2800 recusavit,
1569 2751 1663 2794 aut
1695 2743 2034 2798 contentioni

450 2815 505 2866 iu
537 2820 793 2873 mandato
819 2822 1215 2888 exhauriendo.
1250 2839 1345 2882 aut
1389 2830 1728 2888 dimicationi
1762 2836 2035 2891 discrimi-

452 2907 576 2961 nivc
629 2914 866 2980 pepercit
922 2914 1056 2982 ulli,
1111 2919 1241 2988 qttin
1290 2936 1398 2975 non
1453 2926 1642 2991 semel,
1695 2926 1788 2981 Sed
1838 2929 2038 2997 saepius

449 3001 854 3058 crnentissimis
888 3008 1484 3082 periculosissimisque
1509 3015 1576 3070 de
1603 3018 1800 3083 ιιι’;ρ1ἰίε
1837 3021 2035 3089 victor,

452 3095 669 3163 ιτωριείς.
700 3097 899 3167 positis
928 3098 1051 3152 illos
1079 3099 1228 3170 ipsos
1271 3117 1463 3159 contra
1493 3125 1633 3178 quos
1662 3122 1907 3164 moverat
1937 3113 2036 3166 tiu-

451 3198 542 3237 ces
568 3184 711 3239 bello
739 3199 953 3255 captos,
1001 3188 1056 3242 itt
1093 3192 1285 3247 urbem
1329 3195 1498 3251 redux
1533 3198 1757 3271 regiam,
1804 3201 2037 3270 impera-

449 3279 551 3329 tori
582 3278 835 3332 reddidit.

2134 638 2228 691 an".
2266 638 2513 690 κίνδυνον
2556 641 2621 708 τῇ
2657 637 2968 707 ἐγχειρήσει
3007 637 3216 707 ταύτης
3254 638 3724 709 ἐπικρεμάμενον,

2133 730 2294 793 εὐθὺς
2326 728 2418 783 τοῦ
2452 728 2741 801 Κομνηνού
2792 733 2987 801 χρῆσις
3025 724 3094 801 ἦν
3130 729 3271 799 ὑπὲρ
3312 730 3586 793 ἅπαντας,
3630 734 3727 787 καὶ

2136 822 2299 892 μόνος
2332 821 2441 874 τῶν
2472 821 2729 875 ἁπάντων
2756 822 2783 873 ό
2820 823 3107 891 Κομνηνὸς
3149 824 3263 884 τοῖς
3293 821 3435 875 οὕτω
3466 823 3728 892 μεγάλοις

2135 915 2230 967 καὶ
2287 912 2665 967 κινδυνώδεσιν
2714 912 2897 982 ἔργοις
2936 916 3321 982 ἑπιστατήσων
3361 914 3727 984 προϐέϐλητο,

2133 1004 2293 1060 τοῦτο
2331 1005 2653 1075 βουλομένου
2698 1004 2793 1058 τοῦ
2828 1004 3146 1075 σκέμματος
3177 1004 3318 1059 ὥστε
3353 1006 3387 1078 ἢ
3418 1004 3727 1075 καταπειθῆ

2135 1099 2397 1167 γεγονότα
2432 1098 2525 1152 τὸν
2574 1097 2862 1168 Κομνηνδν
2910 1101 3022 1159 τοῖς
3078 1098 3537 1165 ὲπιτεταγμὲνοις
3577 1095 3728 1165 αύτῷ

2136 1192 2231 1243 καὶ
2262 1189 2525 1258 γενναίως
2556 1189 2649 1243 καὶ⁵
2702 1190 2994 1260 ἀνδρικῶς,
3048 1188 3231 1251 καθὼς
3283 1185 3350 1257 ἦν
3399 1187 3521 1251 ἔθος
3553 1188 3723 1257 αὐτῷ,

2136 1281 2515 1351 προσϐαλόντα
2560 1281 2665 1334 τινὶ
2704 1280 2813 1333 τῶν
2844 1278 3185 1348 τηλικούτων
3237 1278 3415 1349 ἔργων
3458 1280 3555 1331 καὶ¹
3585 1282 3725 1331 κατὰ

2138 1373 2308 1441 ξιφῶν
2333 1371 2662 1443 χωρήσαντα
2691 1371 2872 1441 μέσων
2895 1372 3126 1441 καιρίως
3158 1369 3431 1440 πληγῆναι
3456 1371 3551 1422 καλ⁵
3577 1369 3726 1440 παρά

2135 1462 2212 1533 τῷ
2255 1458 2476 1532 πολέμῳ
2508 1464 2692 1515 πεσεῖν
2727 1461 2815 1515 διὰ
2841 1462 2901 1514 τὸ
2947 1461 3081 1532 μηδὲ
3114 1461 3413 1530 δυνάμεσιν
3441 1460 3726 1527 ἁναλόγοις

2135 1551 2512 1621 ὲφοδιὰξεσθαι
2564 1552 2701 1621 πρὸς
2753 1551 2813 1603 τὸ
2863 1551 3117 1621 κείμενον
3168 1553 3352 1621 ἔργον,
3398 1550 3432 1622 ἢ
3471 1552 3603 1619 γοῦν
3653 1552 3727 1619 νὴ

2137 1642 2479 1711 πειθόμενον,
2538 1641 2661 1711 μηδ’
2710 1639 2854 1693 οὕτω
2889 1640 3170 1706 ποιοῦντα,
3215 1639 3353 1709 μηδὲ
3403 1641 3515 1702 τοῖς
3553 1639 3729 1709 τούτῳ

2137 1734 2515 1804 κελευομένοις
2565 1732 2861 1786 ὑπείκοντα
2906 1732 3134 1795 δικαίως
3185 1731 3351 1801 δῆθεν
3392 1730 3728 1800 ἐγκληοῆναι

2136 1828 2230 1879 καὶ
2256 1826 2486 1894 νόμιμον
2517 1824 2616 1893 τὴν
2665 1822 2889 1877 κόλασιν
2935 1825 3212 1893 ὑποσχεῖν.
3247 1824 3386 1893 ’Πδη
3419 1824 3517 1892 μὲν
3550 1822 3643 1874 οὖν
3676 1823 3728 1875 οἱ

2132 1917 2521 1985 διαληφθέντες
2548 1918 2576 1970 ὃ
2607 1933 2666 1968 τε
2697 1915 2981 1985 Βρυέννιος
3008 1918 3101 1970 καὶ
3123 1918 3149 1968 ὁ
3181 1915 3512 1984 Βασιλάκης,
3536 1914 3727 1983 ἄνδρες

2137 2010 2246 2063 τῶν
2276 2006 2333 2063 εὖ
2370 2010 2671 2078 γεγονότων
2704 2007 2797 2061 καὶ
2839 2010 3151 2076 ἐπισήμων,
3188 2008 3262 2078 μὴ
3294 2007 3554 2076 φέροντες
3593 2007 3728 2075 μηδὲ

2136 2096 2283 2157 οὗτοι
2319 2102 2418 2173 τὴν
2455 2102 2547 2155 ἐπὶ
2580 2101 2674 2154 τοῦ
2708 2100 2984 2171 βατιλείου
3015 2101 3207 2170 θρόνου
3240 2100 3335 2152 τοῦ
3365 2100 3725 2152 Βοτανειάτου

2139 2194 2480 2263 καθίδρυσιν,
2527 2194 2622 2247 ἆτε
2662 2194 2757 2247 καὶ
2790 2192 2977 2245 τοῦτον
3014 2192 3110 2245 σὺν
3160 2192 3378 2254 ἑαυτοῖς
3416 2192 3729 2260 ἀποστάτην

2137 2286 2277 2339 κατά
2306 2286 2399 2337 τοῦ
2427 2282 2694 2354 βασιλέως
2726 2282 2945 2355 Μιχαὴλ
2978 2283 3337 2350 ἐπιστάμενοι
3367 2284 3459 2336 καὶ
3492 2286 3601 2344 τοῖς
3626 2282 3728 2337 αὑ-

2136 2380 2248 2439 τοῖς
2303 2376 2725 2439 συνυπεύθυνον,
2778 2376 2849 2446 ἢν
2902 2373 3150 2442 ἔφθασαν
3202 2374 3442 2446 ἄρασθαι
3494 2374 3727 2443 πρώτως

2138 2470 2479 2524 ἀποστασίαν
2506 2469 2647 2524 κατὰ
2666 2468 2761 2522 τοῦ
2782 2467 3025 2539 Μιχαὴλ,
3054 2466 3253 2539 ταύτην
3282 2468 3376 2520 καὶ
3409 2470 3529 2521 κατ’
3559 2466 3727 2519 αύτοῦ

2137 2562 2509 2632 τετηρήκασιν
2545 2561 2636 2614 ἐπὶ
2686 2562 2962 2631 σχήματος
2996 2562 3092 2614 καὶ
3124 2560 3262 2629 μετά
3295 2560 3532 2631 πλήθους
3563 2575 3728 2629 στρα-

2137 2653 2348 2707 τιωτῶν
2400 2652 2494 2706 καὶ
2553 2653 2652 2706 οὐκ
2709 2653 3192 2723 εὐκαταφρονήτου
3246 2652 3528 2720 δυνάμεως
3579 2650 3729 2721 αὐτῷ

2138 2743 2725 2811 ἀντιπαραταττονται.
2761 2744 2872 2796 Καὶ
2903 2743 3066 2802 εὐθὺς
3101 2744 3128 2796 ὁ
3162 2742 3443 2812 Κομνηνὸς
3475 2743 3566 2794 ἐπὶ
3595 2743 3729 2811 μνή-

2141 2854 2247 2907 μης
2274 2836 2351 2905 τῷ
2384 2835 2595 2905 βασιλεί
2627 2835 2772 2888 κατά
2804 2835 2912 2888 τῶν
2942 2835 3201 2889 τοιούτων
3234 2834 3445 2905 ἀνδρῶν
3469 2833 3729 2888 ἁνθοπλίο

2138 2948 2238 3000 της
2274 2930 2367 2983 καὶ
2395 2930 2824 3000 ἀντιστράτηγος
2867 2929 3167 2995 στέλλεται,
3203 2928 3302 2999 τὴν
3342 2928 3438 2982 τοῦ
3488 2928 3727 2997 μεγάλου

2139 3021 2466 3091 δομεστίκου
2501 3020 2810 3091 τηνικαῦτα
2847 3020 3053 3075 διέπων
3093 3021 3272 3087 ἀξίαν.
3313 3021 3422 3073 Καὶ
3452 3018 3729 3072 ἀντικαθί-

2143 3129 2338 3168 σταται
2372 3110 2606 3176 τούτοις,
2636 3111 2731 3164 καὶ
2761 3110 3226 3181 θαρραλεωτάτην
3264 3111 3448 3181 μάχην
3483 3110 3729 3177 συμϐάλ-

2139 3203 2243 3267 λει,
2277 3202 2369 3258 καὶ
2403 3203 2779 3275 συρρήγνυται
2807 3199 3016 3265 τούτοις
3061 3201 3161 3272 οὐχ
3201 3201 3348 3268 ἅπαξ
3376 3201 3555 3271 μόνον,
3590 3199 3728 3255 ἀλλὰ

2138 3296 2233 3349 καλ⁴
2261 3294 2521 3357 πολλάκις
2552 3296 2633 3357 εἰς
2658 3293 2894 3363 πόλεμον
2919 3293 3089 3364 αὐτὴν
3119 3295 3366 3365 προΐεται
3396 3295 3496 3362 τὴν
3524 3292 3727 3362 ψυχὴν,

450 3370 546 3423 καὶ
581 3370 738 3436 τέλος
776 3372 901 3438 τοὺς
935 3376 1263 3444 ἀντιπάλους
1302 3384 1428 3453 νικᾷ
1462 3381 1554 3458 [Ρ.
1591 3384 1650 3459 7]
1683 3387 1779 3442 καὶ
1811 3388 2064 3459 λαμπρὸν
2097 3390 2219 3444 κατ’
2250 3388 2432 3445 αὐτῶν
2469 3386 2733 3459 τρόπαιον
2778 3386 2987 3455 ἵστησι,
3028 3388 3124 3441 καὶ
3189 3384 3562 3459 δορυαλώτους
3592 3382 3732 3438 ἐλὼν

450 3461 532 3525 εἰς
561 3461 660 3535 τὴν
689 3462 936 3533 βασιλίδα
968 3468 1076 3521 τῶν
1123 3470 1331 3526 πίλεων
1367 3476 1563 3544 ἐπάγει
1593 3482 1684 3531 καὶ
1711 3480 1789 3551 τῷ
1823 3480 2036 3552 βασιλεῖ
2072 3480 2464 3551 παραδίδωσιν.

529 3560 652 3615 llaec
672 3561 725 3615 in
751 3561 944 3617 notitia
964 3574 1019 3617 et
1042 3567 1424 3634 pranlieatione
1448 3582 1738 3629 versantur
1760 3577 2029 3641 omnium,

455 3666 555 3706 nec
601 3655 914 3709 communis
960 3657 1194 3728 quisque
1229 3675 1429 3717 sensus
1470 3665 1748 3736 particeps
1786 3682 1875 3724 res
1897 3669 2034 3723 adeo

455 3744 703 3800 celebres
727 3754 837 3800 tam
865 3747 1225 3818 palam'tanto
1257 3753 1549 3823 splendore
1573 3767 1756 3827 gestas
1784 3760 2036 3830 ignorare

455 3843 655 3906 potest.
689 3835 958 3901 Quoniam
1004 3850 1184 3895 autem
1214 3840 1496 3899 Comnetto
1524 3852 1607 3903 tot
1635 3848 1901 3903 sudorum
1931 3858 2037 3905 tot-

452 3943 560 3997 que
586 3927 962 3985 discriminum
1003 3948 1213 3990 merccs
1247 3936 1392 3992 nulla
1428 3947 1549 3993 erat
1583 3940 1880 3997 admodum
1928 3943 2034 3997 alia

456 4022 559 4076 nisi
602 4022 741 4076 livor
791 4039 899 4079 non
951 4028 1222 4085 obscurus
1271 4039 1324 4084 et
1393 4048 1551 4088 saeva:
1605 4034 2040 4091 machinationes

454 4115 685 4169 orbandi
738 4132 862 4171 eunt
921 4119 1223 4177 luminibus
1278 4132 1441 4194 atquc
1490 4126 1754 4196 perdendi
1800 4138 1914 4182 tum
1959 4130 2041 4183 itt-

456 4206 709 4262 volvendi
752 4210 910 4264 ruina
947 4213 1134 4268 eadem
1174 4212 1711 4285 Porphyrogenitutn
1747 4236 1761 4272 :
1796 4219 1848 4274 id
1890 4222 2039 4274 enim

453 4315 583 4355 vero
614 4317 721 4355 non
750 4303 864 4372 jant
905 4303 1191 4360 ferendum
1238 4309 1476 4377 amplius
1518 4324 1706 4364 secum
1747 4313 2040 4368 constituit

450 4392 697 4461 Alexius,
724 4397 817 4450 sed
849 4407 1107 4467 reputans
1135 4401 1277 4468 apud
1305 4417 1386 4465 se,
1413 4412 1667 4472 patruuzn
1695 4420 1855 4460 suum
1890 4407 2035 4460 Isaa-

452 4487 597 4541 eium
652 4489 1019 4556 Cotnnetiutn,
1079 4493 1172 4562 qui
1228 4511 1402 4565 nuper
1447 4496 1571 4564 jure
1612 4513 1775 4566 quam
1826 4501 2035 4569 optimo

2211 3575 2400 3630 Οἴδασι
2425 3574 2627 3637 πάντες
2650 3572 2841 3639 ταῦτα,
2866 3572 2961 3625 καὶ
2991 3572 3049 3624 ὲν
3072 3568 3278 3641 χείλεσι
3307 3568 3525 3623 πάντων
3549 3570 3729 3623 κεῖται

2140 3668 2210 3722 τὰ
2243 3666 2620 3735 περὶτούτων,
2657 3666 2751 3718 καὶ
2782 3664 2880 3718 ούκ
2910 3663 3058 3719 ἔστιν
3089 3664 3236 3726 ὅστις
3260 3661 3368 3716 τῶν
3391 3659 3451 3715 εὖ
3477 3660 3733 3731 φρονούν-

2140 3778 2248 3815 των
2270 3761 2506 3832 ἠγνόησε
2528 3758 2719 3812 ταῦτα.
2750 3758 2906 3812 Ἐπεὶ⁵
2926 3758 2982 3811 δὲ
3005 3753 3082 3825 τῷ
3112 3753 3382 3825 Κομνηνῷ
3402 3753 3609 3808 τούτων
3635 3752 3731 3807 καὶ

2143 3854 2347 3925 ἐτέρων
2377 3849 2589 3905 πολλῶν
2618 3853 2710 3904 καὶ
2738 3850 2991 3920 μεγάλων
3020 3848 3197 3918 ἔργων
3230 3846 3322 3900 καὶ
3350 3845 3519 3908 ὅντως
3546 3845 3730 3916 ἀνδρι-

2144 3945 2257 4000 κῶν
2319 3945 2415 3998 καὶ
2462 3942 2727 4011 γενναίως
2785 3941 3193 4010 τετελεσμένων
3252 3939 3482 4011 οὐδεμία
3527 3956 3611 4003 τις
3661 3934 3729 4009 ἦν

2139 4038 2458 4109 ἁντιμισθία
2479 4037 2574 4090 καὶ
2594 4036 2821 4104 ἀμοιϐὴ,
2850 4034 2962 4088 ἀλλ’
2984 4034 3016 4106 ἢ
3043 4032 3204 4103 μόνος
3223 4032 3381 4102 ζῆλος
3403 4033 3504 4086 οὐκ
3525 4032 3731 4101 ἀγαθὸς

2138 4131 2236 4185 καὶ
2269 4128 2390 4183 κατ’
2411 4128 2579 4183 αὐτοῦ
2615 4127 2810 4198 μελέτη
2839 4127 2930 4178 καὶ
2960 4127 3221 4194 συσκευὴ,
3253 4126 3401 4190 ὅπως
3432 4124 3727 4194 ἀποδοθείη

2139 4223 2313 4290 τούτῳ
2364 4221 2578 4290 πονηρᾶ
2623 4220 2745 4273 ἀντὶ
2786 4217 3041 4285 ἀγαθῶν,
3091 4217 3185 4270 καὶ
3230 4217 3378 4280 ὅπως
3424 4216 3588 4280 αὐτὸς
3630 4217 3729 4285 μιν

2142 4315 2405 4385 ὲκκοπείη
2430 4316 2556 4377 τοὺς
2589 4311 2905 4381 ὀφθαλμοὺς
2929 4312 3022 4365 καὶ
3043 4310 3321 4374 ἀπόλοιτο,
3346 4309 3729 4380 συνεκτριϐείη

2143 4407 2200 4460 δὲ
2226 4407 2402 4475 τούτῳ
2437 4408 2530 4458 καὶ
2559 4404 2588 4457 ὁ
2620 4387 3157 4473 Πορφυρογὲννητος,
3180 4401 3279 4454 οὐκ
3302 4400 3383 4453 ἔτι
3412 4401 3469 4452 ἐν
3504 4400 3728 4470 φορητῷ

2143 4498 2319 4551 ταῦτα
2349 4496 2578 4555 τίθεται.
2612 4494 2748 4548 ἀλλά
2776 4494 2987 4562 βλέπων
3018 4492 3093 4554 ὡς
3116 4491 3266 4562 αὐτῷ
3303 4492 3402 4561 μὲν
3442 4494 3522 4556 εις
3557 4493 3728 4546 κακὸν

452 4592 791 4653 regnaverat,
829 4586 1119 4655 imperium
1174 4591 1318 4641 ultro
1380 4589 1479 4658 ιι
1526 4591 1839 4648 concessis:
1887 4591 2033 4647 Con-

2141 4590 2208 4642 τέι
2246 4588 2340 4642 τοῦ
2385 4588 2713 4656 πράγματος
2753 4584 2933 4654 διήκει
2969 4584 3064 4638 καὶ
3097 4585 3180 4636 ὃτι
3226 4584 3320 4636 τοῦ
3371 4583 3517 4638 θείου
3560 4584 3727 4637 αὐτοῦ

449 4676 689 4729 ειιιιιιίιιο
725 4675 906 4742 Ducae,
940 4694 1051 4746 quo
1089 4678 1353 4735 del'unmo
1383 4697 1413 4735 e
1445 4682 1570 4737 {iliis
1604 4683 1877 4739 familiare
1909 4683 2032 4754 ejus

452 4767 723 4837 imperare
763 4770 1001 4839 aliquem
1035 4769 1117 4825 fas
1164 4769 1291 4836 fuit,
1329 4771 1668 4840 quod‘secus
1706 4776 1909 4830 evenit.
1944 4776 2034 4831 Si-

448 4861 665 4930 quidem
703 4861 795 4932 qui
822 4878 968 4917 nunc
990 4862 1263 4918 insidebat
1285 4864 1554 4932 imperiali
1579 4867 1718 4921 solio
1740 4882 2033 4924 commune

452 4951 689 5007 habebat
733 4953 867 5006 nihil
912 4968 1038 5008 cum
1091 4962 1251 5023 gente
1309 4955 1609 5012 Ducarum.
1665 4956 2032 5024 Quamobrem

449 5045 575 5113 quis
602 5061 710 5098 non
734 5045 945 5100 videret
973 5047 1156 5101 vocari
1186 5046 1501 5103 Contuenos
1530 5049 1595 5104 ad
1623 5052 2031 5106 successionem

454 5139 840 5214 principatus?
870 5139 1106 5196 Aliunde
1139 5156 1268 5195 vero
1289 5142 1438 5210 quod
1472 5159 1565 5213 per
1589 5144 1733 5214 juris
1764 5146 2031 5201 rationem

451 5213 693 5304 legitime
719 5233 836 5289 ﬁeri
874 5241 1103 5303 poterat,
1135 5243 1357 5304 propter
1382 5213 1681 5305 periculum
1719 5238 1787 5292 ab
1816 5238 2033 5295 insidiis

451 5326 779 5395 injuriisque
819 5325 1238 5381 immanissimis
1288 5330 1599 5383 necessario
1644 5330 2031 5383 maturandum

452 5417 742 5473 videbatur
769 5436 782 5470 :
810 5416 1014 5487 alioqui
1037 5418 1182 5472 enim
1204 5435 1443 5489 prmsens
1470 5422 1771 5491 periculum
1797 5421 2031 5488 ostendi,

454 5524 523 5577 pc
558 5523 681 5578 quae
713 5507 881 5563 multa
914 5517 1103 5563 contra
1137 5508 1315 5579 ipsum
1348 5511 1705 5568 clandestinis
1742 5528 1885 5583 saepe
1914 5515 2032 5586 agi-

455 5613 565 5661 tata
598 5601 851 5658 consiliis
879 5609 1057 5666 norat,
1089 5617 1406 5659 successum
1440 5607 1675 5673 pernicie
1706 5607 1877 5676 ipsius
1898 5623 2034 5661 nan-

455 5695 817 5756 ciscerentur.
859 5692 954 5748 Sic
989 5694 1254 5749 sublucta
1293 5698 1687 5766 cogitationum
1722 5714 1936 5753 summa
1966 5716 2032 5753 cx

460 5787 596 5841 urbe
632 5802 692 5840 se
734 5787 880 5855 regia
919 5787 1232 5857 proripiens
1272 5788 1682 5857 Adtiatmpolim
1730 5791 2029 5845 contendit.

460 5883 538 5945 lii
578 5893 961 5953 congregatatu
996 5884 1194 5953 reperit
1230 5900 1480 5952 magnam
1512 5884 1793 5953 copiarum
1835 5886 2001 5939 [lonia

2135 4683 2234 4751 τὴν
2273 4680 2474 4734 ἑαυτοῦ
2501 4679 2868 4749 κληρονομίαν
2907 4676 3245 4747 αὐθαιρέτως
3286 4678 3364 4738 είς
3401 4676 3588 4747 ἕτερον
3621 4694 3721 4730 πα-

2138 4772 2534 4844 ραπέμψαντος
2578 4809 2594 4827 .
2639 4810 2654 4827 .
2700 4808 2715 4824 .
2757 4809 2810 4835 .,
2851 4768 3152 4840 ἐπειδήπερ
3200 4769 3380 4831 οὐδεὶς
3426 4768 3535 4821 τῶν
3582 4767 3727 4822 κατά

2135 4866 2293 4933 γένος
2314 4864 2704 4935 προσηκόντων
2743 4862 2821 4932 τῷ
2847 4861 3067 4932 λαχόντι
3095 4861 3299 4932 ταύτην
3330 4861 3727 4932 προύὸέδλητο,

2134 4957 2321 5026 ἔτερος
2349 4956 2406 5010 δὲ
2434 4956 2715 5026 ἀλλότριος
2747 4955 2827 5019 εἰς
2851 4955 2950 5023 τὴν
2978 4955 3183 5023 ταύτην
3207 4953 3562 5022 ἀντεισῆκται
3596 4954 3729 5024 κλη-

2138 5051 2417 5119 ρονομίαν.
2450 5047 2569 5119 ἅμα
2598 5049 2654 5103 δὲ
2700 5048 2794 5102 καὶ
2826 5048 3009 5118 ἑαυτῷ
3045 5050 3107 5102 τὸ
3134 5047 3379 5117 ἀσφαλὲς
3407 5047 3730 5118 περιποιού-

2138 5160 2296 5213 μενος
2322 5143 2408 5195 ἵνα
2442 5142 2516 5211 μή
2552 5159 2606 5195 τι
2640 5142 2831 5195 δεινῶν
2861 5142 3033 5215 πάθῃ,
3066 5142 3231 5194 όποϊα
3274 5140 3445 5193 πο).λά
3471 5140 3594 5195 κατ’
3629 5142 3727 5193 αύ-

2135 5236 2230 5290 τού
2274 5234 2735 5307 προϐεϐούλευτο,
2776 5235 2876 5306 τῆς
2932 5234 3354 5307 μεγαλοπόλεως
3387 5234 3609 5305 ἀπάρας
3647 5236 3727 5297 εἰς

2149 5328 2593 5399 Ἀδριανούπολιν
2622 5329 2831 5395 ἄπεισι,
2862 5329 2956 5383 καὶ
2999 5327 3062 5381 τὸ
3105 5329 3286 5380 ἐκεῖσε
3331 5326 3729 5397 στρατιωτικὸν

2135 5422 2412 5490 ἄθροισμα
2464 5419 2640 5491 εὑρὼν
2681 5426 2749 5493 τῇ
2792 5424 2892 5491 μὲν
2935 5419 3029 5474 τοῦ
3076 5419 3438 5474 Βοτανειάτου
3479 5418 3729 5489 βασιλεία

2135 5515 2209 5579 ὡς
2243 5513 2312 5566 τὰ
2336 5514 2509 5568 πολλὰ
2531 5515 3005 5585 ἀπεχθανόμενον,
3028 5512 3181 5583 αύτῷ
3210 5513 3268 5568 δὲ
3300 5510 3730 5584 προστιθέμενον

2138 5608 2232 5661 καὶ
2261 5609 2341 5670 είς
2366 5607 2590 5676 βασιλέα
2629 5608 2822 5662 τοῦτον
2845 5608 3196 5679 αἱρούμενον,
3224 5609 3320 5661 am
3347 5608 3440 5661 καί
3465 5610 3557 5659 ὑπ’
3580 5606 3730 5675 αὖτῷ

2138 5702 2453 5773 στρατάρχῃ
2477 5700 2564 5773 [Ρ.
2581 5701 2637 5772 8]
2657 5702 2857 5765 πολλὰς
2877 5702 3242 5773 ἀνδραγαθίας
3261 5701 3726 5772 διαπραξάμενον,

2139 5793 2232 5846 καὶ
2264 5792 2399 5862 ὁμοῦ
2435 5795 2530 5847 καὶ
2559 5794 2762 5848 ἄκοντα
2798 5794 2988 5848 τοῦτον
3026 5795 3163 5865 πρὸς
3203 5796 3513 5865 ἀνάρρησιν
3545 5790 3729 5862 βιαζνῖο

2145 5900 2330 5952 μενον,
2363 5883 2580 5952 δέχεται
2625 5884 2723 5955 τὴν
2755 5884 2959 5940 τούτων
3009 5885 3206 5956 βουλὴν
3240 5889 3336 5939 καὶ
3371 5884 3727 5940 ἀνακαλεῖται
