4154 6432
469 348 537 411 37
1048 356 1051 361 ”
1893 349 2307 413 ΡΒΛΞΙΡΑΤΙΟ.
3677 358 3749 421 38

472 459 547 529 μὴ
596 454 1016 527 συγχωροῦντες
1073 455 1224 527 αὐτῷ
1267 457 1367 526 τῆς
1420 457 1630 521 οἰκείας
1693 460 2050 530 κακοτροπία‹

2170 458 2412 513 vindices
2463 470 2727 529 generose
2769 476 2833 517 ac
2874 461 3086 517 fortiter
3146 463 3384 518 tulerunt
3424 465 3746 535 injuriarutn

467 546 792 613 ἀπόνασθαι,
835 549 915 612 ὡς
941 548 1038 601 καὶ
1066 548 1287 620 ἐτέρους
1316 548 1525 602 ἀδικεῖν
1573 550 1965 622 ἐγχειροῦντας
1997 551 2058 603 τὸ

471 639 549 710 μὴ
579 638 890 692 ἀπολαῦσαι
919 632 997 693 ὧν
1043 638 1271 711 ἐτέρους
1301 639 1802 711 ἀποστερήσουσιν.
1839 642 1904 694 Οἱ
1946 641 2058 712 γὰρ

471 733 550 802 μὴ
578 730 752 794 οὕτως
784 728 1095 800 τηνικαῦτα
1112 731 1484 802 φρονήσαντες
1507 731 1642 801 μηδὲ
1668 732 1745 802 τῷ
1766 733 2057 803 Κομνηνῷ,

465 824 665 878 ταύτὸν
705 822 762 876 δὲ
792 824 972 876 εἰπεῖν
1022 823 1102 894 τῷ
1138 823 1342 895 Δούκᾳ,
1374 824 1504 893 περὶ
1531 823 1630 893 τὴν
1666 824 1767 893 τῆς
1798 824 2060 895 κληρονο-

467 917 600 987 μίας
627 916 810 971 αὐτῶν
857 916 1314 971 ἀποκατάστασιν
1371 918 1765 988 συναράμενοι,
1795 919 1931 972 άλλά
1962 919 2059 971 καὶ

467 1010 671 1077 μᾶλλον
715 1009 969 1062 ὁπωσοῦν
1004 1008 1216 1071 τούτοις
1269 1010 1655 1074 άντιπεσόντες
1693 1011 1786 1064 καὶ
1829 1011 1905 1081 μὴ
1976 1011 2057 1081 ῥί-

460 1101 664 1171 ψαντες
684 1100 756 1154 τά
782 1101 925 1155 δπλα
950 1101 1047 1153 καὶ
1070 1101 1165 1155 τὸν
1191 1102 1352 1171 φύσει
1384 1102 1657 1171 δεσπότην
1677 1102 1863 1155 αὐτῶν
1890 1119 2058 1172 προσ·-

462 1194 840 1263 κυνήσαντες,
876 1192 1020 1262 ὑπὲρ
1072 1187 1135 1247 οὗ
1193 1193 1396 1264 μᾶλλον
1429 1195 1605 1265 αἴρειν
1654 1194 1795 1248 ὅπλα
1843 1195 2058 1258 τιύτοις

464 1285 656 1355 ἐχρῆν,
692 1283 857 1337 ποίαν
911 1284 1015 1337 οῦκ
1073 1282 1141 1338 ἂν
1192 1285 1468 1355 τιμωρίαν
1519 1287 1781 1355 ὑποσχεῖν
1809 1280 1952 1355 ἦσαν
1974 1285 2055 1337 δί-

463 1389 635 1438 καιοι,
665 1373 700 1445 ἢ
737 1374 813 1445 μὴ
849 1360 1015 1444 μόνον
1042 1375 1209 1446 μέχρι
1235 1375 1542 1446 χρημάτων
1564 1377 1660 1428 καὶ
1702 1375 2056 1447 πραγμάτων

460 1470 725 1538 ἀπαρχῆς
762 1470 860 1521 καὶ
913 1470 1098 1537 πάσης
1142 1469 1310 1540 ἄλλης
1340 1470 1569 1541 ζημίας,
1606 1469 1726 1523 ἀλλ’
1746 1470 1915 1525 αὐτοῦ
1959 1470 2057 1523 θα-

460 1563 650 1627 νάτου,
684 1562 779 1615 καὶ
806 1560 1002 1615 τούτου
1034 1561 1236 1633 πικροῦ
1290 1562 1385 1615 καὶ⁵
1421 1561 1724 1631 ὀδυνηροῦς
1757 1561 1854 1615 καὶ
1878 1561 2055 1623 ἄλλως

460 1653 572 1723 γάρ
626 1652 749 1716 πῶς
797 1651 993 1722 ἔμελλε
1026 1652 1253 1717 τούτους
1282 1653 1311 1705 ὁ
1355 1653 1491 1718 Θεὸς
1526 1654 1836 1724 ἀνωτέρους
1876 1654 2054 1725 διατη-

463 1746 631 1815 ρῆσαι
670 1742 995 1807 κακώσεως,
1030 1744 1127 1796 καὶ
1176 1743 1252 1814 μὴ
1281 1745 1681 1815 άντιμετρῆσαι
1711 1745 1938 1806 τούτους
1969 1740 2050 1804 οἷς

2163 550 2438 604 illatarum
2492 552 2647 621 ipsis,
2701 565 3068 625 conatumque
3115 571 3329 611 onmem
3383 559 3750 615 adhilmcrunt

2162 640 2229 692 ad
2260 640 2600 695 uleiscendos
2636 656 2822 695 eorum
2893 646 3075 697 hostes
3141 657 3194 700 et
3226 647 3371 714 ipsos
3406 648 3456 700 in
3522 650 3750 704 haeredi-

2162 740 2324 785 tatem
2357 730 2625 799 majorum
2648 774 2664 798 ,
2704 734 2845 787 unde
2879 734 3094 790 fuerant
3125 736 3283 805 ejecti
3305 777 3319 801 ,
3358 740 3745 795 restituendos.

2160 821 2315 888 Quod
2346 824 2390 877 si
2432 824 2667 893 negotiis
2705 825 3051 881 obstantibus
3102 827 3155 880 id
3202 830 3384 884 minus
3419 842 3660 899 possent,
3696 832 3748 885 vi

2159 924 2306 970 certe
2335 924 2520 970 mutua
2572 916 2830 971 violentia
2867 918 2979 971 usis
3010 919 3288 974 inferenda
3340 922 3747 989 perturbatorcs

2158 1007 2390 1061 aliorum
2428 1008 2642 1077 quietos
2691 1024 2812 1064 esse
2850 1026 2955 1064 non
2989 1010 3252 1076 sinerent,
3295 1030 3396 1068 nec
3438 1018 3746 1072 committe-

2158 1107 2300 1161 rent,
2336 1107 2393 1151 ιιι
2427 1115 2524 1169 per
2549 1099 2790 1169 ipsorum
2823 1104 3129 1157 socordiam
3175 1104 3523 1162 inculratores
3577 1109 3743 1163 alieni

2157 1189 2472 1256 patrimonii
2529 1191 2822 1259 tranquillo
2870 1194 3122 1262 amplexu
3178 1195 3370 1264 praeda:
3427 1212 3540 1250 suae
3593 1198 3747 1267 longe

2156 1282 2325 1334 alium
2374 1298 2536 1351 quam
2589 1298 2699 1351 quo
2732 1283 2880 1353 digni
2916 1292 3073 1338 erant
3120 1286 3346 1341 sceleris
3382 1289 3465 1341 sui
3508 1289 3745 1343 fructum

2155 1389 2371 1443 capere.
2433 1372 2544 1429 Nec
2612 1390 2742 1429 vero
2796 1376 2889 1430 illa
2941 1379 3245 1446 capessenti
3309 1373 3590 1435 Comncno
3650 1397 3748 1452 pro

2164 1479 2261 1521 sna
2323 1464 2705 1536 Ducarumque
2764 1466 2964 1522 familia
3013 1464 3093 1523 tot
3145 1486 3203 1525 se
3255 1472 3359 1526 viri
3412 1482 3525 1526 turn
3607 1490 3749 1542 prae-

2154 1565 2363 1613 stantes
2407 1572 2677 1612 eonsensu
2718 1567 2868 1613 tanto
2898 1571 3303 1631 aggregassent,
3331 1564 3434 1617 nisi
3461 1580 3526 1619 eo
3563 1565 3746 1634 modo,

2154 1662 2312 1716 quem
2350 1648 2728 1715 exposuimus,
2764 1649 2938 1720 ipsius
2976 1660 3165 1706 essent
3214 1667 3448 1708 mentem
3484 1672 3547 1711 ac
3578 1658 3746 1711 desti-

2158 1739 2433 1792 nationem
2470 1739 2831 1810 interpretati.
2872 1740 3128 1812 Alioquin
3174 1744 3428 1800 obstituri
3460 1748 3507 1801 ei
3543 1749 3742 1815 potius,

460 1808 877 1907 ἀντεμέτρησαν
905 1837 1125 1907 μέτροις
1149 1808 1275 1903 γὼς
1306 1808 1421 1909 γὰρ
1468 1808 1692 1891 κάὶντοῦ
1719 1836 1928 1892 δικαίου
1956 1838 2050 1909 τῆς

2161 1839 2345 1899 utpote
2394 1831 2580 1885 rebelli
2631 1840 2687 1887 et
2740 1834 2794 1886 in
2838 1849 3001 1900 eum,
3055 1839 3147 1906 qui
3199 1847 3392 1891 natura
3448 1839 3549 1892 sibi
3600 1851 3746 1894 esset

462 1926 685 1996 φύσεως
737 1926 1092 1996 ἐκλαθόμενοι
1134 1927 1230 1980 καὶ
1278 1926 1630 1997 άσπλαγχνίᾳ
1695 1926 1774 1997 τῷ
1840 1927 2056 1998 φυσικῷ

461 2019 645 2072 αὐτῶν
703 2018 880 2089 κυρίῳ
928 2017 1309 2090 χρησάμενοι,
1348 2018 1574 2081 δικαίως
1612 2017 1680 2072 ἂν
1732 2019 1924 2089 ἔτυχον
1958 2021 2055 2072 καὶ

459 2105 611 2164 οὗτοι
657 2109 845 2164 θεόθεν
893 2109 1275 2180 ἀσπλαγχνίας
1306 2150 1324 2175 ,
1364 2110 1659 2179 ἀποτόμως
1698 2111 2058 2180 ποινηλατού-

466 2220 620 2273 μενοι
655 2201 742 2275 [Ρ.
787 2200 903 2273 12],
932 2202 1018 2255 ὅτι
1063 2202 1159 2255 καὶ
1188 2203 1309 2272 Θεῷ
1332 2202 1483 2272 αύτῷ
1529 2203 2054 2272 προσκεκρουκότες

460 2296 734 2353 ἑάλωσαν.
785 2296 912 2349 Ὅτι
945 2296 1003 2348 δὲ
1044 2297 1140 2348 καὶ
1197 2294 1338 2365 μετά
1362 2295 1466 2363 τῆς
1510 2295 1723 2349 ἀνωθεν
1761 2297 1938 2366 ῥοπῆς
1960 2297 2057 2349 καὶ

460 2389 599 2444 Θεοῦ
635 2387 913 2443 ἐπινεύσει
943 2389 962 2408 ⁶
987 2386 1164 2441 ταῦτα
1196 2387 1525 2452 τετέλεσται,
1559 2388 1591 2457 ἡ
1620 2389 1751 2458 περὶ
1783 2388 1883 2458 τὴν
1920 2389 2057 2441 Ῥω-

464 2483 667 2555 μαῖκὴν
689 2481 970 2553 βασιλείαν
998 2481 1340 2543 κατάστασις
1368 2481 1757 2551 ἀριδηλότερον
1784 2481 2052 2551 παριστᾷ,

459 2575 521 2641 ἐξ
541 2575 754 2628 ἐκείνου
805 2573 1085 2626 λαϐόντων
1128 2570 1229 2642 τὴν
1260 2572 1340 2635 εἰς
1366 2572 1426 2624 τὸ
1474 2574 1724 2641 κρεῖττον
1772 2572 2052 2637 ἐπίδοσιν,

460 2669 556 2722 καὶ
592 2669 752 2739 μέχρι
769 2667 865 2720 καὶ
885 2666 981 2720 νῦν
1006 2664 1129 2719 καθ’
1148 2664 1390 2736 ἑκάστην
1409 2665 1781 2731 ἐπιδιδόντων,
1809 2665 2056 2735 καὶπρὸς

458 2759 534 2814 εω
578 2761 674 2811 καί
717 2757 858 2828 πρὸς
900 2756 1113 2824 δυσμὰς
1171 2754 1416 2826 εὐτυχῶς
1461 2756 1784 2825 χωρούντων
1838 2753 2054 2823 εὐδοκία

456 2852 596 2905 Θεοῦ
625 2851 718 2904 καὶ
756 2850 967 2921 χάριτι,
1010 2847 1086 2911 ὡς
1126 2850 1193 2900 ἐκ
1224 2846 1335 2900 τῶν
1366 2846 1559 2913 δεξιῶν
1590 2845 2052 2915 ἀποτελεσμάτων

456 2942 907 3015 παραδηλοῦσθαι
961 2943 1059 2995 καὶ
1112 2940 1212 3011 τὴν
1266 2937 1442 3011 ἀρχὴν
1495 2937 1701 3002 δεξιάν.
1735 2931 1939 2988 Ἀθλον
1984 2934 2051 3005 δὴ

456 3037 628 3093 τοῦτο
683 3037 950 3105 μέγιστον
997 3032 1297 3096 ἁπάντων,
1332 3048 1407 3084 ων
1454 3029 1635 3100 ἴσμεν,
1689 3026 2055 3099 προτέθεικας

457 3132 614 3201 ἡμῖν,
657 3122 703 3181 ὦ
738 3126 1030 3197 σοφωτάτη
1067 3142 1159 3195 μοι
1189 3124 1333 3195 φρὴν
1373 3123 1468 3175 καὶ
1506 3121 1737 3184 διάνοια,
1769 3120 1868 3182 τὰς
1898 3118 2047 3172 ’Δλε-
2070 3152 2121 3211 ο

457 3222 573 3289 ξίου
599 3220 696 3272 τοῦ
726 3219 968 3290 μεγάλου
1031 3217 1263 3286 πράξεις
1318 3215 1650 3283 συναγαγεῖν
1708 3211 2036 3277 ἐπιτάξασα,

453 3313 517 3376 ὃς
548 3314 607 3365 ὲν
651 3313 866 3382 καιροῖς
893 3309 1179 3371 δυσκόλοις
1224 3306 1324 3370 τὰς
1364 3307 1475 3360 τῶν
1517 3304 1809 3374 Ῥωμαίων
1838 3306 2043 3374 ἠγεμο-

455 3406 579 3469 νίας
601 3401 957 3475 παραλαόὼν,
1005 3400 1244 3471 ὁπηνίκα
1269 3398 1339 3451 τά
1377 3396 1488 3453 τῶν
1531 3394 1820 3467 Ῥωμαίων
1857 3395 2043 3463 ἀπηύ-

452 3497 588 3565 δησε
641 3495 945 3565 πράγματα
976 3494 1057 3555 εἰς
1094 3490 1202 3558 γῆν
1232 3486 1711 3543 καταπεπτωκότα
1737 3487 1831 3540 καὶ
1859 3486 2044 3539 κινδυ-

452 3588 683 3644 νεύοντα
729 3585 1080 3656 διαρρυῆναι,
1136 3581 1326 3660 τέλεον
1365 3578 1637 3647 ἀνέστησέ
1697 3594 1757 3630 τε
1814 3576 1913 3631 καὶ
1960 3577 2041 3641 είς

452 3680 615 3741 κλέος
635 3678 881 3746 ἀνήγαγε
915 3675 1199 3744 μέγιστον.
1224 3671 1524 3741 Νουνεχείᾳ
1555 3669 1663 3738 γάρ
1692 3668 1791 3737 τὴν
1821 3666 2041 3738 ἀνδρίαν

456 3769 703 3840 συνάψας
730 3770 799 3839 τῇ
837 3765 1095 3837 συνεχείᾳ
1118 3763 1227 3816 τῶν
1259 3761 1515 3834 πράξεων
1544 3761 1646 3813 οὐκ
1679 3758 1831 3812 ἐστιν
1863 3760 2041 3811 εἰπεῖν

450 3860 631 3915 ὁπόσα
668 3858 864 3929 ἐστησε
894 3855 1138 3928 τρόπαια
1171 3853 1281 3908 τῶν
1320 3852 1631 3923 Ῥωμαίων,
1671 3849 1749 3913 ὡς
1786 3847 1927 3903 εἶναι
1970 3847 2041 3902 τά

452 3952 762 4022 πράγματα
907 3946 978 4000 τά
998 3945 1101 4017 μὲν
1120 3944 1392 4011 ἐξεδίωξε,
1424 3943 1492 3996 τὰ
1524 3942 1582 3994 δὲ
1600 3938 1949 4001 ἐδουλώσατο,
1972 3938 2043 3993 τά

452 4042 514 4094 δὲ
545 4038 861 4094 ὕπόσπονδα
914 4036 1221 4106 Ῥωμαίοις
1271 4037 1564 4104 πεποίηκε.
1603 4032 1807 4087 Τούτου
1860 4033 2041 4085 τοίνυν

452 4134 557 4197 τὶς
583 4131 813 4204 πράξεις
846 4130 1181 4200 συναγαγεῖν
1201 4128 1437 4200 ἐργῶδες
1469 4126 1534 4181 ἂν
1560 4125 1647 4195 εῐη
1666 4127 1760 4179 καὶ
1780 4124 1878 4195 τὴν
1900 4125 2037 4196 ἠμε-

449 4226 624 4296 τέραν
661 4223 893 4293 δύναμιν
933 4220 1304 4291 ύπερϐαῖνον,
1360 4219 1456 4273 καὶ
1514 4217 1926 4289 παρῃτησάμην
1973 4216 2041 4270 ἂν

450 4314 724 4389 τοῦργον,
747 4317 796 4368 εἰ
827 4316 904 4384 μή
939 4304 1009 4383 με
1053 4313 1144 4383 βίη
1182 4312 1484 4383 Ἦρακλείη
1523 4309 1660 4381 πρὸς
1705 4310 1837 4363 αὐτὸ
1887 4307 2040 4361 ἐϐιά-

451 4411 605 4476 ζετο,
646 4409 732 4481 [Ρ.
772 4406 869 4479 l5]
894 4408 1172 4478 μεγίστων
1199 4404 1423 4474 ἀγαθῶν
1468 4402 1675 4473 βραχύν
1721 4418 1844 4455 τινα
1878 4400 2040 4454 πόνον

2156 1925 2448 1989 dominus,
2498 1940 2648 1978 arn-a
2686 1925 2848 1995 impia
2899 1929 3174 1991 sumcnti,
3207 1944 3305 1997 pro
3354 1928 3455 1999 15
3495 1946 3604 1999 quo
3642 1946 3745 1999 pu-

2156 2032 2323 2086 gnare
2373 2017 2590 2085 ipsum,
2658 2015 2817 2085 eique
2874 2016 3121 2071 accidere
3192 2020 3524 2089 supplicem,
3575 2030 3743 2090 ruue

2155 2107 2410 2161 omnibus
2444 2106 2697 2162 eumdem
2722 2107 2910 2163 ciliciis
2964 2111 3217 2180 prosequi
3251 2112 3344 2180 jus
3394 2111 3581 2181 fasque
3622 2113 3744 2169 fue-

2159 2207 2264 2259 rat,
2317 2199 2423 2253 nisi
2478 2199 2821 2267 gravissimis
2874 2216 2931 2255 se
2980 2201 3159 2272 legum
3210 2202 3455 2257 omnium
3493 2206 3745 2276 obligare

2164 2292 2452 2361 suppliciis
2529 2291 2732 2355 mallet,
2797 2308 2905 2346 non
2961 2297 3122 2349 modo
3155 2295 3354 2351 multas
3415 2298 3733 2366 publicatis»

2156 2399 2364 2454 aesque
2408 2385 2700 2447 bonorum,
2731 2384 2824 2438 scd
2883 2384 3150 2440 honorum
3181 2387 3341 2442 etiam
3394 2404 3458 2443 ac
3484 2392 3609 2445 vitae
3646 2407 3745 2461 per

2154 2476 2432 2529 cruciatus
2480 2475 2752 2530 maximos
2804 2476 3133 2533 ablatio‘nem
3182 2479 3236 2532 in
3272 2479 3405 2536 tales
3439 2481 3741 2537 decernen-

2156 2567 2315 2620 tium.
2372 2566 2562 2636 Neque
2622 2581 2789 2637 porro
2845 2565 2951 2637 pro
2997 2570 3161 2623 modo
3207 2586 3320 2625 sure
3385 2574 3745 2642 providentiae

2154 2659 2455 2714 distulisset.
2513 2659 2677 2725 Deus,
2724 2662 2902 2728 justas
2946 2661 3091 2716 vices
3133 2663 3413 2719 sceleratis
3460 2667 3610 2721 ausis
3655 2681 3747 2720 re-

2155 2760 2484 2822 praesentare
2534 2751 2836 2806 infortunio
2892 2753 3212 2823 rependere,
3259 2756 3458 2809 nedum
3517 2765 3577 2811 ιιι
3623 2772 3739 2812 ser-

2159 2861 2285 2898 vare
2335 2844 2481 2913 ipsos
2528 2858 2558 2896 a
2608 2853 2686 2897 tot
2732 2844 2990 2912 periculis
3048 2859 3250 2914 perque
3296 2845 3445 2900 mille
3512 2844 3743 2903 infestos

2155 2952 2317 2992 casus
2349 2935 2413 2989 ad
2447 2935 2729 2988 victoriam
2771 2934 3069 3002 perducere
3102 2935 3427 3002 incolumes,
3464 2938 3541 2992 uti
3588 2937 3739 3005 fecit,

2153 3029 2439 3083 voluisset.
2467 3024 2570 3092 Qui
2619 3024 2865 3095 profecto
2895 3036 2978 3080 est
3027 3027 3219 3082 solitus
3264 3029 3529 3084 naturalis
3559 3038 3741 3086 trans-

2151 3135 2431 3193 gressores
2462 3119 2624 3186 juris,
2659 3117 2713 3172 in
2784 3118 3060 3172 naturales
3120 3118 3376 3175 dominos
3421 3122 3740 3177 crudelitate

2148 3214 2315 3284 impia
2361 3219 2695 3282 grassantes,
2731 3209 3240 3266 innnisericorditer
3290 3212 3479 3268 ulcisci
3538 3214 3740 3269 atroci—

2145 3307 2357 3375 bu‘que
2407 3311 2648 3357 mactare
2721 3302 3006 3371 suppliciis
3061 3318 3125 3358 ac
3197 3305 3468 3373 perdere;
3537 3308 3739 3377 quippe

2143 3414 2283 3468 qttos
2335 3397 2387 3451 in
2423 3410 2544 3450 sese
2595 3409 2822 3465 peccare
2878 3395 3056 3464 ipsum
3108 3406 3345 3466 reputat,
3395 3414 3518 3469 qum
3579 3400 3733 3456 nefa.

2144 3490 2224 3543 rie
2272 3490 2329 3541 in
2400 3487 2677 3557 principes
2743 3494 3029 3540 attentam.
3092 3486 3195 3541 Sed
3268 3504 3371 3544 nec
3448 3491 3567 3547 sine
3634 3490 3729 3547 Dei

2147 3581 2371 3635 numine
2425 3580 2774 3649 quodamque
2830 3570 3091 3633 instinctu
3142 3580 3401 3649 pecurtari
3448 3582 3565 3638 haec
3606 3599 3735 3640 esse

2146 3671 2383 3743 perfecta
2456 3668 2802 3724 manifestius
2864 3669 3206 3725 demonstrat
3270 3669 3500 3727 Romani
3560 3684 3737 3730 status

2145 3762 2382 3832 imperii,
2404 3763 2668 3832 prolicere
2686 3760 2738 3815 in
2762 3761 2956 3817 melius
2979 3762 3108 3818 hinc
3130 3764 3264 3827 orsi,
3284 3779 3459 3834 neque
3476 3766 3740 3822 hactenus

2108 3900 2112 3905 .
2145 3856 2526 3926 interpellatus
2560 3854 2740 3909 adhuc
2771 3864 2856 3909 est
2884 3855 3043 3911 istius
3091 3858 3469 3926 prosperitatis
3519 3875 3737 3916 cursus.

2145 3949 2279 4016 Quis
2311 3947 2458 4002 enim
2507 3962 2616 4002 non
2649 3961 2773 4002 cum
2809 3946 2997 3999 laetitia
3046 3955 3102 4001 et
3149 3947 3511 4017 gratulatione
3560 3952 3739 4006 cernit

2145 4058 2258 4098 rem
2315 4039 2642 4103 Romanam,
2681 4047 2737 4093 et
2770 4037 2823 4092 in
2858 4035 3247 4103 Orientalibus,
3287 4046 3340 4094 et
3386 4041 3440 4094 iu
3477 4040 3734 4099 Occiduis

2144 4130 2491 4202 regionibus,
2524 4128 2806 4182 meliorem
2851 4127 2904 4181 in
2937 4127 3054 4183 dies
3082 4142 3147 4182 ac
3181 4127 3549 4185 ﬂorentiorem
3586 4132 3734 4199 ﬁeri,

2146 4224 2311 4278 rebus
2371 4222 2592 4287 utique,
2638 4217 2732 4273 Dei
2786 4218 3048 4291 singulari
3099 4219 3363 4275 beneﬁcio
3416 4224 3481 4276 ad
3546 4234 3732 4279 votum

2144 4312 2476 4369 fluentibus?
2507 4311 2637 4378 Quae
2671 4325 3024 4367 successunm
3060 4310 3293 4367 felicitas
3324 4313 3573 4383 insignis,
3605 4317 3736 4387 quid

2146 4404 2317 4469 aliud,
2354 4417 2746 4475 quarso,qnam
2786 4402 3273 4473 inculpatissimam
3310 4415 3357 4459 et
3393 4408 3515 4462 caeli
3552 4408 3745 4463 favore

451 4502 892 4565 ἀνταλλάξασθαι
929 4500 1213 4554 πείθουσα.
1249 4496 1315 4551 Τί
1352 4496 1459 4566 γὰρ
1498 4497 1565 4549 ἂν
1596 4495 1727 4549 άλλο
1757 4495 1849 4547 καὶ
1880 4494 2040 4547 ἀντα-

2151 4495 2369 4566 dignatn
2426 4502 2729 4562 eaaptorum
2781 4490 3148 4548 innocentiam
3187 4496 3543 4553 manifestat?
3586 4498 3741 4571 Spis-

450 4594 681 4664 ποδοίην
724 4592 874 4663 αὐτῷ
909 4591 1134 4657 ἐπάξιον
1184 4589 1404 4644 πάντων
1430 4581 1505 4641 ὧν
1538 4583 1893 4641 ἀνταπέδωκέ
1929 4601 2044 4655 μοι,

449 4689 502 4739 εί
536 4687 637 4750 τὰς
669 4686 900 4755 πράξεις
929 4684 1144 4738 ἐκείνου
1182 4684 1316 4754 σιγῇ
1348 4679 1683 4751 παρέλθοιμι
1706 4678 1850 4731 ὥστε
1874 4675 2046 4747 λήθης

450 4778 859 4849 ἀμαυρωθῆναι
925 4773 1111 4847 suos;
1161 4775 1208 4827 εί
1244 4774 1301 4826 δέ
1365 4772 1444 4844 μὴ
1501 4770 1694 4825 πασῶν
1758 4767 2046 4838 ἐφικέσθαι

450 4865 714 4938 δυνηθείη
745 4869 775 4919 ὁ
802 4865 989 4933 λόγος,
1024 4862 1429 4936 ἐπισυριττέτω
1458 4860 1635 4931 τούτῳ
1666 4860 1880 4931 μηδείς.
1906 4857 2044 4912 Θύτε

449 4958 566 5027 γάρ
620 4958 864 5027 ἱστορίαν
895 4954 1239 5026 συγγράφειν
1281 4951 1608 5025 προῄρημαι
1653 4952 1778 5005 οῦτε
1824 4951 2048 5005 πλέκειν

451 5048 652 5119 ἐκείνῳ
693 5047 975 5119 ἐγκώμιον
1005 5063 1022 5078 ’
1078 5047 1235 5116 μόλις
1284 5047 1395 5117 γὰρ
1428 5044 1496 5099 ἂν
1545 5044 1685 5114 πρὸς
1718 5043 1895 5098 ταῦτα
1928 5044 1964 5114 ἦ
1986 5059 2046 5096 τε

381 5112 401 5210 ξ
447 5112 779 5194 Θουκυδίδου
813 5112 1195 5210 δεινότηςνκαὶ
1246 5112 1307 5191 τδ
1355 5112 1737 5209 δημοσθένους
1780 5112 2044 5207 ἐξήρκεσε

450 5232 864 5302 μεγαλόφωνον.
898 5231 1041 5284 Ἀλλ’
1076 5231 1336 5300 ἀφορμήν
1389 5246 1512 5282 τινα
1569 5230 1873 5297 παρασχεῖν
1920 5225 2044 5297 βου-

446 5325 677 5395 λόμενος
706 5327 819 5387 τοῖς
862 5323 931 5376 τὰ
957 5324 1169 5376 ἐκείνου
1222 5325 1560 5392 συγγράφειν
1609 5318 1856 5373 ἐθέλουσι
1903 5317 2040 5386 πρὸς

446 5416 676 5486 ταυτηνὶ
721 5414 820 5486 τὴν
848 5414 1071 5485 γραφὴν
1102 5412 1435 5483 ἐξώρμησα.
1470 5410 1655 5480 Ταύτῃ
1692 5426 1774 5462 τοι
1809 5409 1904 5463 καὶ
1934 5408 2034 5479 ὕλη

452 5502 697 5573 inopia;
717 5503 893 5572 ὄνομα
911 5498 1051 5554 ἔστω
1068 5500 1146 5568 τῷ
1172 5501 1343 5569 λόγῳ.
1380 5497 1638 5569 ’Δρκτέον
1664 5494 1759 5551 οὖν
1782 5500 1913 5570 ἡμῖν
1938 5500 2036 5551 ἐνο-

446 5595 665 5647 τευθεν.

2155 4598 2279 4639 sum
2336 4583 2441 4638 hoc
2481 4582 2641 4637 nobis
2679 4591 2733 4638 et
2766 4585 3132 4640 contentionis
3165 4601 3327 4655 supra
3381 4590 3583 4656 omnia,
3615 4607 3743 4660 quae

2149 4674 2406 4728 novimus
2438 4672 2694 4726 maxima:
2728 4687 2866 4742 opus
2916 4674 3225 4743 injunxisti,
3260 4692 3295 4732 ο
3333 4672 3738 4747 sapiéntissirna

2149 4766 2283 4821 mihi
2319 4780 2472 4821 mens
2501 4774 2555 4821 et
2591 4765 2962 4836 intelligentia,
2992 4768 3247 4838 colligere
3278 4780 3443 4841 atque
3478 4772 3533 4827 in
3566 4790 3745 4833 unum,

2150 4857 2399 4914 historia:
2447 4872 2646 4927 corpus
2699 4857 2945 4927 digerere
2996 4875 3084 4914 me
3122 4860 3321 4929 jubens
3366 4876 3491 4919 acta
3553 4869 3738 4938 magni

2147 4949 2346 5015 Alexii,
2378 4950 2471 5020 qui
2525 4949 2858 5006 dilﬁcillimis
2899 4952 3252 5021 temporibus,
3288 4955 3516 5013 habenis
3556 4958 3733 5030 impe-

2149 5041 2215 5096 rii
2262 5041 2495 5111 sumptis
2531 5042 2583 5095 in
2637 5055 2853 5106 manus,
2889 5041 2969 5097 sic
3007 5058 3100 5098 eas
3144 5044 3484 5115 gubernavit,
3532 5050 3636 5120 16
3676 5060 3742 5105 ut

2145 5147 2269 5186 cum
2324 5133 2458 5187 nihil
2510 5141 2958 5202 exspectaretur,
3008 5135 3112 5188 nisi
3149 5137 3304 5191 ruina
3352 5139 3611 5195 Romana:
3658 5145 3739 5198 rei

2145 5224 2453 5294 proximum
2490 5225 2542 5277 in
2590 5225 2741 5278 exitii
2789 5225 3087 5294 periculum
3138 5229 3420 5294 adductae,
3451 5250 3570 5287 eam
3624 5250 3738 5288 nou

2141 5314 2319 5371 solum
2371 5316 2671 5370 restituerit
2704 5316 2757 5368 in
2791 5316 3101 5387 integrum,
3144 5321 3235 5375 sed
3269 5321 3321 5376 in
3354 5324 3522 5383 decus
3567 5326 3738 5380 etizina

2146 5409 2445 5461 maximum
2497 5410 2756 5462 evexerit.
2807 5407 3119 5466 Continenti
3179 5413 3445 5483 siquidem
3517 5417 3739 5473 actione

2144 5499 2268 5553 vine
2321 5499 2544 5570 integrae
2592 5499 2796 5554 intexta
2849 5503 3153 5559 fortitudini
3232 5509 3559 5575 prudentia,
3618 5524 3733 5561 non

2144 5589 2303 5646 facile
2348 5602 2632 5646 numerato
2666 5601 2768 5656 est,
2801 5601 2937 5664 quot
2989 5598 3191 5665 passim
3246 5608 3443 5665 tropzea
3493 5598 3730 5652 erexerit

515 5777 534 5796 ⁸
573 5777 858 5828 Ἐπινεὺσει.
890 5775 1162 5838 lnterpres,
1192 5771 1439 5825 instinctus
1462 5772 1692 5823 Fortasse
1719 5772 1871 5836 igitur
1903 5774 2050 5835 legcr:

2151 5789 2161 5823 I
2196 5774 2312 5825 Cod.
2351 5776 2637 5825 ἐπιπνεύσει.
2674 5776 2845 5825 Editor
2885 5776 3163 5827 Ronncnsis.
