4154 6472
407 393 484 464 3'3
1625 384 2016 451 NICEPHOR

2127 373 2464 443 mYENNtI
3620 367 3693 431 40

410 513 478 566 de
564 509 816 565 hostilrus
887 507 1121 563 Romani
1191 507 1454 566 nominis.
1502 519 1737 575 quorum
1821 496 2246 554 inuentor-altiles
2305 505 2578 547 exercitus
2641 479 2835 560 partim
2891 488 3032 544 fudit
3098 487 3449 558 fugavitque,
3497 485 3692 554 partim

426 602 678 658 servituti
710 611 902 670 captos
943 599 1294 667 mancipavit,
1333 599 1527 668 partim
1565 595 1858 650 ﬁndet-atus
1908 591 2167 644 llotnanat
2219 589 2424 642 militiae
2491 585 2758 655 at'junxit.
2807 582 2956 637 Talis
3025 581 3124 636 viri
3171 595 3260 635 res
3321 587 3504 649 gestas
3531 592 3696 646 oprte

411 713 526 751 uno
570 695 858 762 complecti
897 694 1233 748 laboriosum
1313 691 1656 758 arduumque
1715 687 1874 741 fuerit
1911 699 2138 752 meaque
2189 681 2446 735 facultate
2516 682 2704 748 utique
2752 677 3027 746 superius.
3097 674 3461 730 Rccusassem
3512 673 3695 741 itaque

413 787 722 858 negotium,
775 785 877 840 nisi
907 785 974 840 ad
1024 783 1075 839 id
1140 783 1484 838 subeundum
1533 796 1672 836 onus
1728 777 1994 834 llerculea
2071 789 2158 828 me
2195 767 2277 829 vis
2327 773 2575 842 quasdam
2631 770 2948 839 adegisset;
3025 766 3382 838 persuasione
3431 763 3698 819 inelucta-

416 883 509 937 uili
543 894 780 936 exorans
826 897 856 936 a
921 896 1008 935 me
1061 879 1350 949 exiguam,
1397 886 1456 932 ut
1513 875 1688 931 vicem
1760 885 1840 927 tot
1902 872 2007 942 ipsi
2049 887 2112 926 ac
2203 879 2482 923 tantorum
2540 869 2809 923 bonorum
2900 864 3227 927 redderem,
3281 862 3432 919 brevi
3483 861 3586 915 hoc
3627 864 3694 915 ad

413 976 534 1044 ejus
589 977 924 1031 voluntatem
1005 974 1334 1031 exantlando
1405 973 1612 1028 labore.
1664 971 1804 1038 Quid
1857 969 2002 1025 enim
2081 984 2214 1024 sane
2267 967 2410 1021 aliud
2457 965 2756 1020 retribuam
2833 963 2938 1032 ipsi
2970 978 3070 1033 pro
3123 961 3382 1016 omnibus
3434 975 3556 1030 quae
3616 975 3699 1012 τι

413 1067 602 1122 tribuit
631 1069 786 1134 milti,
817 1071 860 1123 si
907 1084 994 1124 res
1033 1069 1155 1139 ejus
1205 1079 1385 1140 gestas
1412 1067 1628 1122 silentio
1691 1074 2031 1135 praeteream,
2107 1063 2559 1130 committamque
2597 1061 2903 1117 cessatione
2958 1075 3020 1114 ac
3069 1056 3389 1130 negligentia
3449 1071 3590 1117 mea,
3637 1067 3696 1111 ιιι

413 1161 517 1216 ille
553 1162 843 1218 oblivionis
895 1163 1166 1234 profundo
1214 1177 1408 1217 mersa:
1455 1163 1506 1215 in
1565 1161 1804 1216 tenebris
1865 1157 2238 1214 delitescant?
2270 1157 2424 1225 Quod
2459 1159 2503 1213 si
2565 1157 2860 1213 exhaurire
2913 1157 3094 1211 omnia
3171 1153 3402 1210 dicendo
3451 1152 3696 1221 capiam-

412 1270 518 1324 que
561 1253 826 1308 orationis
896 1265 1058 1326 atque
1139 1267 1391 1309 ornatum
1447 1271 1572 1310 cum
1623 1253 1889 1323 dignitate
1943 1253 2256 1322 argumenti
2312 1266 2604 1322 cxarquare
2682 1250 3066 1322 nequiverim,
3115 1264 3184 1302 ne
3251 1249 3356 1302 hoc
3427 1246 3692 1316 scriptum

416 1361 704 1419 propterea
781 1367 963 1404 meum
1041 1350 1436 1404 exsibilandum
1505 1349 2018 1418 explodendumque
2078 1346 2350 1417 quispiam
2413 1354 2584 1414 putet.
2644 1343 2763 1400 Non
2832 1345 2976 1399 enim
3073 1343 3359 1400 historiam
3427 1355 3517 1396 me
3572 1355 3692 1394 sum

371 1507 383 1517 _
419 1442 656 1496 scribere
715 1442 1033 1510 professus,
1093 1457 1270 1510 neque
1328 1440 1702 1496 laudationem
1778 1439 1898 1506 ejus
1952 1439 2006 1493 in
2073 1438 2334 1509 panegyri
2392 1438 2609 1508 suscepi
2690 1436 3099 1508 perorandant:
3165 1435 3230 1489 ad
3279 1449 3404 1506 quae
3453 1434 3538 1487 vix
3570 1447 3693 1504 gra-

416 1536 500 1589 vis
550 1534 876 1602 subtilisque
931 1531 1264 1603 Thucydidis
1315 1532 1512 1603 copia,
1579 1531 1666 1585 vix
1715 1528 2103 1585 Demosthenis
2174 1529 2382 1598 grande
2435 1528 2568 1582 illud
2608 1537 2664 1583 et
2721 1535 2921 1583 ornatu
2979 1543 3044 1582 ac
3087 1525 3487 1600 magniﬁcentia
3532 1539 3694 1595 exag-

417 1638 663 1700 geratam
717 1627 948 1683 sufﬁciat
1001 1644 1193 1700 genus.
1246 1626 1444 1681 Verum
1501 1626 1553 1680 id
1609 1633 1825 1680 tantum
1878 1625 2009 1678 mibi
2065 1624 2360 1694 preposui,
2440 1632 2500 1677 ut
2573 1623 2676 1690 iis,
2738 1621 2833 1692 qui
2913 1621 3169 1675 facultate
3231 1628 3395 1690 atque
3477 1618 3693 1688 ingenio

418 1723 592 1792 parati
648 1721 714 1774 ad
789 1720 1174 1790 pulcherrima!
1244 1716 1409 1788 hujus
1459 1717 1926 1772 elucubrationem
1977 1717 2221 1772 historiae
2292 1715 2556 1772 accedere
2607 1715 2902 1778 voluerint,
2953 1712 3220 1768 ht-eviaria
3301 1728 3402 1784 ego
3443 1715 3690 1781 quaedam

419 1812 486 1866 ad
525 1813 781 1868 indiciunt
808 1825 862 1868 et
885 1815 1158 1868 memoria:
1201 1812 1302 1882 17
1335 1811 1637 1867 subsidimn
1691 1811 1775 1865 his
1839 1812 2249 1866 commentariis
2301 1825 2614 1882 suggeram,
2687 1825 2826 1879 quos
2874 1817 3164 1878 propterea
3195 1805 3478 1862 materiam
3524 1804 3693 1861 histo-

421 1906 514 1960 riae
575 1906 835 1976 appellari
895 1905 1058 1960 volo:
1111 1905 1204 1962 sed
1249 1906 1360 1976 jam
1417 1916 1633 1975 tempus
1677 1914 1759 1958 cst
1809 1905 2204 1975 qualiscunque
2251 1903 2433 1973 operis
2479 1903 2696 1958 initium
2750 1903 2879 1956 hine
2921 1902 3143 1958 dueere.

449 2134 3667 2167 W—M

1557 2329 1658 2412 BI
1667 2323 1997 2411 ΒΛῙΟΝ
2073 2321 2558 2408 ΠΡΩΤΟΝ.

2048 2529 2116 2545 ’ά

1609 2709 1960 2799 LIBER
2041 2705 2533 2808 PRIMUS.

507 3080 555 3132 l.
623 3071 882 3134 Manuelis
925 3079 1070 3134 illius
1134 3080 1234 3134 viri
1291 3077 1401 3133 late
1454 3077 1638 3149 inclyti
1695 3094 1725 3132 e
1784 3075 2018 3133 Conme-

2195 3078 2266 3134 α’.
2299 3075 2554 3146 Μανουὴλ
2593 3077 2803 3129 ἐκεὶνον
2845 3075 2936 3129 τοῦ
2975 3075 3137 3140 πάνυ,
3183 3075 3239 3138 ὃς
3277 3077 3334 3140 ἐς
3380 3077 3698 3146 Κομνηνοῖις

433 3187 627 3225 norum
659 3171 880 3238 antiqua
920 3183 1102 3241 gente,
1136 3171 1252 3240 qui,
1287 3169 1488 3223 Basilio
1512 3169 1838 3239 imperante,
1869 3169 2016 3223 utilis

429 3267 714 3324 sequester
743 3258 893 3325 pacis
927 3257 1068 3312 inter
1091 3257 1397 3316 Augustum
1427 3267 1480 3312 et
1509 3254 1740 3312 Bai-dam
1769 3257 2015 3313 Srlerutn

442 3349 593 3403 ilium
627 3350 1028 3404 formidabilem
1081 3366 1352 3404 annorum
1387 3353 1685 3405 multorum
1720 3359 2009 3422 tyrannum

434 3441 674 3497 Orientis
723 3457 861 3513 pene
913 3443 1081 3498 totius
1119 3452 1478 3511 .vastatorem
1537 3459 2020 3514 perversoremqne

431 3533 636 3599 fuerat,
669 3537 868 3604 quippe
901 3535 1186 3604 prudentia
1221 3534 1377 3590 senili
1423 3550 1548 3589 cum
1583 3535 1812 3604 juvenili
1859 3534 2018 3590 forti-

433 3626 626 3680 tudine
669 3627 944 3696 iungenda
981 3635 1198 3681 tantum
1249 3628 1300 3680 itt
1342 3644 1634 3682 commune
1669 3628 2016 3682 commodum

430 3719 538 3772 i5ta
572 3719 838 3787 legatione
877 3734 943 3774 ac
975 3720 1296 3774 tractatio.;e
1343 3718 1671 3787 profecerat,
1708 3731 1766 3773 ut
1798 3736 1906 3775 ιιοιι
1947 3721 2022 3775 ir-

432 3807 542 3862 rito
576 3817 774 3862 conatu
805 3809 1076 3880 discerpta
1109 3814 1350 3864 membra
1385 3810 1616 3865 Romani
1667 3813 1883 3882 imperii
1935 3829 2020 3867 re-

435 3898 710 3969 jttngenda
741 3901 1158 3970 coaptandaqtte
1211 3903 1408 3956 iterum
1445 3919 1552 3958 non
1588 3903 1787 3958 frustra
1830 3919 2020 3958 δοες-ο-

438 3991 584 4059 pisse
611 3993 890 4046 videretur
921 4009 935 4046 :
974 3993 1160 4062 hujus,
1197 3994 1442 4065 inquam,
1469 3995 1732 4050 Comneni
1760 3993 2025 4050 Manttelis

435 4083 534 4136 tllii
567 4084 674 4136 dtto
707 4083 880 4149 fuere,
917 4100 1152 4155 quorum
1195 4087 1387 4156 majori
1418 4093 1547 4141 natu
1587 4104 1784 4144 nomen
1815 4087 2024 4144 lsaaeio

432 4173 563 4237 fuit,
589 4173 776 4244 junior
808 4173 1048 4232 Joannes
1089 4184 1404 4232 vocabatur.
1441 4179 1592 4245 Quos
1620 4179 1806 4234 aetatis
1843 4179 2024 4232 adhuc

439 4265 640 4320 inflatae
667 4276 821 4336 pater
846 4283 1099 4332 cernens,
1124 4271 1340 4339 quando
1372 4271 1524 4325 illum
1561 4272 1741 4343 gravis
1770 4271 2026 4325 valetudo

438 4359 736 4415 admonere
791 4361 984 4416 mortis
1043 4359 1303 4418 instantis
1360 4363 1687 4429 videbatur,
1731 4365 2024 4418 consili-um

441 4451 588 4520 cepit
633 4453 916 4523 utriusque
971 4456 1286 4524 imperatori
1340 4457 1802 4520 commendandi;
1850 4473 2024 4528 neque

439 4545 586 4596 enim
619 4545 810 4599 saltem
841 4547 948 4600 illis
975 4559 1204 4603 matrem
1239 4549 1582 4618 relinquebat
1613 4550 1875 4614 moriens,
1903 4565 2022 4620 quae

458 4639 566 4694 llos
597 4653 837 4706 curaret,
877 4642 1083 4699 dudum
1117 4656 1278 4700 antea
1315 4655 1606 4698 mortuam.
1642 4645 1708 4700 Et
1747 4661 1860 4700 rem
1893 4663 2024 4716 pru-

439 4733 635 4787 denter
686 4733 1042 4788 deliberatam
1097 4734 1330 4790 feliciter
1381 4745 1677 4790 exsecutus
1732 4747 1836 4790 est.
1885 4737 2020 4790 Cum

437 4822 586 4876 cnim
644 4838 846 4893 pueros
891 4825 1070 4880 tutelae
1119 4841 1183 4880 ac
1232 4809 1540 4894 patrocinio
1605 4828 1713 4898 ιθ
1763 4829 2023 4896 peculiari

438 4913 628 4970 llasilii
671 4919 1130 4982 commendasset,
1179 4933 1288 4970 non
1326 4916 1484 4972 facile
1528 4920 1676 4975 dictu
1717 4929 1826 4985 est,
1858 4937 2022 4991 quam

438 5007 704 5091 benevolo
735 5010 1056 5080 prolixoque
1094 5011 1280 5064 animo
1311 5011 1550 5066 clemens
1584 5013 1674 5067 ille
1713 5027 1776 5068 ac
1806 5015 2026 5084 sapiens

441 5085 700 5168 princeps
727 5102 1063 5155 nobilitatem
1101 5117 1199 5170 pro
1245 5117 1310 5157 co
1354 5117 1420 5157 ac
1457 5118 1556 5172 par
1597 5115 1715 5158 erat
1754 5105 2026 5158 honorare

443 5191 665 5254 solitus,
697 5193 1026 5262 pupillorum
1068 5207 1252 5247 curant
1285 5196 1771 5264 educationemque
1803 5197 1874 5250 sit
1905 5211 2025 5250 am-

445 5285 656 5352 plexus.
693 5283 1022 5357 Paedagogos
1053 5286 1135 5341 eis
1200 5290 1382 5342 statim
1423 5300 1478 5342 et
1519 5289 1892 5343 moderatores
1924 5287 2026 5340 int-

447 5377 630 5445 posuit
658 5378 915 5446 optimos,
947 5378 1038 5447 qui
1086 5387 1139 5432 et
1178 5396 1358 5436 mores
1390 5378 1926 5433 adulescentulorum
1959 5379 2028 5432 ad

446 5465 615 5520 decus
667 5483 830 5522 omne
881 5468 1180 5524 formarent
1240 5489 1253 5525 :
1309 5486 1653 5541 corporaque
1699 5481 1884 5526 tenera
1928 5485 2028 5540 pro

445 5560 620 5613 aetatis
647 5569 807 5629 captu
841 5561 904 5614 ad
934 5562 1248 5617 militarium
1280 5563 1389 5633 jam
1429 5571 1539 5616 tum
1573 5562 1772 5617 artium
1801 5565 2030 5618 medita-

450 5649 650 5704 tionem
704 5651 988 5719 fida-rent.
1051 5654 1392 5708 Armarieos
1437 5653 1689 5722 expedite
1743 5655 2026 5716 docentes,

449 5743 772 5814 galeamque
801 5756 925 5815 apte
975 5747 1202 5800 induere
1248 5746 1512 5798 adversus
1559 5743 1788 5800 infestas
1815 5745 2027 5814 jaeula—

2122 3170 2412 3240 ἀναφέρων
2443 3169 2528 3240 [Ρ.
2565 3167 2756 3240 1446]
2794 3170 2856 3221 τ),
2886 3169 3040 3236 γένος
3079 3169 3187 3221 τῶν
3234 3169 3436 3238 μεταξὺ
3483 3173 3696 3241 συμϐά-

2123 3282 2261 3318 σεων
2293 3265 2386 3316 καὶ
2436 3263 2678 3316 σπονδῶν
2717 3262 2813 3315 τοῦ
2869 3280 2926 3314 τε
2961 3259 3263 3332 τηνικαῦτα
3304 3264 3373 3317 τὰ
3408 3264 3698 3335 ἰ’ωμαῖιιιν

2123 3355 2378 3426 σκῆπτρα
2416 3352 2686 3416 ἱϐύνοντες
2721 3353 3005 3406 Βασιλείου
3045 3354 3138 3406 καὶ
3171 3354 3348 3424 Βάρδα
3367 3357 3576 3411 ἐκείνου
3601 3357 3697 3410 τοῦ

2123 3446 2390 3519 Σκ).ηροῦ,
2420 3445 2514 3499 τοῦ
2555 3446 2647 3499 ἐπὶ
2680 3446 2896 3510 πολλοῖς
2928 3445 3073 3499 ἔτεσι
3125 3451 3562 3519 τυραννήσαντος
3610 3455 3700 3502 καὶ

2123 3541 2224 3604 τὴν
2281 3538 2424 3608 ἑῴαν
2481 3537 2683 3608 μικροῦ
2733 3537 2843 3590 δεῖν
2919 3539 3138 3592 ἅπασαν
3199 3541 3696 3610 καταστρέψαντος,

2121 3631 2470 3686 ἀποδέδεικτο
2495 3630 2758 3700 πρέσϐυς,
2789 3631 2858 3684 τὰ
2885 3630 3224 3701 διερρωγότα
3255 3631 3390 3702 μέλη
3429 3636 3526 3704 τῆς
3567 3634 3700 3686 Ῥω.

2127 3723 2306 3794 μαίων
2347 3721 2648 3791 ἡγεμονίας
2704 3719 2941 3788 συνάψαι
2978 3721 3264 3790 πειραθεὶς
3303 3724 3439 3792 πρὸς
3475 3725 3702 3794 ὁλότητα

2125 3815 2221 3867 καὶ
2253 3813 2442 3884 μέντοι
2464 3812 2548 3864 ἔτι
2586 3813 2684 3864 ’καὶ
2733 3811 2976 3881 συνάψας
3035 3813 3414 3882 ὲπιστημό-.οις
3452 3814 3572 3868 λίαν
3608 3819 3702 3869 καὶ

2124 3904 2392 3968 νεανικῶς
2421 3921 2433 3934 ⁸
2465 3903 2723 3972 Μανουὴλ
2750 3897 2843 3957 οὖν
2887 3903 3062 3974 τούτῳ
3083 3904 3324 3972 γίνονται
3364 3907 3555 3969 παῖδες
3589 3909 3704 3971 δύο,

2126 3995 2260 4054 ὧνὸ
2312 4000 2411 4070 μὲν
2464 3997 2840 4068 πρεσϐύτερος
2895 3997 3190 4060 Ἰσαάκιος,
3255 4001 3282 4052 6
3320 3998 3376 4051 δὲ
3439 4000 3703 4070 νεώτερος

2137 4093 2393 4161 Ἰωάννης
2431 4089 2716 4160 ἐκέκλητο.
2752 4090 2963 4160 Κομιδῇ
2994 4089 3052 4141 δὲ
3085 4084 3230 4144 οὗτοι
3269 4091 3378 4144 νέοι
3419 4092 3572 4155 ὄντες
3599 4097 3706 4162 ἁμ-

2127 4185 2268 4252 φοῖν,
2299 4181 2490 4252 ἐπειδὴ
2525 4181 2758 4250 ὁπατὴρ
2783 4180 3002 4250 ἠσθένει
3033 4180 3132 4232 καῖ
3153 4180 3250 4251 τὴν
3280 4181 3373 4233 τοῦ
3409 4181 3527 4252 βίου
3557 4185 3709 4238 ὑποζυ-

2128 4291 2295 4328 πτευε
2341 4273 2620 4342 τελευτὴν,
2685 4271 3046 4326 ἐϐουλεύσατο
3104 4270 3275 4342 ἄμφω
3325 4273 3406 4326 τὼ
3441 4275 3598 4328 παῖδε
3631 4280 3710 4347 τῷ

2132 4366 2343 4437 βασιλεί
2408 4364 2774 4436 παραθέσθαι.
2847 4365 3176 4436 Ἐστέρηντο
3222 4366 3334 4437 γὰρ
3380 4367 3473 4420 καὶ
3505 4369 3710 4438 μητρὸς

2057 4444 2096 4498 Β
2127 4458 2223 4526 τῆς
2251 4456 2564 4526 συγκλήρου
2598 4454 2787 4508 τούτου
2816 4453 3014 4523 τεῷ-βίῳ
3033 4452 3200 4506 παλαι
3229 4453 3515 4525 Θανούσης.
3541 4455 3713 4509 Ἰὀιῖιο

2129 4547 2188 4600 δὲ
2244 4546 2677 4616 βουλευσάμενος
2738 4545 2939 4612 ἄριστα
2980 4545 3036 4605 ἐς
3088 4541 3264 4615 πέρας
3307 4545 3369 4598 τδ
3428 4545 3712 4616 βουλευθέν

2130 4639 2414 4710 ἐξήνεγκε,
2453 4641 2546 4692 καὶ
2593 4640 2778 4710 μέντοι
2812 4637 2906 4691 καὶ
2965 4636 3325 4709 παρατίθεται
3370 4639 3594 4704 τούτους
3636 4641 3715 4711 τῷ

2133 4732 2368 4803 βασιλεῖ.
2413 4734 2473 4787 '0
2499 4732 2555 4786 δὲ
2589 4732 2841 4802 ἐπιεικής
2881 4748 2940 4784 τε
2970 4729 3048 4784 ὢν
3079 4731 3178 4785 καὶ
3224 4734 3393 4804 τιμᾷν
3429 4733 3586 4797 εἰδὼς
3617 4735 3715 4801 τὴν

2133 4825 2418 4890 εὐγένειαν
2450 4823 2552 4876 οὐκ
2581 4822 2727 4874 ἔστιν
2751 4822 2931 4874 εἰπεῖν
2964 4821 3097 4891 ὅστις
3136 4822 3338 4889 ἠξίωσε
3374 4824 3718 4892 προμηθείας

2131 4921 2260 4981 τοὺς
2310 4915 2531 4976 παῖδας.
2602 4914 2992 4980 ιιαιδαγωγοὺς
3033 4913 3144 4985 γὰρ
3200 4912 3386 4976 αὐτοῖς
3413 4916 3716 4985 ἐπιπτήσας

2133 5013 2228 5066 καὶ
2256 5005 2612 5076 παιδοτρίϐας
2637 5006 2747 5056 tot:
2771 5004 2870 5074 μὲν
2900 5004 3186 5074 ῥυθμίζειν
3215 5003 3277 5057 τὸ
3300 4999 3431 5075 ἦθος
3449 5005 3560 5058 τῶν
3580 5006 3719 5058 νέων

2133 5101 2421 5162 ἐπέταττε,
2457 5103 2570 5163 τοῖς
2594 5098 2652 5152 δὲ
2691 5099 2760 5150 τὰ
2790 5097 3066 5168 πολεμικὰ
3100 5097 3465 5162 ἐκδιδάσκειν,
3495 5099 3716 5160 ὁπλίζει

2135 5193 2262 5248 σῦαῐ
2294 5210 2357 5246 τε
2395 5191 2612 5260 εὐφυῶς
2642 5189 2726 5262 μ’.
2769 5189 2860 5263 l7]
2913 5192 3008 5244 καὶ
3052 5187 3145 5261 λτῷ
3191 5190 3372 5263 θυρεῷ
3419 5192 3719 5246 σκέπεσοα,

2135 5285 2271 5356 πρὸς
2311 5286 2406 5348 τὰς
2446 5283 2556 5337 τῶν
2583 5284 2844 5338 ἐναντίων
2885 5283 3069 5354 βολὰς.
3099 5284 3382 5355 καὶιέγχος
3408 5283 3720 5354 κραδαίνειι

2137 5380 2232 5430 καὶ
2253 5376 2590 5439 ἱππάζεσθαι
2619 5375 2812 5442 δεξιῶς
2839 5378 2936 5429 καὶ
2966 5375 3120 5447 βέλος
3159 5377 3380 5442 ἀφιέναι
3405 5379 3549 5430 κατὰ
3590 5394 3719 5431 axo-

2137 5470 2264 5537 ποῦ,
2298 5469 2397 5522 καὶ
2425 5469 2515 5522 ἴνα
2568 5470 2630 5522 τὺ
2685 5469 3053 5540 καιριώτατον
3116 5468 3349 5538 εἴποιμι,
3390 5469 3458 5521 τὰ
3487 5472 3720 5523 τακτικὰ

2139 5562 2392 5634 μελετᾷν,
2423 5563 2510 5615 ἵνα
2547 5562 2724 5634 ἔχοιεν
2753 5563 2902 5625 ὅπως
2938 5579 2996 5614 τε
3034 5562 3141 5632 χρὴ
3195 5562 3454 5631 φάλαγγα
3504 5565 3720 5618 τάττειν

2137 5653 2230 5704 καὶ
2253 5652 2579 5720 καταλέγειν
2608 5653 2823 5722 λόχους,
2846 5650 3299 5720 στρατοπεδεύειν
3322 5668 3380 5702 τε
3416 5652 3720 5721 ἐπικαίρως

2136 5743 2232 5797 καὶ
2251 5744 2468 5816 χάρακα
2496 5742 2808 5815 πήγνυσθαι
2836 5743 2932 5796 καὶ
2962 5737 3132 5796 τᾶλλα
3161 5745 3258 5796 ὅσα
3282 5743 3346 5813 δὴ
3383 5743 3450 5796 τὰ
3487 5745 3722 5796 τακτικᾶ

449 5833 623 5889 tiones
653 5838 913 5902 hostium,
948 5838 1116 5891 telum
1152 5837 1386 5922 vibrare,
1416 5835 1663 5905 equitare
1693 5837 1887 5904 petite,
1919 5837 2022 5892 col-

2139 5838 2540 5892 ἐκδιδάσκουσι.
2572 5835 2837 5908 Διατριϐἡ
2877 5836 2930 5890 δὲ
2964 5837 3178 5901 τούτοις
3207 5838 3238 5907 ἡ
3271 5838 3406 5908 μονή
3429 5837 3522 5889 τοῦ
3555 5836 3718 5889 Στου-
