4154 6446
436 395 517 459 ’43
1712 376 2069 438 lCEP‘lIthI
2109 374 2482 435 BRYENN’II

3645 368 3721 432 Η

450 507 681 579 publicis
730 520 848 574 quae
885 511 1096 558 exstant
1137 497 1382 553 historiis
1425 506 1730 564 temporum
1787 493 2029 546 illorum.

2168 491 2290 558 ὁγος
2329 487 2542 556 φθάσας
2566 483 2823 556 ἐδήλωσε,
2860 487 3122 555 μνημεῖον
3161 483 3397 556 ἄληστον
3431 482 3528 546 τὰς
3553 483 3720 538 αὑτοῦ

451 601 692 655 Joannes
723 610 887 664 porro
919 593 1285 647 Occitluarum
1314 587 1553 658 partium
1588 599 1742 648 cura,
1787 584 1862 636 nti
1892 582 2032 634 dixi-

454 708 599 752 mus,
627 693 878 754 suscepta
907 682 1210 738 imnmrtale
1239 687 1656 734 monumentum
1684 674 1900 728 virtutis
1923 687 2035 727 sum

456 782 594 836 actis
649 775 954 847 insignibus
1011 784 1063 827 et
1117 771 1515 826 laudatissimis
1565 767 1705 836 apud
1758 765 2035 827 Thracas,

451 873 802 934 Macedonas,
837 868 1048 938 Illyrios
1078 877 1130 922 et
1161 865 1427 934 Bulgaros
1460 862 1696 932 reliquit,
1732 857 1963 912 summis
1981 869 2039 909 se

453 970 609 1037 juxta
643 964 951 1032 illﬁtllisquc
982 959 1207 1028 privatis
1239 967 1294 1012 et
1334 953 1744 1026 magistratibus
1779 966 1842 1005 ex
1880 962 2037 1017 :equo

457 1060 716 1128 probans,
748 1055 1131 1121 neminemque
1191 1051 1355 1104 ullius
1381 1047 1592 1118 generis
1623 1054 1715 1098 aut
1743 1042 1904 1097 sortis
1931 1055 2042 1095 suae

458 1149 814 1204 humanitatis
859 1144 1248 1214 aequitatisque
1288 1147 1565 1209 expertem
1615 1136 1821 1191 sinens.
1870 1131 2041 1186 Nemo

455 1243 553 1296 illo
583 1241 818 1307 facilior,
844 1238 1196 1301 moderatior,
1220 1234 1508 1289 amabilior
1539 1229 1818 1292 omnibus,
1843 1227 2042 1296 quippe

459 1335 526 1388 ad
560 1333 1004 1388 benefaciendum
1041 1328 1504 1399 promptissimus,
1530 1326 1746 1393 istoque
1777 1322 1831 1375 in
1859 1320 2042 1374 studio

441 1427 527 1481 Ade
575 1428 770 1496 quovis
801 1426 936 1478 bene
988 1421 1228 1476 mercudi
1264 1418 1418 1485 juxta
1469 1413 1932 1486 diligentissimus
1986 1419 2041 1463 et

447 1519 964 1574 constantissimus.
1023 1515 1102 1566 Ad
1155 1511 1491 1582 puniendum
1552 1506 1735 1575 segnis
1787 1515 2040 1571 mgreque

2142 580 2368 652 πράξεις
2393 575 2649 629 κατέλιπε
2682 573 2853 646 Θρᾳξί
2881 593 2937 628 τε
2970 577 3062 630 καὶ
3082 576 3384 642 Μακεδόσι,
3413 578 3507 629 καὶ
3538 577 3721 644 μέντοι

2141 671 2236 724 καὶ
2269 669 2544 737 Ἰλλυριοῖς
2571 669 2665 743 καὶ
2709 666 3040 738 Βουλγάροις
3080 667 3307 737 ἄρχουσί
3347 683 3407 719 τε
3431 668 3524 718 καὶ
3557 665 3727 736 ἀρχο-

2147 763 2350 831 μένοις.
2379 760 2491 812 Καὶ
2529 759 2630 812 ούκ
2661 753 2729 829 ἢν
2766 759 2826 822 δς
2859 759 2919 812 οὐ
2953 760 3253 830 πεπείρατο
3280 758 3379 828 τῆς
3405 757 3498 811 τοῦ
3533 757 3728 828 ἀνδρὸς

2141 852 2551 920 καλοκαγαθίας
2574 867 2587 882 ⁸
2616 851 2867 920 ἐπιεικὴς
2904 849 3012 920 γὰρ
3057 850 3151 902 καὶ
3203 850 3424 919 μέτριος
3459 848 3616 917 εἴπερ
3644 864 3729 909 τις

2145 945 2303 1008 ἄλλος
2355 943 2664 1012 ἀνθρώπων
2727 943 3018 1014 γενόμενος
3078 945 3178 1013 τὴν
3217 942 3478 995 ἀπάντων
3516 940 3730 994 εὔνοιαν

2145 1038 2520 1100 ἐπεσπάσατο,
2587 1035 2724 1104 πρὸς
2760 1035 2858 1104 μὲν
2909 1034 2968 1086 τὸ
3007 1034 3322 1103 εὐεργετεῖν
3359 1033 3617 1096 ὀξύτατος
3652 1031 3729 1084 ὢν

2145 1133 2241 1184 καὶ
2283 1126 2708 1192 συντονώτατος,
2734 1126 2872 1196 πρὸς
2899 1126 2959 1179 δὲ
2989 1127 3050 1179 τὸ
3084 1125 3336 1188 κολάζειν
3370 1124 3584 1194 ἀμϐλὺς
3635 1125 3728 1176 καὶ

2147 1218 2493 1285 δυσκίνητος.
2539 1216 2830 1286 Τεκμήρια
2870 1214 2926 1268 δδ
2981 1215 3083 1284 τῆς
3137 1214 3360 1284 caepe;
3401 1216 3602 1284 ἀρετῆς
3636 1214 3732 1266 καὶ

2146 1310 2280 1364 ἄλλα
2333 1311 2434 1378 μὲν
2493 1307 2744 1371 πλεῖστα,
2786 1308 2884 1377 οὐχ
2937 1303 3100 1379 ἦττον
3130 1308 3185 1359 δὲ
3220 1309 3314 1361 καὶ
3347 1308 3407 1359 τὸ
3444 1308 3539 1376 τὴν
3574 1306 3732 1375 βασι-

2146 1403 2296 1456 λείαν
2329 1402 2850 1456 ἀποσκευάσασθαιο
2914 1403 3062 1464 ὅπως
3119 1401 3198 1465 δὶ,
3246 1401 3453 1471 προῖὼν
3504 1401 3532 1452 ὁ
3578 1399 3732 1466 λόγος

2145 1495 2289 1566 δηλὼ
2298 1514 2399 1549 σει.

459 1611 694 1664 mobilis.
731 1609 1065 1661 Documenta
1131 1618 1263 1656 vero
1321 1600 1538 1655 virtutis
1585 1599 1685 1652 viri
1735 1610 1860 1650 cum
1906 1591 2087 1648 afferri
2128 1590 2298 1644 multa
2354 1588 2588 1660 possint,
2639 1597 2753 1642 tum
2813 1587 3023 1641 nullum
3067 1584 3338 1641 illustrius
3392 1586 3735 1640 recusatione

459 1701 691 1772 imperii,
723 1701 791 1754 de
819 1713 928 1768 qua
960 1711 1084 1750 mox
1121 1711 1298 1766 agant.

529 1771 582 1855 4.
613 1797 859 1852 Tertium
898 1796 950 1848 in
981 1793 1215 1862 imperio
1259 1805 1462 1845 annum
1505 1801 1672 1858 agens
1715 1785 1836 1854 ejus
1885 1782 2053 1835 frater

2228 1775 2291 1828 δ’.
2333 1775 2530 1846 Τρίτον
2576 1772 2695 1836 ἔτος
2747 1772 2928 1826 ἀνύων
2961 1773 3065 1844 ἤδη
3095 1772 3238 1826 κατὰ
3277 1773 3378 1843 τὴν
3409 1771 3690 1844 βασιλείαν
3716 1774 3744 1826 δ

460 1890 702 1944 lsaacius
757 1889 1058 1954 Augustus,
1106 1883 1334 1951 trajecto
1386 1877 1736 1949 Ρτομοιιιίιιὶε
1789 1874 1946 1936 freto,
1998 1872 2052 1926 in

458 1979 687 2033 Onorati
740 1977 925 2046 oppidi
995 1972 1281 2029 sulutrbiis
1345 1970 1750 2030 diversabatur,
1794 1972 2050 2020 venatum

459 2068 722 2124 continuo
757 2067 946 2120 exiens
994 2073 1308 2132 corpusque
1343 2072 1632 2113 exercens.
1670 2052 1725 2107 Id
1776 2051 1921 2122 quod
1967 2050 2047 2103 illi

447 2176 655 2232 \parum
688 2157 912 2228 profuit.
947 2152 1246 2209 Pleuritide
1273 2149 1545 2220 siquidem
1575 2153 1883 2213 correptus,
1927 2156 2050 2195 cum

455 2253 648 2309 triduo
685 2253 738 2304 in
770 2249 891 2303 loco
923 2258 1151 2312 manens
1185 2243 1435 2297 morbum
1471 2239 1724 2308 frangere
1766 2243 2050 2298 tentasset,

453 2345 700 2411 denique
722 2341 867 2396 malo
892 2339 1068 2392 victus
1089 2337 1356 2390 dromone
1374 2329 1731 2401 imperatorio
1751 2340 2054 2382 conscenso

465 2437 521 2490 in
558 2433 818 2504 palatium
853 2430 1173 2499 deportatus
1195 2436 1299 2481 est.
1337 2425 1441 2493 21
1479 2421 1556 2477 lbi
1587 2421 1898 2476 sollicitudo
1928 2432 2052 2472 cum

455 2525 608 2595 cepit
639 2521 957 2592 designandi
985 2519 1088 2574 sibi
1124 2516 1487 2580 successoris,
1528 2528 1691 2583 quam
1745 2511 1811 2565 ad
1842 2524 1953 2564 rem
1984 2508 2056 2563 fa-

462 2617 568 2670 cle
613 2611 868 2666 omnibus
921 2608 1144 2663 fratrem
1179 2605 1444 2676 praetulit,
1475 2619 1636 2673 quem
1682 2602 1974 2671 benigmnu
2005 2610 2057 2653 et

458 2705 680 2761 cunctis
710 2699 958 2772 partibus
989 2697 1164 2751 multo
1199 2696 1434 2750 maxime
1468 2694 1725 2748 idoneum
1755 2698 1914 2744 norat
1949 2701 2050 2758 gir-

465 2792 778 2851 bernationi
823 2789 1198 2847 communium
1247 2785 1610 2858 negotiorum.
1648 2781 1886 2838 Vocatus
1926 2796 2058 2850 ergo

468 2891 650 2945 statim
696 2886 765 2940 ab
807 2886 1134 2954 imperatore
1181 2880 1340 2934 talem
1387 2879 1455 2932 ab
1488 2893 1553 2931 eo
1586 2875 1904 2946 capessendi
1959 2873 2060 2926 ad-

473 2984 844 3039 hortationem
883 2976 1114 3041 audivit,
1155 2993 1172 3026 ι
1211 2972 1338 3026 lllibi
1378 2970 1620 3041 quidem,
1652 2967 1818 3022 frater
1847 2965 2060 3020 charis-

468 3076 634 3138 sime,
693 3072 818 3126 vitae
877 3069 1042 3138 hujus
1093 3069 1274 3120 exitus
1325 3077 1432 3114 non
1488 3061 1724 3113 obscure
1778 3054 2058 3119 imminet;

2161 1867 2390 1936 ἀδελφός
2423 1883 2484 1920 τε
2517 1868 2610 1920 καὶ
2650 1866 2904 1936 βασιλεὺς
2937 1865 3030 1918 τὸν
3049 1865 3150 1934 τῆς
3175 1865 3534 1936 Προποντίδος
3565 1865 3724 1918 διαπε

2161 1961 2336 2031 paea;
2365 1959 2613 2030 πορθμὸν
2645 1962 2700 2012 ὲν
2735 1961 2848 2022 τοῖς
2885 1958 3015 2029 περὶ
3035 1959 3097 2010 τὸ
3142 1957 3434 2028 Ὀνοράτου
3471 1957 3748 2027 πολίχνιον

2160 2051 2508 2123 προαστείοις
2547 2049 2820 2121 ηὐλίζετο,
2854 2050 2950 2101 ἐπὶ
3000 2049 3176 2118 θήραν
3208 2065 3268 2100 τε
3308 2049 3549 2119 συνεχῶς
3586 2048 3746 2116 ἐξιὼν

2160 2145 2256 2196 καὶ
2282 2143 2343 2196 τὸ
2372 2142 2534 2213 σῶμα
2562 2141 2880 2211 γυμνάζων.
2921 2140 3084 2194 Ἀλλά
3113 2141 3234 2193 κατ’
3266 2141 3420 2194 οὐδὲν
3451 2141 3602 2211 αὐτῷ
3624 2157 3748 2192 συν-

2161 2235 2335 2288 ετέλει
2360 2235 2421 2286 τὸ
2459 2234 2764 2303 γυμνάσιον
2788 2250 2801 2264 ·
2857 2233 2999 2304 νόσῳ
3028 2234 3138 2304 γὰρ
3188 2233 3489 2303 συνεσχέθη
3525 2232 3750 2304 πλευρί-

2159 2327 2285 2394 τιδι,
2326 2327 2421 2380 καὶ
2465 2327 2659 2397 τρίτην
2737 2327 2951 2397 ἡμέραν
3018 2332 3467 2398 ἐγκαρτερήσας,
3558 2325 3747 2395 ἐπειδὴ

2162 2419 2358 2490 ᾔσθετο
2390 2418 2585 2472 ἑαυτοῦ
2638 2419 2714 2488 μὴ
2745 2418 2925 2482 καλῶς
2955 2419 3193 2488 ἔχοντος,
3229 2420 3308 2481 είς
3343 2420 3433 2473 τὸν
3471 2418 3750 2487 βασιλικὸν

2163 2511 2426 2566 εἰσελθὼν
2477 2511 2731 2582 δρόμωνα
2766 2511 2834 2581 (Ῑ)
2870 2511 3140 2581 ἐκομίσθη
3184 2511 3320 2581 πρὸς
3353 2513 3420 2564 τά
3450 2512 3746 2580 ἀνάκτορα.

2161 2604 2390 2675 Φροντὶς
2420 2603 2512 2658 οὖν
2539 2599 2686 2672 εἶχεν
2724 2603 2889 2656 αὑτὸν
2925 2604 3085 2667 εὐθὺς
3119 2605 3212 2658 τοῦ
3253 2605 3370 2673 μετ’
3399 2605 3562 2659 αὑτὸν
3597 2605 3753 2673 βασι-

2164 2698 2472 2762 λεύσοντος,
2501 2698 2596 2749 καὶ
2631 2697 2851 2750 πάντων
2873 2699 2901 2750 ὁ
2935 2697 3164 2767 ἀδελφὸς
3197 2700 3597 2770 προτετίμητοσ
3633 2698 3752 2770 ᾔδει

2165 2787 2275 2858 γάρ
2298 2786 2487 2840 τοῦτον
2526 2786 2763 2857 χρηστὸν
2791 2786 2922 2841 δντα
2978 2791 3071 2841 καὶ
3123 2789 3308 2842 ῑκανέιν
3348 2791 3476 2859 περί
3514 2788 3614 2859 τὴν
3643 2788 3755 2844 τῶν

2166 2878 2364 2933 κοινῶν
2394 2879 2739 2948 πραγμάτων
2765 2879 3072 2949 ἀντίληψιν.
3103 2879 3277 2942 Εύθύς
3306 2897 3362 2932 τε
3389 2880 3754 2950 μετεκέκλητο

2166 2970 2262 3024 καὶ
2285 2971 2463 3038 λόγων
2495 2970 2633 3042 πρὸς
2660 2970 2822 3023 αὑτὸν
2845 2973 2873 3023 ὁ
2901 2969 3156 3041 βασιλεὺς
3185 2972 3384 3042 ἤρχετο
3403 2971 3752 3042 παρακλητι-

2168 3062 2304 3128 κῶν,
2361 3080 2378 3114 ι
2417 3063 2550 3132 Ἐμὲ
2585 3061 2704 3132 μὶν,
2775 3060 2973 3129 λέγων,
3027 3055 3074 3115 ὦ
3137 3060 3358 3130 φίλτατε
3418 3060 3645 3128 ἀδελφέ,
3694 3061 3755 3114 τὸ

475 3166 654 3236 urgeri
683 3165 828 3219 enim
862 3175 948 3215 me
984 3161 1038 3212 in
1073 3165 1314 3211 extrema
1344 3151 1541 3210 sentio.
1576 3148 1653 3204 Te
1684 3162 1813 3202 vero
1844 3162 1942 3216 pro
1975 3161 2057 3200 me

2167 3155 2343 3227 πέρας
2373 3131 2602 3226 ἧδηντοῦ
2639 3155 2760 3224 βίου
2811 3153 3126 3207 καταλαὸδν
3173 3153 3422 3223 βιάζεται
3463 3153 3601 3225 πρὸς
3650 3155 3752 3223 τὴν

473 3266 688 3327 Oportet
723 3249 1164 3324 procurationem
1195 3243 1473 3312 suscipere
1501 3239 1841 3311 publicarum
1879 3250 2062 3291 rerum

474 3362 530 3405 et
557 3347 772 3417 imperii
801 3345 1014 3398 clavum
1048 3341 1102 3394 in
1135 3352 1326 3391 mantus
1360 3348 1578 3389 sumere
1627 3350 1642 3386 :
1694 3331 1746 3385 id
1779 3329 1927 3384 enim
1964 3343 2064 3397 ego

473 3440 737 3510 expedire
777 3436 988 3506 judico,
1033 3447 1140 3486 non
1192 3427 1411 3482 familia:
1442 3425 1710 3481 duntaxat
1751 3437 1815 3476 ac
1858 3435 2065 3490 cogna-

481 3531 617 3588 tioni
660 3539 899 3593 nostrae,
937 3525 1032 3581 sed
1069 3521 1436 3579 communiter
1475 3517 1761 3579 omnibus,
1814 3513 1910 3584 qui
1953 3513 2065 3567 lto-

473 3640 660 3680 manze
700 3619 888 3676 ditioni
929 3617 1187 3687 subjectae
1228 3622 1378 3668 sunt.
1418 3609 1536 3665 Jam
1572 3622 1718 3662 nunc
1749 3606 1910 3677 igitur
1942 3619 2068 3659 cen-

483 3740 603 3785 sco,
649 3728 865 3788 sumpto
899 3715 1227 3777 diademate,
1273 3707 1454 3780 quoad
1502 3707 1618 3777 ipse
1666 3705 1843 3758 adhuc
1893 3702 2064 3772 spiro,

486 3812 1016 3869 administrationem
1063 3820 1286 3874 capesse
1318 3803 1394 3856 rei
1432 3800 1691 3870 publica};
1735 3799 1877 3852 nosti
1919 3798 2065 3850 enim

485 3922 652 3977 quam
685 3904 835 3958 multi
871 3901 1118 3955 Romano
1151 3895 1379 3965 imperio
1413 3891 1727 3963 cupiditatis
1755 3889 1946 3943 oculos
1974 3888 2069 3941 atl-

483 3997 698 4071 jiciant.
735 4014 752 4047 ι
796 3992 892 4046 llis
927 3991 1014 4044 ille
1043 3985 1269 4048 auditis,
1303 3981 1577 4036 contraxit
1618 3979 1862 4032 animum
1895 3977 2036 4028 virtu

482 4067 649 4161 teque
699 4102 798 4143 sua
845 4081 1073 4136 involvit
1115 4094 1195 4142 sc,
1260 4076 1572 4132 subiturum
1628 4069 1846 4140 quidvis
1887 4067 2070 4137 potius

476 4159 623 4238 .mali
669 4195 732 4233 ac
769 4173 996 4246 periculi
1029 4168 1324 4226 ostendens
1363 4179 1528 4234 quam
1562 4170 1621 4216 ut
1659 4161 1735 4216 rei
1765 4159 2072 4214 communis

477 4273 727 4331 delatam
787 4263 1238 4336 gubernationem
1301 4257 1589 4311 admittere
1620 4254 1942 4309 sustineret.
1964 4250 2072 4306 Cu-

481 4369 578 4437 jus
604 4366 706 4418 hec
741 4357 1023 4430 proposito
1049 4369 1188 4408 uxor
1211 4352 1330 4421 ejus
1355 4349 1575 4419 cognito
1605 4346 1844 4417 graviter
1871 4343 2072 4398 sunnni

2167 3249 2369 3314 ἔξοδον·
2415 3251 2473 3301 σὲ
2505 3247 2561 3300 δὲ
2592 3248 2696 3318 χρὴ
2722 3245 2833 3299 τῶν
2868 3246 3065 3300 κοινῶν
3092 3247 3474 3301 ἀντιλαδέσθαι
3498 3248 3756 3318 πραγμά-

2165 3357 2274 3395 των
2325 3341 2421 3394 καὶ
2465 3341 2595 3402 τοὺς
2644 3339 2743 3407 τῆς
2779 3337 3063 3408 βασιλείας
3109 3336 3303 3402 οἴακας
3357 3337 3753 3404 ἀναδέξασθαι⁸

2170 3433 2331 3487 τοῦτο
2355 3434 2468 3502 γὰρ
2503 3431 2882 3502 λυσιτελήσειν
2911 3427 3066 3501 οἶμαι
3092 3431 3154 3484 οὐ
3186 3434 3294 3493 τοῖς
3335 3431 3458 3484 καθ’
3485 3427 3625 3496 αἷμα
3655 3431 3757 3500 μό-

2172 3538 2265 3575 νον
2293 3523 2428 3592 ήμῖν
2455 3521 2852 3590 προσήκουσιν,
2885 3519 3025 3574 ἀλλά
3056 3521 3151 3574 καὶ
3176 3522 3286 3584 τοῖς
3313 3521 3418 3574 ὑπὸ
3454 3521 3760 3592 Ῥωμαίους

2171 3615 2366 3670 ἅπασι.
2430 3613 2754 3677 Ταινιωθεὶς
2809 3608 2904 3668 οὖν
2956 3612 3034 3684 τῷ
3091 3613 3391 3684 διαδήματι
3433 3616 3538 3678 ἓως
3597 3615 3761 3678 αὐτὸς

2171 3705 2427 3776 ἐμπνέων
2480 3706 2601 3774 είμὶ
2655 3703 2766 3758 τῶν
2817 3704 3165 3775 πραγμάτων
3197 3705 3492 3760 ἀντιλαϐοῦ
3520 3721 3534 3738 ·
3572 3707 3761 3759 πολλοὶ

2171 3798 2302 3865 γὰρ,
2338 3796 2412 3860 ὡς
2451 3790 2632 3863 οἶσθα,
2669 3798 2737 3867 τῇ
2779 3796 3028 3866 βασιλείᾳ
3070 3795 3358 3867 Ῥωμαίων
3414 3796 3761 3866 ἐποφθαλμί-

2174 3889 2346 3953 ζουσι.
2385 3909 2402 3940 ι
2441 3887 2662 3940 Τούτων
2706 3887 2948 3950 ἀκούσας
2987 3887 3098 3941 τῶν
3143 3889 3320 3956 λόγων
3374 3889 3584 3953 ἐκεῖνος
3627 3891 3762 3960 δρα·-

2178 3982 2300 4050 μεῖν
2325 3979 2461 4050 πρὸς
2485 3978 2583 4049 τὴν
2617 3978 2726 4032 τῶν
2757 3979 2954 4032 κοινῶν
2983 3979 3270 4051 ἀντίληψιν
3307 3981 3661 4051 ἀνασχάλλων
3693 3977 3764 4052 ἦν

2175 4073 2267 4126 καὶ
2305 4072 2693 4142 ἀναδυόμενος,
2735 4072 2829 4124 καὶ
2859 4072 3035 4125 πάντα
3061 4074 3255 4125 παθεῖν
3303 4071 3521 4142 ἕτοιμος
3558 4073 3764 4144 μᾶλλον

2174 4164 2331 4234 ἢτὼν
2349 4164 2546 4218 κοινῶν
2590 4163 3004 4233 ἀντιλήψεσθαι.
3045 4164 3184 4217 Ἀλλ’
3218 4167 3248 4219 δ
3294 4163 3392 4236 μὲν
3431 4166 3602 4230 οὕτως
3647 4162 3762 4236 εἶχε

2177 4256 2532 4326 προθέσεωςο
2599 4256 2632 4325 ἡ
2686 4254 2732 4307 δ’
2789 4251 2858 4308 αὖ
2928 4256 3214 4326 ὁμευνέτις
3280 4254 3576 4326 αίσοομένη
3653 4258 3763 4308 τῶν

2177 4346 2265 4418 [Ρ.
2299 4347 2388 4418 l9]
2416 4347 2730 4417 λεγομένων
2772 4347 2982 4418 βαρέως
3027 4347 3190 4418 ἔφερε
3241 4349 3340 4419 τὴν
3404 4349 3762 4420 παραίτησιν,

482 4455 718 4514 honoris
745 4453 1015 4521 jacturam
1048 4446 1244 4507 ferens,
1281 4444 1364 4496 bis
1385 4440 1498 4495 fere
1522 4440 1696 4493 virum
1719 4438 2057 4493 sermonibus

2178 4441 2272 4492 καὶ
2306 4440 2460 4509 παρὰ
2488 4439 2566 4508 τῷ
2613 4439 2770 4509 ἀνδρὶ
2795 4439 3229 4506 παρακαθίσασα
3263 4439 3530 4502 τοιούτοις
3564 4442 3766 4511 ἐχρῆτο

490 4545 827 4619 aggreditur.
868 4558 885 4591 ι
926 4541 1056 4604 Cur,
1088 4539 1316 4591 obsecro
1364 4544 1436 4600 te,
1469 4532 1692 4587 domine
1738 4529 1835 4596 mi,
1876 4543 2062 4583 ensem

489 4636 715 4704 stringis
768 4632 820 4685 in
855 4643 904 4684 te
940 4630 1115 4698 ipsum
1143 4636 1195 4680 et
1225 4624 1538 4680 communia
1595 4622 1842 4691 pignora,
1891 4630 2067 4688 neque

490 4731 652 4786 nobis
689 4723 980 4780 consulens
1024 4737 1201 4790 neque
1241 4717 1773 4773 borumimmaturm
1811 4712 2068 4765 misertus

486 4819 704 4876 aetatis?
731 4816 846 4871 Non
881 4815 1029 4868 vides
1059 4811 1286 4866 omnino
1318 4807 1458 4870 fore,
1509 4817 1567 4860 ut
1596 4805 1910 4875 quicunque
1959 4801 2070 4857 [loc

491 4925 709 4964 manum
749 4905 1038 4975 imperium
1071 4901 1299 4970 arripiat
1329 4898 1494 4962 alius,
1535 4897 1717 4950 Studia
1757 4903 2066 4960 conataque

487 5000 731 5056 enitatur
761 4997 906 5051 omni
940 5011 1112 5064 genus
1145 4993 1462 5052 universum
1489 4988 1666 5041 delere
1694 4995 1968 5047 nostrum,
1993 4987 2072 5038 sic

491 5108 548 5145 se
588 5092 806 5144 demum
847 5085 950 5140 sibi
993 5099 1213 5152 suaeque
1244 5081 1462 5134 familia:
1510 5077 1915 5148 possessionem
1967 5075 2074 5126 im-

477 5183 627 5254 .perii
647 5190 982 5234 asserturum
1007 5183 1321 5229 autumans.
1349 5172 1480 5238 Quae
1503 5173 1616 5224 haec
1641 5170 1822 5239 igitur,
1844 5169 2076 5248 malum,

489 5274 719 5329 stultitia
751 5280 835 5323 est
864 5267 1166 5338 praecipites
1188 5265 1425 5335 abjicere
1455 5277 1553 5317 nos
1581 5271 1912 5328 nostrosque
1943 5260 2078 5312 libe»

489 5387 579 5425 ros
608 5367 714 5437 22
748 5365 801 5417 in
843 5361 1208 5415 certissimum
1245 5358 1541 5427 periculum
1575 5357 1756 5424 potius
1780 5368 1943 5423 quam
1981 5369 2076 5406 ex-

491 5461 673 5529 ('ipei'e
727 5453 868 5507 ultro
913 5467 1033 5504 sese
1080 5445 1396 5503 ollereut'tnn
1442 5463 1556 5500 rem
1604 5462 1767 5499 unam
1817 5444 2074 5499 otnnibus

2175 4533 2305 4602 παρ’
2336 4533 2499 4586 αὐτὸν
2533 4533 2737 4600 λόγοις·
2782 4549 2800 4582 ι
2842 4531 2958 4584 Ἵνα
2993 4530 3068 4594 τί,
3120 4531 3379 4600 λέγουσα,
3422 4533 3575 4602 κύριέ
3637 4550 3763 4602 μου,

2173 4625 2326 4694 ξίφος
2358 4624 2538 4685 ἕλκεις
2574 4624 2712 4693 πρὸς
2772 4623 2970 4674 ἑαυτὸν
3006 4623 3101 4676 καὶ
3134 4622 3202 4675 τά
3242 4624 3500 4690 φίλτατα,
3534 4628 3669 4694 μήτε
3707 4626 3766 4677 ei)

2173 4716 2381 4769 τούτων
2411 4717 2696 4786 οἰκτείρων
2725 4715 2903 4784 ἄωρον
2933 4715 3072 4784 μήτε
3105 4715 3262 4786 ἡμων
3289 4716 3618 4787 κηδόμενος;
3647 4717 3764 4770 Ούκ

2177 4802 2339 4859 οἶσθα
2371 4805 2446 4869 ὡς
2505 4807 2556 4856 εἴ
2608 4821 2692 4868 τις
2750 4803 3079 4876 ἐπιλάϐηται
3126 4806 3284 4869 ἄλλος
3333 4808 3431 4876 τῆς
3478 4807 3766 4876 Ῥωμαίων

2180 4900 2383 4969 ἀρχῆς,
2424 4900 2488 4950 ὲκ
2517 4896 2695 4950 ποδῶν
2754 4895 2981 4966 ποιῆσαι
3016 4899 3304 4952 σπεύσειεν
3334 4900 3480 4954 ἆπαν
3515 4901 3574 4952 τὸ
3610 4900 3767 4966 γένος

2180 4989 2362 5058 ἡμῶν,
2395 4987 2641 5056 οἰόμενος
2666 4984 2840 5048 οὕτως
2884 4987 2970 5039 ἐπ’
3001 4987 3274 5057 ἀσφαλοῦς
3305 4988 3576 5059 ἡδρᾶσοαι
3617 4989 3770 5059 αύτῴ

2183 5081 2250 5132 τὰ
2301 5078 2404 5147 τῆς
2457 5078 2675 5150 ἀρχῆς;
2707 5079 2826 5132 Ἵνα
2869 5079 2922 5132 τί
2955 5082 3087 5147 γοίν
3138 5080 3282 5134 οὓτω
3336 5083 3773 5152 μεματαιὼμεθα

2185 5173 2412 5234 ἑαυτοὺς
2448 5173 2541 5226 καὶ
2562 5173 2631 5224 τὰ
2661 5172 2892 5240 φίλτατα
2924 5175 3004 5235 είς
3035 5167 3318 5241 προῦπτον
3349 5175 3772 5244 ὲπιρῤίπτοντες

2189 5267 2479 5332 κίνδυνον,
2527 5265 2715 5316 καὶτὸ
2767 5266 2934 5318 πᾶσιν
2985 5265 3206 5335 ἱμερτὸν
3257 5266 3626 5336 ἀπωθούμεϐα
3672 5267 3774 5338 τὴν

2185 5357 2465 5426 βασιλείαν
2509 5356 2836 5426 Ῥωμαίων;
2869 5356 2964 5418 Τίς
2996 5357 3029 5425 ἡ
3057 5355 3356 5436 ἐπιϐλαϐὴς
3389 5357 3526 5426 αὕτη
3556 5358 3772 5426 {piloso-

3295 5449 3436 5470 ’ΔἹΧΟ

2185 5449 2284 5518 cpia
2327 5450 2418 5502 καί
2476 5450 2703 5521 ἄκαιρος
2769 5447 3248 5519 μετριοφροσύνη;
3295 5449 3436 5502 Ἀλλ’
3486 5451 3614 5502 εἴτι
3648 5451 3769 5520 ὲμοδ

1765 5604 1934 5665 Petri
1989 5604 2234 5666 Possini
2299 5612 2487 5668 notua.

557 5739 630 5809 (f)
668 5736 996 5793 Βασιλυιὸν
1052 5734 1339 5791 εἰσελθὼν
1389 5734 1684 5809 δρόμωκᾳ.
1717 5734 1932 5809 intus.
1957 5745 2074 5789 erat

483 5804 758 5882 ἧρόμηνα.
815 5813 868 5865 ld
932 5824 1031 5862 nos
1078 5824 1422 5865 correxnnus
1472 5822 1535 5857 ex
1583 5804 1834 5858 Alexiode
1876 5808 2066 5871 Amne,

2185 5736 2275 5817 ubi
2296 5738 2497 5817 saepius
2530 5751 2633 5817 vox
2656 5735 2874 5805 896nm
2897 5749 2994 5815 pro
3022 5735 3178 5817 uavins
3213 5749 3414 5817 genere
3446 5745 3769 5805 usurpatur,

2183 5808 2456 5860 interdum
2487 5808 2652 5860 etiam
2681 5823 2805 5860 cum
2843 5810 3026 5876 adjunt
3049 5817 3100 5860 to
3131 5805 3432 5874 βασιλικά.
