4154 6478
412 408 484 472 45
1635 409 2003 472 HlSTOPdA

2114 411 2183 471 [Μ
2226 411 2373 472 LIB.
2418 415 2464 473 Ι.
3633 421 3702 482 46

417 525 602 600 πείθῃ,
633 521 879 582 σπεῦσον
902 528 976 590 ὡς
999 527 1226 598 τάχιστα
1262 531 1386 593 ταῖς
1417 528 1752 600 συμϐουλαῖς
1775 530 2003 600 πεισθῆ-

2114 531 2654 595 desideratissimam,
2677 528 2933 586 liomanae
2955 531 3032 586 rei
3061 541 3381 603 potestatem
3401 551 3694 602 summam,

421 638 506 678 ναι
534 620 626 674 τοῦ
661 619 934 690 βασιλέως
968 622 1064 675 καὶ
1105 622 1357 691 ἀδελφοῦ,
1395 622 1490 675 καὶ
1521 622 1630 676 τῶν
1658 623 2000 694 πραγμάτων

419 710 702 768 ἑπιλαῇοῦ.
732 730 752 762 ι

2111 638 2360 693 quaenam
2377 621 2566 676 istlnec
2585 622 2891 692 pernicisoa
2911 622 3050 677 male
3069 638 3314 696 sanaque
3326 627 3702 698 philosophia?

2118 711 2298 781 Apage
2319 711 2478 765 istaut
2508 710 2586 766 sis
2609 709 3041 765 moderationem
3066 712 3529 784 intempestivam:
3563 725 3621 772 et
3651 718 3700 772 si

418 805 550 870 quid
575 803 708 858 mihi
736 801 938 866 credis,
973 799 1060 857 fac
1086 817 1249 872 quam
1273 801 1536 873 primum,
1570 802 1814 859 consiliis
1835 802 2131 858 obsecutus
2155 800 2380 872 Augusti
2403 801 2608 868 fratris,
2642 809 2704 856 ut
2722 802 2948 869 publica:
2974 805 3052 858 rei
3071 805 3369 873 auSpiceris
3389 807 3691 879 regimen.»

488 906 554 954 ε’.
579 899 770 955 Ταῦτα
796 898 891 951 καὶ
927 895 1101 951 πλείω
1119 897 1328 952 τούτων
1357 897 1591 951 εἰποῦσα
1613 893 1702 969 (ἦν
1729 897 1839 968 γάρ
1863 898 2009 966 δεινή

414 1013 502 1060 τις
537 995 630 1048 καὶ
656 994 838 1062 λέγειν
866 995 961 1046 καὶ
988 992 1303 1063 πράττειν),
1336 992 1525 1063 ἐπειδὴ
1544 992 1618 1063 μὴ
1641 993 1849 1056 ἔπειθε,
1876 993 2012 1061 πρὸς

417 1086 634 1140 ἱκεσίαν
662 1084 939 1154 ἐτράπετο
974 1083 1073 1138 καὶ
1101 1083 1202 1148 τὰς
1246 1084 1336 1138 διὰ
1381 1085 1637 1156 δακρύων
1671 1085 1768 1139 καὶ
1816 1101 2010 1138 στενα-

414 1177 578 1248 γμῶν
609 1175 885 1241 ὲντεύξεις
941 1175 1306 1246 προσέφερεν.
1344 1176 1432 1240 Ὠς
1470 1176 1514 1230 δ’
1564 1176 1832 1246 ἄτεγκτον
1863 1175 2012 1247 ἐώρα

415 1271 515 1323 καὶ
542 1269 681 1338 πρὸς
703 1269 811 1322 πᾶν
837 1267 973 1339 σκλη
985 1267 1303 1340 ρυνόμενον,
1330 1267 1647 1336 ἀπογνοῦσα
1681 1269 1774 1322 τοῦ
1798 1268 2011 1322 πείθειν

413 1360 601 1428 ἐσίγα,
642 1359 813 1413 πολλὰ
841 1359 966 1412 καθ’
1002 1359 1204 1431 ἑαυτὴν
1226 1359 1469 1428 ἀλγοῦσα
1490 1361 1586 1415 καί⁵
1613 1363 1804 1415 τούτου
1841 1379 2008 1416 κατα-

414 1453 816 1520 στεγνάζουσα.
854 1451 1012 1506 Οὕτω
1071 1452 1178 1523 μὲν
1218 1447 1313 1506 οὖν
1344 1454 1552 1516 ἐκεῖνος
1598 1453 1700 1522 τὴν
1731 1452 2008 1525 βασιλείαν

409 1542 818 1598 άπεσκεύαστο,
859 1542 918 1596 '0
958 1543 1016 1597 δὲ
1083 1543 1340 1613 βασιλεὺς
1377 1544 1480 1614 τὴν
1523 1544 1679 1598 νόσον
1723 1544 1867 1615 ὁρῶν
1889 1547 2009 1597 ἐπι-

411 1634 720 1698 τείνουσαν,
775 1633 1010 1705 ἐπείπερ
1059 1635 1384 1704 ἀπέγνωστο
1431 1635 1584 1707 αύτῷ
1637 1637 1706 1690 τά
1749 1638 1889 1691 κατὰ
1913 1635 2005 1692 τὸν

2190 896 2242 952 5.
2268 896 2392 952 Haec
2410 906 2465 951 et
2489 897 2573 951 his
2599 897 2751 966 plura
2781 913 2904 952 cum
2927 899 3151 954 dixisset
3171 901 3364 956 mulier
3387 905 3442 958 in
3467 905 3700 961 dicendo

2114 997 2169 1042 et
2199 988 2251 1041 in
2285 987 2494 1058 agendo
2525 987 2837 1053 vehemens,
2878 1003 2979 1044 nec
3017 993 3374 1059 persuasisset
3405 1003 3607 1061 tamen,
3631 999 3699 1052 ad

2117 1079 2546 1150 supplicationes
2585 1095 2743 1135 versa
2773 1121 2786 1146 ,
2823 1097 3012 1151 preces
3048 1082 3264 1139 infimas
3299 1088 3552 1158 suspiriis
3589 1104 3700 1144 cre-

2115 1173 2228 1228 bris
2259 1172 2536 1243 largisquc
2562 1173 2780 1229 fletibus
2811 1173 3062 1230 admistis
3103 1175 3343 1232 admovit
3374 1179 3509 1242 viro,
3551 1180 3700 1235 sicco

2117 1265 2270 1320 vultu
2305 1267 2642 1336 immotoque
2669 1267 2856 1322 animo
2888 1268 3131 1324 audienti
3162 1281 3361 1326 cuncta
3382 1289 3396 1338 ;
3421 1288 3581 1342 quem
3606 1273 3699 1328 illa

2118 1357 2320 1412 duritie
2371 1359 2544 1430 rigere
2585 1356 2851 1416 adversus
2910 1361 3138 1431 quosvis
3184 1363 3452 1434 impulsus
3495 1364 3700 1423 invicta

2120 1449 2210 1504 ubi
2250 1449 2382 1505 satis
2426 1450 2619 1516 sensit,
2651 1452 2931 1506 suasionis
2976 1467 3235 1509 successu
3265 1455 3577 1526 desperato,
3620 1459 3700 1515 si-

2119 1540 2286 1596 lentio
2322 1555 2380 1596 se
2425 1554 2490 1596 ac
2539 1542 2764 1597 maerori
2816 1543 3064 1609 tradidit,
3110 1547 3280 1600 multa
3329 1548 3504 1603 virum
3549 1551 3703 1606 incu-

2115 1647 2247 1688 sans
2275 1647 2443 1702 seque
2475 1634 2646 1703 ipsam
2685 1633 2975 1691 miserans.
3009 1634 3100 1692 Sic
3138 1636 3380 1696 Joannes
3418 1643 3700 1715 principa-

411 1725 853 1814 ἀδελφὸν,.πρὸς
903 1727 998 1780 τὸν
1055 1728 1236 1782 Δούκα
1289 1729 1705 1783 Κωνσταντῖνον
1761 1730 2006 1797 ἀπεῖδεν,

2115 1727 2227 1777 tum
2273 1725 2567 1780 recusavit.
2609 1725 2908 1795 Imperator
2957 1735 3136 1783 autem
3177 1729 3384 1786 intendi
3445 1735 3697 1791 morbum

411 1817 587 1886 ἄνδρα
619 1818 833 1880 πολλοῖς
863 1816 1124 1888 κομῶντα
1159 1819 1654 1890 πλεονεκτήμασιν.
1690 1821 1869 1887 Εὐθὺς
1913 1821 2008 1876 οὖν

414 1909 606 1962 ἐκάλει
661 1909 756 1963 καὶ
796 1909 1100 1981 διαλεχθεὶς
1146 1911 1296 1980 αὐτῷ
1339 1914 1466 1982 περὶ
1512 1912 1622 1967 τῶν
1663 1913 1861 1968 κοινῶν
1917 1915 2010 1969 καὶ

411 2000 546 2062 τοὺς
676 2001 826 2072 αὐτῷ
847 2003 1232 2074 παραθέμενος
1259 2003 1338 2074 τῷ
1364 2003 1632 2076 βασιλικῷ
1681 2006 2009 2074 ταινιὼματι

412 2097 696 2163 στεφανοῖ,
727 2096 889 2159 αὐτὸς
914 2095 1182 2167 πρότερον
1211 2099 1310 2167 τῆς
1339 2097 1660 2168 ἀλουργίδος
1690 2098 1752 2153 τὸ
1782 2099 2008 2167 ἀγγελι-

412 2187 512 2239 κδν
555 2185 1030 2258 ἀνταλλαξάμενος
1063 2187 1271 2258 σχῆμα.
1325 2189 1386 2242 '0
1439 2189 1540 2258 μὲν
1581 2189 1676 2242 οὖν
1713 2189 1854 2260 πρὸς
1908 2188 2010 2258 τὴν

411 2280 513 2333 τοῦ
543 2281 797 2334 Στουδίου
835 2281 1004 2353 μονὴν
1057 2282 1322 2353 ὑπήγετο.
1369 2283 1429 2337 Ὀ
1456 2283 1512 2337 δέ
1561 2301 1624 2352 γε
1653 2284 1862 2347 Δούκας
1891 2282 2002 2336 τῶν

416 2374 521 2444 τῆς
560 2374 839 2444 βασιλείας
896 2375 1099 2429 οἰάκων
1153 2374 1490 2446 δραξάμενος
1563 2376 1726 2440 εὐθὺς
1775 2376 2009 2430 ἔσπευσε

415 2467 741 2531 πλεονεξίαν
782 2465 880 2536 μὲν
910 2466 1145 2529 ἀνελεῖν,
1189 2467 1528 2537 μετριότητα
1565 2466 1624 2519 δὲ
1670 2467 1764 2519 καὶ
1803 2464 2009 2520 δικαιο-

417 2559 592 2627 σύνην
613 2558 952 2626 εἰσενεγκεῖν
973 2573 988 2586 ’
1013 2557 1106 2610 καὶ
1135 2556 1321 2628 μέντοι
1352 2557 1448 2610 καὶ
1484 2555 1825 2628 κατωρθώθη
1849 2557 2011 2610 τοῦτο

414 2649 592 2721 αὐτῷ.
639 2647 813 2720 Ὁρῶν
855 2649 964 2719 γὰρ
1011 2647 1140 2711 τοὺς
1189 2647 1482 2712 πλείστους
1537 2648 1630 2701 ἐπὶ
1689 2647 1753 2700 τὸ
1801 2648 2010 2702 ἀδικεῖν

415 2742 830 2812 τετραμμένους
859 2742 951 2794 ἐπὶ
983 2740 1044 2794 τὸ
1071 2739 1314 2803 δικάζειν
1340 2741 1629 2811 ἐτράπετο.
1665 2739 1758 2812 Μὴ
1793 2739 2010 2810 λαμϐά-

413 2855 526 2891 νων
559 2835 607 2889 δ’
640 2837 698 2888 ἐν
729 2836 912 2906 κρίσει
975 2835 1294 2906 πρόσωπον,
1339 2833 1486 2888 κατά
1541 2833 1634 2887 τὸν
1691 2835 2004 2905 προφήτην,

417 2934 559 3004 μήτε
603 2932 708 3002 μὴν
752 2930 1018 2984 ὲκκλίιων
1073 2931 1155 2994 εἰς
1193 2929 1346 2996 δεξιά
1381 2928 1414 2994 ἢ
1448 2930 1530 2992 είς
1562 2927 1860 3000 ἀριστερὰ,
1892 2929 2008 2982 ἀλλ’

414 3023 524 3095 ὁδῷ
550 3023 806 3096 βασιλικῇ
841 3022 1207 3094 πορευόμενος
1236 3024 1348 3086 τοῖς
1385 3022 1484 3092 μὲν
1514 3020 1795 3076 ἀδικοῦσιν
1815 3021 2010 3091 ἐμϐρι-

2114 1816 2326 1882 videns,
2359 1831 2460 1871 nec
2493 1831 2721 1887 sperans
2751 1818 2935 1874 induci
2966 1820 3191 1876 fratrem
3224 1825 3291 1878 ad
3317 1825 3697 1897 imperandum

2113 1923 2300 1979 posse,
2343 1909 2410 1964 ad
2440 1909 2863 1967 Constantinum
2899 1913 3106 1970 Ducam
3153 1917 3315 1972 vertit
3363 1921 3578 1988 oculos,
3611 1923 3697 1978 vi-

2114 2015 2236 2054 rum
2294 2000 2479 2056 multis
2512 2002 2791 2071 prreclaris
2835 2005 3060 2061 dotibus
3095 2017 3372 2066 ornatum.
3408 2011 3487 2068 Re
3531 2015 3701 2086 igitur

2113 2108 2236 2148 cum
2269 2091 2435 2148 fratre
2466 2095 2898 2160 communicata,
2928 2097 2997 2152 dc
3040 2099 3206 2169 hujus
3249 2106 3519 2160 sententia
3548 2108 3696 2165 Con-

2114 2184 2413 2239 stantinum
2447 2187 2795 2251 accersitum,
2832 2189 3137 2245 diademate
3177 2196 3377 2248 summi
3426 2197 3699 2272 principa-

2113 2290 2199 2334 tus
2229 2278 2426 2349 insigni
2459 2287 2707 2343 coronat,
2731 2281 2921 2352 sicque
2951 2283 3026 2337 illi
3053 2285 3582 2347 administrationem
3615 2307 3699 2349 at-

2112 2369 2304 2425 tribuit
2355 2367 2618 2425 Romanae
2653 2372 2753 2438 rei,
2800 2387 3042 2442 purpura
3096 2377 3212 2447 ipse
3262 2381 3416 2450 prius
3455 2386 3600 2456 regia
3641 2389 3695 2444 in

2113 2461 2416 2531 angelicum
2452 2465 2709 2520 monachi
2745 2464 2997 2521 habitum
3033 2476 3264 2526 mutata.
3298 2472 3512 2540 Quibus
3560 2482 3698 2536 actis

2112 2551 2358 2608 lsaacius
2378 2554 2597 2622 quidem
2624 2555 2690 2609 in
2717 2555 2893 2611 Studi‘i
2928 2563 3324 2619 monasterium
3351 2567 3561 2626 delatus
3592 2585 3695 2629 est:

2114 2643 2290 2700 Ducas
2319 2659 2450 2701 vero
2478 2647 2740 2716 regimine
2768 2648 2980 2720 imperii
3017 2663 3237 2724 arrepto
3273 2672 3472 2730 magno
3511 2666 3695 2720 statim

2112 2737 2317 2809 impetu
2353 2740 2408 2794 in
2434 2739 2487 2795 id
2523 2741 2792 2808 incubuit,
2822 2752 2880 2798 ut
2914 2745 2964 2799 vi
3004 2754 3171 2817 atque
3206 2752 3431 2806 avaritia
3463 2754 3697 2815 sublatis

2112 2829 2544 2885 moderationem
2589 2831 2976 2905 justitiamque
3045 2839 3332 2898 induceret
3398 2845 3454 2899 in
3515 2864 3698 2906 mores

2113 2935 2385 2988 usumque
2431 2921 2641 2990 saaculi,
2682 2923 2734 2978 in
2776 2940 2888 3010 quo
2933 2935 2987 2982 et
3031 2929 3138 3001 23
3195 2946 3417 3003 operam
3452 2944 3694 2998 navavit.

2113 3013 2353 3071 Cernens
2374 3015 2576 3086 quippe
2597 3016 2885 3088 plerosque
2910 3034 3104 3090 magna
3130 3025 3333 3092 passim
3359 3029 3574 3087 licentia
3600 3050 3698 3102 per

417 3091 524 3182 θής
551 3091 646 3177 *τις
679 3091 933 3182 ἐφαίνετο
985 3091 1080 3165 καὶ
1123 3111 1298 3176 δεινὸς
1334 3091 1405 3164 τά
1457 3110 1556 3181 τῆς
1597 3109 1815 3174 ἀδικίας
1843 3109 2003 3163 ἐκκό-

2114 3105 2343 3176 injurias
2373 3105 2632 3178 grassari,
2659 3106 2770 3177 juri
2821 3108 3060 3166 dicundo
3091 3091 3392 3172 vacandum
3429 3119 3534 3176 sibi
3568 3091 3700 3178 dili-

414 3225 574 3262 πτων
596 3206 917 3279 ὁρμήματά,
957 3207 1069 3270 τοῖς
1096 3206 1142 3260 δ’
1174 3204 1242 3260 αὖ
1279 3205 1660 3275 ἀδικουμένοις
1698 3203 2004 3273 προσφιλής

412 3323 475 3360 τε
507 3306 604 3358 καὶ
629 3304 1007 3376 χαριέστατος.
1046 3303 1156 3357 Καὶ
1190 3303 1373 3373 μέντοι
1405 3301 1526 3354 οὐδὲ
1550 3301 1686 3372 πρὸς
1718 3300 1810 3352 τὸν
1847 3298 1998 3369 βαδι-

409 3399 686 3454 λεύσαντα
744 3397 936 3452 τοῦτον
989 3398 1281 3468 ἀχάριστος
1346 3395 1688 3465 ἐναπέφηνεν
1722 3407 1740 3425 ’
1788 3393 1875 3464 [Ρ.
1908 3388 2003 3462 20]

412 3494 541 3546 ἐπεὶ
573 3493 683 3563 γάρ
726 3492 862 3563 μετά
892 3489 990 3561 τὴν
1020 3489 1291 3560 μονήρους
1326 3487 1442 3559 βίου
1480 3487 1576 3541 καὶ
1601 3485 1884 3557 σχήματος
1908 3483 2003 3554 τὴν

412 3581 710 3654 πριὸολὴν
740 3581 833 3635 καὶ
877 3580 1010 3651 πρὸς
1041 3580 1137 3651 τὴν
1175 3577 1270 3632 τοῦ
1296 3576 1548 3630 Στουδίου
1581 3575 1747 3648 μονὴν
1777 3576 2004 3642 ἐπαγω-

411 3675 518 3744 γὴν
558 3671 626 3725 τὰ
648 3673 745 3743 τῆς
781 3671 936 3725 νόσου
995 3672 1220 3744 appetas
1259 3670 1354 3724 καὶ
1390 3668 1549 3740 ὑγιὴς
1577 3669 1607 3720 ὁ
1657 3667 1789 3738 πρὶν
1823 3665 2004 3719 θανεῖν

413 3766 860 3836 προσδοκήσιμος
903 3765 1276 3829 ἀποδέδεικτο,
1319 3761 1409 3817 διὰ
1434 3763 1616 3831 πάσης
1643 3755 1782 3831 ἦγεν
1813 3759 1842 3811 ὁ
1869 3757 2005 3811 Δού-

411 3876 516 3922 21;
537 3858 726 3913 τοῦτον
756 3859 922 3929 τιμῆς
973 3854 1162 3930 κύριύν
1208 3873 1268 3909 τε
1300 3857 1396 3909 καὶ
1443 3853 1667 3926 βασιλέα
1707 3849 2004 3907 ἀποκαλῶν

410 3951 507 4002 καὶ
532 3949 826 4019 προεδρίας
850 3948 1040 4015 ἀξιῶν,
1065 3947 1310 4016 ὁπηνίκα
1333 3946 1535 4014 φοιτῶν
1563 3939 1631 4016 ἧν
1651 3943 1788 4016 πρὸς
1817 3943 2001 3997 αὐτόν.

423 4039 651 4108 Ἐφοὶτα
701 4039 758 4092 δὲ
800 4037 1062 4108 συνεχῶς.
1118 4038 1236 4090 Οὐκ
1280 4035 1446 4090 αὑτὸν
1485 4035 1543 4089 δὲ
1577 4035 1739 4104 μόνον
1782 4029 1885 4102 ἦγε
1915 4031 2005 4085 διὰ

406 4132 608 4202 τιμῆς,
640 4131 776 4185 ἀλλά
798 4131 892 4186 καὶ
924 4131 985 4184 τὸ
1013 4129 1204 4183 τούτου
1239 4128 1499 4198 συγγενὲς
1547 4127 1712 4192 ἅπαν,
1745 4128 2000 4195 γυναῖκα,

413 4225 512 4278 καὶ
540 4223 839 4296 θυγατέρα,
875 4223 968 4276 καὶ
1001 4221 1248 4290 ἀδελφὸν,
1281 4220 1378 4273 καὶ
1421 4220 1545 4284 τοὺς
1586 4219 1803 4282 ἀλλους.
1861 4215 2003 4270 Ἀλλ’

408 4321 439 4370 ὁ
463 4318 569 4388 μὲν
604 4317 886 4388 Κομνηνὸς
911 4315 1162 4370 ὲνιαυτδν
1208 4314 1457 4376 ἐπιϐιοὺς
1505 4312 1646 4383 μετά
1675 4311 1774 4383 τὴν
1808 4309 2001 4362 τούτου

411 4411 724 4482 ἀνάρρησιν
757 4408 1034 4462 ἐτελεύτα.

2113 3205 2302 3268 genter
2349 3197 2560 3266 statuit,
2603 3214 2892 3268 personam
2927 3201 2980 3257 in
3007 3202 3219 3273 judicio
3265 3225 3374 3265 non
3422 3215 3701 3284 accipiens

2116 3289 2283 3362 (quod
2330 3297 2478 3344 vetat
2530 3291 2830 3361 Propheta)
2864 3309 3040 3366 neque
3072 3297 3152 3352 vel
3190 3299 3256 3354 ad
3293 3302 3572 3360 dexteram
3618 3309 3701 3364 vel

2114 3383 2182 3438 ad
2223 3383 2507 3441 sinistram
2549 3384 2856 3452 declinans,
2894 3387 2989 3442 sed
3027 3390 3113 3443 via
3147 3395 3402 3463 gradiens
3433 3400 3582 3468 regia
3613 3400 3700 3456 in—

2109 3473 2341 3544 juriosis
2379 3473 2602 3544 quidem
2629 3491 2854 3531 severus
2882 3486 2937 3532 et
2965 3489 3181 3536 austera
3205 3489 3511 3543 constantia
3547 3494 3702 3562 cupio

2114 3566 2379 3623 ilitatibus
2415 3565 2728 3637 iniquorum
2775 3583 2870 3638 per
2909 3569 3016 3624 vim
3054 3585 3117 3627 ac
3158 3572 3380 3633 fraudes
3408 3594 3702 3652 erumpen-

2114 3659 2258 3714 tibus
2287 3674 2609 3725 occursans,
2643 3660 2877 3730 injurias
2903 3678 3033 3718 vero
3064 3669 3392 3734 patientibus
3419 3671 3564 3730 ultro
3589 3693 3698 3732 non

2115 3751 2410 3806 amicitiam
2446 3766 2510 3804 ac
2541 3751 2972 3808 benevolentiam
3011 3758 3186 3814 solum
3210 3800 3225 3824 ,
3270 3764 3363 3817 sed
3409 3764 3701 3826 blanditias

2114 3857 2265 3912 paene
2295 3842 2559 3912 quasdam
2593 3843 2869 3898 tenet-rimi
2916 3844 3146 3903 affectus
3183 3847 3393 3908 indices
3436 3855 3698 3913 offerens.

2113 3932 2224 3988 Nec
2265 3947 2390 3986 vero
2420 3933 2562 3987 idem
2611 3949 2718 3988 non
2750 3936 3066 4006 gratissimo
3101 3954 3160 3994 se
3209 3943 3394 3998 animo
3439 3949 3700 4004 adversus

2113 4025 2324 4096 imperii
2359 4024 2700 4080 decessorem
2737 4027 2922 4096 gessit.
2952 4027 3086 4084 Cum
3137 4033 3282 4087 enim
3334 4033 3404 4104 is,
3445 4047 3699 4109 suscepta

2115 4118 2348 4172 instituti
2378 4118 2665 4172 monastiei
2697 4121 3039 4188 professione
3070 4138 3134 4179 ac
3172 4137 3342 4191 veste,
3379 4129 3700 4198 deportatus

2114 4208 2167 4262 in
2205 4208 2498 4264 Studicnsc
2536 4209 2848 4263 emnobium
2880 4249 2893 4275 ,
2946 4211 3017 4265 ibi
3063 4223 3260 4283 printer
3308 4231 3458 4286 spem
3509 4219 3701 4274 morbo

2112 4300 2364 4370 cmpisset
2399 4299 2650 4363 reli-vari,
2688 4299 2798 4353 imo
2831 4316 2894 4353 ex
2941 4303 3272 4359 moribundo
3312 4309 3462 4377 prius
3491 4311 3701 4367 credito

2113 4395 2272 4464 plane
2311 4391 2421 4462 jam
2467 4390 2814 4447 convaluisse
2862 4392 3160 4461 videretur,
3223 4412 3443 4456 summo
3482 4417 3697 4472 semper

412 4508 625 4561 honore
653 4505 977 4560 observatos
1010 4519 1041 4557 a
1075 4503 1220 4558 Duea
1251 4501 1544 4572 cultusque
1576 4506 1682 4558 est,
1741 4495 2027 4552 dominum
2072 4491 2224 4543 illum
2257 4497 2311 4541 et
2362 4485 2743 4554 imperatorem
2767 4486 3074 4555 appellantc
3097 4504 3198 4545 nec
3224 4492 3414 4548 sedere
3444 4494 3548 4549 nisi
3572 4491 3698 4565 posl

411 4602 595 4671 ipsum
628 4599 959 4664 sustinente,
993 4597 1208 4669 quoties
1236 4597 1302 4652 ad
1337 4597 1516 4667 ipsum
1559 4593 1881 4658 accederet;
1958 4584 2246 4642 recedebat
2273 4590 2453 4636 autem
2530 4579 2992 4650 frequentissime.
3054 4583 3239 4655 Neque
3305 4602 3435 4642 vero
3459 4589 3558 4657 ipsi
3596 4581 3698 4646 soli

411 4698 681 4750 honorem
717 4693 929 4758 habuit,
972 4693 1068 4748 sed
1105 4693 1293 4748 domui
1336 4707 1560 4763 quoque
1621 4689 1744 4761 ejus
1777 4703 1842 4742 ac
1902 4682 2085 4755 generi
2131 4680 2406 4740 universo,
2475 4677 2674 4738 uxori,
2731 4675 2873 4740 tiliae,
2931 4676 3080 4731 fratri
3136 4690 3188 4733 et
3239 4680 3381 4737 aliis.
3431 4683 3698 4740 Cancrum

407 4789 908 4845 Comnenusvanno
954 4795 1150 4841 exacto
1196 4795 1321 4856 post
1353 4787 1830 4857 inaugurationem
1861 4781 2207 4842 Constantini
2239 4776 2475 4833 excessit
2501 4791 2530 4829 e
2561 4775 2720 4831 vivis.

487 4876 568 4943 ς’.
620 4878 678 4932 '0
707 4877 763 4929 δέ
815 4894 882 4944 γε
936 4876 1150 4941 Δούκας
1186 4880 1279 4932 ἐπὶ
1319 4881 1460 4935 ὲπτὰ
1498 4880 1645 4936 ἔτεσι
1683 4883 1796 4946 τοῖς
1847 4882 2006 4933 πᾶσιν

2188 4874 2244 4929 6.
2281 4871 2460 4926 Ducas
2487 4880 2667 4924 autem
2697 4869 2858 4924 annis
2883 4879 3085 4940 septem
3119 4871 3249 4927 totis
3270 4888 3336 4928 ex
3363 4876 3506 4944 juris
3536 4893 3600 4934 ac
3621 4879 3702 4936 lc-

409 4969 661 5038 ὲννόμως
717 4968 817 5038 τὴν
878 4967 1162 5038 βασιλείαν
1214 4969 1503 5042 Ῥωμαίων
1539 4971 1727 5035 ίθύνας
1772 4955 1873 5025 τὸν
1893 4970 2008 5041 βίον

409 5065 511 5120 καὶ
551 5053 707 5123 οὗτος
731 5062 1025 5115 κατέλυσε.
1063 5062 1380 5133 Διαδέχεται
1425 5064 1480 5117 δὲ
1520 5063 1620 5136 τὴν
1667 5063 2006 5134 βασιλείανὴ

410 5155 609 5209 τούτου
658 5153 905 5217 σύνοικος
936 5153 1168 5207 Εύδοκία
1195 5157 1291 5208 σὺν
1321 5155 1543 5227 Μιχαὴλ
1575 5157 1670 5211 καὶ
1713 5157 2008 5211 Κωνσταν-

406 5249 548 5319 τίνῳ
614 5248 727 5310 τοῖς
778 5248 938 5302 παισί
988 5248 1088 5319 (g).
1122 5248 1342 5320 Βραχὺν
1370 5249 1428 5302 δέ
1476 5266 1598 5304 τινα
1640 5250 1832 5320 χρόνον
1869 5249 2012 5319 μετὰ

407 5343 507 5396 τὸν
536 5340 631 5394 τοῦ
663 5339 841 5394 Δούκα
865 5340 1103 5395 θάνατον
1138 5343 1275 5394 καὶὸ
1307 5342 1732 5413 κουροπαλάτης
1763 5343 2010 5406 ἐπιϐιοὺς

2118 4983 2246 5038 gum
2288 4964 2610 5036 praescripto
2651 4964 2896 5018 Romana
2931 4979 2986 5017 re
3021 4963 3402 5021 administrata
3438 4983 3468 5024 c
3496 4969 3605 5026 vita
3644 4982 3704 5028 et

2115 5058 2233 5128 ipse
2264 5056 2519 5128 migravit
2555 5073 2572 5122 ;
2601 5055 2926 5111 succedente
2957 5056 3056 5125 ipsi
3099 5057 3220 5126 ejus
3258 5061 3492 5134 conjuge
3524 5063 3706 5120 Eudo-

2114 5158 2221 5221 cia,
2251 5171 2377 5211 cum
2407 5155 2676 5210 Michaele
2705 5153 3020 5209 Andronico
3047 5163 3102 5208 ct
3130 5155 3496 5217 Constantino
3551 5162 3702 5218 filiis.

2116 5250 2227 5306 Nec
2278 5250 2453 5304 multo
2509 5255 2634 5318 post
2693 5245 2854 5302 Ducae
2907 5249 3421 5323 obitum,tcmpore
3462 5251 3706 5312 Joannes

2117 5360 2339 5416 quoque
2362 5343 2680 5398 Cotnnenus
2704 5343 3050 5410 curOpalates
3087 5353 3296 5401 naturae
3322 5347 3566 5405 debitum
3595 5351 3706 5424 24

1693 5484 1863 5546 Petri
1909 5484 2160 5546 Possini
2196 5488 2385 5545 notae.

487 5637 563 5705 (9)
612 5637 682 5693 Ἠ
710 5637 930 5693 τούτου
978 5637 1265 5702 σύνοικος
1305 5635 1570 5690 eaeam
1604 5635 1727 5690 σὺν
1762 5636 2004 5706 Μιχαὴλ

409 5707 513 5761 καὶ
558 5709 1000 5771 Κωνσταντίνφ
1040 5707 1164 5772 τοῖς
1188 5707 1383 5761 παισί.
1423 5707 1515 5761 Sic
1551 5707 1665 5761 haec
1699 5707 1752 5760 in
1780 5722 1885 5764 ms.
1924 5709 2002 5760 Ie-

410 5778 706 5845 gebantur.
741 5779 853 5834 Nos
891 5791 1020 5833 cum
1062 5791 1127 5832 ex
1183 5777 1286 5831 hac
1323 5777 1532 5846 reliqua
1569 5777 1799 5832 historia
1834 5779 2006 5833 scire-

411 5863 534 5905 mus
586 5861 696 5907 tres
745 5849 971 5907 relictos
1021 5847 1348 5917 superstites
1386 5848 1525 5903 lilios
1566 5863 1595 5902 a
1636 5846 2005 5904 Constantino

2112 5635 2282 5697 Duca,
2307 5633 2410 5689 sub
2435 5647 2568 5688 cura
2599 5630 2854 5688 Eudociae
2882 5632 3108 5696 matris;
3144 5647 3243 5688 nec
3277 5634 3534 5689 ullnm'ex
3571 5631 3704 5700 ipsis

2113 5705 2500 5760 Constantium
2561 5712 2836 5763 vocatum,
2889 5711 2944 5755 et
2995 5703 3290 5757 Andronici
3343 5703 3698 5769 pmtermissi

2117 5776 2449 5842 mentionem
2481 5774 2878 5843 supplevimus,
2920 5781 2991 5843 et,
3019 5773 3326 5828 Constantii
3385 5770 3703 5843 appellatio-

2120 5861 2242 5902 nem
2283 5846 2349 5901 ad
2379 5859 2570 5901 verum
2590 5841 2747 5899 tertii
2792 5842 3047 5899 Eudociae
3087 5843 3184 5900 filii
3239 5857 3439 5899 nomen
3483 5841 3706 5900 reduxi-
