4154 6432
437 390 516 452 ᾹἿ
1651 366 1729 425 ΝἸ
1741 364 1830 424 (Ὲ
1841 364 2055 425 PHOBJ

2170 362 2486 424 RYENNII
2702 389 2734 424 δ
3630 353 3701 415 48

451 490 636 553 solvit,
681 487 803 542 filiis
831 496 889 540 ιιι
933 485 1044 539 dixi
1080 487 1282 539 relictis
1329 489 1480 548 octo,
1511 480 1754 551 quinque
1781 479 2024 534 maribus
2054 537 2055 542 η

2160 476 2511 550 ὲπελεύτησε]
2555 475 2750 537 παῖδας
2803 473 2948 529 ὀκτὼ
3000 469 3339 537 καταλιπὼν,
3377 468 3454 534 ὡς
3487 470 3518 523 ό
3549 468 3704 538 λόγος

452 595 507 639 et
558 582 732 637 tribus
780 578 1020 643 feminis,
1062 593 1202 648 quos
1243 590 1436 632 omnes
1480 583 1657 630 mater
1707 573 2027 628 educatione

458 682 719 730 accurata
792 671 984 740 dignos
1023 669 1165 722 avita
1199 666 1481 721 nobilitate
1519 663 1776 719 reddidit.
1813 662 2028 716 Puella-

457 784 579 822 tum
610 766 753 829 duae,
784 771 937 832 patre
976 759 1156 814 adhuc
1183 758 1417 822 vivente,
1451 756 1732 811 collocata:
1759 752 1890 806 viris
1929 766 2026 804 no-

457 858 658 913 bilibus
692 864 745 909 et
773 850 1139 922 locupletibus
1167 848 1405 903 fuerant.
1450 845 1622 915 Major
1645 844 1866 914 quidem
1898 850 2027 894 natu

455 948 629 1001 Maria
679 943 953 997 Taronitae
993 939 1241 994 Michacli
1268 978 1283 1002 ,
1327 937 1562 991 Eudocia
1595 949 1748 1001 vero,
1792 932 2031 988 secundo

459 1048 582 1110 post
601 1040 741 1092 hanc
766 1031 1277 1106 genita,Mulisseuo
1296 1027 1616 1098 Nicephoro,
1640 1027 1755 1080 viro
1778 1021 2030 1094 prudenti

456 1144 511 1187 et
538 1128 820 1201 praeclaro.
844 1127 936 1195 qui
971 1132 1253 1192 paternum
1282 1136 1313 1177 e
1344 1119 1554 1175 Mortiis
1578 1119 1813 1173 ducebat
1837 1132 2028 1187 genus.

456 1223 739 1278 Postrema
783 1217 1072 1274 Theodore
1109 1224 1226 1284 post
1253 1214 1422 1283 patris
1452 1221 1680 1266 mortem
1717 1209 1906 1264 matris
1937 1224 2033 1262 vo-

456 1313 665 1367 luutate
687 1309 869 1378 nupsit
899 1305 1276 1367 Constantino,
1310 1301 1560 1370 Diogenis
1586 1301 1697 1370 jam
1716 1299 2034 1369 imperantis

462 1405 594 1468 lilio,
626 1401 792 1456 nobili
825 1398 1040 1469 quidem
1072 1396 1145 1449 illi
1179 1407 1454 1462 manuque
1485 1400 1754 1462 prompto,
1783 1389 1878 1444 sed
1913 1404 2034 1443 mo-

461 1497 616 1549 ribus
648 1508 752 1547 non
787 1503 956 1557 usque
996 1484 1133 1540 adeo
1158 1484 1412 1547 laudatis,
1453 1491 1512 1536 ut
1541 1481 1737 1537 deinde
1761 1479 2033 1550 apparuit.

460 1591 738 1642 llacteuus
766 1585 831 1637 de
855 1579 1081 1634 Joannis
1115 1577 1347 1631 ﬁliabus.
1381 1573 1643 1629 Filiorum
1675 1589 1802 1627 vero
1823 1571 2038 1627 Manuel

464 1679 684 1750 quidem
713 1673 1126 1746 primogenitus,
1161 1680 1316 1740 patre
1348 1668 1526 1721 adhuc
1551 1667 1869 1734 superstite,
1900 1663 2037 1718 tole-

459 1788 585 1828 rare
635 1769 885 1826 militiam
921 1767 1034 1836 jam
1086 1773 1327 1834 cmperat
1349 1803 1364 1828 ,
1398 1761 1665 1828 factisque
1701 1756 1930 1812 fortibus
1958 1754 2041 1808 di-

461 1879 626 1934 gnum
663 1877 721 1918 se
750 1861 1018 1929 majorum
1054 1856 1172 1910 loco
1204 1868 1267 1908 ac
1297 1852 1464 1922 gloria
1494 1851 1748 1921 probare.
1785 1846 2040 1903 Proxime

464 1959 533 2011 ab
574 1957 667 2010 illo
703 1965 865 2009 natus
900 1951 1138 2006 lsaaeius
1171 1947 1358 2002 fratris
1393 1945 1616 2014 majoris
1657 1941 1884 2010 vestigia
1917 1953 2040 2008 pre-

466 2049 622 2102 meba
637 2057 676 2101 t.
714 2045 929 2100 Tertius
957 2051 1138 2098 autem
1183 2038 1406 2093 Alexius
1436 2037 1617 2106 lepore
1647 2049 1711 2088 ae
1738 2032 1910 2103 gratia
1955 2045 2040 2084 re-

467 2142 720 2196 dundans
753 2155 908 2210 puer,
944 2152 1040 2191 ore
1077 2133 1328 2204 protinus
1375 2131 1494 2200 ipso
1537 2144 1601 2182 ac
1640 2127 1793 2182 vultu
1832 2123 2043 2179 etilore-

2133 573 2345 642 φθάσας
2381 571 2636 640 ἐδήλωσε,
2702 567 2864 620 πέντε
2899 567 2999 638 μὲν
3032 567 3295 639 ἄρρενας,
3344 565 3492 635 τρεῖς
3525 562 3580 616 δέ
3608 564 3706 632 θη-

2131 664 2300 729 λείας,
2324 662 2418 726 οὓς
2453 665 2483 734 ἡ
2523 663 2706 734 μήτηρ
2754 663 3004 722 ἃπαντας
3045 657 3227 721 καλῶς
3281 653 3706 725 ἀναθρεψαμένη

2131 757 2314 821 ἀξίους
2343 755 2437 809 τοῦ
2493 755 2684 822 γένους
2729 751 3034 818 ἀπέδειξεν.
3079 748 3220 804 Ἀλλ’
3245 749 3300 801 αί
3335 747 3433 817 μὲν
3468 746 3564 800 δύο
3599 745 3710 797 τῶν

2133 849 2449 919 θυγατέρων
2479 847 2671 900 ἐτιτού
2703 846 2906 916 πατρὸς
2937 842 3222 914 περιόντος
3249 841 3509 912 ἀνδράσιν
3538 837 3712 909 ἡρμό-

2136 941 2343 1009 σθησαν
2372 939 2480 992 τῶν
2511 934 2569 992 εὖ
2601 937 2903 1006 γεγονότων
2949 936 3044 988 καὶ
3078 933 3297 1003 πλούτῳ
3328 929 3652 1002 κομώντωνο
3674 931 3707 997 η

2139 1033 2238 1104 μὲν
2273 1033 2622 1105 πρεσϐυτέρα
2651 1029 2840 1100 Μαρία
2867 1027 2948 1098 τῷ
2981 1026 3274 1098 Ταρωνίτῃ
3310 1024 3552 1094 Μιχαὴλ,
3581 1024 3614 1092 ἡ
3651 1021 3710 1075 δέ

2139 1127 2256 1198 μετ’
2315 1125 2530 1194 ἐκείνην
2578 1123 2810 1178 Εὺδοκία
2870 1119 2948 1192 τῷ
3000 1118 3331 1188 Μελισσηνῷ
3385 1117 3708 1185 Νικηφόρῳ,

2136 1218 2292 1288 ἀνδρὶ
2341 1215 2584 1284 νουνεχετ
2620 1229 2680 1266 τε
2715 1210 2811 1266 καὶ
2862 1208 3179 1279 θαυμασίῳ,
3224 1207 3281 1270 δς
3341 1203 3609 1274 πατρόθεν
3653 1207 3708 1265 ἐς

2137 1308 2407 1378 Μορτίους
2438 1305 2502 1358 τὸ
2525 1305 2680 1371 γένος
2711 1303 2964 1372 ἀνέφερε.
3007 1300 3122 1370 Τὴν
3151 1297 3210 1350 δέ
3249 1315 3312 1366 γε
3339 1296 3576 1365 ὑστάτην
3605 1311 3710 1347 πα-

2143 1400 2250 1452 σῶν
2273 1397 2554 1468 Θεοδὼραν
2615 1395 2756 1466 μετά
2791 1393 2884 1446 τὸν
2921 1391 3019 1446 τοῦ
3065 1390 3274 1460 πατρὸς
3315 1390 3481 1458 μόρον
3507 1386 3586 1455 τῷ
3618 1383 3714 1437 τοῦ

2141 1491 2424 1559 Διογένους
2479 1488 2582 1558 υίῷ
2640 1485 3061 1553 Κωνσταντίνῳ,
3100 1482 3194 1535 τοῦ
3255 1481 3462 1550 πατρθις
3506 1477 3609 1548 ήδη
3647 1477 3716 1529 τά

2155 1579 2444 1650 Ῥωμαίων
2469 1577 2724 1648 σκῆπτρα
2753 1574 2959 1627 διέπειν
3004 1571 3283 1642 λαχόντος,
3312 1572 3345 1640 η
3381 1570 3566 1640 μήτηρ
3591 1583 3718 1619 συν-

2143 1673 2385 1746 ήρμοσεν
2419 1669 2666 1740 ὕστερον,
2699 1665 2854 1734 ἀνδρὶ
2885 1664 3098 1732 εὐγενεῖ
3131 1661 3231 1731 μὲν
3269 1660 3363 1712 καὶ
3388 1658 3529 1712 κατά
3561 1657 3720 1727 χεῖρα

2145 1744 2400 1838 γενναίῳ,
2428 1765 2522 1818 τὸν
2550 1763 2607 1817 δέ
2630 1780 2692 1830 γε
2714 1759 2916 1832 τρόπον
2935 1759 2997 1810 οὐ
3016 1757 3156 1811 πάνυ
3179 1773 3230 1808 τι
3258 1753 3371 1809 am
3397 1744 3720 1817 ἐπαινετέῳ,

2141 1863 2216 1925 ὡς
2245 1858 2316 1914 τά
2335 1857 2565 1928 ὕστερον
2599 1853 2819 1920 ἔδειξεν.
2870 1851 3010 1904 ’Δλλ’
3034 1849 3179 1903 οὕτω
3222 1848 3320 1918 μὶν
3345 1846 3416 1900 τὰ
3451 1843 3593 1898 κατά
3623 1843 3723 1905 τὰς

2141 1954 2310 2022 κόρας
2336 1949 2558 2019 συνέση.
2600 1946 2872 2019 Ἀρρένων
2896 1943 2954 1997 δέ
2983 1941 3188 1995 παίδων
3231 1939 3261 1992 δ
3320 1936 3420 2008 μὶν
3465 1932 3725 2002 Μανουὴλ

2142 2043 2350 2115 πατρὸς
2373 2040 2456 2094 ἔτι
2472 2037 2752 2109 περιόντος
2777 2031 3094 2107 στρατεύειν
3111 2047 3172 2085 τε
3199 2029 3422 2102 ἤρξατο,
3469 2028 3563 2082 καὶ
3587 2027 3726 2097 πρὸς

2148 2136 2380 2208 μίμησιν
2427 2131 2536 2185 τῶν
2576 2126 2982 2202 πραχθὲ[ντ]ων
3006 2124 3207 2182 ἐαυτὸν
3248 2120 3496 2187 ἀποξέων
3523 2119 3725 2173 ἐσπευ-

468 2245 708 2288 sceutem
744 2231 992 2299 ingenua:
1039 2222 1348 2279 venustatis
1402 2219 1724 2276 suavitatem
1766 2229 2044 2283 nunquam

2160 2229 2236 2284 Βεν
2284 2225 2555 2296 ἀποϐῆναι
2613 2223 2820 2275 τούτων
2859 2217 3102 2283 ἐπάξιος.
3148 2215 3208 2268 '0
3258 2214 3316 2268 δέ
3364 2213 3483 2284 μετ’
3519 2213 3728 2264 ἐκεῖνον

469 2331 524 2379 iu
555 2323 666 2378 ullo
698 2321 868 2375 visam
899 2313 1244 2390 praeferebat,
1282 2315 1458 2366 fronte
1489 2321 1704 2378 semper
1741 2304 1922 2368 hilari,
1961 2318 2048 2358 re-

2160 2317 2427 2379 Ἰσαάκιος
2458 2317 2570 2378 τοῖς
2597 2309 2863 2380 τάδελφοῦ
2897 2307 3040 2364 κατὰ
3070 2306 3239 2369 πόδας
3275 2305 3461 2358 εἵπετο
3499 2303 3724 2372 ἴχνεσιν.

471 2416 660 2469 nitenti
715 2410 874 2475 faeie,
906 2407 1085 2463 arrisu
1135 2404 1439 2472 obtutuque
1481 2396 1819 2469 spirantibus
1861 2393 2050 2448 nescio

2164 2411 2221 2466 '0
2251 2412 2298 2464 δ’
2329 2409 2397 2464 αὖ
2419 2409 2601 2478 τρίτος
2637 2406 2871 2471 ’Δλέξιος
2924 2400 3195 2455 παντοίων
3238 2393 3306 2469 ἧν
3328 2395 3568 2467 χαρίτων
3597 2394 3726 2448 ἀνά-

465 2509 600 2577 ἰμιὶιΙ
632 2505 914 2570 blandum;
934 2498 1210 2570 exemplar
1235 2497 1347 2568 jam
1376 2506 1488 2550 tum
1516 2491 1692 2548 laudis
1723 2488 1927 2551 omnis,
1961 2487 2048 2542 cui

2160 2503 2333 2564 πλεως
2353 2518 2366 2530 ·
2400 2499 2560 2570 χάρις
2585 2498 2696 2568 γάρ
2732 2494 2960 2566 ἐπήνθει
3008 2491 3086 2563 τῷ
3116 2489 3393 2560 προσώπῳ
3441 2487 3635 2541 ὁποίαν
3666 2483 3728 2536 οὔ

472 2602 678 2658 fruStra
712 2598 894 2668 quivis
939 2591 1234 2664 quantavis
1276 2589 1447 2643 frctus
1495 2583 1749 2640 facultate
1779 2595 1960 2652 parcnt
1992 2593 2051 2634 se

2160 2611 2234 2657 τις
2271 2593 2330 2645 ἐν
2363 2591 2508 2661 ἄλλῳ
2538 2589 2802 2644 ἐθεάσατο
2850 2582 3095 2648 πώποτε,
3133 2581 3226 2634 καὶ
3268 2578 3494 2650 φαιδρὸς
3530 2572 3600 2647 ἦν
3643 2573 3734 2627 ἀεὶ

472 2665 911 2745 commendando
937 2688 1178 2752 speraret
1197 2676 1333 2741 fore,
1360 2677 1493 2728 adeo
1518 2671 1787 2725 variarum
1807 2671 1859 2722 iu
1887 2680 2053 2721 unum

2160 2687 2252 2741 καὶ
2283 2683 2626 2754 ἁγαθοσύνης
2657 2679 2964 2741 ἀνάπλεως.
3003 2674 3113 2728 Καὶ
3143 2674 3198 2726 τί
3233 2673 3299 2727 ἀν
3321 2689 3404 2734 τις
3432 2671 3575 2725 εἴποι
3605 2665 3736 2738 περὶ

474 2783 684 2837 dolium
721 2789 774 2834 et
803 2783 1248 2831 ornamentorum
1277 2767 1384 2838 25
1418 2763 1704 2822 confluxus
1739 2759 2055 2816 rarissimus

2160 2775 2348 2830 τούτου
2382 2775 2456 2837 ὡς
2485 2770 2781 2840 δυνηθῆναι
2809 2767 2934 2830 τοὺς
2967 2765 3160 2834 λόγους
3189 2761 3446 2827 ἐξισῶσαι
3477 2760 3598 2820 ταῖς
3624 2756 3734 2810 τῶν

477 2873 864 2946 p-wdicatione
915 2865 1256 2936 superiorem
1311 2858 1460 2912 omni
1508 2857 1761 2926 juvenem
1819 2850 2054 2914 fecerat;

2160 2868 2304 2938 ἠθῶν
2329 2864 2584 2934 ἀγλαΐαις
2616 2861 2714 2914 καὶ
2745 2860 2867 2922 ταῖς
2885 2857 2981 2928 τῆς
3010 2854 3189 2926 ψυχῆς
3217 2853 3486 2922 δάρεταῖςς
3531 2848 3736 2901 Παντο-

476 2934 713 3038 primu-tn
748 2977 783 3016 a
819 2934 1012 3014 natura
1047 2952 1193 3009 velut
1224 2951 1290 3005 ad
1324 2961 1558 3018 unguem
1595 2943 1795 2999 factum
1819 2981 1834 3008 ,
1864 2938 2055 2994 deinde

2160 2934 2326 3012 δαπδν
2381 2951 2448 3028 ἦν
2515 2953 2705 3024 χρῆμα
2782 2947 3022 3019 φυσικῆς
3070 2961 3129 2998 τε
3187 2943 3282 2996 καὶ
3342 2934 3736 3011 προαιρετικῆς

477 3063 677 3112 virtute
713 3050 954 3108 numeris
979 3054 1230 3103 exactum
1268 3040 1546 3104 omnibus,
1580 3047 1633 3092 et
1661 3035 1808 3089 velut
1843 3030 1909 3086 ad
1937 3043 2055 3100 spe-

2163 3049 2546 3119 κοσμιότητος,
2571 3044 2665 3099 καὶ
2686 3036 2799 3096 οἶόν
2820 3058 2874 3094 τι
2914 3037 3202 3092 κάλλιστον
3236 3031 3315 3103 τῷ
3355 3030 3454 3101 βίῳ
3478 3029 3737 3096 ἀνάθημα

477 3151 655 3205 eimeu
693 3142 851 3198 oliicii
903 3134 1251 3194 admirationi
1287 3128 1630 3202 propositum
1669 3124 1847 3179 aetatis
1895 3135 2008 3177 suae
2039 3161 2052 3185 ,

2162 3145 2226 3196 ἐκ
2248 3143 2392 3196 δυοῖν
2417 3142 2532 3192 τοῖν
2570 3136 2838 3190 ἐναντίοιν
2889 3131 3282 3200 συγκείμενον·
3324 3123 3584 3192 ὀξύτατος
3627 3123 3738 3190 γάρ

479 3237 628 3311 qttod
659 3251 748 3290 res
789 3229 1096 3286 contrarias
1132 3224 1292 3294 vulgo
1327 3220 1580 3282 creditas,
1619 3217 1672 3270 in
1711 3231 1769 3270 se
1801 3212 2059 3269 concilia-

491 3341 574 3387 rct
602 3329 999 3394 conllaretque,
1032 3317 1297 3374 fervidam
1348 3321 1740 3379 actuosamque
1782 3315 2059 3373 naturam,

491 3431 546 3477 et
580 3412 1058 3474 mansuetudinem
1097 3405 1258 3462 irasci
1298 3403 1561 3458 nesciam.
1594 3398 1833 3469 ltnpubis
1859 3395 2058 3463 adhuc,

483 3523 698 3570 extorto
721 3508 772 3562 vi
798 3504 1032 3577 quadam
1059 3513 1329 3556 consensu
1354 3495 1567 3560 matris,
1593 3503 1811 3548 secutus
1841 3488 2061 3544 fratrem

486 3605 785 3661 exercitum
817 3600 1133 3654 ductantem
1173 3593 1409 3647 militare
1449 3589 1613 3659 cozpit
1643 3587 1762 3658 ejus
1807 3583 2065 3654 auspiciis

485 3703 541 3748 ct
571 3688 868 3761 Specimina
917 3680 1252 3738 fortitudinis
1299 3691 1561 3749 pratcocts
1609 3684 1734 3730 ante
1772 3672 2062 3744 legitimam

489 3796 699 3840 aetatem
733 3779 894 3834 edere
935 3783 1089 3830 scuto
1124 3773 1258 3826 scite
1289 3769 1549 3841 gestando
1581 3766 1845 3836 hastaque
1891 3763 2066 3818 valide

489 3892 554 3930 ac
587 3876 754 3942 perite
777 3866 1090 3938 quatienda.
1111 3863 1290 3928 Quare
1312 3861 1424 3930 jam
1457 3867 1572 3914 tum
1607 3858 1660 3911 iu
1695 3870 1794 3912 ore
1823 3863 1987 3924 atque
2013 3855 2065 3906 in

490 3963 881 4038 pratdicatione
913 3955 1160 4013 omnium
1191 3953 1316 4009 fuit.
1349 3950 1455 4006 Sed
1488 3964 1608 4020 qua:
1644 3948 1792 4003 hunc
1827 3951 2072 4016 spectant

463 4035 702 4126 .-.-_re‘liqua
726 4047 1047 4109 sustinenda
1074 4052 1201 4102 sunt
1224 4042 1504 4114 paululum
1539 4056 1556 4096 :
1583 4036 1764 4110 quoad
1788 4035 2073 4108 explicatis

483 4153 586 4217 .‘tis,
615 4144 952 4218 quaepriora
990 4147 1118 4195 sunt
1149 4136 1360 4198 ordine,
1392 4131 1631 4189 secundo
1664 4129 1880 4183 densum
1924 4123 2072 4178 fluxu

485 4216 974 4307 inconsequentia
1018 4244 1200 4286 sermo
1245 4226 1553 4282 delabatur.
1599 4222 1775 4291 Atque
1802 4217 1932 4272 illud
1965 4216 2077 4286 pti-

472 4348 650 4390 -mutn
705 4329 773 4384 de
832 4325 1049 4381 duobus
1108 4321 1404 4393 postremis
1447 4315 1708 4370 fratribus
1760 4308 2074 4374 libandum,

485 4425 740 4481 Adriano
772 4420 1032 4474 nimirum
1057 4423 1110 4470 et
1137 4411 1468 4481 Nieephoro,
1493 4405 1906 4463 commendatos
1935 4401 2077 4456 serio

2165 3235 2241 3289 ὣν
2270 3234 2599 3305 ξυμπάντων
2631 3223 2705 3282 ῶν
2739 3224 2894 3280 αὐτοὶ
2922 3220 3232 3292 τεθεάμεθα
3271 3219 3366 3274 καὶ
3395 3215 3739 3286 δραστηριώ-

2163 3344 2353 3391 τατος,
2393 3324 2536 3378 οὓτω
2561 3319 2875 3392 πραοτάτην
2906 3315 3178 3368 ἐδείκνυτο
3201 3311 3299 3382 τὴν
3337 3307 3513 3379 ψυχὴν
3542 3308 3616 3370 ὡς
3653 3322 3742 3376 μι-

2167 3422 2301 3495 κροῦ
2338 3421 2449 3473 δεῖν
2485 3417 2578 3470 καὶ
2609 3415 2868 3482 ἀκίνητον
2908 3409 3044 3479 πρὸς
3072 3405 3240 3478 ὀργὴν
3271 3401 3463 3456 ἑαυτὸν
3498 3398 3740 3466 ἀποφαί-

2168 3489 2566 3569 νειν.οὗπωδέ
2601 3505 2700 3575 τὴν
2733 3502 2875 3574 ἥϐην
2920 3497 3167 3570 ὑπερϐὰς
3215 3493 3460 3558 ἐϐιάζετο
3495 3489 3592 3560 τὴν
3641 3505 3745 3558 μη-

2170 3606 2310 3676 τέρα
2341 3601 2427 3674 [Ρ.
2467 3596 2564 3670 2η
2593 3593 3001 3663 συνεκπέμπειν
3053 3589 3146 3644 καὶ
3195 3586 3360 3642 αὐτὸν
3386 3583 3462 3652 τῷ
3486 3579 3701 3648 ἀδελφῴ
3725 3595 3739 3609 ο

2169 3669 2363 3765 elisis;
2421 3690 2515 3745 καὶ
2553 3669 2851 3752 ίξυνείπετο
2908 3679 3084 3750 τούτῳ
3125 3672 3519 3748 στρατηγοῦντι
3553 3671 3647 3724 καὶ
3679 3669 3747 3720 τά

2169 3760 2271 3854 τῆς
2308 3779 2511 3853 ἀρετῆς
2533 3776 2640 3846 πρὸ
2663 3775 2764 3844 τῆς
2789 3770 3132 3839 τελειότητος
3157 3765 3431 3819 ἐδείκνυτο
3470 3762 3562 3815 καὶ
3580 3760 3746 3821 σάκος

2173 3847 2364 3940 φέρων
2395 3863 2493 3919 καὶ
2517 3863 2644 3934 δόρυ
2672 3858 2978 3933 κραδαίνων
3004 3857 3078 3920 ὡς
3100 3855 3318 3925 ἄριστα,
3349 3853 3441 3906 καὶ
3460 3849 3547 3903 διὰ
3576 3847 3750 3918 γλώτ-

2171 3939 2271 4030 της
2309 3952 2378 4030 ἧν
2446 3955 2702 4010 ἁπάντων
2751 3950 2933 4013 εὐθύς.
2959 3948 3042 4002 Τά
3085 3947 3186 4018 μὲν
3216 3943 3312 3998 οὖν
3356 3943 3499 3997 κατὰ
3559 3939 3748 3993 τοῦτον

2175 4048 2524 4121 ἀναμεινάτω
2551 4044 2768 4117 μικρὸν,
2799 4044 2826 4095 ὁ
2856 4042 3014 4109 λόγος
3046 4038 3090 4092 δ’
3137 4037 3346 4109 ἐχέσθω
3368 4035 3469 4098 τῆς
3505 4031 3750 4103 ἀρχῆθεν

2175 4140 2531 4204 ἀκολουθίας⁶
2587 4135 2732 4192 οὕτω
2765 4133 2876 4206 γὰρ
2938 4133 3007 4188 ἂν
3035 4131 3157 4185 καθ’
3196 4128 3389 4201 είρμδν
3440 4125 3750 4196 προϐαίνων

2177 4237 2256 4299 είς
2283 4233 2382 4296 τάς
2413 4229 2607 4285 ἐαυτοῦ
2629 4229 2988 4297 καταντήσειε
3016 4221 3242 4293 πράξεις
3275 4218 3490 4289 πρῶτον
3515 4217 3753 4284 ἐπιμνη-

2181 4326 2327 4388 σθεὶς
2374 4324 2470 4378 καὶ
2521 4321 2631 4375 τῶν
2682 4318 2889 4373 λοιπῶν
2929 4313 3199 4383 ἀδελφῶν.
3240 4312 3451 4378 Ἥστην
3480 4307 3537 4361 δὲ
3580 4304 3754 4358 τούτω

2194 4409 2476 4482 Ἀδριανός
2521 4424 2583 4460 τε
2631 4407 2726 4459 καὶ
2757 4404 3091 4474 Νικηφόρος,
3132 4395 3215 4453 οἷν
3241 4400 3274 4468 ἡ
3325 4399 3508 4469 μήτηρ
3556 4393 3754 4462 κομιδῇ

470 4517 691 4573 -amb08
749 4512 927 4567 adhuc
957 4505 1237 4580 ,Ρλΐνυιοε
1295 4519 1325 4558 ³
1371 4509 1545 4556 mall‘e
1584 4500 1754 4553 Ῑυίεεθ
1800 4494 2078 4565 magistris
2110 4499 2155 4555 Ι)
2185 4501 2326 4555 νέοιν
2373 4499 2549 4552 δντοιν
2578 4494 2933 4550 διδασκάλους
2961 4491 3306 4560 ἐπιστήσασα
3335 4487 3432 4559 τὴν
3467 4483 3753 4554 ἐγκύκλιον

502 4604 836 4666 lectissimis,
870 4598 966 4670 qui
1007 4596 1075 4651 ad
1105 4608 1325 4652 omnem
1367 4607 1462 4647 eos
1504 4589 1841 4645 eruditarum
1877 4584 2074 4637 artium

476 4699 824 4772 elegantiam
862 4708 966 4746 non
1000 4685 1366 4758 perfunctorie
1401 4684 1722 4738 formarent.

571 4767 624 4848 7'.
668 4789 916 4844 Romano
951 4785 1170 4854 Diogeni
1207 4782 1274 4835 ad
1311 4777 1675 4849 principatum
1721 4778 1928 4834 evecto,
1961 4767 2078 4822 Ma-

495 4881 631 4934 1tuel
661 4879 1064 4933 Comuenorum
1113 4880 1244 4925 natu
1277 4867 1548 4923 maximus
1599 4871 1788 4933 gratus
1812 4862 1997 4916 statim
2026 4861 2078 4914 in

499 4972 692 5044 paucis
731 4968 898 5037 coepit
923 4980 1088 5032 esse;
1121 4964 1387 5029 istiusque
1424 4958 1622 5028 pignus
1663 4953 1857 5024 gratiae
1890 4962 2080 5023 proto-

507 5061 758 5120 stratoris
803 5059 1117 5129 dignitatem
1144 5055 1386 5124 primum
1409 5090 1423 5115 ,
1461 5057 1577 5102 tum
1613 5061 1722 5101 non
1770 5046 1928 5115 longe
1960 5053 2082 5115 post

501 5168 752 5224 tempore
782 5148 1142 5204 Orientalium
1181 5143 1520 5196 exercituum
1552 5151 1863 5207 supremam
1893 5137 2085 5206 praefe-

507 5260 720 5304 cturam
777 5245 987 5298 habuit.
1040 5237 1292 5306 Trajecta
1342 5234 1508 5304 igitur
1554 5229 1886 5300 Propontide
1937 5229 2085 5283 circa

499 5341 774 5398 Galatiam
804 5327 1338 5395 morabatur,Tureis
1357 5328 1468 5396 jam
1488 5323 1874 5395 incipientibus
1889 5321 2052 5377 Orien
2066 5348 2086 5363 -

505 5437 644 5489 tales
678 5427 980 5502 depraedati
1033 5423 1305 5492 regiones.
1353 5418 1586 5486 Quinam
1621 5427 1805 5472 autem
1841 5424 1894 5472 et
1943 5414 2085 5469 unde

2183 4593 2478 4646 ἐπέταττεν
2508 4585 2927 4644 ἐκπαιδεύεσθαι
2962 4583 3262 4638 παίδευσιν.

2259 4777 2330 4838 ς’.
2360 4773 2518 4842 Ἀρτι
2558 4769 2614 4822 δέ
2637 4768 2731 4821 καὶ
2761 4763 2855 4818 τοῦ
2890 4763 3169 4831 Διογένους
3214 4755 3495 4828 Ῥωμανοῦ
3524 4753 3630 4806 τῶν
3661 4753 3759 4822 τῆς
3802 4810 3806 4813 ξ

2190 4863 2467 4936 βασιλείας
2496 4859 2699 4914 οἰάκων
2757 4854 3161 4925 ἐπειλημμένου
3218 4849 3440 4922 πρῶτος.
3461 4846 3570 4898 τῶν
3604 4843 3758 4898 ἀδελ-

2187 4933 2306 5025 ίρῶν
2338 4949 2598 5020 Μανουὴλ
2629 4947 2876 5018 ᾠκείωτο
2919 4944 2996 5014 τῷ
3034 4941 3243 5013 βασιλεῖ
3289 4938 3386 4992 καὶ
3415 4933 3761 5008 πρωτοστρά-

2186 5023 2300 5113 τωρ
2327 5041 2464 5112 πρὸς
2498 5038 2664 5093 αὑτοῦ
2717 5035 3086 5090 ἀποδέδεικτο.
3122 5031 3289 5085 Οὔπω
3319 5027 3508 5099 συχνὸς
3545 5023 3757 5094 παρερ-

2187 5133 2296 5205 ῥύη
2325 5131 2542 5202 καιρὸς,
2586 5128 2685 5184 καὶ
2724 5127 3029 5197 στρατηγὸς
3056 5121 3413 5192 αὐτοκράτωρ
3434 5117 3543 5170 τῶν
3575 5113 3761 5183 Ἐᾠων

2187 5226 2486 5296 ταγμάτων
2533 5220 2927 5292 προὺδέόλητο.
2968 5213 3310 5286 Περαιωθεὶς
3349 5210 3444 5265 οὖν
3491 5208 3588 5280 τὴν
3618 5209 3764 5278 Προ-

2188 5317 2411 5371 ποντίδα
2439 5315 2568 5384 περὶ
2603 5311 2851 5374 Γαλάτας
2905 5306 3180 5378 ηὐλίζετο,
3232 5303 3333 5375 ἤδη
3363 5301 3469 5355 τῶν
3503 5299 3766 5370 Τούρκων

2191 5409 2516 5482 ἀρξαμένων
2575 5406 2642 5461 τὰ
2710 5406 2809 5476 τῆς
2849 5399 3020 5472 Ἐᾠας
3049 5395 3357 5470 ληῖζεσθαι.
3414 5394 3571 5457 Τίνες
3599 5392 3655 5446 δὲ
3711 5391 3762 5443 oi

1765 5569 1954 5632 .Petri
1991 5566 2241 5630 Possini
2287 5576 2472 5626 noue.

504 5759 654 5800 mus.
714 5737 871 5806 Quod
926 5729 1323 5806 reprehendere
1381 5725 1579 5806 opinor
1639 5741 1800 5784 nemo
1860 5720 2082 5794 paterit,
2118 5722 2212 5792 qui
2251 5721 2353 5780 hos
2413 5714 2846 5776 commentarios
2905 5725 2959 5765 et
3001 5721 3235 5765 exteros
3297 5709 3525 5765 istorum
3555 5713 3766 5773 tempo-

501 5797 626 5869 ξυμ
657 5797 966 5880 ,εοῖψιοτοε
986 5797 1245 5871 accurate.
1268 5797 1478 5869 legerit.
