4154 6468
429 411 501 474 55
1607 410 2032 473 NICEPHORI
2070 411 2446 474 BRYENNII
3626 412 3695 475 56

430 523 506 577 sis
524 521 713 576 oculos
731 521 896 582 eruit,
947 520 1277 588 militesque,
1311 521 1404 590 qu-i
1431 522 1572 578 male
1630 535 2008 594 pugnaverant

2130 522 2317 590 ρλωσε,
2371 523 2500 586 τοὺς
2530 521 2585 576 δὲ
2633 521 2724 576 τὸν
2772 521 3022 576 κίνδυνον
3057 521 3480 593 άποδράσαντας
3533 541 3699 595 στρα-

430 613 738 670 minabatur
769 613 1135 685 ignominiose
1158 614 1539 670 traducturum
1572 631 1632 672 se
1655 617 2014 675 muliebribus

431 706 500 760 ad
546 704 842 760 ludibrium
883 705 1038 760 stolis
1077 705 1320 761 indutos.
1357 704 1475 776 Ipse
1505 707 1727 762 interim
1759 709 2015 764 armabat

432 798 845 868 iastruebatque
876 812 936 852 sc
962 798 1028 851 ad
1061 813 1173 852 rem
1217 813 1311 866 per
1361 813 1421 853 se
1460 813 1584 853 cum
1615 798 2014 870 Strangolipide

433 891 746 960 gerendam.

503 982 555 1037 9.
614 981 879 1037 Caeterum
934 984 1026 1053 qui
1093 982 1304 1054 fugaex
1343 983 1521 1053 priore
1576 985 1765 1055 praelia
1814 983 2012 1039 servati

431 1080 588 1129 erant
617 1072 838 1136 milites,
863 1083 1009 1128 metu
1037 1073 1349 1141 ignominia:
1395 1089 1458 1129 ac
1477 1074 1747 1128 minarum
1781 1072 2013 1128 Mucbu-

433 1165 597 1220 metis
665 1164 871 1234 passim
912 1163 980 1218 ad
1055 1161 1514 1234 Strangolipidem
1552 1163 2012 1235 transfugiebant,

433 1255 525 1324 qui
568 1255 761 1310 ﬁducia
799 1255 930 1310 tanti
987 1255 1350 1325 supplementi
1401 1254 1699 1310 contractis
1725 1255 1777 1308 in
1846 1271 2014 1310 unum

435 1349 606 1417 copiis
649 1348 764 1418 jam
799 1348 1054 1404 omnibus
1093 1348 1378 1416 occupavit
1429 1347 1538 1418 29
1592 1348 1656 1402 ad
1701 1347 2016 1403 Mucheme—

438 1447 543 1491 tem
577 1439 720 1494 ultro
783 1438 962 1509 ipsum
1009 1437 1285 1504 invadere,
1320 1455 1563 1510 pugnare
1609 1455 1734 1495 cum
1760 1440 1851 1495 illo
1871 1438 2018 1510 justa

435 1528 574 1594 acie,
621 1529 858 1598 totisque
901 1529 1109 1585 viribus
1147 1539 1204 1585 et
1253 1532 1442 1601 praelia
1494 1532 1798 1587 decretorio
1837 1532 2019 1601 jacere

438 1622 611 1675 aleam
640 1635 870 1676 summae
899 1622 974 1677 rei
1025 1630 1228 1677 certus.
1259 1619 1366 1677 Sed
1391 1632 1445 1678 et
1479 1623 1569 1677 ille
1594 1623 2020 1679 instructissimo

439 1714 612 1768 fretus
645 1713 914 1778 exercitu,
951 1729 1113 1785 quem
1148 1730 1179 1770 e
1213 1715 1527 1780 Saracenis,
1557 1715 1760 1782 Persis,
1781 1715 2020 1781 Cabiris.

439 1805 707 1861 Arabibus
747 1804 1078 1861 conﬂaverat
1120 1806 1434 1876 quingentis
1477 1806 1715 1874 capitum
1781 1805 2020 1862 millibus

440 1904 811 1960 constantem,
831 1896 1110 1953 adducens
1131 1913 1237 1952 una
1261 1897 1423 1952 simul
1448 1900 1676 1954 turritos
1704 1898 2023 1968 elephantos
2057 1875 2098 1930 Β

441 1997 684 2055 centum,
752 1989 993 2045 occurrit
1023 1999 1215 2045 contra
1259 1989 1647 2060 Strangolipidi
1678 2005 1871 2059 magna
1905 2005 2021 2059 spe,

441 2081 773 2151 oﬂ‘enditquc
802 2080 954 2136 illum
997 2081 1049 2136 in
1083 2082 1205 2136 loco
1242 2080 1491 2152 Aspacba
1521 2091 1740 2136 vocato.
1775 2079 1876 2135 Ubi
1910 2096 2023 2136 ma-

441 2174 561 2242 gnis
589 2173 790 2228 animis
819 2188 884 2227 ac
911 2173 1118 2227 viribus
1162 2173 1350 2242 prrelio
1384 2179 1642 2227 concerto
1683 2186 1808 2226 cum
1829 2171 2024 2225 utrimv

442 2278 546 2334 que
589 2263 744 2318 multi
790 2262 1057 2328 cecidere,
1090 2271 1204 2317 tum
1241 2262 1383 2316 inter
1410 2275 1507 2317 eos
1540 2264 1655 2331 ipse
1681 2259 2024 2327 Muchumet,

443 2369 551 2409 non
587 2369 718 2408 arcu
773 2353 1016 2422 eminus,
1071 2369 1179 2409 non
1214 2354 1366 2409 basta
1413 2355 1663 2409 cominus
1713 2351 2025 2408 confossus.

443 2449 550 2506 Sed
600 2465 723 2504 cum
773 2450 881 2504 alte
935 2463 1076 2520 equo
1132 2458 1357 2504 exstans
1419 2463 1550 2504 suos
1617 2449 1925 2504 hortaretur
1962 2448 2028 2502 ad

445 2543 711 2613 agendum
778 2541 1011 2603 fortiter,
1070 2555 1245 2610 eoque
1307 2540 1623 2610 prolabente
1661 2539 1948 2595 devolutus
1976 2540 2028 2594 in

447 2647 673 2696 terram,
724 2635 903 2688 cervix
940 2633 1040 2704 ipsi
1070 2631 1373 2696 confracta,
1430 2641 1725 2704 ereptaque
1757 2632 1866 2688 vita
1925 2642 2026 2687 est.

445 2729 735 2799 Comperta
765 2727 921 2783 ducis
962 2735 1138 2780 morte
1170 2723 1459 2780 Persarum
1491 2725 1779 2781 multitudo
1820 2725 2030 2795 reliqua

447 2821 836 2894 Strangolipidi
866 2835 924 2876 se
953 2819 1178 2875 dedidit.
1210 2819 1396 2887 Itaque
1425 2819 1472 2874 is
1497 2819 1742 2874 unanimi
1764 2819 1874 2890 jam
1900 2835 2032 2876 con-

446 2931 607 2972 sensu
636 2915 880 2970 omnium
913 2929 1005 2968 rex
1030 2912 1270 2968 Persidis
1302 2913 1656 2978 acclamatus,
1685 2914 1870 2968 statim
1894 2929 2032 2984 pra:-

446 3007 708 3071 sidiariis,
739 3007 831 3076 qui
867 3013 1089 3075 pontem
1131 3003 1328 3060 Araxis
1355 3002 1760 3068 custodiebant,
1821 3018 1884 3058 ea
1918 3010 2030 3058 sta-

448 3102 594 3154 tione
629 3099 791 3153 motis
825 3107 1040 3165 gentem
1077 3093 1382 3149 Turcorum
1417 3094 1469 3146 in
1493 3092 1772 3148 Persidem
1799 3095 2030 3155 vocavit,

2116 614 2316 678 τιώτας
2346 613 2742 687 θριαμϐεύσειν
2793 615 3062 685 ἠπείλησε
3098 615 3424 682 γυναικείας
3474 617 3700 687 περιϐε-

2117 705 2422 776 ϐλημένους
2481 705 2694 770 στολὰς,
2736 705 2900 768 αὐτὸς
2959 705 3017 758 δὲ
3066 704 3203 776 πρὸς
3264 705 3700 778 ἀντιπαράταξιν

2117 801 2516 866 καθωπλίζετο.

2189 985 2274 1056 [Ρ.
2307 981 2426 1055 23.]
2483 983 2549 1035 θ’.
2597 982 2738 1034 Ἀλλ’
2780 983 2830 1036 oi
2886 983 2984 1052 μὲν
3047 983 3162 1055 (ll)
3213 981 3543 1050 στρατιῶται
3597 981 3698 1044 τὰς

2118 1075 2332 1130 ἐκείνου
2400 1074 2797 1145 ἑνωτισάμενοι
2880 1074 3114 1137 ἀπειλὰς
3171 1072 3561 1145 προσχωροῦσι
3621 1071 3700 1143 τῷ

2121 1167 2564 1238 Στραγγολίπιδι.
2598 1166 2881 1236 Τοσαύτης
2909 1163 3005 1222 οὗν
3038 1167 3486 1238 προσγενομένης
3510 1165 3704 1236 ἐκείνῳ

2121 1261 2216 1312 καὶ
2281 1257 2619 1330 τηλικαύτης
2679 1259 2986 1329 δυνάμεως,
3059 1258 3290 1331 ἀγείρας
3345 1258 3564 1314 ᾶπαντα
3610 1258 3703 1312 τὸν

2124 1351 2354 1420 στρατὸν
2391 1349 2529 1418 πρὸς
2575 1349 2668 1405 τὸν
2724 1349 3053 1421 Μουχούμετ
3106 1350 3388 1420 ἠπείγετο,
3438 1349 3702 1420 καθολικῇ

2124 1441 2274 1513 μάχῃ
2314 1441 2565 1495 σπεύδων
2612 1443 2799 1513 κρῖναι
2841 1443 2910 1496 τὰ
2945 1441 3270 1512 πράγματα.
3315 1439 3480 1495 ⁹Λλλὰ
3507 1441 3701 1494 κάκεί-

2122 1551 2211 1595 νος
2231 1534 2582 1604 Σαρακηνοὺς
2610 1532 2967 1599 καθοπλίσας,
2996 1534 3091 1586 καὶ
3109 1533 3350 1602 Πέρσας,
3377 1534 3472 1586 καὶ
3493 1530 3702 1589 Καϐεί-

2126 1643 2274 1698 ρους,
2304 1627 2402 1681 καὶ
2437 1625 2707 1698 Ἄραϐας,
2740 1626 2835 1680 καὶ
2867 1626 3098 1696 στρατὸν
3124 1625 3544 1694 συστησάμενος
3566 1623 3696 1694 περί

2125 1739 2227 1775 που
2262 1721 2361 1784 τὰς
2391 1721 2734 1790 πεντήκοντα
2759 1720 3051 1791 μυριάδας,
3079 1719 3263 1790 φόρων
3288 1717 3346 1772 δὲ
3371 1718 3466 1772 καὶ
3493 1733 3699 1786 πυργο-

2127 1813 2328 1885 φόρους
2384 1813 2685 1882 ἐλέφαντας
2729 1813 2949 1880 ἑκατὸν,
3001 1811 3263 1865 ἔσπευδεν
3299 1811 3707 1881 ἁντιμετώπως

2129 1904 2324 1974 στῆναι
2374 1903 2453 1974 τῷ
2498 1902 2945 1974 Στραγγολίπιδι.
2989 1901 3348 1966 ’Υπαντιάζει
3390 1901 3518 1970 γοῦν
3553 1899 3706 1970 αὐτῷ

2127 1997 2268 2052 κατὰ
2287 1996 2379 2050 τὸν
2405 1996 2700 2068 λεγόμενον
2744 1995 3048 2065 ’Δσπαχᾶν,
3079 1995 3176 2048 καὶ
3199 1994 3502 2064 γενομένης
3528 1993 3709 2064 μάχης

2129 2087 2550 2160 καρτερωτάτης
2627 2087 2824 2141 ἔπεσον
2869 2087 2968 2157 μιν
3029 2086 3088 2152 EE
3139 2087 3419 2156 ἑκατέρων
3481 2083 3702 2138 πολλοί’

2128 2180 2320 2234 πίπτει
2356 2178 2414 2232 δὲ
2439 2178 2533 2232 καὶ
2567 2178 2734 2240 αὐτὸς
2763 2179 2792 2231 ό
2838 2178 3190 2248 Μουχούμετ,
3234 2176 3363 2231 οὔτε
3407 2176 3548 2246 τόξῳ
3576 2175 3709 2244 βλη-

2127 2271 2264 2336 θεὶς,
2280 2269 2407 2324 οὔτε
2430 2269 2638 2340 δόρατι,
2666 2269 2782 2324 ἀλλ’
2800 2268 3249 2340 ίφιππαζόμενος
3271 2269 3366 2323 καὶ
3395 2268 3486 2322 τὸν
3509 2269 3711 2321 οίκεῖον

2131 2359 2574 2433 παραθαρρύνων
2599 2360 2751 2424 λαὸν,
2793 2359 2887 2413 τοῦ
2917 2360 3085 2413 ίππου
3122 2359 3271 2428 αὐτῷ
3295 2358 3709 2428 όλισθήσαντος,

2133 2461 2231 2514 σὺν
2262 2458 2458 2528 ἐκείνῳ
2489 2457 2841 2528 κατενεχθεὶς
2867 2459 2946 2520 είς
2981 2456 3087 2526 γῆν
3132 2457 3227 2510 καὶ
3257 2453 3712 2526 ικτραχη).ισθεὶς

2131 2551 2432 2620 ἐτεθνήκει.
2462 2548 2667 2602 Τούτου
2697 2549 2753 2602 δὲ
2785 2548 2880 2602 καὶ
2912 2548 3309 2618 συμπεσόντος,
3342 2546 3402 2598 τὸ
3435 2546 3533 2598 σὺν
3561 2542 3713 2610 αὐτῷ

2130 2642 2242 2696 τῶν
2271 2640 2497 2712 Περσῶν
2516 2640 2722 2710 πλῆθος
2744 2639 2823 2710 τῷ
2845 2636 3270 2710 Στραγγολίπιδι
3291 2632 3711 2704 προσεχώρησε,

2133 2736 2228 2790 καὶ
2261 2737 2290 2788 ό
2352 2732 2757 2804 Στραγγολίπις
2808 2730 2916 2785 ὑπδ
2968 2729 3191 2784 πάντων
3244 2727 3408 2790 εὐθὺς
3459 2723 3715 2794 βασιλεὺς

2133 2827 2473 2898 άνηγόρευτο
2504 2826 2604 2896 τῆς
2628 2824 2909 2895 Περσίδος.
2940 2819 3306 2893 Ἀναρρηθεὶς
3344 2817 3390 2872 δ’
3430 2815 3713 2884 ἐκπέμπει

2133 2919 2230 2974 καὶ
2284 2918 2537 2988 καθαιρεῖ
2571 2916 2671 2987 τὴν
2726 2917 2784 2970 ἐν
2829 2917 2897 2986 τῇ
2931 2913 3149 2984 γεφύρᾳ.
3219 2909 3317 2964 τοῦ
3399 2907 3716 2979 ’Δρῤάξιδος

2135 3013 2385 3081 φυλακὴν
2409 3013 2504 3064 καὶ
2526 3009 2590 3063 τδ
2611 3008 2765 3070 ἔθνος
2791 3007 2901 3060 τῶν
2931 3006 3192 3076 Τούρκων
3220 3002 3360 3075 πρὸς
3391 3001 3491 3070 τὴν
3519 2998 3718 3070 Περσί-

2133 3105 2199 3158 δα
2231 3104 2409 3157 καλεῖ.
2447 3101 2672 3154 ’Δνέτου
2704 3100 2762 3153 δὲ
2792 3101 2894 3168 τῆς
2928 3100 2986 3160 ες
3022 3095 3261 3165 Περσίδα
3318 3092 3547 3161 πορείας
3579 3093 3716 3144 ἀπυ-

449 3193 621 3248 Iibero
652 3191 760 3246 illis
803 3188 1078 3259 patefacto
1108 3202 1202 3256 per
1229 3187 1428 3240 Araxis
1463 3192 1685 3254 pontem
1709 3185 1882 3240 aditu.
1909 3184 2026 3252 Qua

2135 3193 2442 3264 δειχθείσης
2472 3191 2656 3253 αὐτοῖς
2683 3191 2780 3242 καὶ
2794 3188 2896 3257 τῆς
2923 3187 3018 3241 τοῦ
3041 3183 3363 3258 Ἀρῤάειδος
3391 3182 3716 3244 διαδάσεως,

449 3283 526 3338 illi
561 3282 816 3337 facultate
837 3279 1031 3349 cupide
1058 3277 1166 3342 usi,
1193 3275 1452 3346 gregatim
1509 3275 1868 3342 emigrarunt,
1893 3290 2028 3345 pau-

2137 3281 2392 3350 ξυνέθεον
2420 3279 2773 3350 παμπληθεὶ,
2812 3276 2954 3347 πλὴν
2987 3275 3097 3330 τῶν
3135 3277 3252 3329 ὅσοι
3285 3273 3437 3341 πόθῳ
3467 3274 3565 3340 τῆς
3591 3272 3718 3324 ἑαυ-

451 3376 532 3431 cis
571 3374 799 3435 relictis,
836 3385 974 3440 quos
1001 3368 1233 3424 dulcedo
1258 3367 1460 3420 natalis
1476 3365 1598 3420 εωιί
1625 3374 1678 3420 et
1699 3367 1890 3435 patria:
1915 3368 2029 3421 cha-

2137 3372 2247 3426 τῶν
2280 3369 2543 3441 πατρίδος
2575 3365 2984 3423 ἀντεποιοῦντο.
3012 3365 3078 3419 Οἳ
3096 3364 3192 3418 καὶ
3218 3362 3540 3425 καθελόντες
3573 3361 3716 3431 Πέρ-

458 3467 592 3520 ritas
619 3463 814 3520 tenuit.
863 3459 975 3515 Nec
1017 3473 1144 3513 vero
1176 3455 1356 3511 Persa:
1388 3470 1451 3510 ac
1484 3454 1740 3509 Saraceni
1775 3455 2029 3510 adversus

2141 3479 2239 3525 σας
2267 3479 2326 3513 τε
2357 3460 2452 3514 καὶ⁵
2491 3458 2848 3529 Σαρακηνοὺς
2886 3456 3046 3511 αὐτοὶ
3080 3455 3258 3527 κύριοι
3291 3455 3389 3523 τῆς
3450 3451 3714 3524 Περσίδος

455 3559 656 3628 passim
691 3555 973 3611 altluentes
1004 3553 1181 3607 Araxe
1226 3557 1416 3620 aperto
1444 3547 1688 3603 colonias
1719 3557 1918 3602 terram
1949 3559 2029 3602 aut

2140 3555 2423 3623 γεγόνασι,
2477 3552 2766 3606 σουλτάνον
2798 3550 2913 3621 (12)
2953 3549 3047 3603 τὸν
3109 3545 3552 3618 Στραγγολίπιδα
3599 3543 3720 3597 ὀνο-

454 3647 770 3718 dignitatem
793 3657 922 3698 suas
939 3641 1190 3697 obtinere
1221 3647 1535 3709 potuerunt,
1563 3637 1690 3692 victi
1715 3637 2029 3707 spoliatiqut

2146 3644 2442 3714 μάσαντες,
2467 3645 2607 3714 ὅπερ
2629 3642 2888 3713 σημαίνει
2917 3640 3048 3711 παρ’
3075 3639 3259 3701 αὐτοῖς
3291 3637 3546 3708 βασιλεὺς
3571 3635 3725 3705 βασι-

455 3741 524 3796 ab
556 3737 880 3809 hospitibus,
913 3742 972 3789 ut
1002 3733 1160 3804 plane
1186 3731 1295 3802 jam
1323 3729 1529 3785 domini
1574 3727 1816 3786 Persidis
1870 3729 2029 3785 Turci

2147 3739 2283 3791 λέων
2311 3737 2404 3791 καὶ
2457 3736 2884 3806 παντοκράτωρ.
2922 3734 3113 3796 ῐιάσας
3145 3729 3239 3786 οὖν
3279 3730 3379 3794 τὰς
3408 3727 3586 3799 ἀρχὰς
3615 3726 3723 3780 τῶν

456 3843 660 3898 essent,
701 3830 903 3900 quibus
957 3826 1236 3884 communi
1313 3823 1489 3894 gentis
1541 3822 1761 3878 decreto
1828 3823 2029 3894 placuit

2144 3827 2371 3897 Περσῶν
2400 3827 2496 3880 καὶ
2554 3824 2896 3897 Σαρακηνῶν
2949 3822 3286 3892 ἀφελόμενος
3326 3823 3407 3885 είς
3443 3820 3724 3890 Τούρκους

459 3923 930 3996 Strangnlipidem
971 3921 1246 3977 sultauum
1291 3916 1584 3986 appellare,
1617 3930 1740 3984 quae
1764 3929 1866 3969 vox
1890 3914 2032 3985 apud
2144 3921 2475 3990 μετήνεγκε,
2500 3919 2594 3974 καὶ
2629 3918 2728 3990 τὴν
2753 3915 2990 3990 Περσίδα
3027 3917 3212 3970 πᾶσαν
3254 3914 3446 3979 αὐτοῖς
3512 3912 3726 3967 καθυπ-

456 4021 607 4088 ipsos
635 4031 814 4086 regem
847 4027 1037 4084 regum
1089 4019 1144 4066 et
1177 4010 1558 4078 imperatorem
1606 4012 1784 4060 sonat.
1811 4005 1864 4060 Is
1912 4020 2031 4062 ma-
2139 4011 2350 4078 ἐταξεν.

457 4115 718 4182 gistratus
741 4107 1205 4179 praelecturasque
1230 4099 1341 4172 30
1367 4113 1558 4154 οῐῐιηθε
1587 4095 1768 4153 PerSiB
1796 4109 2016 4170 ereptas
2053 4100 2452 4176 Saracenisque
2487 4104 2699 4162 Turcos
2732 4105 2786 4159 in
2825 4118 2958 4160 suos
2997 4100 3296 4166 transtulit,
3338 4097 3728 4168 Persidemque

457 4209 618 4278 plane
641 4203 775 4274 ipsis
798 4199 1031 4269 subjecit
1060 4194 1395 4251 universam.

531 4296 621 4352 10.
665 4294 783 4348 Dixi
843 4292 1110 4346 hactenus
1157 4298 1269 4355 quo
1309 4298 1439 4338 casu
1474 4283 1526 4336 in
1576 4279 1807 4339 Romani
1859 4285 2029 4342 limiti:

2231 4301 2283 4346 ι.
2327 4291 2466 4346 Ἀλλ’
2487 4290 2630 4344 οὕτω
2671 4289 2772 4360 μὲν
2812 4287 3104 4356 Ῥωμαίων
3136 4285 3186 4337 οί
3219 4283 3456 4354 Τοῦρκοι
3496 4283 3728 4353 γεγόνα-

459 4386 719 4443 viciniam
760 4381 924 4436 Turci
955 4373 1339 4449 processerint,
1373 4369 1661 4426 Persarum
1697 4373 1914 4442 regione
1939 4377 2024 4432 sib

2150 4403 2233 4438 σιν
2265 4386 2453 4456 ὅμοροι
2485 4385 2584 4453 τὴν
2633 4382 2859 4452 Περσῶν
2889 4381 3065 4451 ἀρχὴν
3097 4379 3486 4448 κατασχόντες.
3533 4379 3730 4444 Ἀναγ-

461 4479 743 4550 subjecta;
771 4489 878 4529 non
922 4471 1106 4525 minus
1153 4475 1334 4522 autem
1390 4461 1532 4517 forte
1572 4461 1737 4517 fuerit
1783 4479 2029 4520 necessa-

2149 4478 2306 4531 καῖον
2338 4475 2382 4528 δ’
2416 4475 2548 4538 ίσως
2611 4475 2788 4526 εἰπεῖν
2837 4472 2948 4525 κάκ
2990 4472 3147 4530 ποίας
3177 4468 3516 4538 ὁρμηθέντες
3549 4469 3731 4530 αίτίας

462 4537 606 4626 rium
646 4577 1064 4638 exponere,qua
1104 4558 1338 4629 primum
1378 4558 1667 4614 occasione
1684 4571 1860 4626 quave
1879 4573 2029 4612 causa

2162 4563 2470 4635 Ῥωμαίους
2501 4563 2762 4633 πολεμεῖν
2792 4559 3050 4630 ἤρξαντο,
3091 4537 3273 4614 καίτοι
3310 4537 3550 4622 δεδιότες
3591 4556 3730 4627 πρό-

461 4664 671 4720 bellum.
697 4657 899 4714 inferre
933 4653 1198 4709 Romanis
1221 4652 1528 4722 coeperint;
1562 4651 1706 4706 soliti
1739 4658 1896 4704 antea
1926 4646 2029 4702 for-

2147 4670 2308 4726 τερον
2343 4655 2435 4709 τὸν
2465 4657 2602 4725 πρὸς
2654 4652 2859 4714 αὐτοὺς
2909 4649 3150 4719 πόλεμον
3182 4649 3277 4702 καὶ
3314 4648 3634 4721 φρίττοντες
3665 4649 3732 4702 ἔκ

461 4756 672 4812 midare
701 4751 1001 4806 Romanam
1032 4748 1163 4812 vim,
1196 4745 1304 4800 imo
1331 4743 1718 4814 cohorrescere
1743 4741 1811 4797 ad
1841 4740 2029 4796 faman

2155 4747 2326 4818 μόνης
2378 4747 2476 4817 τῆς
2507 4747 2698 4817 φήμης
2753 4741 2824 4797 τὰ
2869 4741 2982 4796 τῶν
3031 4742 3513 4811 προηγησαμένων
3561 4738 3731 4810 τριῶν

465 4848 904 4914 memoriamque
925 4840 1096 4899 solam
1151 4840 1317 4893 trium
1357 4837 1774 4906 imperatorum,
1806 4834 1874 4890 de
1905 4849 2029 4904 quo-

2153 4839 2419 4910 βασιλέων
2471 4837 2962 4908 άνδραγαθήματα,
3023 4833 3122 4887 τοῦ
3172 4835 3340 4886 Φωκᾶ
3383 4831 3729 4901 Νικηφόρον,

463 4959 586 4999 rum
664 4935 1002 4995 facinoribus
1069 4931 1380 4995 audierant,
1442 4927 1735 5000 Nicephori
1785 4926 2029 4982 nimirun

2153 4931 2321 5001 φημὶ,
2345 4931 2439 4984 καὶ
2479 4929 2728 4984 Ἰωάννου
2750 4927 2843 4982 καὶ
2876 4926 2970 4981 τοῦ
3007 4925 3532 4997 Πορφυρογεννήτου
3569 4925 3732 4977 Βασι-

469 5037 689 5096 Phocre,
733 5026 962 5084 Joannis
1005 5033 1058 5080 et
1099 5022 1556 5095 Porphyrogeniti
1612 5018 1820 5074 Basilii.
1873 5019 2029 5073 Autu'

2151 5021 2295 5075 λείου
2317 5037 2330 5052 ο
2361 5019 2683 5074 ὑπώπτευον
2699 5019 2809 5091 γὰρ
2843 5017 2924 5072 ἔτι
2947 5016 3101 5089 παρὰ
3131 5013 3427 5084 Ῥωμαίοις
3455 5013 3730 5079 σώζεσθαι

470 5133 691 5187 mabaut
720 5127 866 5182 enim
923 5134 1276 5193 perseverare
1344 5117 1524 5175 adhuc
1559 5125 1614 5170 et
1659 5115 1842 5185 vigere
1903 5128 2029 5182 aput

2153 5111 2254 5181 τὴν
2285 5111 2510 5166 ἐκείνων
2537 5111 2740 5182 ἀρετήν
2775 5126 2837 5161 τε
2869 5110 2966 5162 καὶ
3009 5106 3268 5176 δύναμιν.
3306 5103 3414 5158 Τοῦ
3451 5106 3734 5176 Στραγγο-

1462 5247 1671 5313 Caroli
1720 5250 1818 5310 Du
1851 5249 2090 5309 Fresne
2120 5250 2220 5308 Du
2255 5247 2466 5323 Cange
2500 5251 2689 5307 notae.

534 5385 932 5462 ,(ll)__'A_.§.l'-ol
955 5383 1090 5462 μέν.
1131 5380 1204 5434 Dc
1235 5389 1411 5461 morte
1430 5386 1484 5432 et
1513 5378 1668 5462 clade
1694 5374 1938 5462 yasudi,
1971 5375 2050 5429 sic

472 5445 613 5514 idem
645 5445 982 5512 El-Macinus
1003 5454 1066 5506 A.
1096 5450 1341 5521 proxime
1365 5451 1660 5521 sequenti_:_
1688 5445 1883 5521 Eodem
1911 5461 2049 5521 anno

470 5533 672 5584 occisus
703 5529 805 5597 fuit
841 5515 1378 5597 princepsirllasudus
1409 5515 1566 5597 ﬁlius
1605 5515 1884 5597 Manmudi
1904 5556 1919 5578 ,
1951 5516 2052 5584 ﬁlii

473 5586 851 5654 Sabucta'kini'
880 5586 1402 5664 regis'tllwrosanw,
1443 5586 1634 5649 lndiw,
1667 5595 1715 5664 et
1755 5589 2054 5664 M_au_ranq_-

471 5674 640 5735 hanc,
673 5671 762 5740 qui
788 5668 888 5732 fuit
921 5655 1014 5740 {ea}
1037 5663 1191 5740 [ortis
1222 5671 1269 5713 et
1288 5670 1554 5740 strenuus,
1582 5660 1778 5737 peritus
1798 5655 2049 5740 bellandi,

472 5757 534 5792 nc
569 5729 695 5793 bene
722 5729 896 5808 T098118
927 5729 1322 5808 subditossuos
1353 5729 1772 5808 (itque_reqiorres
1792 5766 1806 5786 ,
1840 5735 1893 5808 let
1921 5743 2021 5808 stic

457 5811 628 5866 .ressit
688 5811 736 5862 ei
774 5795 962 5874 "frater
1003 5804 1117 5874 ejus
1172 5795 1459 5874 imperator
1511 5796 1850 5874 Μυίιαηιιηεά
1910 5795 2052 5874 Elius

480 5866 803 5947 illa/nundi.'
829 5876 998 5945 Porro
1025 5866 1121 5943 qui
1173 5869 1354 5927 Cabiri
1396 5867 1664 5939 Brycnuio
1707 5866 1796 5921 hic
1841 5876 1892 5922 et
1921 5866 2053 5935 St'y-

2150 5375 2291 5429 litzae
2330 5373 2610 5435 dicuntur,
2633 5371 2886 5426 videntur
2919 5369 3079 5425 iidem
3116 5383 3241 5424 cum
3265 5368 3516 5434 Cabaris,
3555 5383 3730 5439 popu-

2152 5445 2221 5500 lis
2253 5444 2527 5508 videlicet,
2561 5442 2756 5498 Turcis
2791 5439 3323 5509 Septcntrionalibus
3349 5439 3734 5505 conterminis,

2151 5530 2274 5570 cum
2311 5515 2514 5584 quibus
2546 5515 2601 5568 in
2641 5511 2918 5584 Persidem
2959 5509 3098 5584 forte
3130 5511 3480 5584 transierant.
3530 5509 3732 5584 ﬂorum

2151 5578 2414 5640 memeltit
2456 5584 2853 5639 Constantinus
2883 5580 3086 5649 Porph.
3120 5578 3195 5634 De
3219 5580 3365 5632 adm.
3395 5581 3523 5649 imp.
3555 5596 3608 5636 c.
3640 5581 3731 5634 39.

2221 5656 2334 5727 ([2)
2366 5653 2736 5727 Σουλτάνφς.
2757 5649 2897 5727 _Vide
2923 5649 3371 5727 dissertationem
3403 5665 3644 5727 nostrain
3668 5651 3734 5704 l6

2152 5718 2588 5791 ad'Jo'invillam,
2617 5722 2707 5778 ubi
2755 5721 2938 5777 locum
2975 5719 3122 5774 hunc
3177 5718 3437 5791 Bryennii
3474 5720 3724 5790 pluribus

2153 5795 2529 5868 expendimus.
