4154 6434
333 433 394 498 57
942 409 949 418 ’
1549 445 2102 508 HISTORIARUM
2145 448 2293 508 LIB.
2338 448 2392 509 ι.
2733 407 2750 420 ’
3539 444 3610 510 58

330 542 559 606 λίπιδος.
581 543 660 607 ὡς
688 544 720 599 δ
748 544 918 613 λόγος
961 547 1228 620 ἐδήλωσε,
1256 549 1357 620 τὴν
1401 551 1630 624 Περσῶν
1659 554 1923 609 ἀναδυσα-

2040 558 2306 613 Romanos
2338 557 2594 611 virtutem
2625 563 2680 610 et
2706 554 3004 626 potentiam
3031 540 3608 626 istorumfPestquam

335 637 496 709 μένου
531 635 838 707 βασιλείαν,
892 641 990 694 καὶ
1024 640 1258 696 πλούτου
1297 641 1496 697 πολλοῦ
1529 646 1626 698 καὶ
1657 661 1922 717 στρατευ-

338 730 522 801 μάτων
549 730 862 801 ἐγκρατοῦς
886 733 1190 802 γενομένου
1222 734 1319 789 καὶ
1347 735 1417 790 τὰ
1453 737 1793 808 Σαρακηνῶν
1820 755 1920 791 τα-

338 823 722 887 πεινώσαντος,
790 824 843 877 οἳ
898 827 1031 896 πρὶν
1111 825 1444 896 ὁμοροῦντες
1519 828 1762 898 Πέρσαις
1827 827 1922 881 καὶ

337 914 704 985 πολεμοῦντες
763 914 854 987 [Ρ.
877 916 979 989 24]
1010 919 1149 988 πρὸς
1178 919 1271 972 τὴν
1307 917 1660 990 ἢίουχούμετ,
1687 920 1922 984 σπονδὰς

337 1005 478 1075 πρὸς
514 1004 787 1075 ἀλλήλους
821 1006 1142 1076 ποιούμενοι
1173 1007 1412 1078 πόλεμον
1451 1009 1730 1080 ἐμελέτων
1775 1012 1920 1064 κατὰ

337 1096 591 1167 Περσῶν.
628 1097 796 1150 Ἀλλὰ
835 1098 997 1152 τοῦτο
1047 1102 1321 1169 προγνοὺς
1369 1103 1580 1165 ἐκεῖνος
1625 1102 1766 1173 πρὸς
1818 1102 1920 1171 μὲν

337 1188 718 1261 Πισσασύριον
743 1189 862 1262 (1⁸5)
890 1191 984 1244 τὸν
1012 1191 1336 1257 Βαϐυλῶνος
1371 1193 1608 1263 ἄρχοντα
1640 1193 1806 1256 αὐτὸς
1853 1193 1920 1246 δι’

337 1282 538 1337 ἑαυτοῦ
569 1283 934 1354 παρετάξατο,
976 1283 1256 1354 διαφόροις
1289 1285 1493 1356 μάχαις
1530 1285 1724 1340 τοῦτον
1755 1285 1923 1355 ἡττή-

341 1393 441 1439 σας
469 1378 567 1430 καὶ
599 1375 803 1430 ἀνελὼν
830 1375 1022 1448 κύριος
1072 1378 1169 1432 καὶ
1214 1379 1317 1448 τῆς
1348 1379 1712 1434 Βαϐυλωνίων
1768 1379 1925 1444 ἐξου-

340 1471 466 1531 σίας
503 1469 743 1537 ἐγένετο.
781 1469 924 1540 Πρὸς
951 1469 1008 1524 δὲ
1039 1472 1343 1542 Καρμεσῆν
1370 1471 1485 1542 (Μ)
1537 1471 1630 1524 τὸν
1659 1470 1770 1524 τῶν
1833 1471 1924 1524 Ἀ-

341 1559 570 1633 ῤῥάϐων
630 1561 872 1632 ἀρχηγὸν
902 1561 998 1614 καὶ
1046 1561 1432 1632 Κουτλουμοῦν
1492 1561 1773 1632 ἐκπέμπει
1832 1563 1923 1614 τδν

341 1653 438 1706 τοῦ
473 1651 676 1705 οἰκείου
708 1652 1089 1722 πατραδέλφου
1130 1653 1266 1719 υἱὸν,
1312 1655 1474 1724 χεῖρα
1503 1653 1730 1724 βαρεῖαν
1773 1650 1924 1722 αὑτῷ

343 1743 505 1807 δοῦς’
577 1743 638 1807 ὃς
697 1741 950 1798 ἀπελθὼν
1003 1741 1097 1796 καὶ
1150 1745 1266 1807 τοῖς
1341 1742 1553 1815 ιἈραψι
1626 1739 1925 1812 συμϐαλὼν

343 1835 559 1907 ἡττήθη
586 1851 645 1888 τε
680 1835 774 1888 καὶ
816 1833 1076 1905 αἴσχιστα
1130 1833 1356 1904 ἔφυγεν.
1393 1833 1668 1888 Ἐπανιὼν
1698 1832 1743 1886 δ’
1779 1834 1923 1886 ἐκεῖ·

345 1896 442 1981 όεν
467 1896 565 1980 καί
592 1927 804 1998 μέλλων
831 1896 1027 1980 διιέναι
1055 1925 1144 1979 διὰ
1319 1927 1520 1996 Μήδων
1561 1925 1795 1996 ἔγγιστα
1827 1924 1925 1980 τοῦ
1956 1896 2006 1954 ’Β

345 2023 496 2086 Bac};
530 2021 996 2092 στρατοπεδεῦσαι
1026 2019 1207 2092 ἠθελε.
1247 2020 1446 2085 Δεδιὼς
1500 2022 1560 2076 δὲ
1609 2021 1924 2091 Ῥωμαίους

345 2113 755 2185 ὲγκρατοῦντας
792 2113 914 2166 τότε
973 2111 1192 2182 Μηδίας
1233 2111 1598 2182 πρεσϐεύεται
1659 2112 1798 2181 πρὸς
1839 2112 1931 2165 τὸν

342 2205 448 2275 τῆς
471 2204 660 2276 χώρας
689 2202 928 2276 ἄρχοντα
959 2198 1050 2275 (ἦν
1090 2203 1147 2256 δὲ
1176 2203 1298 2257 τότε
1333 2204 1548 2274 Μηδίας
1583 2203 1769 2275 ἄρχων
1791 2204 1929 2256 Στέ-

344 2314 521 2369 φανος
570 2300 602 2350 ὁ
631 2295 1052 2350 Κωνσταντίνσυ
1097 2295 1194 2348 τοῦ
1246 2296 1827 2367 παραδυναστεύοντος
1854 2296 1934 2367 τῷ

345 2391 474 2444 τότε
512 2387 745 2460 βασιλεῖ,
777 2387 837 2440 δν
864 2387 962 2440 καὶ
992 2387 1313 2442 Δεικουδίαν
1344 2387 1600 2452 ἐκάλουν,
1639 2387 1782 2450 Gaio;
1803 2385 1930 2458 [It]),

346 2478 523 2544 ἀξιῶν
551 2477 976 2548 συγχωρηθῆναι
1008 2477 1060 2530 oi
1094 2477 1194 2546 τὴν
1233 2475 1401 2530 δίοδον
1435 2478 1531 2530 καὶ
1562 2476 1936 2546 ὑπισχνούμε⁴

356 2590 520 2643 μενος
542 2573 821 2642 ἄψαυστον
860 2571 956 2625 καὶ
997 2569 1161 2640 ἀσινῆ
1199 2571 1301 2640 τὴν
1337 2569 1525 2641 χώραν
1575 2570 1933 2640 διατηρῆσαι.

364 2666 427 2718 Ὀ
461 2665 522 2718 δὲ
553 2666 666 2727 τοῖς
693 2663 996 2733 πρέσϐεσιν
1036 2663 1281 2733 ἐντυχὼν
1312 2663 1408 2716 καὶ
1453 2663 1554 2733 τὴν
1586 2663 1937 2735 παράκλησιν

351 2755 561 2809 δειλίαν
606 2749 746 2808 εἴναι
781 2755 1159 2820 ὕποτοπάσας,
1195 2755 1288 2808 τὸν
1346 2753 1618 2826 ἐγχώριον
1671 2757 1937 2826 ἁθροίσας

356 2847 594 2918 στρατὸν
661 2845 970 2915 συμϐάλλει
1018 2849 1132 2909 τοῖς
1173 2844 1442 2914 Τούρκοις
1497 2848 1940 2918 ἀπειροπόλεμος

353 2936 431 2992 ὣν
504 2937 1019 3008 ἐμπειροπολέμοις.
1085 2937 1192 2990 Καὶ
1249 2937 1415 3007 μηδέν
1465 2955 1516 2990 τι
1583 2939 1733 3002 ἄξιον
1778 2939 1939 3007 λόγου

352 3027 803 3100 διαπραξάμενος
820 3026 1187 3098 ἡττᾶταιᾶμα
1204 3030 1271 3098 τῇ
1294 3027 1560 3098 συμϐολῇ,
1584 3030 1679 3082 καὶ
1708 3029 1944 3082 πίπτου-

355 3139 412 3175 σι
442 3123 544 3191 μὲν
593 3120 777 3189 συχνο)⁸
821 3119 932 3173 τῶν
973 3115 1283 3188 Ῥωμαίων,
1333 3119 1478 3173 ἑάλω
1507 3119 1563 3173 δὲ
1610 3121 1707 3173 καὶ
1751 3122 1939 3184 αὐτός.

2026 645 2402 717 Strangolipes
2441 645 2750 714 imperium,
2788 646 2866 701 uti
2896 647 3160 710 diximus,
3217 645 3446 717 adeptus
3474 647 3606 704 Per-

2023 739 2196 793 sicum
2258 751 2537 808 epumque
2589 737 2886 792 multarum
2926 746 2981 792 et
3015 737 3361 793 exercituum
3415 747 3608 808 potens

2024 845 2114 886 res
2180 830 2579 885 Saracenorum
2658 830 2948 899 depressit,
2997 829 3243 885 ﬁnitima:
3317 828 3610 886 Persarum

2025 930 2233 992 gentes,
2276 922 2476 992 quibus
2507 922 2723 976 fuerant
2757 928 2916 976 antea
2961 936 3087 975 cum
3119 921 3462 975 Muchumete
3485 937 3613 976 con-

2028 1014 2323 1074 troversiae,
2345 1011 2640 1068 concordia
2669 1012 2810 1066 inter
2845 1012 3076 1078 seinita,
3104 1012 3303 1067 bellum
3339 1013 3394 1065 in
3417 1010 3614 1067 Persas

2025 1105 2452 1160 meditabantur.
2484 1103 2541 1158 Id
2577 1103 2668 1158 ille
2695 1113 2911 1159 mature
2946 1103 3189 1159 sentiens
3246 1103 3612 1173 Pissasyrium

2025 1198 2249 1266 quidem
2293 1197 2719 1268 Babyloniorum
2768 1197 3069 1267 principem
3103 1195 3206 1250 sibi
3245 1196 3481 1266 sumpsit
3510 1197 3614 1265 ipsi

2027 1290 2433 1345 debellandum.
2484 1287 2658 1355 Quem
2687 1301 2742 1344 et
2800 1303 3134 1359 congressus
3182 1288 3350 1342 variis
3415 1288 3618 1358 praeliis

2027 1380 2158 1435 vicit
2220 1390 2274 1435 et
2300 1379 2366 1434 ad
2408 1388 2715 1433 extremum
2747 1378 3043 1444 interfecit,
3105 1380 3343 1447 potentia
3385 1378 3618 1449 Babylo—

2027 1475 2244 1528 nierum
2273 1473 2525 1526 universa
2579 1487 2738 1526 suum
2781 1472 2831 1525 iu
2863 1470 3165 1525 dominium
3201 1470 3481 1525 translata.
3510 1469 3621 1527 Ad-

2027 1579 2221 1619 versus
2269 1562 2561 1618 Carmesen
2609 1578 2736 1617 vero
2771 1563 2964 1617 ducem
3009 1563 3248 1617 Arabum
3301 1561 3618 1617 Cutlumum

2030 1657 2180 1712 misit
2229 1656 2403 1726 patrui
2484 1655 2570 1711 sui
2621 1655 2793 1709 filium
2856 1669 2981 1710 cum
3029 1670 3193 1708 manu
3254 1655 3453 1720 valida,
3525 1654 3620 1722 qui

2033 1745 2331 1816 profectus,
2361 1745 2660 1799 commisso
2719 1759 2844 1799 eum
2892 1743 3166 1799 Arabibus
3217 1745 3408 1813 praelio
3443 1746 3621 1800 victus

2032 1838 2350 1908 turpissime
2395 1836 2552 1906 fugit.
2614 1835 2742 1890 Inde
2796 1845 3077 1890 revertens
3143 1836 3480 1890 transiturus
3526 1852 3623 1905 per

2033 1926 2312 1981 Medorum
2334 1933 2559 1994 terram,
2581 1925 2830 1994 proxime
2856 1924 3088 1980 Bassum
3128 1928 3343 1980 munire
3380 1926 3484 1996 31
3526 1941 3623 1980 ca-

2031 2029 2144 2074 stra
2192 2017 2380 2073 voluit.
2436 2017 2658 2073 Veritus
2714 2026 2897 2071 autem
2958 2015 3239 2073 Romanos
3302 2019 3616 2073 obtinentes

2032 2125 2149 2168 tum
2182 2111 2436 2175 Mediam,
2466 2110 2672 2181 legatos
2697 2109 2861 2164 mittit
2889 2109 2957 2163 ad
2988 2119 3275 2179 prmterem
3299 2112 3622 2178 provinciae.

2033 2205 2164 2260 Erat
2188 2206 2236 2260 is
2278 2203 2547 2275 patricius
2585 2201 2899 2273 Stephanus
2948 2202 3297 2258 Constantini
3343 2203 3623 2258 Liehndite

2034 2295 2427 2365 cognominati,
2489 2294 2583 2364 qui
2633 2293 2926 2362 plurimum
2971 2295 3112 2362 apud
3157 2303 3288 2348 tunc
3348 2293 3624 2362 imperan-

2039 2398 2146 2443 tem
2181 2396 2418 2458 poterat,
2444 2386 2610 2440 tilius.
2645 2384 2866 2439 Petebat
2888 2385 3090 2456 legatio
3115 2386 3358 2440 Cutlumi
3391 2387 3620 2440 liberum

2037 2480 2352 2544 transitum,
2396 2478 2663 2548 pollicens
2695 2477 2978 2532 innoxium
3016 2478 3154 2534 fore.
3209 2478 3412 2533 Praetor
3437 2479 3624 2532 audita

2037 2571 2438 2643 supplicatione
2478 2571 2782 2639 legatorum
2843 2583 2909 2624 ex
2950 2570 3291 2625 conscientia
3321 2569 3624 2624 debilitatis

2039 2668 2362 2726 modestiam
2393 2681 2515 2722 esse
2543 2667 2702 2722 istam
2755 2666 3141 2735 interpretans,
3199 2667 3371 2736 cepiis
3403 2666 3626 2734 provin-

2040 2764 2138 2817 ciae
2185 2761 2506 2822 contractis,
2567 2769 2774 2814 temere
2819 2759 2989 2813 homo
3045 2759 3494 2828 imperitissimus
3546 2760 3620 2812 rei

2040 2853 2270 2915 bellicas,
2321 2851 2568 2920 ρι-ιειίιιπι
2609 2849 2911 2920 praecipitat
2955 2865 3079 2906 cum
3131 2850 3627 2919 experientissimis

2042 2959 2319 3000 armorum
2365 2941 2584 3007 Turcis,
2633 2950 2689 2996 et
2734 2943 2880 3010 quod
2915 2951 3031 2996 erat
3056 2950 3510 3007 consentaneum,
3569 2956 3629 2997 re

2043 3035 2281 3106 pessime
2311 3043 2460 3104 gesta
2512 3033 2692 3088 victus
2711 3041 2818 3098 est,
2847 3033 3046 3088 occisis
3087 3032 3462 3087 Romanorum
3505 3033 3628 3104 plu-

2045 3127 2202 3181 rimis
2255 3133 2528 3195 captoque
2560 3125 2677 3193 ipse
2723 3125 2884 3189 duce,
2936 3139 3100 3195 quem
3134 3125 3450 3188 Cutlumus.
3505 3141 3629 3180 cum

371 3213 536 3269 Ἀλλὰ
567 3211 756 3267 τοῦτον
808 3210 909 3282 μὲν
936 3211 968 3265 ὁ
1019 3209 1408 3284 Κουτλουμοῢς
1448 3212 1747 3284 γενόμενος
1793 3215 1936 3268 κατὰ

2042 3218 2280 3274 Brisium
2340 3216 2700 3288 pervenisset,
2725 3216 2800 3271 ibi
2840 3217 3104 3283 vendidit,
3145 3231 3513 3287 reversusque
3561 3217 3628 3271 ad

1391 3349 1601 3416 Caroli
1635 3354 1733 3415 Du
1766 3355 2009 3417 Fresne
2050 3357 2144 3419 Du
2179 3356 2392 3434 Gange
2423 3361 2610 3417 notae.

429 3493 546 3564 (l3)
581 3494 1042 3567 Htaaao'tiptor._
1078 3492 1348 3567 F_uit_ille
1400 3497 1614 3567 origine
1665 3505 1719 3551 et
1778 3507 1938 3567 gente

355 3563 596 3628 Tutcus,
626 3577 958 3633 vocaturque
996 3565 1066 3620 ab
1104 3565 1430 3629 El-Macine,
1466 3563 1739 3622 Rustanus
1773 3563 1942 3622 Abul-

354 3636 568 3707 Itaritus
619 3635 946 3707 Mutamrus,
990 3647 1355 3707 cognomento
1407 3637 1759 3707 Qasasareus,
1786 3649 1839 3692 et
1884 3639 1938 3692 in

355 3704 640 3758 Chronico
673 3703 933 3760 Orientali
967 3707 1037 3760 ab
1063 3703 1384 3760 'Abrahame
1424 3705 1730 3763 Ecbellensi
1766 3709 1934 3770 edito,

357 3774 672 3849 B_asusiru§,
694 3792 758 3849 ex
791 3791 900 3846 quo
922 3775 1326 3849 _Pigssa_ssyrium
1349 3777 1706 3849 confecerunt
1735 3778 1908 3849 Bryen
1925 3805 1940 3816 -

2045 3508 2309 3570 percepto
2342 3501 2603 3563 adventu,
2637 3498 3136 3570 Mustanserebellze
3166 3497 3384 3570 Egypti
3425 3497 3631 3552 domini
3729 3499 3733 3503 ’

2049 3568 2358 3625 subsidium
2409 3570 2741 3638 imploravit.
2783 3568 3158 3639 Togrnlbecus
3212 3568 3429 3639 interim
3474 3577 3636 3637 capto

2047 3637 2544 3705 Melec—Rachime,
2571 3652 2623 3696 et
2653 3640 2706 3693 in
2748 3637 2994 3694 ordinem
3047 3641 3302 3701 redacto,
3339 3637 3528 3692 urbem
3575 3647 3632 3691 ct

2048 3725 2362 3778 supremam
2412 3709 2804 3778 principatum,
2859 3725 3021 3777 quem
3085 3717 3374 3763 tenuerant
3419 3708 3628 3769 Boiitm,

2047 3780 2151 3835 sibi
2213 3780 2494 3844 asseruit,
2554 3781 2678 3833 data
2727 3780 2778 3831 in
2853 3794 3080 3832 uxorem
3138 3779 3347 3845 caliplta
3410 3778 3627 3846 propria

358 3846 488 3898 nius
519 3855 575 3900 et
608 3844 891 3916 Scylitzes.
922 3845 970 3900 Is
997 3847 1051 3900 in
1075 3845 1303 3914 Geraca,
1337 3862 1433 3902 seu
1458 3847 1710 3902 Cbaldaa
1742 3844 1939 3918 potens
1965 3851 2010 3914 C
2043 3865 2256 3911 sorore,
2282 3852 2346 3904 A.
2391 3849 2466 3903 lle
2508 3889 2522 3903 .
2545 3849 2673 3910 447,
2707 3848 2838 3902 Clir.
2869 3849 3028 3903 l055.
3066 3844 3265 3902 Verum
3295 3844 3630 3907 Basasareus

358 3913 544 3969 factus
570 3955 586 3972 .
646 3917 1035 3972 mesnerisene
1072 3917 1250 3972 elatus
1306 3932 1490 3972 rerum
1548 3919 1937 3972 successibus.
2011 3921 2137 3972 ‘eui
2172 3920 2425 3972 desertus
2469 3866 2652 3972 fuerat
2678 3934 2708 3972 a
2734 3918 2872 3972 suis.
2914 3918 3418 3972 Mnstanserobella-
3463 3933 3630 3972 ent-ra

357 3913 586 3980 factus,
646 3913 1035 3986 prosperisque
1072 3917 1250 3972 elatus
1306 3932 1490 3972 rerum
1548 3913 1937 3982 successibus,

359 3986 642 4058 regionem
676 4000 783 4040 non
812 4001 914 4058 suo
966 3987 1236 4041 duntaxat
1273 3989 1509 4042 asseruit
1555 3989 1806 4058 imperio,
1842 3989 1938 4043 sed

355 4063 414 4134 et
445 4055 722 4134 Arabibus
742 4066 796 4111 et
815 4056 1109 4112 Saracenis
1128 4065 1338 4112 terrore
1357 4059 1606 4134 incusso,
1623 4055 1937 4134 supremam

358 4124 416 4178 in
473 4124 796 4189 Boiitarum,
848 4142 1085 4197 quorum
1139 4142 1264 4182 mox
1332 4129 1594 4192 memini,
1641 4124 1938 4194 provinciis

359 4203 689 4264 potestatem
717 4197 821 4252 sibi
868 4197 1209 4252 vindicavit:
1247 4198 1320 4252 ita
1362 4208 1422 4253 ut
1456 4213 1582 4252 cum
1621 4198 1940 4254 Melec-Ra-

354 4264 548 4336 chimo
591 4275 783 4336 praeter
817 4281 1030 4321 merum
1087 4267 1302 4321 titulum
1375 4268 1510 4321 nihil
1573 4278 1826 4332 restaret,
1867 4269 1936 4324 de

357 4334 506 4408 ipsa_
532 4334 796 4408 cogitaret
847 4336 1150 4408 invadenda
1197 4337 1532 4408 Bagdadensi
1578 4340 1740 4404 urbe,
1775 4348 1830 4392 et
1867 4353 1934 4393 ex

357 4418 423 4482 ea
472 4404 793 4482 depellenda
815 4407 1048 4482 calipltth
1083 4406 1239 4482 Quod
1278 4404 1428 4463 'cum
1464 4410 1726 4482 rescisset
1745 4408 1938 4465 Caim-

359 4473 635 4549 biamrilla
679 4473 944 4549 galipha,
1005 4477 1406 4547 Tegrulbecutn
1439 4480 1706 4549 evocavit,
1749 4495 1860 4549 quo
1884 4493 1943 4532 se

357 4544 627 4603 adversus
675 4544 1036 4603 Basasareum
1094 4544 1388 4614 tueretur,
1443 4551 1538 4620 qui
1608 4544 1941 4620 Togrulbeci

2011 3937 2016 3941 ί
2042 3921 2137 3990 qui
2172 3920 2425 3974 desertus

2533 3927 2708 3975 erata
2734 3918 2872 3982 suis,
2914 3918 3418 3973 Mnstanserebellzr
3463 3933 3630 3985 opt-ra

2039 3986 2095 4045 et
2131 3991 2361 4052 auxilio,
2414 4005 2576 4059 quem
2626 3989 2900 4059 calipham
2924 3989 3372 4059 renuntiaverat,
3411 3986 3627 4059 Bagda-

2039 4061 2170 4115 dum
2198 4057 2444 4121 adortus,
2481 4059 2700 4129 vi_cepit
2729 4059 2794 4114 Α.
2822 4057 2953 4129 Heg.
2980 4057 3104 4122 £50,
3130 4057 3632 4129 eaqueeslpotitus

2038 4145 2136 4200 per
2164 4145 2395 4194 annum,
2437 4145 2468 4184 a
2519 4127 2882 4200 Togrulbeco,
2910 4127 3010 4199 qui
3055 4142 3250 4182 recens
3274 4127 3628 4200 ibraltimum

2042 4197 2265 4254 fratrem
2289 4197 2642 4254 rebellantem
2668 4199 2812 4253 bello
2836 4197 3214 4267 prostraverat
3263 4197 3431 4268 (quod
3463 4197 3630 4249 etiam

2046 4270 2230 4340 attigit
2281 4269 2546 4340 Srylitzes
2575 4284 2628 4338 p.
2666 4269 2791 4338 788)
2823 4269 2959 4324 urbe
2993 4269 3230 4339 primum
3281 4268 3630 4340 exturbatus,

2045 4338 2266 4394 tandem
2285 4338 2468 4408 praelio
2489 4339 2668 4406 fusus,
2690 4347 2744 4394 et
2762 4342 2881 4395 neci
2912 4338 3070 4394 datus
3087 4349 3191 4402 est,
3215 4353 3358 4392 anno
3386 4338 3633 4407 proxime

2051 4413 2328 4467 sequenti.

2115 4426 2610 4551 ῗίιῗίιὲαρμεσ-ῆν.
2648 4478 2848 4534 Eadem
2897 4478 3101 4551 habent
3136 4477 3403 4549 Scylitzcs
3429 4486 3486 4530 et
3530 4475 3635 4531 Zo-

2052 4549 2240 4606 naras.
2275 4550 2350 4606 De
2384 4551 2638 4606 Cutlumo
2684 4551 2935 4606 dicemus
2982 4549 3125 4605 infra
3156 4552 3220 4604 ad
3256 4551 3292 4603 ι.
3334 4564 3416 4614 ιιι,
3451 4565 3508 4602 ιι.
3543 4551 3630 4601 tti.

1642 4687 1812 4748 Petri
1851 4687 2103 4751 Pessini
2147 4697 2336 4751 neten.

432 4814 512 4886 (Ιι)
540 4812 891 4886 ΔΠαιτρῖκιος
945 4811 1252 4886 Στέφανος
1319 4816 1782 4886 Κωνστανζινου
1837 4816 1945 4870 τοῦ

354 4882 1009 4954 παραδυναστεύοντος
1059 4882 1140 4950 τῷ
1192 4887 1326 4939 τότε
1380 4885 1652 4951 βασιλεῖ,
1709 4886 1782 4939 ὃν
1845 4887 1946 4940 καὶ

355 4952 722 5012 Δεὶκουδίαν
750 4952 1037 5019 ἐκάλουν,
1083 4957 1234 5019 υἱός.
1268 4957 1359 5011 Sic
1405 4957 1749 5012 restituimus
1799 4957 1947 5013 hunc

356 5030 548 5082 locum
573 5039 636 5095 ex
656 5022 910 5095 Cedreno
940 5040 1065 5094 pag.
1108 5025 1208 5078 769
1233 5027 1368 5080 edit.
1403 5043 1516 5095 reg.
1542 5025 1738 5080 Noster
1767 5030 1942 5082 codex

353 5100 441 5152 sic
511 5092 790 5148 habebat:
832 5092 1106 5161 Στὲξρανος
1161 5098 1251 5148 καὶ
1303 5098 1330 5148 ὁ
1377 5092 1788 5160 Κωνσταντῖνος
1846 5097 1940 5148 τοῦ

355 5163 932 5235 παραδυναστεύοντος
963 5161 1192 5235 τῷ-τότε
1239 5164 1467 5235 βασιλεῖ,
1497 5167 1556 5219 ὃν
1589 5169 1684 5220 καὶ
1721 5169 1946 5220 Λεικου-

2052 4819 2265 4873 videtur
2316 4816 2467 4872 enim
2519 4816 2654 4872 nihil
2719 4815 2824 4870 nisi
2927 4829 3233 4884 cognomen
3288 4813 3634 4866 Cetistantini

2049 4903 2194 4947 esse,
2232 4888 2525 4940 articulum
2567 4902 2693 4939 Vero
2748 4885 3067 4939 femininum
3123 4899 3216 4947 per
3271 4899 3515 4937 errorem
3559 4885 3637 4937 ir-

2047 4958 2290 5026 repsisse
2332 4959 2385 5010 in
2432 4957 2664 5012 Cedreni
2713 4964 3052 5010 contextum.
3088 4955 3224 5026 Nam
3265 4955 3427 5020 paulo
3471 4969 3636 5026 supe-

2048 5025 2166 5084 rius
2234 5028 2376 5081 idem
2437 5026 2718 5082 Cedrenns
2779 5028 3069 5093 imperium
3129 5025 3448 5078 describens
3487 5025 3637 5078 (lon-

2048 5097 2279 5152 stantini
2319 5095 2662 5150 Menemachi
2693 5111 2814 5164 pag.
2846 5095 2951 5148 763
2983 5096 3115 5148 edit.
3149 5110 3261 5158 reg.
3292 5095 3372 5149 sic
3399 5096 3588 5149 scribit
3620 5113 3634 5148 :

2059 5169 2120 5220 '0
2175 5169 2584 5229 Κωνσταντῖνος
2639 5167 2767 5236 τὴνᾲ
2806 5167 3136 5236 ἐπωνυμίαν
3205 5165 3504 5236 Aetate-.367];
3565 5167 3635 5236 τὲ

352 5233 478 5317 δίας
515 5233 766 5317 ἐκάλουν.
801 5233 966 5317 θεῖος.
1001 5233 1056 5287 Si
1095 5233 1445 5317 per._libr.arii
1482 5239 1654 5317 nostri
1714 5247 1794 5317 tot
1839 5253 1936 5290 ex—

2052 5237 2242 5317 πρξότα
2269 5238 2404 5317 Δτότε
2456 5233 2894 5317 παρὰ-ξασιλέιρς
2939 5235 3144 5317 φέρων,
3181 5235 3276 5287 καὶ
3316 5233 3638 5317 μέγατξμρὰ

355 5321 428 5374 pe
461 5304 686 5376 ignentis
715 5314 1052 5371 compertam
1085 5305 1432 5376 oscitantiam
1461 5316 1610 5362 certe
1658 5307 1790 5361 mihi
1821 5322 1944 5376 per-

353 5374 594 5430 suadere
642 5387 876 5445 pessem_
917 5389 1104 5445 reccm
1155 5374 1296 5436 θεῖος
1329 5392 1356 5428 a
1391 5375 1659 5444 Bryenuio
1707 5374 1942 5445 positam

355 5446 466 5499 huc
497 5445 621 5498 loco
673 5457 780 5498 non
814 5442 1160 5514 dubitarem
1202 5445 1368 5514 lmjns
1418 5442 1802 5501 auctoritatem
1839 5446 1943 5501 Ce—

353 5515 510 5569 dreni
550 5512 864 5568 testimonio
905 5513 1181 5581 praeferre,
1212 5512 1630 5584 ct‘Stepbanum
1669 5517 1944 5571 Constan-

356 5584 469 5658 tini
513 5594 770 5658 patruum
801 5593 920 5658 “aut
955 5585 1284 5658 avunculum
1345 5587 1547 5658 dicere.
1583 5585 1857 5658 Xylander
1892 5589 1945 5639 in

356 5654 598 5709 netis'a-l
623 5669 751 5709 eum
792 5654 1024 5708 Cedreni
1069 5655 1246 5709 locum
1293 5656 1613 5718 Λεικουδίας
1631 5654 1824 5712 vocem
1855 5658 1947 5712 hic

355 5725 589 5791 positam
617 5733 778 5779 terrae
813 5732 909 5776 aut
941 5725 1164 5796 ditionis
1208 5743 1405 5781 nenicn
1455 5742 1575 5782 esse
1620 5736 1794 5796 putat,
1827 5745 1944 5782 me-

272 5823 276 5826 ~
356 5797 464 5866 rite
496 5797 879 5866 reprehensus
925 5807 952 5844 a
1001 5794 1180 5866 Goare
1222 5813 1234 5848 :
1271 5797 1364 5866 qui
1413 5806 1592 5850 tamen
1621 5794 1788 5851 Torte
1837 5813 1944 5852 non

360 5863 574 5925 felicius
645 5864 975 5922 Lichudiam
1031 5865 1208 5921 fuisse
1279 5863 1562 5924 mulierem
1627 5868 1941 5935 existimat;

2050 5308 2226 5377 τούτῳ
2264 5305 2585 5374 δυνάμενος.
2622 5305 2696 5358 Ex
2737 5307 2938 5374 quibus
2992 5306 3168 5374 primo
3217 5317 3443 5377 apparet
3495 5305 3634 5360 Con-

2052 5375 2354 5432 smntiunm
2419 5377 2583 5431 isllllll
2642 5378 2942 5444 gratiosum
3016 5377 3156 5445 apud
3212 5375 3633 5430 Constantinum

2054 5447 2472 5500 Meuemachum
2505 5457 2635 5500 tunc
2670 5449 3050 5514 imperantem,
3080 5447 3147 5499 ab
3179 5461 3244 5500 eo
3271 5455 3638 5515 cognomento

2055 5515 2334 5578 Lichudse,
2392 5520 2505 5570 sive
2561 5515 2836 5570 lﬁcliudiu‘.
2887 5517 3057 5570 fuisse
3133 5514 3474 5569 diStinctum.
3536 5514 3636 5567 Se-

2057 5587 2256 5646 cunde,
2288 5587 2609 5655 intelligitur
2649 5586 2776 5654 quid
2808 5587 2892 5638 hic
2927 5589 2997 5639 sit
3031 5583 3523 5655 napzourastsu'ew
3555 5583 3632 5650 τῷ

2053 5660 2174 5709 τότε
2208 5657 2436 5726 βασιλεῖ,
2467 5671 2658 5725 nempe
2684 5659 2735 5708 in
2772 5657 2948 5726 gratia
2972 5672 3110 5716 esse,
3131 5668 3182 5706 et
3220 5655 3444 5726 inuitum
3475 5667 3634 5717 posse

2054 5729 2194 5796 apud
2211 5725 2360 5796 cum,
2378 5737 2433 5781 ut
2453 5729 2649 5779 mirum
2671 5727 2740 5796 sit
2755 5728 2898 5792 quod
2916 5725 3189 5796 Xylandcr
3205 5725 3450 5776 adnotat,
3465 5736 3634 5789 napa-

2052 5795 2396 5850 δυναστεύων
2439 5795 2720 5868 dignitatis
2765 5810 2863 5851 sett
2894 5795 3249 5864 magistratus
3295 5802 3494 5844 nomen
3533 5808 3635 5862 pu-

2052 5868 2179 5923 tari.
