  <div class='ocr_page' id='page_1' title='image "/cluster/home/n/w/nwhite01/storage/ocr_20150623/127/coo.31924054870328/037.png"; bbox 0 0 4154 6468; ppageno 0'>
   <div class='ocr_carea' id='block_1_1' title="bbox 519 402 3788 481">
    <p class='ocr_par' dir='ltr' id='par_1_1' title="bbox 519 402 3788 481">
     <span class='ocr_line' id='line_1_1' title="bbox 519 402 3788 481; baseline -0.001 -8"><span class='ocrx_word' id='word_1_1' title='bbox 519 411 593 474; x_wconf 68' lang='lat'><strong>59</strong></span> <span class='ocrx_word' id='word_1_2' title='bbox 1389 402 1404 416; x_wconf 79' lang='grc'><em>’</em></span> <span class='ocrx_word' id='word_1_3' title='bbox 1699 412 2125 472; x_wconf 71' lang='lat' dir='ltr'><strong>NlCEPIlORI</strong></span> <span class='ocrx_word' id='word_1_4' title='bbox 2173 414 2548 474; x_wconf 78' lang='lat' dir='ltr'><strong>BRYENNII</strong></span> <span class='ocrx_word' id='word_1_5' title='bbox 3715 422 3788 481; x_wconf 82' lang='lat'><strong>60</strong></span> 
     </span>
    </p>
   </div>
   <div class='ocr_carea' id='block_1_2' title="bbox 521 527 2128 604">
    <p class='ocr_par' dir='ltr' id='par_1_2' title="bbox 521 527 2109 598">
     <span class='ocr_line' id='line_1_2' title="bbox 521 527 2109 598; baseline -0.003 -11"><span class='ocrx_word' id='word_1_6' title='bbox 521 534 802 587; x_wconf 74' lang='lat' dir='ltr'><strong>saltanqu</strong></span> <span class='ocrx_word' id='word_1_7' title='bbox 845 527 1218 583; x_wconf 71' lang='lat' dir='ltr'><strong>infelicitatem</strong></span> <span class='ocrx_word' id='word_1_8' title='bbox 1269 528 1634 598; x_wconf 79' lang='lat' dir='ltr'><strong>expeditionis</strong></span> <span class='ocrx_word' id='word_1_9' title='bbox 1691 533 1999 592; x_wconf 76' lang='lat' dir='ltr'><strong>excusavit,</strong></span> <span class='ocrx_word' id='word_1_10' title='bbox 2051 539 2109 584; x_wconf 94' lang='lat' dir='ltr'><strong>ut</strong></span> 
     </span>
    </p>
   </div>
   <div class='ocr_carea' id='block_1_3' title="bbox 2234 527 3792 604">
    <p class='ocr_par' dir='ltr' id='par_1_3' title="bbox 2234 533 3792 604">
     <span class='ocr_line' id='line_1_3' title="bbox 2234 533 3792 604; baseline 0.005 -20"><span class='ocrx_word' id='word_1_11' title='bbox 2234 533 2304 586; x_wconf 73' lang='grc' dir='ltr'><strong>τὸν</strong></span> <span class='ocrx_word' id='word_1_12' title='bbox 2335 534 2552 602; x_wconf 81' lang='grc' dir='ltr'>Βρίζιον</span> <span class='ocrx_word' id='word_1_13' title='bbox 2580 533 2912 603; x_wconf 85' lang='grc' dir='ltr'>ἀπεμπολεῖ,</span> <span class='ocrx_word' id='word_1_14' title='bbox 2950 534 3115 597; x_wconf 72' lang='grc' dir='ltr'>αὐτὸς</span> <span class='ocrx_word' id='word_1_15' title='bbox 3141 535 3196 588; x_wconf 86' lang='grc' dir='ltr'>δὲ</span> <span class='ocrx_word' id='word_1_16' title='bbox 3225 534 3361 604; x_wconf 76' lang='grc' dir='ltr'>πρὸς</span> <span class='ocrx_word' id='word_1_17' title='bbox 3385 534 3474 587; x_wconf 77' lang='grc' dir='ltr'><strong>τὸν</strong></span> <span class='ocrx_word' id='word_1_18' title='bbox 3499 536 3792 592; x_wconf 85' lang='grc' dir='ltr'>σουλτάνον</span> 
     </span>
    </p>
   </div>
   <div class='ocr_carea' id='block_1_4' title="bbox 523 621 2102 692">
    <p class='ocr_par' dir='ltr' id='par_1_4' title="bbox 523 621 2102 692">
     <span class='ocr_line' id='line_1_4' title="bbox 523 621 2102 692; baseline 0 -16"><span class='ocrx_word' id='word_1_19' title='bbox 523 624 716 692; x_wconf 75' lang='lat' dir='ltr'><strong>potuit,</strong></span> <span class='ocrx_word' id='word_1_20' title='bbox 734 621 1016 690; x_wconf 84' lang='lat' dir='ltr'><strong>obiterque</strong></span> <span class='ocrx_word' id='word_1_21' title='bbox 1039 621 1276 676; x_wconf 81' lang='lat' dir='ltr'><strong>sermoni</strong></span> <span class='ocrx_word' id='word_1_22' title='bbox 1296 622 1623 676; x_wconf 85' lang='lat' dir='ltr'><strong>mentionem</strong></span> <span class='ocrx_word' id='word_1_23' title='bbox 1643 622 1877 676; x_wconf 80' lang='lat' dir='ltr'><strong>intexuit</strong></span> <span class='ocrx_word' id='word_1_24' title='bbox 1894 622 2102 685; x_wconf 66' lang='lat' dir='ltr'><strong>Mediae,</strong></span> 
     </span>
    </p>
   </div>
   <div class='ocr_carea' id='block_1_5' title="bbox 523 711 2104 784">
    <p class='ocr_par' dir='ltr' id='par_1_5' title="bbox 523 711 2104 784">
     <span class='ocr_line' id='line_1_5' title="bbox 523 711 2104 784; baseline -0.002 -16"><span class='ocrx_word' id='word_1_25' title='bbox 523 729 685 784; x_wconf 86' lang='lat' dir='ltr'><strong>quam</strong></span> <span class='ocrx_word' id='word_1_26' title='bbox 725 729 847 769; x_wconf 89' lang='lat' dir='ltr'><strong>esse</strong></span> <span class='ocrx_word' id='word_1_27' title='bbox 881 715 1061 767; x_wconf 80' lang='lat' dir='ltr'><strong>aiebat</strong></span> <span class='ocrx_word' id='word_1_28' title='bbox 1100 711 1337 768; x_wconf 88' lang='lat' dir='ltr'><strong>feracem</strong></span> <span class='ocrx_word' id='word_1_29' title='bbox 1378 715 1626 770; x_wconf 86' lang='lat' dir='ltr'><strong>omnium</strong></span> <span class='ocrx_word' id='word_1_30' title='bbox 1683 713 1900 784; x_wconf 88' lang='lat' dir='ltr'><strong>frugum</strong></span> <span class='ocrx_word' id='word_1_31' title='bbox 1933 714 2104 769; x_wconf 87' lang='lat' dir='ltr'><strong>bono-</strong></span> 
     </span>
    </p>
   </div>
   <div class='ocr_carea' id='block_1_6' title="bbox 525 807 2109 878">
    <p class='ocr_par' dir='ltr' id='par_1_6' title="bbox 525 807 2109 878">
     <span class='ocr_line' id='line_1_6' title="bbox 525 807 2109 878; baseline 0 -17"><span class='ocrx_word' id='word_1_32' title='bbox 525 822 759 876; x_wconf 81' lang='lat' dir='ltr'><strong>rumque</strong></span> <span class='ocrx_word' id='word_1_33' title='bbox 796 809 1094 878; x_wconf 84' lang='lat' dir='ltr'><strong>regionem,</strong></span> <span class='ocrx_word' id='word_1_34' title='bbox 1125 823 1155 862; x_wconf 88' lang='lat' dir='ltr'><strong>a</strong></span> <span class='ocrx_word' id='word_1_35' title='bbox 1200 808 1528 863; x_wconf 86' lang='lat' dir='ltr'><strong>mulieribus</strong></span> <span class='ocrx_word' id='word_1_36' title='bbox 1571 823 1924 878; x_wconf 84' lang='lat' dir='ltr'><strong>possessam;</strong></span> <span class='ocrx_word' id='word_1_37' title='bbox 1960 807 2109 862; x_wconf 90' lang='lat' dir='ltr'><strong>mili-</strong></span> 
     </span>
    </p>
   </div>
   <div class='ocr_carea' id='block_1_7' title="bbox 524 898 2107 970">
    <p class='ocr_par' dir='ltr' id='par_1_7' title="bbox 524 898 2107 970">
     <span class='ocr_line' id='line_1_7' title="bbox 524 898 2107 970; baseline 0.001 -18"><span class='ocrx_word' id='word_1_38' title='bbox 524 908 640 952; x_wconf 69' lang='lat' dir='ltr'><strong>tum</strong></span> <span class='ocrx_word' id='word_1_39' title='bbox 675 898 1048 953; x_wconf 78' lang='lat' dir='ltr'><strong>Romanorum</strong></span> <span class='ocrx_word' id='word_1_40' title='bbox 1084 899 1156 953; x_wconf 85' lang='lat' dir='ltr'><strong>ibi</strong></span> <span class='ocrx_word' id='word_1_41' title='bbox 1179 899 1494 970; x_wconf 82' lang='lat' dir='ltr'><strong>degentium</strong></span> <span class='ocrx_word' id='word_1_42' title='bbox 1530 909 1809 967; x_wconf 80' lang='lat' dir='ltr'><strong>expertam</strong></span> <span class='ocrx_word' id='word_1_43' title='bbox 1832 899 2107 969; x_wconf 88' lang='lat' dir='ltr'><strong>ignaviam</strong></span> 
     </span>
    </p>
   </div>
   <div class='ocr_carea' id='block_1_8' title="bbox 525 989 2110 1060">
    <p class='ocr_par' dir='ltr' id='par_1_8' title="bbox 525 989 2110 1060">
     <span class='ocr_line' id='line_1_8' title="bbox 525 989 2110 1060; baseline 0 -15"><span class='ocrx_word' id='word_1_44' title='bbox 525 991 746 1058; x_wconf 91' lang='lat' dir='ltr'><strong>oblique</strong></span> <span class='ocrx_word' id='word_1_45' title='bbox 787 991 1162 1060; x_wconf 81' lang='lat' dir='ltr'><strong>perstringens</strong></span> <span class='ocrx_word' id='word_1_46' title='bbox 1217 1006 1284 1045; x_wconf 89' lang='lat' dir='ltr'><strong>eo</strong></span> <span class='ocrx_word' id='word_1_47' title='bbox 1340 991 1528 1046; x_wconf 89' lang='lat' dir='ltr'><strong>verbo.</strong></span> <span class='ocrx_word' id='word_1_48' title='bbox 1597 989 1695 1044; x_wconf 90' lang='lat' dir='ltr'><strong>llis</strong></span> <span class='ocrx_word' id='word_1_49' title='bbox 1753 991 2110 1045; x_wconf 83' lang='lat' dir='ltr'><strong>confirmatus</strong></span> 
     </span>
    </p>
   </div>
   <div class='ocr_carea' id='block_1_9' title="bbox 527 1080 2110 1150">
    <p class='ocr_par' dir='ltr' id='par_1_9' title="bbox 527 1080 2110 1150">
     <span class='ocr_line' id='line_1_9' title="bbox 527 1080 2110 1150; baseline 0.001 -17"><span class='ocrx_word' id='word_1_50' title='bbox 527 1081 800 1145; x_wconf 88' lang='lat' dir='ltr'><strong>sultauus,</strong></span> <span class='ocrx_word' id='word_1_51' title='bbox 824 1080 1124 1134; x_wconf 81' lang='lat' dir='ltr'><strong>exercitum</strong></span> <span class='ocrx_word' id='word_1_52' title='bbox 1167 1081 1390 1136; x_wconf 86' lang='lat' dir='ltr'><strong>circiter</strong></span> <span class='ocrx_word' id='word_1_53' title='bbox 1421 1081 1608 1150; x_wconf 85' lang='lat' dir='ltr'><strong>viginti</strong></span> <span class='ocrx_word' id='word_1_54' title='bbox 1643 1080 1872 1134; x_wconf 88' lang='lat' dir='ltr'><strong>millium</strong></span> <span class='ocrx_word' id='word_1_55' title='bbox 1919 1091 2110 1134; x_wconf 85' lang='lat' dir='ltr'><strong>contra</strong></span> 
     </span>
    </p>
   </div>
   <div class='ocr_carea' id='block_1_10' title="bbox 531 1170 2114 1242">
    <p class='ocr_par' dir='ltr' id='par_1_10' title="bbox 531 1170 2114 1242">
     <span class='ocr_line' id='line_1_10' title="bbox 531 1170 2114 1242; baseline 0.001 -19"><span class='ocrx_word' id='word_1_56' title='bbox 531 1170 809 1224; x_wconf 75' lang='lat' dir='ltr'><strong>Romanos</strong></span> <span class='ocrx_word' id='word_1_57' title='bbox 879 1171 1066 1235; x_wconf 88' lang='lat' dir='ltr'><strong>mit:it,</strong></span> <span class='ocrx_word' id='word_1_58' title='bbox 1116 1175 1253 1228; x_wconf 89' lang='lat' dir='ltr'><strong>duce</strong></span> <span class='ocrx_word' id='word_1_59' title='bbox 1289 1173 1363 1227; x_wconf 89' lang='lat' dir='ltr'><strong>illi</strong></span> <span class='ocrx_word' id='word_1_60' title='bbox 1437 1171 1730 1242; x_wconf 82' lang='lat' dir='ltr'><strong>praeposito</strong></span> <span class='ocrx_word' id='word_1_61' title='bbox 1771 1170 1955 1226; x_wconf 82' lang='lat' dir='ltr'><strong>fratris</strong></span> <span class='ocrx_word' id='word_1_62' title='bbox 2001 1171 2114 1225; x_wconf 83' lang='lat' dir='ltr'><strong>lilio</strong></span> 
     </span>
    </p>
   </div>
   <div class='ocr_carea' id='block_1_11' title="bbox 530 1261 2113 1334">
    <p class='ocr_par' dir='ltr' id='par_1_11' title="bbox 530 1261 2113 1334">
     <span class='ocr_line' id='line_1_11' title="bbox 530 1261 2113 1334; baseline 0.002 -20"><span class='ocrx_word' id='word_1_63' title='bbox 530 1263 739 1323; x_wconf 80' lang='lat' dir='ltr'><strong>Azane,</strong></span> <span class='ocrx_word' id='word_1_64' title='bbox 805 1261 986 1315; x_wconf 84' lang='lat' dir='ltr'><strong>Surdo</strong></span> <span class='ocrx_word' id='word_1_65' title='bbox 1051 1265 1460 1334; x_wconf 90' lang='lat' dir='ltr'><strong>coguomiuato,</strong></span> <span class='ocrx_word' id='word_1_66' title='bbox 1519 1261 1664 1318; x_wconf 91' lang='lat' dir='ltr'><strong>datis</strong></span> <span class='ocrx_word' id='word_1_67' title='bbox 1699 1262 1774 1315; x_wconf 92' lang='lat' dir='ltr'><strong>illi</strong></span> <span class='ocrx_word' id='word_1_68' title='bbox 1839 1261 2113 1317; x_wconf 84' lang='lat' dir='ltr'><strong>mandatis</strong></span> 
     </span>
    </p>
   </div>
   <div class='ocr_carea' id='block_1_12' title="bbox 529 1354 2117 1425">
    <p class='ocr_par' dir='ltr' id='par_1_12' title="bbox 529 1354 2117 1425">
     <span class='ocr_line' id='line_1_12' title="bbox 529 1354 2117 1425; baseline 0.001 -16"><span class='ocrx_word' id='word_1_69' title='bbox 529 1354 792 1409; x_wconf 73' lang='lat' dir='ltr'><strong>adeundae</strong></span> <span class='ocrx_word' id='word_1_70' title='bbox 847 1369 1009 1423; x_wconf 90' lang='lat' dir='ltr'><strong>quam</strong></span> <span class='ocrx_word' id='word_1_71' title='bbox 1065 1357 1297 1425; x_wconf 86' lang='lat' dir='ltr'><strong>primum</strong></span> <span class='ocrx_word' id='word_1_72' title='bbox 1335 1355 1542 1420; x_wconf 64' lang='lat' dir='ltr'><strong>Mediae,</strong></span> <span class='ocrx_word' id='word_1_73' title='bbox 1573 1364 1628 1410; x_wconf 92' lang='lat' dir='ltr'><strong>et</strong></span> <span class='ocrx_word' id='word_1_74' title='bbox 1655 1355 1760 1410; x_wconf 89' lang='lat' dir='ltr'><strong>uisi</strong></span> <span class='ocrx_word' id='word_1_75' title='bbox 1812 1365 2004 1425; x_wconf 88' lang='lat' dir='ltr'><strong>sponte</strong></span> <span class='ocrx_word' id='word_1_76' title='bbox 2057 1370 2117 1410; x_wconf 90' lang='lat' dir='ltr'><strong>se</strong></span> 
     </span>
    </p>
   </div>
   <div class='ocr_carea' id='block_1_13' title="bbox 528 1447 2117 1520">
    <p class='ocr_par' dir='ltr' id='par_1_13' title="bbox 528 1447 2117 1520">
     <span class='ocr_line' id='line_1_13' title="bbox 528 1447 2117 1520; baseline 0.001 -18"><span class='ocrx_word' id='word_1_77' title='bbox 528 1449 770 1513; x_wconf 88' lang='lat' dir='ltr'><strong>dederet,</strong></span> <span class='ocrx_word' id='word_1_78' title='bbox 804 1453 850 1504; x_wconf 91' lang='lat' dir='ltr'><strong>vi</strong></span> <span class='ocrx_word' id='word_1_79' title='bbox 875 1450 1212 1520; x_wconf 62' lang='lat' dir='ltr'><strong>subigendae.</strong></span> <span class='ocrx_word' id='word_1_80' title='bbox 1243 1448 1334 1503; x_wconf 89' lang='lat' dir='ltr'><strong>Sic</strong></span> <span class='ocrx_word' id='word_1_81' title='bbox 1369 1447 1531 1503; x_wconf 69' lang='lat' dir='ltr'><strong>Turci</strong></span> <span class='ocrx_word' id='word_1_82' title='bbox 1563 1456 1847 1518; x_wconf 68' lang='lat' dir='ltr'><strong>cmperuut</strong></span> <span class='ocrx_word' id='word_1_83' title='bbox 1873 1463 2117 1518; x_wconf 82' lang='lat' dir='ltr'><strong>pugnare</strong></span> 
     </span>
    </p>
   </div>
   <div class='ocr_carea' id='block_1_14' title="bbox 528 1537 2116 1610">
    <p class='ocr_par' dir='ltr' id='par_1_14' title="bbox 528 1537 2116 1610">
     <span class='ocr_line' id='line_1_14' title="bbox 528 1537 2116 1610; baseline -0.002 -15"><span class='ocrx_word' id='word_1_84' title='bbox 528 1557 650 1595; x_wconf 88' lang='lat' dir='ltr'><strong>eum</strong></span> <span class='ocrx_word' id='word_1_85' title='bbox 693 1540 972 1607; x_wconf 80' lang='lat' dir='ltr'><strong>Romanis,</strong></span> <span class='ocrx_word' id='word_1_86' title='bbox 1027 1557 1396 1610; x_wconf 79' lang='lat' dir='ltr'><strong>successuque</strong></span> <span class='ocrx_word' id='word_1_87' title='bbox 1431 1541 1711 1594; x_wconf 83' lang='lat' dir='ltr'><strong>initiorum</strong></span> <span class='ocrx_word' id='word_1_88' title='bbox 1765 1539 1924 1594; x_wconf 90' lang='lat' dir='ltr'><strong>illecti</strong></span> <span class='ocrx_word' id='word_1_89' title='bbox 1955 1537 2116 1593; x_wconf 89' lang='lat' dir='ltr'><strong>dein-</strong></span> 
     </span>
    </p>
   </div>
   <div class='ocr_carea' id='block_1_15' title="bbox 529 1632 2119 1703">
    <p class='ocr_par' dir='ltr' id='par_1_15' title="bbox 529 1632 2119 1703">
     <span class='ocr_line' id='line_1_15' title="bbox 529 1632 2119 1703; baseline -0.001 -17"><span class='ocrx_word' id='word_1_90' title='bbox 529 1648 656 1701; x_wconf 78' lang='lat' dir='ltr'><strong>ceps</strong></span> <span class='ocrx_word' id='word_1_91' title='bbox 713 1649 1004 1703; x_wconf 76' lang='lat' dir='ltr'><strong>perrexere</strong></span> <span class='ocrx_word' id='word_1_92' title='bbox 1062 1634 1207 1688; x_wconf 91' lang='lat' dir='ltr'><strong>bello</strong></span> <span class='ocrx_word' id='word_1_93' title='bbox 1264 1649 1365 1688; x_wconf 90' lang='lat' dir='ltr'><strong>nos</strong></span> <span class='ocrx_word' id='word_1_94' title='bbox 1403 1642 1586 1703; x_wconf 84' lang='lat' dir='ltr'><strong>petere</strong></span> <span class='ocrx_word' id='word_1_95' title='bbox 1635 1634 1689 1686; x_wconf 93' lang='lat' dir='ltr'><strong>in</strong></span> <span class='ocrx_word' id='word_1_96' title='bbox 1749 1632 1896 1686; x_wconf 90' lang='lat' dir='ltr'><strong>hunc</strong></span> <span class='ocrx_word' id='word_1_97' title='bbox 1944 1645 2119 1700; x_wconf 86' lang='lat' dir='ltr'><strong>usque</strong></span> 
     </span>
    </p>
   </div>
   <div class='ocr_carea' id='block_1_16' title="bbox 527 1726 2120 1798">
    <p class='ocr_par' dir='ltr' id='par_1_16' title="bbox 527 1726 2120 1798">
     <span class='ocr_line' id='line_1_16' title="bbox 527 1726 2120 1798; baseline -0.001 -17"><span class='ocrx_word' id='word_1_98' title='bbox 527 1726 636 1796; x_wconf 73' lang='lat'><strong>32</strong></span> <span class='ocrx_word' id='word_1_99' title='bbox 675 1728 838 1781; x_wconf 85' lang='lat' dir='ltr'><strong>diem.</strong></span> <span class='ocrx_word' id='word_1_100' title='bbox 880 1727 987 1782; x_wconf 87' lang='lat' dir='ltr'><strong>Sed</strong></span> <span class='ocrx_word' id='word_1_101' title='bbox 1026 1729 1079 1781; x_wconf 92' lang='lat' dir='ltr'><strong>iu</strong></span> <span class='ocrx_word' id='word_1_102' title='bbox 1111 1743 1301 1798; x_wconf 73' lang='lat' dir='ltr'><strong>gyrum</strong></span> <span class='ocrx_word' id='word_1_103' title='bbox 1336 1735 1608 1794; x_wconf 67' lang='lat' dir='ltr'><strong>suscepta:</strong></span> <span class='ocrx_word' id='word_1_104' title='bbox 1669 1726 2004 1781; x_wconf 82' lang='lat' dir='ltr'><strong>narrationis</strong></span> <span class='ocrx_word' id='word_1_105' title='bbox 2030 1739 2120 1779; x_wconf 85' lang='lat' dir='ltr'><strong>or-</strong></span> 
     </span>
    </p>
   </div>
   <div class='ocr_carea' id='block_1_17' title="bbox 415 1815 2046 1886">
    <p class='ocr_par' dir='ltr' id='par_1_17' title="bbox 415 1815 2046 1886">
     <span class='ocr_line' id='line_1_17' title="bbox 415 1815 2046 1886; baseline -0.002 -14"><span class='ocrx_word' id='word_1_106' title='bbox 415 1815 428 1825; x_wconf 83' lang='grc'><em>’</em></span> <span class='ocrx_word' id='word_1_107' title='bbox 529 1819 783 1886; x_wconf 89' lang='lat' dir='ltr'><strong>diuisque</strong></span> <span class='ocrx_word' id='word_1_108' title='bbox 818 1833 1000 1872; x_wconf 90' lang='lat' dir='ltr'><strong>rerum</strong></span> <span class='ocrx_word' id='word_1_109' title='bbox 1072 1817 1378 1872; x_wconf 89' lang='lat' dir='ltr'><strong>reducenda</strong></span> <span class='ocrx_word' id='word_1_110' title='bbox 1416 1815 1713 1871; x_wconf 89' lang='lat' dir='ltr'><strong>nuncmihi</strong></span> <span class='ocrx_word' id='word_1_111' title='bbox 1738 1815 1916 1869; x_wconf 86' lang='lat' dir='ltr'><strong>oratio</strong></span> <span class='ocrx_word' id='word_1_112' title='bbox 1941 1824 2046 1870; x_wconf 86' lang='lat' dir='ltr'><strong>est.</strong></span> 
     </span>
    </p>
   </div>
   <div class='ocr_carea' id='block_1_18' title="bbox 2207 625 3790 698">
    <p class='ocr_par' dir='ltr' id='par_1_18' title="bbox 2207 625 3790 698">
     <span class='ocr_line' id='line_1_18' title="bbox 2207 625 3790 698; baseline 0.003 -22"><span class='ocrx_word' id='word_1_113' title='bbox 2207 625 2521 679; x_wconf 72' lang='grc' dir='ltr'>ἐπανελθὼν</span> <span class='ocrx_word' id='word_1_114' title='bbox 2573 626 2928 694; x_wconf 80' lang='grc' dir='ltr'><strong>ἀπολογεῖται</strong></span> <span class='ocrx_word' id='word_1_115' title='bbox 2974 627 3074 697; x_wconf 79' lang='grc' dir='ltr'>μὲν</span> <span class='ocrx_word' id='word_1_116' title='bbox 3130 629 3262 695; x_wconf 78' lang='grc' dir='ltr'>περὶ</span> <span class='ocrx_word' id='word_1_117' title='bbox 3320 628 3418 696; x_wconf 78' lang='grc' dir='ltr'>τῆς</span> <span class='ocrx_word' id='word_1_118' title='bbox 3472 629 3790 698; x_wconf 74' lang='grc' dir='ltr'><strong>στρατείας,</strong></span> 
     </span>
    </p>
   </div>
   <div class='ocr_carea' id='block_1_19' title="bbox 2207 717 3790 790">
    <p class='ocr_par' dir='ltr' id='par_1_19' title="bbox 2207 717 3790 790">
     <span class='ocr_line' id='line_1_19' title="bbox 2207 717 3790 790; baseline 0.003 -20"><span class='ocrx_word' id='word_1_119' title='bbox 2207 717 2283 780; x_wconf 89' lang='grc' dir='ltr'><strong>ώς</strong></span> <span class='ocrx_word' id='word_1_120' title='bbox 2310 719 2368 769; x_wconf 86' lang='grc' dir='ltr'>ὲν</span> <span class='ocrx_word' id='word_1_121' title='bbox 2400 718 2620 789; x_wconf 82' lang='grc' dir='ltr'>παρόδῳ</span> <span class='ocrx_word' id='word_1_122' title='bbox 2643 718 2699 772; x_wconf 86' lang='grc' dir='ltr'>δὲ</span> <span class='ocrx_word' id='word_1_123' title='bbox 2723 720 3022 788; x_wconf 71' lang='grc' dir='ltr'>ἀνρηγεῖται</span> <span class='ocrx_word' id='word_1_124' title='bbox 3049 720 3235 773; x_wconf 75' lang='grc' dir='ltr'>καὶτὰ</span> <span class='ocrx_word' id='word_1_125' title='bbox 3263 721 3392 790; x_wconf 73' lang='grc' dir='ltr'>περὶ</span> <span class='ocrx_word' id='word_1_126' title='bbox 3422 721 3522 788; x_wconf 81' lang='grc' dir='ltr'>τῆς</span> <span class='ocrx_word' id='word_1_127' title='bbox 3554 723 3790 790; x_wconf 84' lang='grc' dir='ltr'>Μηδίας,</span> 
     </span>
    </p>
   </div>
   <div class='ocr_carea' id='block_1_20' title="bbox 2209 809 3796 881">
    <p class='ocr_par' dir='ltr' id='par_1_20' title="bbox 2209 809 3796 881">
     <span class='ocr_line' id='line_1_20' title="bbox 2209 809 3796 881; baseline 0.004 -20"><span class='ocrx_word' id='word_1_128' title='bbox 2209 809 2284 871; x_wconf 78' lang='grc' dir='ltr'>ὼς</span> <span class='ocrx_word' id='word_1_129' title='bbox 2315 810 2401 880; x_wconf 78' lang='grc' dir='ltr'>εἴη</span> <span class='ocrx_word' id='word_1_130' title='bbox 2438 809 2539 880; x_wconf 72' lang='grc' dir='ltr'>μὲν</span> <span class='ocrx_word' id='word_1_131' title='bbox 2573 809 2728 879; x_wconf 97' lang='grc' dir='ltr'>χώρα</span> <span class='ocrx_word' id='word_1_132' title='bbox 2781 812 3075 881; x_wconf 78' lang='grc' dir='ltr'>πάμφορος</span> <span class='ocrx_word' id='word_1_133' title='bbox 3117 810 3411 878; x_wconf 79' lang='grc' dir='ltr'>κατέχεται</span> <span class='ocrx_word' id='word_1_134' title='bbox 3439 812 3497 864; x_wconf 84' lang='grc' dir='ltr'>δὲ</span> <span class='ocrx_word' id='word_1_135' title='bbox 3544 813 3650 865; x_wconf 76' lang='grc' dir='ltr'>ὑπὸ</span> <span class='ocrx_word' id='word_1_136' title='bbox 3697 832 3796 881; x_wconf 83' lang='grc' dir='ltr'>γυ-</span> 
     </span>
    </p>
   </div>
   <div class='ocr_carea' id='block_1_21' title="bbox 2211 901 3792 975">
    <p class='ocr_par' dir='ltr' id='par_1_21' title="bbox 2211 901 3792 975">
     <span class='ocr_line' id='line_1_21' title="bbox 2211 901 3792 975; baseline 0.003 -21"><span class='ocrx_word' id='word_1_137' title='bbox 2211 901 2435 965; x_wconf 85' lang='grc' dir='ltr'>ναικῶν,</span> <span class='ocrx_word' id='word_1_138' title='bbox 2476 903 2602 964; x_wconf 78' lang='grc' dir='ltr'>τοὺς</span> <span class='ocrx_word' id='word_1_139' title='bbox 2629 902 3052 971; x_wconf 83' lang='grc' dir='ltr'><strong>πολεμήσαντας</strong></span> <span class='ocrx_word' id='word_1_140' title='bbox 3087 903 3226 973; x_wconf 77' lang='grc' dir='ltr'>πρὸς</span> <span class='ocrx_word' id='word_1_141' title='bbox 3247 903 3413 955; x_wconf 78' lang='grc' dir='ltr'>αὑτὸν</span> <span class='ocrx_word' id='word_1_142' title='bbox 3447 905 3792 975; x_wconf 82' lang='grc' dir='ltr'><strong>στρατιώτας</strong></span> 
     </span>
    </p>
   </div>
   <div class='ocr_carea' id='block_1_22' title="bbox 2213 990 3793 1061">
    <p class='ocr_par' dir='ltr' id='par_1_22' title="bbox 2213 990 3793 1061">
     <span class='ocr_line' id='line_1_22' title="bbox 2213 990 3793 1061; baseline 0.003 -19"><span class='ocrx_word' id='word_1_143' title='bbox 2213 990 2685 1060; x_wconf 86' lang='grc' dir='ltr'>ὑπαινιττόμενος.</span> <span class='ocrx_word' id='word_1_144' title='bbox 2741 992 2970 1054; x_wconf 78' lang='grc' dir='ltr'>Τούτοις</span> <span class='ocrx_word' id='word_1_145' title='bbox 3030 995 3144 1056; x_wconf 90' lang='grc' dir='ltr'>τοῖς</span> <span class='ocrx_word' id='word_1_146' title='bbox 3191 992 3371 1061; x_wconf 78' lang='grc' dir='ltr'><strong>λόγοις</strong></span> <span class='ocrx_word' id='word_1_147' title='bbox 3428 994 3455 1045; x_wconf 80' lang='grc' dir='ltr'>ὁ</span> <span class='ocrx_word' id='word_1_148' title='bbox 3499 994 3793 1058; x_wconf 79' lang='grc' dir='ltr'>σουλτάνος</span> 
     </span>
    </p>
   </div>
   <div class='ocr_carea' id='block_1_23' title="bbox 2216 1084 3797 1156">
    <p class='ocr_par' dir='ltr' id='par_1_23' title="bbox 2216 1084 3797 1156">
     <span class='ocr_line' id='line_1_23' title="bbox 2216 1084 3797 1156; baseline 0.004 -22"><span class='ocrx_word' id='word_1_149' title='bbox 2216 1084 2584 1154; x_wconf 67' lang='grc' dir='ltr'>ἐπιρρωσθεὶς</span> <span class='ocrx_word' id='word_1_150' title='bbox 2630 1084 2864 1152; x_wconf 79' lang='grc' dir='ltr'>δύναμιν</span> <span class='ocrx_word' id='word_1_151' title='bbox 2939 1085 3082 1137; x_wconf 81' lang='grc' dir='ltr'><strong>κατά</strong></span> <span class='ocrx_word' id='word_1_152' title='bbox 3160 1084 3458 1154; x_wconf 83' lang='grc' dir='ltr'>Ῥωμαίων</span> <span class='ocrx_word' id='word_1_153' title='bbox 3512 1087 3797 1156; x_wconf 77' lang='grc' dir='ltr'><strong>ἐκπέμπει</strong></span> 
     </span>
    </p>
   </div>
   <div class='ocr_carea' id='block_1_24' title="bbox 2213 1175 3798 1247">
    <p class='ocr_par' dir='ltr' id='par_1_24' title="bbox 2213 1175 3798 1247">
     <span class='ocr_line' id='line_1_24' title="bbox 2213 1175 3798 1247; baseline 0.003 -20"><span class='ocrx_word' id='word_1_154' title='bbox 2213 1176 2357 1243; x_wconf 73' lang='grc' dir='ltr'>ἀμφὶ</span> <span class='ocrx_word' id='word_1_155' title='bbox 2407 1175 2504 1238; x_wconf 81' lang='grc' dir='ltr'><strong>τὰς</strong></span> <span class='ocrx_word' id='word_1_156' title='bbox 2567 1175 2742 1228; x_wconf 80' lang='grc' dir='ltr'>εἴκοσι</span> <span class='ocrx_word' id='word_1_157' title='bbox 2803 1176 3072 1245; x_wconf 86' lang='grc' dir='ltr'>χιλιάδας,</span> <span class='ocrx_word' id='word_1_158' title='bbox 3129 1177 3441 1246; x_wconf 77' lang='grc' dir='ltr'>στρατηγὸν</span> <span class='ocrx_word' id='word_1_159' title='bbox 3490 1179 3798 1247; x_wconf 70' lang='grc' dir='ltr'><strong>ἐπιστήσας</strong></span> 
     </span>
    </p>
   </div>
   <div class='ocr_carea' id='block_1_25' title="bbox 2215 1266 3799 1338">
    <p class='ocr_par' dir='ltr' id='par_1_25' title="bbox 2215 1266 3799 1338">
     <span class='ocr_line' id='line_1_25' title="bbox 2215 1266 3799 1338; baseline 0.003 -20"><span class='ocrx_word' id='word_1_160' title='bbox 2215 1266 2354 1337; x_wconf 81' lang='grc' dir='ltr'>αὐτῇ</span> <span class='ocrx_word' id='word_1_161' title='bbox 2390 1266 2481 1319; x_wconf 85' lang='grc' dir='ltr'><strong>τδν</strong></span> <span class='ocrx_word' id='word_1_162' title='bbox 2535 1267 2903 1335; x_wconf 78' lang='grc' dir='ltr'>ἀδελφόπαιδα</span> <span class='ocrx_word' id='word_1_163' title='bbox 2987 1267 3292 1337; x_wconf 81' lang='grc' dir='ltr'><strong>Ἀσάν(15)</strong></span> <span class='ocrx_word' id='word_1_164' title='bbox 3344 1269 3438 1321; x_wconf 77' lang='grc' dir='ltr'><strong>τὸν</strong></span> <span class='ocrx_word' id='word_1_165' title='bbox 3502 1269 3799 1338; x_wconf 78' lang='grc' dir='ltr'>λεγόμενον</span> 
     </span>
    </p>
   </div>
   <div class='ocr_carea' id='block_1_26' title="bbox 2217 1352 3799 1427">
    <p class='ocr_par' dir='ltr' id='par_1_26' title="bbox 2217 1352 3799 1427">
     <span class='ocr_line' id='line_1_26' title="bbox 2217 1352 3799 1427; baseline 0.006 -23"><span class='ocrx_word' id='word_1_166' title='bbox 2217 1352 2438 1418; x_wconf 63' lang='grc' dir='ltr'>κωφὸν,</span> <span class='ocrx_word' id='word_1_167' title='bbox 2491 1354 2808 1424; x_wconf 78' lang='grc' dir='ltr'><strong>ἐπισκήψας</strong></span> <span class='ocrx_word' id='word_1_168' title='bbox 2849 1354 3000 1425; x_wconf 81' lang='grc' dir='ltr'>αὐτῷ</span> <span class='ocrx_word' id='word_1_169' title='bbox 3051 1357 3151 1424; x_wconf 85' lang='grc' dir='ltr'><strong>τὴν</strong></span> <span class='ocrx_word' id='word_1_170' title='bbox 3205 1357 3471 1426; x_wconf 84' lang='grc' dir='ltr'><strong>ταχίστην</strong></span> <span class='ocrx_word' id='word_1_171' title='bbox 3505 1360 3799 1427; x_wconf 69' lang='grc' dir='ltr'>ἐφικέσθαι</span> 
     </span>
    </p>
   </div>
   <div class='ocr_carea' id='block_1_27' title="bbox 2217 1443 3802 1522">
    <p class='ocr_par' dir='ltr' id='par_1_27' title="bbox 2217 1443 3802 1522">
     <span class='ocr_line' id='line_1_27' title="bbox 2217 1443 3802 1522; baseline 0.005 -26"><span class='ocrx_word' id='word_1_172' title='bbox 2217 1443 2311 1496; x_wconf 76' lang='grc' dir='ltr'>καὶ</span> <span class='ocrx_word' id='word_1_173' title='bbox 2335 1445 2436 1512; x_wconf 86' lang='grc' dir='ltr'><strong>τὴν</strong></span> <span class='ocrx_word' id='word_1_174' title='bbox 2467 1445 2740 1516; x_wconf 84' lang='grc' dir='ltr'>Μηδικὴν,</span> <span class='ocrx_word' id='word_1_175' title='bbox 2757 1448 2806 1499; x_wconf 88' lang='grc' dir='ltr'>εἰ</span> <span class='ocrx_word' id='word_1_176' title='bbox 2835 1446 2911 1517; x_wconf 83' lang='grc' dir='ltr'>μὴ</span> <span class='ocrx_word' id='word_1_177' title='bbox 2934 1448 3284 1518; x_wconf 79' lang='grc' dir='ltr'>προσχωροίη</span> <span class='ocrx_word' id='word_1_178' title='bbox 3309 1449 3481 1519; x_wconf 81' lang='grc' dir='ltr'>αὐτῷ,</span> <span class='ocrx_word' id='word_1_179' title='bbox 3517 1452 3802 1522; x_wconf 81' lang='grc' dir='ltr'>προσκτή-</span> 
     </span>
    </p>
   </div>
   <div class='ocr_carea' id='block_1_28' title="bbox 2220 1534 3802 1611">
    <p class='ocr_par' dir='ltr' id='par_1_28' title="bbox 2220 1534 3802 1611">
     <span class='ocr_line' id='line_1_28' title="bbox 2220 1534 3802 1611; baseline 0.006 -25"><span class='ocrx_word' id='word_1_180' title='bbox 2220 1534 2437 1589; x_wconf 87' lang='grc' dir='ltr'>σασθαι.</span> <span class='ocrx_word' id='word_1_181' title='bbox 2484 1537 2729 1590; x_wconf 81' lang='grc' dir='ltr'>Ἐκεῖθεν</span> <span class='ocrx_word' id='word_1_182' title='bbox 2777 1537 2871 1590; x_wconf 79' lang='grc' dir='ltr'>τοῦ</span> <span class='ocrx_word' id='word_1_183' title='bbox 2917 1538 3057 1608; x_wconf 73' lang='grc' dir='ltr'>πρὸς</span> <span class='ocrx_word' id='word_1_184' title='bbox 3109 1538 3416 1608; x_wconf 75' lang='grc' dir='ltr'><strong>Ῥωμαίους</strong></span> <span class='ocrx_word' id='word_1_185' title='bbox 3455 1541 3694 1611; x_wconf 78' lang='grc' dir='ltr'>πολέμου</span> <span class='ocrx_word' id='word_1_186' title='bbox 3749 1545 3802 1596; x_wconf 80' lang='grc' dir='ltr'><strong>οῖ</strong></span> 
     </span>
    </p>
   </div>
   <div class='ocr_carea' id='block_1_29' title="bbox 2221 1623 3804 1700">
    <p class='ocr_par' dir='ltr' id='par_1_29' title="bbox 2221 1623 3804 1700">
     <span class='ocr_line' id='line_1_29' title="bbox 2221 1623 3804 1700; baseline 0.008 -24"><span class='ocrx_word' id='word_1_187' title='bbox 2221 1623 2456 1694; x_wconf 84' lang='grc' dir='ltr'>Τοῦρκοι</span> <span class='ocrx_word' id='word_1_188' title='bbox 2487 1627 2789 1697; x_wconf 77' lang='grc' dir='ltr'>ἀρξάμενοι</span> <span class='ocrx_word' id='word_1_189' title='bbox 2839 1629 3151 1682; x_wconf 78' lang='grc' dir='ltr'><strong>διετέλεσαν</strong></span> <span class='ocrx_word' id='word_1_190' title='bbox 3183 1631 3344 1700; x_wconf 82' lang='grc' dir='ltr'>μέχρι</span> <span class='ocrx_word' id='word_1_191' title='bbox 3373 1633 3470 1700; x_wconf 80' lang='grc' dir='ltr'>τῆς</span> <span class='ocrx_word' id='word_1_192' title='bbox 3519 1633 3614 1686; x_wconf 80' lang='grc' dir='ltr'>νῦν</span> <span class='ocrx_word' id='word_1_193' title='bbox 3645 1635 3804 1688; x_wconf 82' lang='grc' dir='ltr'>πολε-</span> 
     </span>
    </p>
   </div>
   <div class='ocr_carea' id='block_1_30' title="bbox 2225 1715 3797 1798">
    <p class='ocr_par' dir='ltr' id='par_1_30' title="bbox 2225 1715 3797 1798">
     <span class='ocr_line' id='line_1_30' title="bbox 2225 1715 3797 1798; baseline 0.008 -31"><span class='ocrx_word' id='word_1_194' title='bbox 2225 1715 2452 1785; x_wconf 83' lang='grc' dir='ltr'>μοῦντες</span> <span class='ocrx_word' id='word_1_195' title='bbox 2492 1718 2814 1787; x_wconf 82' lang='grc' dir='ltr'>Ῥωμαίοις.</span> <span class='ocrx_word' id='word_1_196' title='bbox 2851 1720 2994 1773; x_wconf 77' lang='grc' dir='ltr'>Ἀλλ’</span> <span class='ocrx_word' id='word_1_197' title='bbox 3018 1723 3263 1776; x_wconf 78' lang='grc' dir='ltr'>ἐπανίτω</span> <span class='ocrx_word' id='word_1_198' title='bbox 3296 1740 3386 1792; x_wconf 85' lang='grc' dir='ltr'><strong>μοι</strong></span> <span class='ocrx_word' id='word_1_199' title='bbox 3416 1725 3444 1776; x_wconf 79' lang='grc' dir='ltr'>ὁ</span> <span class='ocrx_word' id='word_1_200' title='bbox 3475 1723 3632 1792; x_wconf 84' lang='grc' dir='ltr'><strong>λόγος</strong></span> <span class='ocrx_word' id='word_1_201' title='bbox 3660 1729 3797 1798; x_wconf 77' lang='grc' dir='ltr'>πρὸς</span> 
     </span>
    </p>
   </div>
   <div class='ocr_carea' id='block_1_31' title="bbox 2225 1809 2973 1880">
    <p class='ocr_par' dir='ltr' id='par_1_31' title="bbox 2225 1809 2973 1880">
     <span class='ocr_line' id='line_1_31' title="bbox 2225 1809 2973 1880; baseline 0.012 -21"><span class='ocrx_word' id='word_1_202' title='bbox 2225 1809 2322 1879; x_wconf 77' lang='grc' dir='ltr'>τὴν</span> <span class='ocrx_word' id='word_1_203' title='bbox 2356 1810 2598 1880; x_wconf 80' lang='grc' dir='ltr'>ἀρχῆθεν</span> <span class='ocrx_word' id='word_1_204' title='bbox 2627 1811 2973 1868; x_wconf 79' lang='grc' dir='ltr'><strong>ἀκολουθίαν.</strong></span> 
     </span>
    </p>
   </div>
   <div class='ocr_carea' id='block_1_32' title="bbox 606 1887 2128 1983">
    <p class='ocr_par' dir='ltr' id='par_1_32' title="bbox 606 1909 2112 1978">
     <span class='ocr_line' id='line_1_32' title="bbox 606 1909 2112 1978; baseline -0.001 -14"><span class='ocrx_word' id='word_1_205' title='bbox 606 1911 695 1965; x_wconf 77' lang='lat' dir='ltr'><strong>il.</strong></span> <span class='ocrx_word' id='word_1_206' title='bbox 758 1909 990 1975; x_wconf 84' lang='lat' dir='ltr'><strong>Mauuel,</strong></span> <span class='ocrx_word' id='word_1_207' title='bbox 1052 1921 1110 1964; x_wconf 92' lang='lat' dir='ltr'><strong>ut</strong></span> <span class='ocrx_word' id='word_1_208' title='bbox 1157 1910 1366 1964; x_wconf 90' lang='lat' dir='ltr'><strong>dictum</strong></span> <span class='ocrx_word' id='word_1_209' title='bbox 1423 1917 1532 1973; x_wconf 90' lang='lat' dir='ltr'><strong>est,</strong></span> <span class='ocrx_word' id='word_1_210' title='bbox 1604 1910 1972 1978; x_wconf 86' lang='lat' dir='ltr'><strong>europalates,</strong></span> <span class='ocrx_word' id='word_1_211' title='bbox 2004 1909 2112 1962; x_wconf 82' lang='lat' dir='ltr'><strong>dux</strong></span> 
     </span>
    </p>
   </div>
   <div class='ocr_carea' id='block_1_33' title="bbox 2234 1887 3801 1983">
    <p class='ocr_par' dir='ltr' id='par_1_33' title="bbox 2293 1902 3801 1983">
     <span class='ocr_line' id='line_1_33' title="bbox 2293 1902 3801 1983; baseline 0.008 -30"><span class='ocrx_word' id='word_1_212' title='bbox 2293 1908 2384 1956; x_wconf 85' lang='grc' dir='ltr'><strong>ια’.</strong></span> <span class='ocrx_word' id='word_1_213' title='bbox 2412 1902 2692 1975; x_wconf 59' lang='grc' dir='ltr'>Μινῑυὴλ,</span> <span class='ocrx_word' id='word_1_214' title='bbox 2719 1905 2795 1970; x_wconf 87' lang='grc' dir='ltr'>ὡς</span> <span class='ocrx_word' id='word_1_215' title='bbox 2825 1905 3066 1976; x_wconf 83' lang='grc' dir='ltr'>εἴρηται,</span> <span class='ocrx_word' id='word_1_216' title='bbox 3098 1908 3566 1980; x_wconf 79' lang='grc' dir='ltr'>ὀΙκουροπαλὰτης</span> <span class='ocrx_word' id='word_1_217' title='bbox 3595 1929 3768 1983; x_wconf 76' lang='grc' dir='ltr'>στρατ</span> <span class='ocrx_word' id='word_1_218' title='bbox 3787 1942 3801 1952; x_wconf 80' lang='grc' dir='ltr'><strong><em>ο</em></strong></span> 
     </span>
    </p>
   </div>
   <div class='ocr_carea' id='block_1_34' title="bbox 535 2002 2126 2072">
    <p class='ocr_par' dir='ltr' id='par_1_34' title="bbox 535 2002 2126 2072">
     <span class='ocr_line' id='line_1_34' title="bbox 535 2002 2126 2072; baseline -0.003 -13"><span class='ocrx_word' id='word_1_219' title='bbox 535 2019 788 2060; x_wconf 89' lang='lat' dir='ltr'><strong>summus</strong></span> <span class='ocrx_word' id='word_1_220' title='bbox 823 2003 1185 2058; x_wconf 74' lang='lat' dir='ltr'><strong>Orientalium</strong></span> <span class='ocrx_word' id='word_1_221' title='bbox 1241 2003 1523 2072; x_wconf 83' lang='lat' dir='ltr'><strong>cepiarum</strong></span> <span class='ocrx_word' id='word_1_222' title='bbox 1555 2018 1582 2056; x_wconf 91' lang='lat' dir='ltr'><strong>a</strong></span> <span class='ocrx_word' id='word_1_223' title='bbox 1616 2002 1854 2071; x_wconf 84' lang='lat' dir='ltr'><strong>Diogene</strong></span> <span class='ocrx_word' id='word_1_224' title='bbox 1882 2003 2126 2056; x_wconf 89' lang='lat' dir='ltr'><strong>declara-</strong></span> 
     </span>
    </p>
   </div>
   <div class='ocr_carea' id='block_1_35' title="bbox 537 2093 2126 2161">
    <p class='ocr_par' dir='ltr' id='par_1_35' title="bbox 537 2093 2126 2161">
     <span class='ocr_line' id='line_1_35' title="bbox 537 2093 2126 2161; baseline -0.001 -11"><span class='ocrx_word' id='word_1_225' title='bbox 537 2107 644 2161; x_wconf 81' lang='lat' dir='ltr'><strong>tus,</strong></span> <span class='ocrx_word' id='word_1_226' title='bbox 676 2097 822 2151; x_wconf 88' lang='lat' dir='ltr'><strong>circa</strong></span> <span class='ocrx_word' id='word_1_227' title='bbox 853 2095 1154 2150; x_wconf 88' lang='lat' dir='ltr'><strong>Chalticam</strong></span> <span class='ocrx_word' id='word_1_228' title='bbox 1181 2108 1534 2148; x_wconf 85' lang='lat' dir='ltr'><strong>commorans</strong></span> <span class='ocrx_word' id='word_1_229' title='bbox 1576 2093 1890 2148; x_wconf 86' lang='lat' dir='ltr'><strong>Turcorum</strong></span> <span class='ocrx_word' id='word_1_230' title='bbox 1929 2109 2126 2148; x_wconf 82' lang='lat' dir='ltr'><strong>excur-</strong></span> 
     </span>
    </p>
   </div>
   <div class='ocr_carea' id='block_1_36' title="bbox 535 2187 2125 2256">
    <p class='ocr_par' dir='ltr' id='par_1_36' title="bbox 535 2187 2125 2256">
     <span class='ocr_line' id='line_1_36' title="bbox 535 2187 2125 2256; baseline -0.001 -12"><span class='ocrx_word' id='word_1_231' title='bbox 535 2190 722 2244; x_wconf 88' lang='lat' dir='ltr'><strong>siones</strong></span> <span class='ocrx_word' id='word_1_232' title='bbox 751 2191 1098 2245; x_wconf 88' lang='lat' dir='ltr'><strong>observabat.</strong></span> <span class='ocrx_word' id='word_1_233' title='bbox 1163 2187 1301 2242; x_wconf 90' lang='lat' dir='ltr'><strong>Cum</strong></span> <span class='ocrx_word' id='word_1_234' title='bbox 1337 2203 1468 2241; x_wconf 86' lang='lat' dir='ltr'><strong>vero</strong></span> <span class='ocrx_word' id='word_1_235' title='bbox 1521 2187 1571 2241; x_wconf 89' lang='lat' dir='ltr'><strong>ei</strong></span> <span class='ocrx_word' id='word_1_236' title='bbox 1606 2201 1634 2239; x_wconf 89' lang='lat' dir='ltr'><strong>a</strong></span> <span class='ocrx_word' id='word_1_237' title='bbox 1685 2187 2125 2256; x_wconf 83' lang='lat' dir='ltr'><strong>speculatoribus</strong></span> 
     </span>
    </p>
   </div>
   <div class='ocr_carea' id='block_1_37' title="bbox 539 2277 2129 2343">
    <p class='ocr_par' dir='ltr' id='par_1_37' title="bbox 539 2277 2129 2343">
     <span class='ocr_line' id='line_1_37' title="bbox 539 2277 2129 2343; baseline -0.001 -8"><span class='ocrx_word' id='word_1_238' title='bbox 539 2282 837 2336; x_wconf 86' lang='lat' dir='ltr'><strong>indicatum</strong></span> <span class='ocrx_word' id='word_1_239' title='bbox 918 2291 1084 2343; x_wconf 80' lang='lat' dir='ltr'><strong>esset,</strong></span> <span class='ocrx_word' id='word_1_240' title='bbox 1151 2279 1552 2334; x_wconf 82' lang='lat' dir='ltr'><strong>multitudinem</strong></span> <span class='ocrx_word' id='word_1_241' title='bbox 1613 2277 1919 2332; x_wconf 89' lang='lat' dir='ltr'><strong>Turcorum</strong></span> <span class='ocrx_word' id='word_1_242' title='bbox 1988 2280 2129 2334; x_wconf 90' lang='lat' dir='ltr'><strong>duce</strong></span> 
     </span>
    </p>
   </div>
   <div class='ocr_carea' id='block_1_38' title="bbox 535 2371 2124 2443">
    <p class='ocr_par' dir='ltr' id='par_1_38' title="bbox 535 2371 2124 2443">
     <span class='ocr_line' id='line_1_38' title="bbox 535 2371 2124 2443; baseline -0.003 -15"><span class='ocrx_word' id='word_1_243' title='bbox 535 2373 902 2438; x_wconf 71' lang='lat' dir='ltr'><strong>Chrys-osculo</strong></span> <span class='ocrx_word' id='word_1_244' title='bbox 956 2388 986 2427; x_wconf 88' lang='lat' dir='ltr'><strong>e</strong></span> <span class='ocrx_word' id='word_1_245' title='bbox 1037 2387 1232 2443; x_wconf 80' lang='lat' dir='ltr'><strong>genere</strong></span> <span class='ocrx_word' id='word_1_246' title='bbox 1289 2372 1658 2433; x_wconf 82' lang='lat' dir='ltr'><strong>sultanorum,</strong></span> <span class='ocrx_word' id='word_1_247' title='bbox 1749 2371 2124 2440; x_wconf 88' lang='lat' dir='ltr'><strong>principatum</strong></span> 
     </span>
    </p>
   </div>
   <div class='ocr_carea' id='block_1_39' title="bbox 537 2460 2128 2534">
    <p class='ocr_par' dir='ltr' id='par_1_39' title="bbox 537 2460 2128 2534">
     <span class='ocr_line' id='line_1_39' title="bbox 537 2460 2128 2534; baseline 0.001 -18"><span class='ocrx_word' id='word_1_248' title='bbox 537 2463 779 2519; x_wconf 75' lang='lat' dir='ltr'><strong>Persidis</strong></span> <span class='ocrx_word' id='word_1_249' title='bbox 803 2465 928 2527; x_wconf 84' lang='lat' dir='ltr'><strong>sibi,</strong></span> <span class='ocrx_word' id='word_1_250' title='bbox 964 2474 1020 2518; x_wconf 90' lang='lat' dir='ltr'><strong>ut</strong></span> <span class='ocrx_word' id='word_1_251' title='bbox 1050 2463 1296 2534; x_wconf 86' lang='lat' dir='ltr'><strong>putabat,</strong></span> <span class='ocrx_word' id='word_1_252' title='bbox 1324 2462 1566 2517; x_wconf 90' lang='lat' dir='ltr'><strong>debitum</strong></span> <span class='ocrx_word' id='word_1_253' title='bbox 1592 2460 1889 2523; x_wconf 84' lang='lat' dir='ltr'><strong>ambiente,</strong></span> <span class='ocrx_word' id='word_1_254' title='bbox 1917 2462 2128 2518; x_wconf 80' lang='lat' dir='ltr'><strong>irruere</strong></span> 
     </span>
    </p>
   </div>
   <div class='ocr_carea' id='block_1_40' title="bbox 539 2554 2126 2618">
    <p class='ocr_par' dir='ltr' id='par_1_40' title="bbox 539 2554 2126 2618">
     <span class='ocr_line' id='line_1_40' title="bbox 539 2554 2126 2618; baseline -0.001 -8"><span class='ocrx_word' id='word_1_255' title='bbox 539 2556 594 2610; x_wconf 90' lang='lat' dir='ltr'><strong>iu</strong></span> <span class='ocrx_word' id='word_1_256' title='bbox 622 2559 769 2612; x_wconf 79' lang='lat' dir='ltr'><strong>vicos</strong></span> <span class='ocrx_word' id='word_1_257' title='bbox 821 2557 1011 2612; x_wconf 89' lang='lat' dir='ltr'><strong>limitis</strong></span> <span class='ocrx_word' id='word_1_258' title='bbox 1093 2555 1426 2617; x_wconf 82' lang='lat' dir='ltr'><strong>Armeniaci,</strong></span> <span class='ocrx_word' id='word_1_259' title='bbox 1482 2555 1666 2607; x_wconf 87' lang='lat' dir='ltr'><strong>animo</strong></span> <span class='ocrx_word' id='word_1_260' title='bbox 1721 2569 1818 2610; x_wconf 89' lang='lat' dir='ltr'><strong>eos</strong></span> <span class='ocrx_word' id='word_1_261' title='bbox 1854 2554 2126 2618; x_wconf 87' lang='lat' dir='ltr'><strong>vastandi,</strong></span> 
     </span>
    </p>
   </div>
   <div class='ocr_carea' id='block_1_41' title="bbox 539 2645 2128 2717">
    <p class='ocr_par' dir='ltr' id='par_1_41' title="bbox 539 2645 2128 2717">
     <span class='ocr_line' id='line_1_41' title="bbox 539 2645 2128 2717; baseline 0.001 -17"><span class='ocrx_word' id='word_1_262' title='bbox 539 2648 836 2714; x_wconf 81' lang='lat' dir='ltr'><strong>assumptis</strong></span> <span class='ocrx_word' id='word_1_263' title='bbox 889 2649 1061 2717; x_wconf 90' lang='lat' dir='ltr'><strong>copiis</strong></span> <span class='ocrx_word' id='word_1_264' title='bbox 1118 2655 1310 2702; x_wconf 89' lang='lat' dir='ltr'><strong>contra</strong></span> <span class='ocrx_word' id='word_1_265' title='bbox 1376 2647 1587 2701; x_wconf 88' lang='lat' dir='ltr'><strong>Turcos</strong></span> <span class='ocrx_word' id='word_1_266' title='bbox 1640 2645 1812 2710; x_wconf 86' lang='lat' dir='ltr'><strong>vadit,</strong></span> <span class='ocrx_word' id='word_1_267' title='bbox 1873 2662 2014 2715; x_wconf 88' lang='lat' dir='ltr'><strong>quos</strong></span> <span class='ocrx_word' id='word_1_268' title='bbox 2073 2656 2128 2702; x_wconf 90' lang='lat' dir='ltr'><strong>et</strong></span> 
     </span>
    </p>
   </div>
   <div class='ocr_carea' id='block_1_42' title="bbox 538 2735 2125 2806">
    <p class='ocr_par' dir='ltr' id='par_1_42' title="bbox 538 2735 2125 2806">
     <span class='ocr_line' id='line_1_42' title="bbox 538 2735 2125 2806; baseline 0 -17"><span class='ocrx_word' id='word_1_269' title='bbox 538 2737 840 2806; x_wconf 86' lang='lat' dir='ltr'><strong>dispersos,</strong></span> <span class='ocrx_word' id='word_1_270' title='bbox 879 2747 1068 2806; x_wconf 88' lang='lat' dir='ltr'><strong>utpote</strong></span> <span class='ocrx_word' id='word_1_271' title='bbox 1117 2735 1517 2806; x_wconf 70' lang='lat' dir='ltr'><strong>praedabuntlos</strong></span> <span class='ocrx_word' id='word_1_272' title='bbox 1548 2735 1832 2790; x_wconf 76' lang='lat' dir='ltr'><strong>offendens</strong></span> <span class='ocrx_word' id='word_1_273' title='bbox 1877 2735 2034 2790; x_wconf 81' lang='lat' dir='ltr'><strong>facile</strong></span> <span class='ocrx_word' id='word_1_274' title='bbox 2071 2736 2125 2790; x_wconf 90' lang='lat' dir='ltr'><strong>in</strong></span> 
     </span>
    </p>
   </div>
   <div class='ocr_carea' id='block_1_43' title="bbox 539 2827 2128 2898">
    <p class='ocr_par' dir='ltr' id='par_1_43' title="bbox 539 2827 2128 2898">
     <span class='ocr_line' id='line_1_43' title="bbox 539 2827 2128 2898; baseline -0.001 -17"><span class='ocrx_word' id='word_1_275' title='bbox 539 2827 722 2898; x_wconf 88' lang='lat' dir='ltr'><strong>fugam</strong></span> <span class='ocrx_word' id='word_1_276' title='bbox 755 2830 938 2882; x_wconf 89' lang='lat' dir='ltr'><strong>vertit.</strong></span> <span class='ocrx_word' id='word_1_277' title='bbox 958 2827 1094 2883; x_wconf 86' lang='lat' dir='ltr'><strong>Hinc</strong></span> <span class='ocrx_word' id='word_1_278' title='bbox 1115 2844 1241 2884; x_wconf 90' lang='lat' dir='ltr'><strong>cum</strong></span> <span class='ocrx_word' id='word_1_279' title='bbox 1272 2827 1496 2898; x_wconf 80' lang='lat' dir='ltr'><strong>fugaces</strong></span> <span class='ocrx_word' id='word_1_280' title='bbox 1525 2843 1699 2897; x_wconf 90' lang='lat' dir='ltr'><strong>usque</strong></span> <span class='ocrx_word' id='word_1_281' title='bbox 1733 2828 1798 2880; x_wconf 90' lang='lat' dir='ltr'><strong>ad</strong></span> <span class='ocrx_word' id='word_1_282' title='bbox 1823 2828 2128 2896; x_wconf 83' lang='lat' dir='ltr'><strong>proximam</strong></span> 
     </span>
    </p>
   </div>
   <div class='ocr_carea' id='block_1_44' title="bbox 539 2919 2131 2989">
    <p class='ocr_par' dir='ltr' id='par_1_44' title="bbox 539 2919 2131 2989">
     <span class='ocr_line' id='line_1_44' title="bbox 539 2919 2131 2989; baseline -0.001 -14"><span class='ocrx_word' id='word_1_283' title='bbox 539 2921 796 2975; x_wconf 91' lang='lat' dir='ltr'><strong>viciniam</strong></span> <span class='ocrx_word' id='word_1_284' title='bbox 825 2929 1130 2975; x_wconf 86' lang='lat' dir='ltr'><strong>castrorum</strong></span> <span class='ocrx_word' id='word_1_285' title='bbox 1178 2919 1536 2975; x_wconf 90' lang='lat' dir='ltr'><strong>Turcicorum</strong></span> <span class='ocrx_word' id='word_1_286' title='bbox 1585 2920 1838 2989; x_wconf 83' lang='lat' dir='ltr'><strong>cupidius</strong></span> <span class='ocrx_word' id='word_1_287' title='bbox 1871 2920 2131 2988; x_wconf 80' lang='lat' dir='ltr'><strong>inseque-</strong></span> 
     </span>
    </p>
   </div>
   <div class='ocr_carea' id='block_1_45' title="bbox 538 3011 2132 3077">
    <p class='ocr_par' dir='ltr' id='par_1_45' title="bbox 538 3011 2132 3077">
     <span class='ocr_line' id='line_1_45' title="bbox 538 3011 2132 3077; baseline -0.001 -9"><span class='ocrx_word' id='word_1_288' title='bbox 538 3027 712 3077; x_wconf 84' lang='lat' dir='ltr'><strong>retur,</strong></span> <span class='ocrx_word' id='word_1_289' title='bbox 765 3015 1144 3068; x_wconf 88' lang='lat' dir='ltr'><strong>coorientibus</strong></span> <span class='ocrx_word' id='word_1_290' title='bbox 1199 3013 1251 3065; x_wconf 91' lang='lat' dir='ltr'><strong>iu</strong></span> <span class='ocrx_word' id='word_1_291' title='bbox 1315 3029 1436 3066; x_wconf 84' lang='lat' dir='ltr'><strong>eum</strong></span> <span class='ocrx_word' id='word_1_292' title='bbox 1482 3012 1678 3066; x_wconf 89' lang='lat' dir='ltr'><strong>Turcis</strong></span> <span class='ocrx_word' id='word_1_293' title='bbox 1711 3029 1740 3064; x_wconf 93' lang='lat' dir='ltr'><strong>e</strong></span> <span class='ocrx_word' id='word_1_294' title='bbox 1776 3011 1911 3066; x_wconf 90' lang='lat' dir='ltr'><strong>locis</strong></span> <span class='ocrx_word' id='word_1_295' title='bbox 1973 3018 2132 3066; x_wconf 68' lang='lat' dir='ltr'><strong>antea</strong></span> 
     </span>
    </p>
   </div>
   <div class='ocr_carea' id='block_1_46' title="bbox 539 3102 2131 3173">
    <p class='ocr_par' dir='ltr' id='par_1_46' title="bbox 539 3102 2131 3173">
     <span class='ocr_line' id='line_1_46' title="bbox 539 3102 2131 3173; baseline 0 -16"><span class='ocrx_word' id='word_1_296' title='bbox 539 3104 842 3172; x_wconf 89' lang='lat' dir='ltr'><strong>occupatis,</strong></span> <span class='ocrx_word' id='word_1_297' title='bbox 873 3115 1141 3173; x_wconf 61' lang='lat' dir='ltr'><strong>quattuuc</strong></span> <span class='ocrx_word' id='word_1_298' title='bbox 1156 3118 1312 3157; x_wconf 86' lang='lat' dir='ltr'><strong>usum</strong></span> <span class='ocrx_word' id='word_1_299' title='bbox 1345 3102 1664 3155; x_wconf 86' lang='lat' dir='ltr'><strong>insidiarqu</strong></span> <span class='ocrx_word' id='word_1_300' title='bbox 1689 3112 1804 3154; x_wconf 88' lang='lat' dir='ltr'><strong>arte</strong></span> <span class='ocrx_word' id='word_1_301' title='bbox 1830 3104 2131 3171; x_wconf 85' lang='lat' dir='ltr'><strong>po-itarnm</strong></span> 
     </span>
    </p>
   </div>
   <div class='ocr_carea' id='block_1_47' title="bbox 543 3191 2130 3264">
    <p class='ocr_par' dir='ltr' id='par_1_47' title="bbox 543 3191 2130 3264">
     <span class='ocr_line' id='line_1_47' title="bbox 543 3191 2130 3264; baseline -0.001 -17"><span class='ocrx_word' id='word_1_302' title='bbox 543 3196 677 3264; x_wconf 87' lang='lat' dir='ltr'><strong>ipsis</strong></span> <span class='ocrx_word' id='word_1_303' title='bbox 706 3196 1084 3262; x_wconf 72' lang='lat' dir='ltr'><strong>praebuerunt,</strong></span> <span class='ocrx_word' id='word_1_304' title='bbox 1123 3194 1214 3248; x_wconf 92' lang='lat' dir='ltr'><strong>diu</strong></span> <span class='ocrx_word' id='word_1_305' title='bbox 1246 3193 1465 3248; x_wconf 88' lang='lat' dir='ltr'><strong>fortiter</strong></span> <span class='ocrx_word' id='word_1_306' title='bbox 1497 3207 1744 3262; x_wconf 87' lang='lat' dir='ltr'><strong>pugnans</strong></span> <span class='ocrx_word' id='word_1_307' title='bbox 1778 3192 1992 3246; x_wconf 78' lang='lat' dir='ltr'><strong>restitit.</strong></span> <span class='ocrx_word' id='word_1_308' title='bbox 2023 3191 2130 3246; x_wconf 85' lang='lat' dir='ltr'><strong>Sed</strong></span> 
     </span>
    </p>
   </div>
   <div class='ocr_carea' id='block_1_48' title="bbox 543 3283 2132 3355">
    <p class='ocr_par' dir='ltr' id='par_1_48' title="bbox 543 3283 2132 3355">
     <span class='ocr_line' id='line_1_48' title="bbox 543 3283 2132 3355; baseline -0.004 -13"><span class='ocrx_word' id='word_1_309' title='bbox 543 3302 670 3342; x_wconf 90' lang='lat' dir='ltr'><strong>eum</strong></span> <span class='ocrx_word' id='word_1_310' title='bbox 703 3303 856 3342; x_wconf 89' lang='lat' dir='ltr'><strong>versa</strong></span> <span class='ocrx_word' id='word_1_311' title='bbox 889 3289 942 3340; x_wconf 74' lang='grc' dir='ltr'><strong>ιιι</strong></span> <span class='ocrx_word' id='word_1_312' title='bbox 975 3288 1156 3355; x_wconf 85' lang='lat' dir='ltr'><strong>fugam</strong></span> <span class='ocrx_word' id='word_1_313' title='bbox 1183 3287 1555 3354; x_wconf 88' lang='lat' dir='ltr'><strong>dissipataque</strong></span> <span class='ocrx_word' id='word_1_314' title='bbox 1579 3285 1844 3354; x_wconf 89' lang='lat' dir='ltr'><strong>phalange</strong></span> <span class='ocrx_word' id='word_1_315' title='bbox 1868 3283 2132 3346; x_wconf 78' lang='lat' dir='ltr'><strong>Romana,</strong></span> 
     </span>
    </p>
   </div>
   <div class='ocr_carea' id='block_1_49' title="bbox 545 3376 2129 3447">
    <p class='ocr_par' dir='ltr' id='par_1_49' title="bbox 545 3376 2129 3447">
     <span class='ocr_line' id='line_1_49' title="bbox 545 3376 2129 3447; baseline -0.002 -15"><span class='ocrx_word' id='word_1_316' title='bbox 545 3380 814 3433; x_wconf 88' lang='lat' dir='ltr'><strong>obsistere</strong></span> <span class='ocrx_word' id='word_1_317' title='bbox 842 3379 956 3447; x_wconf 89' lang='lat' dir='ltr'><strong>ipse</strong></span> <span class='ocrx_word' id='word_1_318' title='bbox 991 3394 1131 3432; x_wconf 88' lang='lat' dir='ltr'><strong>unus</strong></span> <span class='ocrx_word' id='word_1_319' title='bbox 1165 3377 1400 3446; x_wconf 86' lang='lat' dir='ltr'><strong>amplius</strong></span> <span class='ocrx_word' id='word_1_320' title='bbox 1432 3391 1540 3430; x_wconf 94' lang='lat' dir='ltr'><strong>non</strong></span> <span class='ocrx_word' id='word_1_321' title='bbox 1571 3386 1774 3445; x_wconf 89' lang='lat' dir='ltr'><strong>posset,</strong></span> <span class='ocrx_word' id='word_1_322' title='bbox 1817 3376 2129 3431; x_wconf 79' lang='lat' dir='ltr'><strong>necessario</strong></span> 
     </span>
    </p>
   </div>
   <div class='ocr_carea' id='block_1_50' title="bbox 530 3466 2137 3539">
    <p class='ocr_par' dir='ltr' id='par_1_50' title="bbox 530 3466 2137 3539">
     <span class='ocr_line' id='line_1_50' title="bbox 530 3466 2137 3539; baseline -0.001 -15"><span class='ocrx_word' id='word_1_323' title='bbox 530 3480 599 3524; x_wconf 77' lang='grc' dir='ltr'><strong>-οι</strong></span> <span class='ocrx_word' id='word_1_324' title='bbox 629 3484 755 3524; x_wconf 89' lang='lat' dir='ltr'><strong>sero</strong></span> <span class='ocrx_word' id='word_1_325' title='bbox 810 3468 1022 3539; x_wconf 88' lang='lat' dir='ltr'><strong>fugiens</strong></span> <span class='ocrx_word' id='word_1_326' title='bbox 1077 3470 1368 3524; x_wconf 89' lang='lat' dir='ltr'><strong>conclusus</strong></span> <span class='ocrx_word' id='word_1_327' title='bbox 1421 3477 1724 3539; x_wconf 86' lang='lat' dir='ltr'><strong>captusque</strong></span> <span class='ocrx_word' id='word_1_328' title='bbox 1755 3484 1784 3523; x_wconf 90' lang='lat' dir='ltr'><strong>a</strong></span> <span class='ocrx_word' id='word_1_329' title='bbox 1828 3466 2028 3524; x_wconf 87' lang='lat' dir='ltr'><strong>Turcis</strong></span> <span class='ocrx_word' id='word_1_330' title='bbox 2053 3475 2137 3523; x_wconf 80' lang='lat' dir='ltr'><strong>est</strong></span> 
     </span>
    </p>
   </div>
   <div class='ocr_carea' id='block_1_51' title="bbox 547 3560 2140 3626">
    <p class='ocr_par' dir='ltr' id='par_1_51' title="bbox 547 3560 2140 3626">
     <span class='ocr_line' id='line_1_51' title="bbox 547 3560 2140 3626; baseline -0.001 -10"><span class='ocrx_word' id='word_1_331' title='bbox 547 3578 674 3616; x_wconf 83' lang='lat' dir='ltr'><strong>cum</strong></span> <span class='ocrx_word' id='word_1_332' title='bbox 713 3563 929 3618; x_wconf 88' lang='lat' dir='ltr'><strong>duobus</strong></span> <span class='ocrx_word' id='word_1_333' title='bbox 956 3578 1210 3616; x_wconf 89' lang='lat' dir='ltr'><strong>sororum</strong></span> <span class='ocrx_word' id='word_1_334' title='bbox 1264 3578 1490 3617; x_wconf 83' lang='lat' dir='ltr'><strong>suarum</strong></span> <span class='ocrx_word' id='word_1_335' title='bbox 1540 3563 1693 3626; x_wconf 82' lang='lat' dir='ltr'><strong>viris,</strong></span> <span class='ocrx_word' id='word_1_336' title='bbox 1750 3560 2039 3616; x_wconf 64' lang='lat' dir='ltr'><strong>Melisseuo</strong></span> <span class='ocrx_word' id='word_1_337' title='bbox 2084 3570 2140 3614; x_wconf 88' lang='lat' dir='ltr'><strong>et</strong></span> 
     </span>
    </p>
   </div>
   <div class='ocr_carea' id='block_1_52' title="bbox 550 3652 2135 3723">
    <p class='ocr_par' dir='ltr' id='par_1_52' title="bbox 550 3652 2135 3723">
     <span class='ocr_line' id='line_1_52' title="bbox 550 3652 2135 3723; baseline -0.001 -15"><span class='ocrx_word' id='word_1_338' title='bbox 550 3654 835 3710; x_wconf 77' lang='lat' dir='ltr'><strong>Tarouita.</strong></span> <span class='ocrx_word' id='word_1_339' title='bbox 904 3654 1232 3708; x_wconf 82' lang='lat' dir='ltr'><strong>Ceciderunt</strong></span> <span class='ocrx_word' id='word_1_340' title='bbox 1277 3665 1330 3708; x_wconf 91' lang='lat' dir='ltr'><strong>et</strong></span> <span class='ocrx_word' id='word_1_341' title='bbox 1376 3656 1718 3723; x_wconf 88' lang='lat' dir='ltr'><strong>reliquorum</strong></span> <span class='ocrx_word' id='word_1_342' title='bbox 1762 3652 2135 3707; x_wconf 81' lang='lat' dir='ltr'><strong>Romanorum</strong></span> 
     </span>
    </p>
   </div>
   <div class='ocr_carea' id='block_1_53' title="bbox 551 3746 2140 3817">
    <p class='ocr_par' dir='ltr' id='par_1_53' title="bbox 551 3746 2140 3817">
     <span class='ocr_line' id='line_1_53' title="bbox 551 3746 2140 3817; baseline 0 -17"><span class='ocrx_word' id='word_1_343' title='bbox 551 3748 731 3817; x_wconf 88' lang='lat' dir='ltr'><strong>pauci.</strong></span> <span class='ocrx_word' id='word_1_344' title='bbox 768 3747 1051 3801; x_wconf 78' lang='lat' dir='ltr'><strong>Adductus</strong></span> <span class='ocrx_word' id='word_1_345' title='bbox 1083 3747 1247 3816; x_wconf 63' lang='lat' dir='ltr'><strong>igitur</strong></span> <span class='ocrx_word' id='word_1_346' title='bbox 1285 3746 1350 3800; x_wconf 91' lang='lat' dir='ltr'><strong>ad</strong></span> <span class='ocrx_word' id='word_1_347' title='bbox 1402 3747 1826 3816; x_wconf 77' lang='lat' dir='ltr'><strong>Chrysosculum</strong></span> <span class='ocrx_word' id='word_1_348' title='bbox 1848 3761 2009 3815; x_wconf 86' lang='lat' dir='ltr'><strong>grave</strong></span> <span class='ocrx_word' id='word_1_349' title='bbox 2041 3762 2140 3814; x_wconf 89' lang='lat' dir='ltr'><strong>pu-</strong></span> 
     </span>
    </p>
   </div>
   <div class='ocr_carea' id='block_1_54' title="bbox 551 3837 2138 3907">
    <p class='ocr_par' dir='ltr' id='par_1_54' title="bbox 551 3837 2138 3907">
     <span class='ocr_line' id='line_1_54' title="bbox 551 3837 2138 3907; baseline -0.003 -14"><span class='ocrx_word' id='word_1_350' title='bbox 551 3838 722 3903; x_wconf 85' lang='lat' dir='ltr'><strong>tabat,</strong></span> <span class='ocrx_word' id='word_1_351' title='bbox 751 3838 798 3893; x_wconf 78' lang='lat' dir='ltr'><strong>si</strong></span> <span class='ocrx_word' id='word_1_352' title='bbox 835 3855 943 3892; x_wconf 87' lang='lat' dir='ltr'><strong>non</strong></span> <span class='ocrx_word' id='word_1_353' title='bbox 985 3838 1187 3907; x_wconf 88' lang='lat' dir='ltr'><strong>aliquid</strong></span> <span class='ocrx_word' id='word_1_354' title='bbox 1220 3853 1418 3907; x_wconf 79' lang='lat' dir='ltr'><strong>genere</strong></span> <span class='ocrx_word' id='word_1_355' title='bbox 1465 3839 1690 3906; x_wconf 85' lang='lat' dir='ltr'><strong>dignum</strong></span> <span class='ocrx_word' id='word_1_356' title='bbox 1712 3837 1954 3893; x_wconf 86' lang='lat' dir='ltr'><strong>elIieeret</strong></span> <span class='ocrx_word' id='word_1_357' title='bbox 2011 3853 2138 3900; x_wconf 87' lang='lat' dir='ltr'><strong>suo,</strong></span> 
     </span>
    </p>
   </div>
   <div class='ocr_carea' id='block_1_55' title="bbox 550 3924 2138 3998">
    <p class='ocr_par' dir='ltr' id='par_1_55' title="bbox 550 3924 2138 3998">
     <span class='ocr_line' id='line_1_55' title="bbox 550 3924 2138 3998; baseline -0.001 -14"><span class='ocrx_word' id='word_1_358' title='bbox 550 3929 838 3998; x_wconf 70' lang='lat' dir='ltr'><strong>elicuitque</strong></span> <span class='ocrx_word' id='word_1_359' title='bbox 864 3929 1017 3998; x_wconf 89' lang='lat' dir='ltr'><strong>plane</strong></span> <span class='ocrx_word' id='word_1_360' title='bbox 1055 3928 1278 3998; x_wconf 87' lang='lat' dir='ltr'><strong>dignum</strong></span> <span class='ocrx_word' id='word_1_361' title='bbox 1313 3924 1365 3981; x_wconf 85' lang='lat' dir='ltr'><strong>in</strong></span> <span class='ocrx_word' id='word_1_362' title='bbox 1409 3929 1604 3998; x_wconf 82' lang='lat' dir='ltr'><strong>primis</strong></span> <span class='ocrx_word' id='word_1_363' title='bbox 1643 3937 1871 3981; x_wconf 85' lang='lat' dir='ltr'><strong>narratu</strong></span> <span class='ocrx_word' id='word_1_364' title='bbox 1905 3927 2138 3982; x_wconf 83' lang='lat' dir='ltr'><strong>facinus.</strong></span> 
     </span>
    </p>
   </div>
   <div class='ocr_carea' id='block_1_56' title="bbox 552 4018 2140 4091">
    <p class='ocr_par' dir='ltr' id='par_1_56' title="bbox 552 4018 2140 4091">
     <span class='ocr_line' id='line_1_56' title="bbox 552 4018 2140 4091; baseline -0.001 -17"><span class='ocrx_word' id='word_1_365' title='bbox 552 4021 788 4091; x_wconf 87' lang='lat' dir='ltr'><strong>Cognito</strong></span> <span class='ocrx_word' id='word_1_366' title='bbox 812 4021 956 4074; x_wconf 90' lang='lat' dir='ltr'><strong>enim</strong></span> <span class='ocrx_word' id='word_1_367' title='bbox 1011 4019 1270 4074; x_wconf 74' lang='lat' dir='ltr'><strong>victorem</strong></span> <span class='ocrx_word' id='word_1_368' title='bbox 1321 4035 1482 4074; x_wconf 89' lang='lat' dir='ltr'><strong>suum</strong></span> <span class='ocrx_word' id='word_1_369' title='bbox 1537 4018 1802 4074; x_wconf 84' lang='lat' dir='ltr'><strong>defecisse</strong></span> <span class='ocrx_word' id='word_1_370' title='bbox 1839 4035 1868 4074; x_wconf 89' lang='lat' dir='ltr'><strong>a</strong></span> <span class='ocrx_word' id='word_1_371' title='bbox 1901 4019 2140 4083; x_wconf 86' lang='lat' dir='ltr'><strong>sultauo,</strong></span> 
     </span>
    </p>
   </div>
   <div class='ocr_carea' id='block_1_57' title="bbox 553 4110 2140 4179">
    <p class='ocr_par' dir='ltr' id='par_1_57' title="bbox 553 4110 2140 4179">
     <span class='ocr_line' id='line_1_57' title="bbox 553 4110 2140 4179; baseline -0.002 -14"><span class='ocrx_word' id='word_1_372' title='bbox 553 4120 611 4165; x_wconf 89' lang='lat' dir='ltr'><strong>et</strong></span> <span class='ocrx_word' id='word_1_373' title='bbox 663 4126 761 4179; x_wconf 90' lang='lat' dir='ltr'><strong>spe</strong></span> <span class='ocrx_word' id='word_1_374' title='bbox 821 4111 1112 4164; x_wconf 86' lang='lat' dir='ltr'><strong>ambitiosa</strong></span> <span class='ocrx_word' id='word_1_375' title='bbox 1178 4110 1542 4178; x_wconf 88' lang='lat' dir='ltr'><strong>principatum</strong></span> <span class='ocrx_word' id='word_1_376' title='bbox 1577 4110 1872 4164; x_wconf 85' lang='lat' dir='ltr'><strong>Persarum</strong></span> <span class='ocrx_word' id='word_1_377' title='bbox 1914 4125 2140 4163; x_wconf 83' lang='lat' dir='ltr'><strong>versare</strong></span> 
     </span>
    </p>
   </div>
   <div class='ocr_carea' id='block_1_58' title="bbox 557 4199 2144 4270">
    <p class='ocr_par' dir='ltr' id='par_1_58' title="bbox 557 4199 2144 4270">
     <span class='ocr_line' id='line_1_58' title="bbox 557 4199 2144 4270; baseline -0.001 -14"><span class='ocrx_word' id='word_1_378' title='bbox 557 4204 762 4267; x_wconf 90' lang='lat' dir='ltr'><strong>animo,</strong></span> <span class='ocrx_word' id='word_1_379' title='bbox 797 4201 1032 4268; x_wconf 84' lang='lat' dir='ltr'><strong>experiri</strong></span> <span class='ocrx_word' id='word_1_380' title='bbox 1069 4200 1342 4253; x_wconf 85' lang='lat' dir='ltr'><strong>hominem</strong></span> <span class='ocrx_word' id='word_1_381' title='bbox 1386 4199 1665 4264; x_wconf 87' lang='lat' dir='ltr'><strong>decrevit;</strong></span> <span class='ocrx_word' id='word_1_382' title='bbox 1705 4201 1811 4270; x_wconf 80' lang='lat'><strong>33</strong></span> <span class='ocrx_word' id='word_1_383' title='bbox 1839 4200 2144 4268; x_wconf 88' lang='lat' dir='ltr'><strong>secretique</strong></span> 
     </span>
    </p>
   </div>
   <div class='ocr_carea' id='block_1_59' title="bbox 555 4291 2144 4364">
    <p class='ocr_par' dir='ltr' id='par_1_59' title="bbox 555 4291 2144 4364">
     <span class='ocr_line' id='line_1_59' title="bbox 555 4291 2144 4364; baseline -0.001 -17"><span class='ocrx_word' id='word_1_384' title='bbox 555 4294 964 4364; x_wconf 86' lang='lat' dir='ltr'><strong>opportunitate</strong></span> <span class='ocrx_word' id='word_1_385' title='bbox 1001 4291 1632 4360; x_wconf 84' lang='lat' dir='ltr'><strong>colloquii,iutrospccta</strong></span> <span class='ocrx_word' id='word_1_386' title='bbox 1666 4291 1786 4360; x_wconf 88' lang='lat' dir='ltr'><strong>ejus</strong></span> <span class='ocrx_word' id='word_1_387' title='bbox 1818 4300 2017 4352; x_wconf 88' lang='lat' dir='ltr'><strong>mente.</strong></span> <span class='ocrx_word' id='word_1_388' title='bbox 2051 4291 2144 4346; x_wconf 88' lang='lat' dir='ltr'><strong>ubi</strong></span> 
     </span>
    </p>
   </div>
   <div class='ocr_carea' id='block_1_60' title="bbox 557 4383 2144 4452">
    <p class='ocr_par' dir='ltr' id='par_1_60' title="bbox 557 4383 2144 4452">
     <span class='ocr_line' id='line_1_60' title="bbox 557 4383 2144 4452; baseline -0.001 -12"><span class='ocrx_word' id='word_1_389' title='bbox 557 4390 754 4440; x_wconf 87' lang='lat' dir='ltr'><strong>timore</strong></span> <span class='ocrx_word' id='word_1_390' title='bbox 805 4385 954 4438; x_wconf 90' lang='lat' dir='ltr'><strong>illum</strong></span> <span class='ocrx_word' id='word_1_391' title='bbox 1010 4386 1193 4452; x_wconf 87' lang='lat' dir='ltr'><strong>urgeri</strong></span> <span class='ocrx_word' id='word_1_392' title='bbox 1251 4398 1450 4452; x_wconf 87' lang='lat' dir='ltr'><strong>magno</strong></span> <span class='ocrx_word' id='word_1_393' title='bbox 1490 4383 1867 4452; x_wconf 82' lang='lat' dir='ltr'><strong>deprehendit,</strong></span> <span class='ocrx_word' id='word_1_394' title='bbox 1900 4383 2045 4451; x_wconf 90' lang='lat' dir='ltr'><strong>quod</strong></span> <span class='ocrx_word' id='word_1_395' title='bbox 2084 4399 2144 4440; x_wconf 83' lang='lat' dir='ltr'><strong>se</strong></span> 
     </span>
    </p>
   </div>
   <div class='ocr_carea' id='block_1_61' title="bbox 555 4475 2146 4548">
    <p class='ocr_par' dir='ltr' id='par_1_61' title="bbox 555 4475 2146 4548">
     <span class='ocr_line' id='line_1_61' title="bbox 555 4475 2146 4548; baseline -0.003 -14"><span class='ocrx_word' id='word_1_396' title='bbox 555 4478 734 4548; x_wconf 87' lang='lat' dir='ltr'><strong>copiis</strong></span> <span class='ocrx_word' id='word_1_397' title='bbox 757 4477 957 4532; x_wconf 87' lang='lat' dir='ltr'><strong>sultani</strong></span> <span class='ocrx_word' id='word_1_398' title='bbox 1000 4491 1126 4529; x_wconf 79' lang='lat' dir='ltr'><strong>mox</strong></span> <span class='ocrx_word' id='word_1_399' title='bbox 1162 4486 1352 4529; x_wconf 86' lang='lat' dir='ltr'><strong>contra</strong></span> <span class='ocrx_word' id='word_1_400' title='bbox 1383 4490 1442 4530; x_wconf 89' lang='lat' dir='ltr'><strong>se</strong></span> <span class='ocrx_word' id='word_1_401' title='bbox 1475 4475 1675 4528; x_wconf 88' lang='lat' dir='ltr'><strong>moturi</strong></span> <span class='ocrx_word' id='word_1_402' title='bbox 1713 4477 1942 4530; x_wconf 79' lang='lat' dir='ltr'><strong>sentiret</strong></span> <span class='ocrx_word' id='word_1_403' title='bbox 1971 4477 2146 4544; x_wconf 87' lang='lat' dir='ltr'><strong>impa-</strong></span> 
     </span>
    </p>
   </div>
   <div class='ocr_carea' id='block_1_62' title="bbox 556 4565 2139 4635">
    <p class='ocr_par' dir='ltr' id='par_1_62' title="bbox 556 4565 2139 4635">
     <span class='ocr_line' id='line_1_62' title="bbox 556 4565 2139 4635; baseline -0.003 -11"><span class='ocrx_word' id='word_1_404' title='bbox 556 4586 694 4635; x_wconf 87' lang='lat' dir='ltr'><strong>rem,</strong></span> <span class='ocrx_word' id='word_1_405' title='bbox 731 4569 943 4623; x_wconf 79' lang='lat' dir='ltr'><strong>blandis</strong></span> <span class='ocrx_word' id='word_1_406' title='bbox 975 4583 1099 4622; x_wconf 90' lang='lat' dir='ltr'><strong>eum</strong></span> <span class='ocrx_word' id='word_1_407' title='bbox 1158 4568 1466 4621; x_wconf 86' lang='lat' dir='ltr'><strong>demulcere</strong></span> <span class='ocrx_word' id='word_1_408' title='bbox 1485 4565 1666 4620; x_wconf 90' lang='lat' dir='ltr'><strong>verbis</strong></span> <span class='ocrx_word' id='word_1_409' title='bbox 1698 4582 1989 4635; x_wconf 77' lang='lat' dir='ltr'><strong>aggressus</strong></span> <span class='ocrx_word' id='word_1_410' title='bbox 2023 4576 2139 4620; x_wconf 88' lang='lat' dir='ltr'><strong>est:</strong></span> 
     </span>
    </p>
   </div>
   <div class='ocr_carea' id='block_1_63' title="bbox 556 4657 2143 4729">
    <p class='ocr_par' dir='ltr' id='par_1_63' title="bbox 556 4657 2143 4729">
     <span class='ocr_line' id='line_1_63' title="bbox 556 4657 2143 4729; baseline -0.004 -12"><span class='ocrx_word' id='word_1_411' title='bbox 556 4663 745 4729; x_wconf 88' lang='lat' dir='ltr'><strong>sicque</strong></span> <span class='ocrx_word' id='word_1_412' title='bbox 796 4660 1003 4714; x_wconf 90' lang='lat' dir='ltr'><strong>tuollita</strong></span> <span class='ocrx_word' id='word_1_413' title='bbox 1058 4660 1230 4728; x_wconf 88' lang='lat' dir='ltr'><strong>primo</strong></span> <span class='ocrx_word' id='word_1_414' title='bbox 1267 4659 1360 4712; x_wconf 92' lang='lat' dir='ltr'><strong>illo</strong></span> <span class='ocrx_word' id='word_1_415' title='bbox 1411 4657 1769 4711; x_wconf 89' lang='lat' dir='ltr'><strong>delinimento</strong></span> <span class='ocrx_word' id='word_1_416' title='bbox 1795 4657 1992 4711; x_wconf 87' lang='lat' dir='ltr'><strong>duritie</strong></span> <span class='ocrx_word' id='word_1_417' title='bbox 2017 4658 2143 4711; x_wconf 87' lang='lat' dir='ltr'><strong>bar-</strong></span> 
     </span>
    </p>
   </div>
   <div class='ocr_carea' id='block_1_64' title="bbox 557 4744 2145 4814">
    <p class='ocr_par' dir='ltr' id='par_1_64' title="bbox 557 4744 2145 4814">
     <span class='ocr_line' id='line_1_64' title="bbox 557 4744 2145 4814; baseline -0.001 -11"><span class='ocrx_word' id='word_1_418' title='bbox 557 4752 696 4814; x_wconf 85' lang='lat' dir='ltr'><strong>hari,</strong></span> <span class='ocrx_word' id='word_1_419' title='bbox 723 4748 1043 4803; x_wconf 85' lang='lat' dir='ltr'><strong>ellieacioris</strong></span> <span class='ocrx_word' id='word_1_420' title='bbox 1090 4749 1237 4803; x_wconf 88' lang='lat' dir='ltr'><strong>velut</strong></span> <span class='ocrx_word' id='word_1_421' title='bbox 1271 4746 1652 4804; x_wconf 81' lang='lat' dir='ltr'><strong>medicaminis</strong></span> <span class='ocrx_word' id='word_1_422' title='bbox 1684 4744 2027 4814; x_wconf 72' lang='lat' dir='ltr'><strong>pufuturam</strong></span> <span class='ocrx_word' id='word_1_423' title='bbox 2065 4748 2145 4802; x_wconf 91' lang='lat' dir='ltr'><strong>sic</strong></span> 
     </span>
    </p>
   </div>
   <div class='ocr_carea' id='block_1_65' title="bbox 558 4838 2144 4918">
    <p class='ocr_par' dir='ltr' id='par_1_65' title="bbox 558 4838 2144 4918">
     <span class='ocr_line' id='line_1_65' title="bbox 558 4838 2144 4918; baseline -0.006 -17"><span class='ocrx_word' id='word_1_424' title='bbox 558 4857 752 4918; x_wconf 85' lang='lat' dir='ltr'><strong>parato</strong></span> <span class='ocrx_word' id='word_1_425' title='bbox 802 4845 1098 4900; x_wconf 88' lang='lat' dir='ltr'><strong>secundam</strong></span> <span class='ocrx_word' id='word_1_426' title='bbox 1171 4844 1313 4896; x_wconf 90' lang='lat' dir='ltr'><strong>haue</strong></span> <span class='ocrx_word' id='word_1_427' title='bbox 1361 4838 1656 4908; x_wconf 88' lang='lat' dir='ltr'><strong>quamdam</strong></span> <span class='ocrx_word' id='word_1_428' title='bbox 1690 4840 2144 4909; x_wconf 89' lang='lat' dir='ltr'><strong>compositionem</strong></span> 
     </span>
    </p>
   </div>
   <div class='ocr_carea' id='block_1_66' title="bbox 559 4930 2150 5006">
    <p class='ocr_par' dir='ltr' id='par_1_66' title="bbox 559 4930 2150 5006">
     <span class='ocr_line' id='line_1_66' title="bbox 559 4930 2150 5006; baseline -0.005 -13"><span class='ocrx_word' id='word_1_429' title='bbox 559 4942 832 5004; x_wconf 77' lang='lat' dir='ltr'><strong>admovet,</strong></span> <span class='ocrx_word' id='word_1_430' title='bbox 863 4939 938 4992; x_wconf 90' lang='lat' dir='ltr'><strong>ait</strong></span> <span class='ocrx_word' id='word_1_431' title='bbox 972 4939 1071 5001; x_wconf 88' lang='lat' dir='ltr'><strong>illi,</strong></span> <span class='ocrx_word' id='word_1_432' title='bbox 1097 4931 1548 5006; x_wconf 86' lang='lat' dir='ltr'><strong>quandoquidem</strong></span> <span class='ocrx_word' id='word_1_433' title='bbox 1600 4931 1896 4998; x_wconf 90' lang='lat' dir='ltr'><strong>imperium</strong></span> <span class='ocrx_word' id='word_1_434' title='bbox 1951 4930 2150 4986; x_wconf 85' lang='lat' dir='ltr'><strong>Persa-</strong></span> 
     </span>
    </p>
   </div>
   <div class='ocr_carea' id='block_1_67' title="bbox 561 5024 2151 5095">
    <p class='ocr_par' dir='ltr' id='par_1_67' title="bbox 561 5024 2151 5095">
     <span class='ocr_line' id='line_1_67' title="bbox 561 5024 2151 5095; baseline -0.006 -7"><span class='ocrx_word' id='word_1_435' title='bbox 561 5049 682 5088; x_wconf 81' lang='lat' dir='ltr'><strong>rum</strong></span> <span class='ocrx_word' id='word_1_436' title='bbox 718 5032 996 5095; x_wconf 83' lang='lat' dir='ltr'><strong>affectans,</strong></span> <span class='ocrx_word' id='word_1_437' title='bbox 1044 5031 1268 5085; x_wconf 85' lang='lat' dir='ltr'><strong>idoneas</strong></span> <span class='ocrx_word' id='word_1_438' title='bbox 1306 5027 1372 5080; x_wconf 88' lang='lat' dir='ltr'><strong>ad</strong></span> <span class='ocrx_word' id='word_1_439' title='bbox 1421 5024 1542 5094; x_wconf 88' lang='lat' dir='ltr'><strong>ejus</strong></span> <span class='ocrx_word' id='word_1_440' title='bbox 1573 5025 1906 5078; x_wconf 90' lang='lat' dir='ltr'><strong>insessorem</strong></span> <span class='ocrx_word' id='word_1_441' title='bbox 1962 5025 2151 5079; x_wconf 90' lang='lat' dir='ltr'><strong>debel-</strong></span> 
     </span>
    </p>
   </div>
   <div class='ocr_carea' id='block_1_68' title="bbox 2234 1993 3804 2072">
    <p class='ocr_par' dir='ltr' id='par_1_68' title="bbox 2234 1993 3804 2072">
     <span class='ocr_line' id='line_1_68' title="bbox 2234 1993 3804 2072; baseline 0.008 -28"><span class='ocrx_word' id='word_1_442' title='bbox 2234 1993 2371 2062; x_wconf 76' lang='grc' dir='ltr'>ηγὸς</span> <span class='ocrx_word' id='word_1_443' title='bbox 2429 1995 2790 2069; x_wconf 80' lang='grc' dir='ltr'>αὐτοκράτωρ</span> <span class='ocrx_word' id='word_1_444' title='bbox 2822 1999 2931 2052; x_wconf 82' lang='grc' dir='ltr'>τῶν</span> <span class='ocrx_word' id='word_1_445' title='bbox 2986 2000 3166 2071; x_wconf 83' lang='grc' dir='ltr'>Ἐῴων</span> <span class='ocrx_word' id='word_1_446' title='bbox 3213 2003 3514 2072; x_wconf 83' lang='grc' dir='ltr'>ταγμάτων</span> <span class='ocrx_word' id='word_1_447' title='bbox 3547 2004 3680 2071; x_wconf 64' lang='grc' dir='ltr'><strong>πρὸς</strong></span> <span class='ocrx_word' id='word_1_448' title='bbox 3710 2002 3804 2056; x_wconf 85' lang='grc' dir='ltr'>τοῦ</span> 
     </span>
    </p>
   </div>
   <div class='ocr_carea' id='block_1_69' title="bbox 2228 2086 3809 2162">
    <p class='ocr_par' dir='ltr' id='par_1_69' title="bbox 2228 2086 3809 2162">
     <span class='ocr_line' id='line_1_69' title="bbox 2228 2086 3809 2162; baseline 0.006 -28"><span class='ocrx_word' id='word_1_449' title='bbox 2228 2086 2514 2153; x_wconf 81' lang='grc' dir='ltr'>Διογένους</span> <span class='ocrx_word' id='word_1_450' title='bbox 2544 2087 2911 2159; x_wconf 74' lang='grc' dir='ltr'>ἀποδειχθεὶς,</span> <span class='ocrx_word' id='word_1_451' title='bbox 2949 2093 3079 2161; x_wconf 76' lang='grc' dir='ltr'>περὶ</span> <span class='ocrx_word' id='word_1_452' title='bbox 3133 2093 3236 2162; x_wconf 83' lang='grc' dir='ltr'>τὴν</span> <span class='ocrx_word' id='word_1_453' title='bbox 3267 2094 3546 2161; x_wconf 77' lang='grc' dir='ltr'>Χαλτικὴν</span> <span class='ocrx_word' id='word_1_454' title='bbox 3596 2093 3809 2162; x_wconf 85' lang='grc' dir='ltr'>διατρί-</span> 
     </span>
    </p>
   </div>
   <div class='ocr_carea' id='block_1_70' title="bbox 2230 2174 3810 2254">
    <p class='ocr_par' dir='ltr' id='par_1_70' title="bbox 2230 2174 3810 2254">
     <span class='ocr_line' id='line_1_70' title="bbox 2230 2174 3810 2254; baseline 0.006 -28"><span class='ocrx_word' id='word_1_455' title='bbox 2230 2174 2342 2230; x_wconf 85' lang='grc' dir='ltr'>6ων</span> <span class='ocrx_word' id='word_1_456' title='bbox 2375 2177 2710 2246; x_wconf 77' lang='grc' dir='ltr'>ἐφυλάττετο</span> <span class='ocrx_word' id='word_1_457' title='bbox 2738 2181 2838 2245; x_wconf 77' lang='grc' dir='ltr'>τὰς</span> <span class='ocrx_word' id='word_1_458' title='bbox 2861 2181 2969 2236; x_wconf 82' lang='grc' dir='ltr'><strong>τῶν</strong></span> <span class='ocrx_word' id='word_1_459' title='bbox 2994 2182 3256 2254; x_wconf 83' lang='grc' dir='ltr'>Τούρκων</span> <span class='ocrx_word' id='word_1_460' title='bbox 3285 2184 3607 2254; x_wconf 81' lang='grc' dir='ltr'>ἐπιδρομάς.</span> <span class='ocrx_word' id='word_1_461' title='bbox 3656 2184 3810 2236; x_wconf 78' lang='grc' dir='ltr'>Ἐπεὶ</span> 
     </span>
    </p>
   </div>
   <div class='ocr_carea' id='block_1_71' title="bbox 2225 2270 3778 2346">
    <p class='ocr_par' dir='ltr' id='par_1_71' title="bbox 2225 2270 3778 2346">
     <span class='ocr_line' id='line_1_71' title="bbox 2225 2270 3778 2346; baseline 0.003 -23"><span class='ocrx_word' id='word_1_462' title='bbox 2225 2270 2270 2324; x_wconf 83' lang='grc' dir='ltr'>δ’</span> <span class='ocrx_word' id='word_1_463' title='bbox 2289 2271 2580 2341; x_wconf 59' lang='grc' dir='ltr'>ἀπηγγέλη</span> <span class='ocrx_word' id='word_1_464' title='bbox 2602 2273 2748 2342; x_wconf 76' lang='grc' dir='ltr'>αὐτῷ</span> <span class='ocrx_word' id='word_1_465' title='bbox 2774 2275 2924 2346; x_wconf 79' lang='grc' dir='ltr'>παρὰ</span> <span class='ocrx_word' id='word_1_466' title='bbox 2942 2275 3046 2328; x_wconf 86' lang='grc' dir='ltr'><strong>τῶν</strong></span> <span class='ocrx_word' id='word_1_467' title='bbox 3074 2277 3292 2329; x_wconf 81' lang='grc' dir='ltr'>σκοπῶν</span> <span class='ocrx_word' id='word_1_468' title='bbox 3311 2277 3385 2338; x_wconf 79' lang='grc' dir='ltr'><strong>ὡς</strong></span> <span class='ocrx_word' id='word_1_469' title='bbox 3406 2276 3612 2345; x_wconf 76' lang='grc' dir='ltr'>πλῆθος</span> <span class='ocrx_word' id='word_1_470' title='bbox 3632 2276 3778 2346; x_wconf 66' lang='grc' dir='ltr'>Τούρ</span> 
     </span>
    </p>
   </div>
   <div class='ocr_carea' id='block_1_72' title="bbox 2238 2365 3810 2438">
    <p class='ocr_par' dir='ltr' id='par_1_72' title="bbox 2238 2365 3810 2438">
     <span class='ocr_line' id='line_1_72' title="bbox 2238 2365 3810 2438; baseline 0.003 -22"><span class='ocrx_word' id='word_1_471' title='bbox 2238 2380 2348 2416; x_wconf 80' lang='grc' dir='ltr'><strong>κων</strong></span> <span class='ocrx_word' id='word_1_472' title='bbox 2401 2365 2710 2434; x_wconf 76' lang='grc' dir='ltr'>στρατηγὸν</span> <span class='ocrx_word' id='word_1_473' title='bbox 2780 2367 2997 2436; x_wconf 82' lang='grc' dir='ltr'>ἔχοντες</span> <span class='ocrx_word' id='word_1_474' title='bbox 3025 2367 3118 2422; x_wconf 73' lang='grc' dir='ltr'>τὸν</span> <span class='ocrx_word' id='word_1_475' title='bbox 3151 2368 3810 2438; x_wconf 75' lang='grc' dir='ltr'>Χρυσόσκουλον(ῖ)(16),</span> 
     </span>
    </p>
   </div>
   <div class='ocr_carea' id='block_1_73' title="bbox 2228 2455 3813 2529">
    <p class='ocr_par' dir='ltr' id='par_1_73' title="bbox 2228 2455 3813 2529">
     <span class='ocr_line' id='line_1_73' title="bbox 2228 2455 3813 2529; baseline 0.001 -20"><span class='ocrx_word' id='word_1_476' title='bbox 2228 2455 2286 2519; x_wconf 80' lang='grc' dir='ltr'>ὃς</span> <span class='ocrx_word' id='word_1_477' title='bbox 2319 2458 2383 2508; x_wconf 80' lang='grc' dir='ltr'>ὲκ</span> <span class='ocrx_word' id='word_1_478' title='bbox 2435 2457 2742 2510; x_wconf 81' lang='grc' dir='ltr'>σουλτάνων</span> <span class='ocrx_word' id='word_1_479' title='bbox 2783 2461 2971 2529; x_wconf 72' lang='grc' dir='ltr'>σειρᾶς</span> <span class='ocrx_word' id='word_1_480' title='bbox 3026 2459 3277 2529; x_wconf 81' lang='grc' dir='ltr'>ὥρμητο,</span> <span class='ocrx_word' id='word_1_481' title='bbox 3336 2459 3436 2528; x_wconf 83' lang='grc' dir='ltr'><strong>τῆς</strong></span> <span class='ocrx_word' id='word_1_482' title='bbox 3480 2459 3525 2510; x_wconf 83' lang='grc' dir='ltr'>δ’</span> <span class='ocrx_word' id='word_1_483' title='bbox 3561 2458 3813 2524; x_wconf 64' lang='grc' dir='ltr'>ἔξουσίας</span> 
     </span>
    </p>
   </div>
   <div class='ocr_carea' id='block_1_74' title="bbox 2234 2549 3813 2621">
    <p class='ocr_par' dir='ltr' id='par_1_74' title="bbox 2234 2549 3813 2621">
     <span class='ocr_line' id='line_1_74' title="bbox 2234 2549 3813 2621; baseline 0 -17"><span class='ocrx_word' id='word_1_484' title='bbox 2234 2550 2573 2604; x_wconf 80' lang='grc' dir='ltr'>ἀντεποιεῖτο</span> <span class='ocrx_word' id='word_1_485' title='bbox 2612 2549 2839 2620; x_wconf 85' lang='grc' dir='ltr'>Περσῶν</span> <span class='ocrx_word' id='word_1_486' title='bbox 2861 2549 3010 2620; x_wconf 85' lang='grc' dir='ltr'>αὑτῷ</span> <span class='ocrx_word' id='word_1_487' title='bbox 3042 2550 3450 2621; x_wconf 80' lang='grc' dir='ltr'>προσηκούσης,</span> <span class='ocrx_word' id='word_1_488' title='bbox 3487 2553 3678 2603; x_wconf 75' lang='grc' dir='ltr'>ἐπίασι</span> <span class='ocrx_word' id='word_1_489' title='bbox 3712 2551 3813 2615; x_wconf 81' lang='grc' dir='ltr'>τὰς</span> 
     </span>
    </p>
   </div>
   <div class='ocr_carea' id='block_1_75' title="bbox 2230 2637 3814 2710">
    <p class='ocr_par' dir='ltr' id='par_1_75' title="bbox 2230 2637 3814 2710">
     <span class='ocr_line' id='line_1_75' title="bbox 2230 2637 3814 2710; baseline 0.002 -19"><span class='ocrx_word' id='word_1_490' title='bbox 2230 2637 2326 2692; x_wconf 83' lang='grc' dir='ltr'>τοῦ</span> <span class='ocrx_word' id='word_1_491' title='bbox 2409 2639 2777 2709; x_wconf 72' lang='grc' dir='ltr'>Ἀρμενιακοῦ</span> <span class='ocrx_word' id='word_1_492' title='bbox 2837 2639 3181 2710; x_wconf 72' lang='grc' dir='ltr'>κωμοπόλεις</span> <span class='ocrx_word' id='word_1_493' title='bbox 3243 2640 3637 2710; x_wconf 79' lang='grc' dir='ltr'>πορθήσοντες,</span> <span class='ocrx_word' id='word_1_494' title='bbox 3713 2641 3814 2703; x_wconf 86' lang='grc' dir='ltr'>τὰς</span> 
     </span>
    </p>
   </div>
   <div class='ocr_carea' id='block_1_76' title="bbox 2231 2729 3809 2801">
    <p class='ocr_par' dir='ltr' id='par_1_76' title="bbox 2231 2729 3809 2801">
     <span class='ocr_line' id='line_1_76' title="bbox 2231 2729 3809 2801; baseline 0.001 -19"><span class='ocrx_word' id='word_1_495' title='bbox 2231 2729 2492 2799; x_wconf 82' lang='grc' dir='ltr'>δυνάμεις</span> <span class='ocrx_word' id='word_1_496' title='bbox 2523 2729 2810 2784; x_wconf 77' lang='grc' dir='ltr'>ἀναλαϐὼν</span> <span class='ocrx_word' id='word_1_497' title='bbox 2846 2731 3046 2800; x_wconf 82' lang='grc' dir='ltr'>ἐχώρει</span> <span class='ocrx_word' id='word_1_498' title='bbox 3090 2730 3234 2783; x_wconf 89' lang='grc' dir='ltr'><strong>κατά</strong></span> <span class='ocrx_word' id='word_1_499' title='bbox 3265 2730 3373 2783; x_wconf 82' lang='grc' dir='ltr'><strong>τῶν</strong></span> <span class='ocrx_word' id='word_1_500' title='bbox 3404 2730 3669 2801; x_wconf 79' lang='grc' dir='ltr'>Τοὺρκων</span> <span class='ocrx_word' id='word_1_501' title='bbox 3711 2733 3809 2784; x_wconf 82' lang='grc' dir='ltr'>καὶ</span> 
     </span>
    </p>
   </div>
   <div class='ocr_carea' id='block_1_77' title="bbox 2232 2822 3819 2894">
    <p class='ocr_par' dir='ltr' id='par_1_77' title="bbox 2232 2822 3819 2894">
     <span class='ocr_line' id='line_1_77' title="bbox 2232 2822 3819 2894; baseline 0.001 -19"><span class='ocrx_word' id='word_1_502' title='bbox 2232 2822 2701 2892; x_wconf 79' lang='grc' dir='ltr'>διεσκεδασμένοις</span> <span class='ocrx_word' id='word_1_503' title='bbox 2735 2822 2821 2894; x_wconf 87' lang='grc' dir='ltr'><strong>[Ρ.</strong></span> <span class='ocrx_word' id='word_1_504' title='bbox 2855 2822 2949 2892; x_wconf 68' lang='grc'><strong>251</strong></span> <span class='ocrx_word' id='word_1_505' title='bbox 2981 2825 3163 2884; x_wconf 84' lang='grc' dir='ltr'>αὐτοῖς</span> <span class='ocrx_word' id='word_1_506' title='bbox 3207 2822 3448 2892; x_wconf 76' lang='grc' dir='ltr'>ἐντυχὼν</span> <span class='ocrx_word' id='word_1_507' title='bbox 3471 2824 3546 2884; x_wconf 86' lang='grc' dir='ltr'>ὼς</span> <span class='ocrx_word' id='word_1_508' title='bbox 3571 2825 3650 2885; x_wconf 85' lang='grc' dir='ltr'><strong>είς</strong></span> <span class='ocrx_word' id='word_1_509' title='bbox 3683 2841 3819 2893; x_wconf 88' lang='grc' dir='ltr'>προ-</span> 
     </span>
    </p>
   </div>
   <div class='ocr_carea' id='block_1_78' title="bbox 2233 2914 3820 2986">
    <p class='ocr_par' dir='ltr' id='par_1_78' title="bbox 2233 2914 3820 2986">
     <span class='ocr_line' id='line_1_78' title="bbox 2233 2914 3820 2986; baseline -0.001 -16"><span class='ocrx_word' id='word_1_510' title='bbox 2233 2914 2406 2985; x_wconf 83' lang='grc' dir='ltr'>νομὴν</span> <span class='ocrx_word' id='word_1_511' title='bbox 2432 2914 2636 2979; x_wconf 70' lang='grc' dir='ltr'>ἐξιοῦσι</span> <span class='ocrx_word' id='word_1_512' title='bbox 2694 2915 2892 2986; x_wconf 71' lang='grc' dir='ltr'>ῥαδίως</span> <span class='ocrx_word' id='word_1_513' title='bbox 2925 2925 3152 2978; x_wconf 73' lang='grc' dir='ltr'>τούτους</span> <span class='ocrx_word' id='word_1_514' title='bbox 3203 2915 3502 2985; x_wconf 80' lang='grc' dir='ltr'>ἐτρέψατο.</span> <span class='ocrx_word' id='word_1_515' title='bbox 3541 2916 3820 2982; x_wconf 83' lang='grc' dir='ltr'>Ἐγγιστα</span> 
     </span>
    </p>
   </div>
   <div class='ocr_carea' id='block_1_79' title="bbox 2233 3005 3818 3078">
    <p class='ocr_par' dir='ltr' id='par_1_79' title="bbox 2233 3005 3818 3078">
     <span class='ocr_line' id='line_1_79' title="bbox 2233 3005 3818 3078; baseline -0.001 -16"><span class='ocrx_word' id='word_1_516' title='bbox 2233 3007 2292 3062; x_wconf 76' lang='grc' dir='ltr'>δὲ</span> <span class='ocrx_word' id='word_1_517' title='bbox 2347 3007 2442 3060; x_wconf 84' lang='grc' dir='ltr'>τοῦ</span> <span class='ocrx_word' id='word_1_518' title='bbox 2485 3008 2853 3078; x_wconf 84' lang='grc' dir='ltr'>στρατοπέδου</span> <span class='ocrx_word' id='word_1_519' title='bbox 2905 3007 3016 3060; x_wconf 86' lang='grc' dir='ltr'><strong>τῶν</strong></span> <span class='ocrx_word' id='word_1_520' title='bbox 3064 3009 3325 3076; x_wconf 83' lang='grc' dir='ltr'>Τούρκων</span> <span class='ocrx_word' id='word_1_521' title='bbox 3387 3008 3446 3059; x_wconf 74' lang='grc' dir='ltr'>ὲν</span> <span class='ocrx_word' id='word_1_522' title='bbox 3491 3006 3567 3076; x_wconf 85' lang='grc' dir='ltr'>τῷ</span> <span class='ocrx_word' id='word_1_523' title='bbox 3600 3005 3818 3060; x_wconf 78' lang='grc' dir='ltr'>διώκειν</span> 
     </span>
    </p>
   </div>
   <div class='ocr_carea' id='block_1_80' title="bbox 2237 3097 3821 3169">
    <p class='ocr_par' dir='ltr' id='par_1_80' title="bbox 2237 3097 3821 3169">
     <span class='ocr_line' id='line_1_80' title="bbox 2237 3097 3821 3169; baseline -0.001 -17"><span class='ocrx_word' id='word_1_524' title='bbox 2237 3100 2533 3169; x_wconf 86' lang='grc' dir='ltr'>γενόμενος</span> <span class='ocrx_word' id='word_1_525' title='bbox 2593 3100 2688 3154; x_wconf 82' lang='grc' dir='ltr'>καὶ</span> <span class='ocrx_word' id='word_1_526' title='bbox 2742 3099 2923 3167; x_wconf 83' lang='grc' dir='ltr'>λόχοις</span> <span class='ocrx_word' id='word_1_527' title='bbox 2972 3099 3304 3167; x_wconf 82' lang='grc' dir='ltr'>αὐτομάτοις</span> <span class='ocrx_word' id='word_1_528' title='bbox 3358 3097 3672 3168; x_wconf 85' lang='grc' dir='ltr'>περιπεσὼν</span> <span class='ocrx_word' id='word_1_529' title='bbox 3725 3097 3821 3150; x_wconf 73' lang='grc' dir='ltr'>καὶ</span> 
     </span>
    </p>
   </div>
   <div class='ocr_carea' id='block_1_81' title="bbox 2239 3190 3822 3262">
    <p class='ocr_par' dir='ltr' id='par_1_81' title="bbox 2239 3190 3822 3262">
     <span class='ocr_line' id='line_1_81' title="bbox 2239 3190 3822 3262; baseline -0.001 -18"><span class='ocrx_word' id='word_1_530' title='bbox 2239 3193 2470 3245; x_wconf 81' lang='grc' dir='ltr'>ἐπιπολὺ</span> <span class='ocrx_word' id='word_1_531' title='bbox 2503 3190 2770 3262; x_wconf 86' lang='grc' dir='ltr'>ἀντισχὼν</span> <span class='ocrx_word' id='word_1_532' title='bbox 2795 3192 2891 3244; x_wconf 74' lang='grc' dir='ltr'>καὶ</span> <span class='ocrx_word' id='word_1_533' title='bbox 2916 3190 3180 3258; x_wconf 83' lang='grc' dir='ltr'>γενναίως</span> <span class='ocrx_word' id='word_1_534' title='bbox 3227 3192 3660 3260; x_wconf 81' lang='grc' dir='ltr'>ἀγωνισάμενος,</span> <span class='ocrx_word' id='word_1_535' title='bbox 3696 3191 3822 3242; x_wconf 72' lang='grc' dir='ltr'>ἐπεὶ</span> 
     </span>
    </p>
   </div>
   <div class='ocr_carea' id='block_1_82' title="bbox 2244 3281 3823 3356">
    <p class='ocr_par' dir='ltr' id='par_1_82' title="bbox 2244 3281 3823 3356">
     <span class='ocr_line' id='line_1_82' title="bbox 2244 3281 3823 3356; baseline -0.002 -19"><span class='ocrx_word' id='word_1_536' title='bbox 2244 3286 2318 3356; x_wconf 79' lang='grc' dir='ltr'><strong>μὴ</strong></span> <span class='ocrx_word' id='word_1_537' title='bbox 2344 3281 2454 3347; x_wconf 75' lang='grc' dir='ltr'>οἶός</span> <span class='ocrx_word' id='word_1_538' title='bbox 2475 3302 2535 3338; x_wconf 90' lang='grc' dir='ltr'><strong>τε</strong></span> <span class='ocrx_word' id='word_1_539' title='bbox 2561 3281 2629 3356; x_wconf 81' lang='grc' dir='ltr'>ἦν</span> <span class='ocrx_word' id='word_1_540' title='bbox 2663 3287 2950 3355; x_wconf 82' lang='grc' dir='ltr'>καρτερεῖν</span> <span class='ocrx_word' id='word_1_541' title='bbox 2981 3284 3061 3336; x_wconf 76' lang='grc' dir='ltr'>ἔτι</span> <span class='ocrx_word' id='word_1_542' title='bbox 3087 3284 3185 3353; x_wconf 83' lang='grc' dir='ltr'>τῆς</span> <span class='ocrx_word' id='word_1_543' title='bbox 3225 3284 3514 3352; x_wconf 83' lang='grc' dir='ltr'>Ῥωμαίων</span> <span class='ocrx_word' id='word_1_544' title='bbox 3539 3284 3823 3352; x_wconf 77' lang='grc' dir='ltr'>φάλαγγος</span> 
     </span>
    </p>
   </div>
   <div class='ocr_carea' id='block_1_83' title="bbox 2240 3373 3822 3449">
    <p class='ocr_par' dir='ltr' id='par_1_83' title="bbox 2240 3373 3822 3449">
     <span class='ocr_line' id='line_1_83' title="bbox 2240 3373 3822 3449; baseline -0.003 -18"><span class='ocrx_word' id='word_1_545' title='bbox 2240 3381 2320 3440; x_wconf 76' lang='grc' dir='ltr'><strong>εἰς</strong></span> <span class='ocrx_word' id='word_1_546' title='bbox 2364 3377 2543 3446; x_wconf 78' lang='grc' dir='ltr'>φυγὴν</span> <span class='ocrx_word' id='word_1_547' title='bbox 2567 3377 2872 3449; x_wconf 75' lang='grc' dir='ltr'>τραπείσης</span> <span class='ocrx_word' id='word_1_548' title='bbox 2917 3377 3014 3428; x_wconf 71' lang='grc' dir='ltr'>καὶ</span> <span class='ocrx_word' id='word_1_549' title='bbox 3039 3373 3547 3444; x_wconf 72' lang='grc' dir='ltr'>διασκεδασθείσης,</span> <span class='ocrx_word' id='word_1_550' title='bbox 3591 3373 3822 3444; x_wconf 81' lang='grc' dir='ltr'>ὥρμησε</span> 
     </span>
    </p>
   </div>
   <div class='ocr_carea' id='block_1_84' title="bbox 2241 3466 3820 3538">
    <p class='ocr_par' dir='ltr' id='par_1_84' title="bbox 2241 3466 3820 3538">
     <span class='ocr_line' id='line_1_84' title="bbox 2241 3466 3820 3538; baseline -0.004 -15"><span class='ocrx_word' id='word_1_551' title='bbox 2241 3471 2334 3524; x_wconf 86' lang='grc' dir='ltr'>καὶ</span> <span class='ocrx_word' id='word_1_552' title='bbox 2357 3471 2519 3532; x_wconf 81' lang='grc' dir='ltr'>αὐτὸς</span> <span class='ocrx_word' id='word_1_553' title='bbox 2553 3471 2633 3533; x_wconf 78' lang='grc' dir='ltr'>εἰς</span> <span class='ocrx_word' id='word_1_554' title='bbox 2693 3469 2896 3538; x_wconf 72' lang='grc' dir='ltr'>φυγὴν,</span> <span class='ocrx_word' id='word_1_555' title='bbox 2929 3467 3231 3529; x_wconf 75' lang='grc' dir='ltr'>κυκλωθεὶς</span> <span class='ocrx_word' id='word_1_556' title='bbox 3267 3467 3310 3520; x_wconf 78' lang='grc' dir='ltr'>δ’</span> <span class='ocrx_word' id='word_1_557' title='bbox 3354 3467 3460 3519; x_wconf 82' lang='grc' dir='ltr'><strong>ὑπὸ</strong></span> <span class='ocrx_word' id='word_1_558' title='bbox 3501 3466 3608 3519; x_wconf 84' lang='grc' dir='ltr'>τῶν</span> <span class='ocrx_word' id='word_1_559' title='bbox 3643 3466 3820 3536; x_wconf 83' lang='grc' dir='ltr'>Τούρ-</span> 
     </span>
    </p>
   </div>
   <div class='ocr_carea' id='block_1_85' title="bbox 2241 3558 3823 3632">
    <p class='ocr_par' dir='ltr' id='par_1_85' title="bbox 2241 3558 3823 3632">
     <span class='ocr_line' id='line_1_85' title="bbox 2241 3558 3823 3632; baseline -0.003 -16"><span class='ocrx_word' id='word_1_560' title='bbox 2241 3581 2354 3616; x_wconf 88' lang='grc' dir='ltr'><strong>κων</strong></span> <span class='ocrx_word' id='word_1_561' title='bbox 2385 3563 2672 3617; x_wconf 80' lang='grc' dir='ltr'>ἁλίσκεται</span> <span class='ocrx_word' id='word_1_562' title='bbox 2704 3562 2822 3632; x_wconf 76' lang='grc' dir='ltr'><strong>ἀμα</strong></span> <span class='ocrx_word' id='word_1_563' title='bbox 2855 3563 2968 3624; x_wconf 84' lang='grc' dir='ltr'>τοῖς</span> <span class='ocrx_word' id='word_1_564' title='bbox 3018 3561 3170 3614; x_wconf 69' lang='grc' dir='ltr'>δυσὶν</span> <span class='ocrx_word' id='word_1_565' title='bbox 3202 3558 3368 3614; x_wconf 81' lang='grc' dir='ltr'>αὐτοῦ</span> <span class='ocrx_word' id='word_1_566' title='bbox 3417 3559 3709 3629; x_wconf 75' lang='grc' dir='ltr'>γαμϐροῖς,</span> <span class='ocrx_word' id='word_1_567' title='bbox 3744 3558 3823 3630; x_wconf 87' lang='grc' dir='ltr'>τῷ</span> 
     </span>
    </p>
   </div>
   <div class='ocr_carea' id='block_1_86' title="bbox 2241 3652 3825 3726">
    <p class='ocr_par' dir='ltr' id='par_1_86' title="bbox 2241 3652 3825 3726">
     <span class='ocr_line' id='line_1_86' title="bbox 2241 3652 3825 3726; baseline -0.002 -18"><span class='ocrx_word' id='word_1_568' title='bbox 2241 3672 2299 3708; x_wconf 87' lang='grc' dir='ltr'><strong>τε</strong></span> <span class='ocrx_word' id='word_1_569' title='bbox 2333 3654 2657 3726; x_wconf 83' lang='grc' dir='ltr'>Μελισσηνῷ</span> <span class='ocrx_word' id='word_1_570' title='bbox 2696 3655 2790 3708; x_wconf 67' lang='grc' dir='ltr'>καὶ</span> <span class='ocrx_word' id='word_1_571' title='bbox 2813 3653 3101 3724; x_wconf 79' lang='grc' dir='ltr'>Ταρωνίτῃ</span> <span class='ocrx_word' id='word_1_572' title='bbox 3144 3669 3158 3682; x_wconf 90' lang='grc'><strong>·</strong></span> <span class='ocrx_word' id='word_1_573' title='bbox 3221 3652 3416 3706; x_wconf 81' lang='grc' dir='ltr'>ἔπεσον</span> <span class='ocrx_word' id='word_1_574' title='bbox 3470 3652 3526 3704; x_wconf 84' lang='grc' dir='ltr'>δὲ</span> <span class='ocrx_word' id='word_1_575' title='bbox 3563 3655 3656 3705; x_wconf 75' lang='grc' dir='ltr'><strong>καὶ</strong></span> <span class='ocrx_word' id='word_1_576' title='bbox 3712 3653 3825 3705; x_wconf 81' lang='grc' dir='ltr'><strong>τῶν</strong></span> 
     </span>
    </p>
   </div>
   <div class='ocr_carea' id='block_1_87' title="bbox 2242 3740 3826 3816">
    <p class='ocr_par' dir='ltr' id='par_1_87' title="bbox 2242 3740 3826 3816">
     <span class='ocr_line' id='line_1_87' title="bbox 2242 3740 3826 3816; baseline -0.003 -15"><span class='ocrx_word' id='word_1_577' title='bbox 2242 3748 2444 3801; x_wconf 85' lang='grc' dir='ltr'>λοιπῶν</span> <span class='ocrx_word' id='word_1_578' title='bbox 2488 3747 2780 3816; x_wconf 83' lang='grc' dir='ltr'>Ῥωμαίων</span> <span class='ocrx_word' id='word_1_579' title='bbox 2815 3747 3006 3814; x_wconf 79' lang='grc' dir='ltr'>ὀλίγοι.</span> <span class='ocrx_word' id='word_1_580' title='bbox 3055 3744 3350 3814; x_wconf 69' lang='grc' dir='ltr'>Ἀπαχοεις</span> <span class='ocrx_word' id='word_1_581' title='bbox 3390 3740 3482 3798; x_wconf 82' lang='grc' dir='ltr'><strong>οὖν</strong></span> <span class='ocrx_word' id='word_1_582' title='bbox 3536 3745 3673 3812; x_wconf 74' lang='grc' dir='ltr'>πρὸς</span> <span class='ocrx_word' id='word_1_583' title='bbox 3727 3744 3826 3798; x_wconf 66' lang='grc' dir='ltr'>τὸν</span> 
     </span>
    </p>
   </div>
   <div class='ocr_carea' id='block_1_88' title="bbox 2243 3839 3826 3911">
    <p class='ocr_par' dir='ltr' id='par_1_88' title="bbox 2243 3839 3826 3911">
     <span class='ocr_line' id='line_1_88' title="bbox 2243 3839 3826 3911; baseline -0.002 -16"><span class='ocrx_word' id='word_1_584' title='bbox 2243 3841 2662 3910; x_wconf 86' lang='grc' dir='ltr'>Χρυσόσκουλον</span> <span class='ocrx_word' id='word_1_585' title='bbox 2687 3841 2859 3895; x_wconf 80' lang='grc' dir='ltr'>δεινὸν</span> <span class='ocrx_word' id='word_1_586' title='bbox 2910 3839 3047 3911; x_wconf 83' lang='grc' dir='ltr'>ᾤετο</span> <span class='ocrx_word' id='word_1_587' title='bbox 3095 3840 3168 3908; x_wconf 84' lang='grc' dir='ltr'>μὴ</span> <span class='ocrx_word' id='word_1_588' title='bbox 3195 3839 3392 3909; x_wconf 81' lang='grc' dir='ltr'>δρᾶσαί</span> <span class='ocrx_word' id='word_1_589' title='bbox 3433 3857 3485 3890; x_wconf 89' lang='grc' dir='ltr'><strong>τι</strong></span> <span class='ocrx_word' id='word_1_590' title='bbox 3513 3839 3609 3891; x_wconf 81' lang='grc' dir='ltr'>τοῦ</span> <span class='ocrx_word' id='word_1_591' title='bbox 3633 3840 3826 3906; x_wconf 83' lang='grc' dir='ltr'>γένους</span> 
     </span>
    </p>
   </div>
   <div class='ocr_carea' id='block_1_89' title="bbox 2245 3929 3827 4005">
    <p class='ocr_par' dir='ltr' id='par_1_89' title="bbox 2245 3929 3827 4005">
     <span class='ocr_line' id='line_1_89' title="bbox 2245 3929 3827 4005; baseline -0.002 -17"><span class='ocrx_word' id='word_1_592' title='bbox 2245 3935 2488 4002; x_wconf 76' lang='grc' dir='ltr'>ἐπάξιον,</span> <span class='ocrx_word' id='word_1_593' title='bbox 2545 3935 2641 3988; x_wconf 77' lang='grc' dir='ltr'>καὶ</span> <span class='ocrx_word' id='word_1_594' title='bbox 2671 3935 2858 4005; x_wconf 81' lang='grc' dir='ltr'>μέντοι</span> <span class='ocrx_word' id='word_1_595' title='bbox 2901 3934 2997 3986; x_wconf 71' lang='grc' dir='ltr'><strong>καὶ</strong></span> <span class='ocrx_word' id='word_1_596' title='bbox 3033 3932 3294 4002; x_wconf 83' lang='grc' dir='ltr'>δέδρακεν</span> <span class='ocrx_word' id='word_1_597' title='bbox 3332 3929 3491 4000; x_wconf 80' lang='grc' dir='ltr'>ἔργον</span> <span class='ocrx_word' id='word_1_598' title='bbox 3509 3929 3827 4001; x_wconf 59' lang='grc' dir='ltr'>ἀξιαφήγη-</span> 
     </span>
    </p>
   </div>
   <div class='ocr_carea' id='block_1_90' title="bbox 2243 4021 3827 4096">
    <p class='ocr_par' dir='ltr' id='par_1_90' title="bbox 2243 4021 3827 4096">
     <span class='ocr_line' id='line_1_90' title="bbox 2243 4021 3827 4096; baseline -0.003 -16"><span class='ocrx_word' id='word_1_599' title='bbox 2243 4044 2357 4080; x_wconf 87' lang='grc' dir='ltr'>τον.</span> <span class='ocrx_word' id='word_1_600' title='bbox 2385 4027 2649 4095; x_wconf 81' lang='grc' dir='ltr'>Διαγνοὺς</span> <span class='ocrx_word' id='word_1_601' title='bbox 2685 4026 2794 4096; x_wconf 76' lang='grc' dir='ltr'>γὰρ</span> <span class='ocrx_word' id='word_1_602' title='bbox 2822 4025 2896 4088; x_wconf 85' lang='grc' dir='ltr'>ὡς</span> <span class='ocrx_word' id='word_1_603' title='bbox 2938 4024 3256 4092; x_wconf 84' lang='grc' dir='ltr'>ἀποστάτης</span> <span class='ocrx_word' id='word_1_604' title='bbox 3311 4023 3429 4075; x_wconf 77' lang='grc' dir='ltr'>ἐστὶ</span> <span class='ocrx_word' id='word_1_605' title='bbox 3459 4021 3552 4074; x_wconf 84' lang='grc' dir='ltr'>τοῦ</span> <span class='ocrx_word' id='word_1_606' title='bbox 3589 4022 3827 4076; x_wconf 82' lang='grc' dir='ltr'>σουλτά-</span> 
     </span>
    </p>
   </div>
   <div class='ocr_carea' id='block_1_91' title="bbox 2246 4114 3816 4188">
    <p class='ocr_par' dir='ltr' id='par_1_91' title="bbox 2246 4114 3816 4188">
     <span class='ocr_line' id='line_1_91' title="bbox 2246 4114 3816 4188; baseline -0.003 -16"><span class='ocrx_word' id='word_1_607' title='bbox 2246 4135 2337 4172; x_wconf 85' lang='grc' dir='ltr'><strong>νου</strong></span> <span class='ocrx_word' id='word_1_608' title='bbox 2368 4121 2396 4172; x_wconf 86' lang='grc' dir='ltr'>ὁ</span> <span class='ocrx_word' id='word_1_609' title='bbox 2426 4118 2616 4172; x_wconf 85' lang='grc' dir='ltr'>τοῦτον</span> <span class='ocrx_word' id='word_1_610' title='bbox 2648 4119 2879 4187; x_wconf 86' lang='grc' dir='ltr'>νικήσας</span> <span class='ocrx_word' id='word_1_611' title='bbox 2906 4117 3001 4171; x_wconf 78' lang='grc' dir='ltr'>καὶ</span> <span class='ocrx_word' id='word_1_612' title='bbox 3029 4119 3128 4188; x_wconf 81' lang='grc' dir='ltr'><strong>τῆς</strong></span> <span class='ocrx_word' id='word_1_613' title='bbox 3157 4115 3381 4185; x_wconf 87' lang='grc' dir='ltr'>Περσῶν</span> <span class='ocrx_word' id='word_1_614' title='bbox 3411 4114 3625 4182; x_wconf 73' lang='grc' dir='ltr'>ἐφίεται</span> <span class='ocrx_word' id='word_1_615' title='bbox 3655 4114 3816 4168; x_wconf 83' lang='grc' dir='ltr'>δυνα-</span> 
     </span>
    </p>
   </div>
   <div class='ocr_carea' id='block_1_92' title="bbox 2248 4206 3828 4280">
    <p class='ocr_par' dir='ltr' id='par_1_92' title="bbox 2248 4206 3828 4280">
     <span class='ocr_line' id='line_1_92' title="bbox 2248 4206 3828 4280; baseline -0.001 -18"><span class='ocrx_word' id='word_1_616' title='bbox 2248 4210 2454 4274; x_wconf 85' lang='grc' dir='ltr'>στείας,</span> <span class='ocrx_word' id='word_1_617' title='bbox 2510 4209 2621 4264; x_wconf 88' lang='grc' dir='ltr'>δεῖν</span> <span class='ocrx_word' id='word_1_618' title='bbox 2675 4209 2833 4280; x_wconf 77' lang='grc' dir='ltr'>ᾠήθη</span> <span class='ocrx_word' id='word_1_619' title='bbox 2873 4209 3185 4278; x_wconf 75' lang='grc' dir='ltr'>ἀπόπειραν</span> <span class='ocrx_word' id='word_1_620' title='bbox 3229 4206 3564 4275; x_wconf 78' lang='grc' dir='ltr'>ποιήσασθαι</span> <span class='ocrx_word' id='word_1_621' title='bbox 3606 4207 3828 4261; x_wconf 76' lang='grc' dir='ltr'>τούτου.</span> 
     </span>
    </p>
   </div>
   <div class='ocr_carea' id='block_1_93' title="bbox 2247 4297 3835 4371">
    <p class='ocr_par' dir='ltr' id='par_1_93' title="bbox 2247 4297 3835 4371">
     <span class='ocr_line' id='line_1_93' title="bbox 2247 4297 3835 4371; baseline -0.003 -15"><span class='ocrx_word' id='word_1_622' title='bbox 2247 4302 2356 4356; x_wconf 75' lang='grc' dir='ltr'><strong>Καὶ</strong></span> <span class='ocrx_word' id='word_1_623' title='bbox 2387 4301 2705 4371; x_wconf 85' lang='grc' dir='ltr'>προσελθὼν</span> <span class='ocrx_word' id='word_1_624' title='bbox 2732 4302 2800 4355; x_wconf 87' lang='grc' dir='ltr'><strong>αὐ</strong></span> <span class='ocrx_word' id='word_1_625' title='bbox 2814 4301 2882 4371; x_wconf 82' lang='grc' dir='ltr'>τῷ</span> <span class='ocrx_word' id='word_1_626' title='bbox 2934 4299 3251 4370; x_wconf 77' lang='grc' dir='ltr'>καταμόνας</span> <span class='ocrx_word' id='word_1_627' title='bbox 3283 4301 3378 4351; x_wconf 72' lang='grc' dir='ltr'>καὶ</span> <span class='ocrx_word' id='word_1_628' title='bbox 3409 4297 3478 4351; x_wconf 82' lang='grc' dir='ltr'>τὰ</span> <span class='ocrx_word' id='word_1_629' title='bbox 3510 4299 3628 4351; x_wconf 81' lang='grc' dir='ltr'>κατ’</span> <span class='ocrx_word' id='word_1_630' title='bbox 3665 4298 3835 4352; x_wconf 83' lang='grc' dir='ltr'>αὐτὸν</span> 
     </span>
    </p>
   </div>
   <div class='ocr_carea' id='block_1_94' title="bbox 2246 4391 3832 4464">
    <p class='ocr_par' dir='ltr' id='par_1_94' title="bbox 2246 4391 3832 4464">
     <span class='ocr_line' id='line_1_94' title="bbox 2246 4391 3832 4464; baseline -0.002 -18"><span class='ocrx_word' id='word_1_631' title='bbox 2246 4395 2539 4460; x_wconf 70' lang='grc' dir='ltr'>ἐξετάζων,</span> <span class='ocrx_word' id='word_1_632' title='bbox 2576 4396 2806 4464; x_wconf 67' lang='grc' dir='ltr'>ἐπείπερ</span> <span class='ocrx_word' id='word_1_633' title='bbox 2855 4394 3000 4462; x_wconf 78' lang='grc' dir='ltr'>ἔγνω</span> <span class='ocrx_word' id='word_1_634' title='bbox 3047 4395 3141 4446; x_wconf 81' lang='grc' dir='ltr'><strong>τὸν</strong></span> <span class='ocrx_word' id='word_1_635' title='bbox 3169 4393 3338 4462; x_wconf 85' lang='grc' dir='ltr'>ἀνδρα</span> <span class='ocrx_word' id='word_1_636' title='bbox 3370 4394 3429 4445; x_wconf 76' lang='grc' dir='ltr'>ἐν</span> <span class='ocrx_word' id='word_1_637' title='bbox 3461 4393 3612 4462; x_wconf 76' lang='grc' dir='ltr'><strong>φόϐῳ</strong></span> <span class='ocrx_word' id='word_1_638' title='bbox 3645 4391 3832 4461; x_wconf 82' lang='grc' dir='ltr'>πολλῷ</span> 
     </span>
    </p>
   </div>
   <div class='ocr_carea' id='block_1_95' title="bbox 2248 4480 3836 4553">
    <p class='ocr_par' dir='ltr' id='par_1_95' title="bbox 2248 4480 3836 4553">
     <span class='ocr_line' id='line_1_95' title="bbox 2248 4480 3836 4553; baseline -0.003 -16"><span class='ocrx_word' id='word_1_639' title='bbox 2248 4485 2570 4537; x_wconf 85' lang='grc' dir='ltr'>καθεστῶτα</span> <span class='ocrx_word' id='word_1_640' title='bbox 2595 4485 2814 4553; x_wconf 77' lang='grc' dir='ltr'>(ἠπόρει</span> <span class='ocrx_word' id='word_1_641' title='bbox 2833 4482 2944 4552; x_wconf 83' lang='grc' dir='ltr'><strong>γὰρ</strong></span> <span class='ocrx_word' id='word_1_642' title='bbox 2967 4483 3043 4544; x_wconf 87' lang='grc' dir='ltr'>ὡς</span> <span class='ocrx_word' id='word_1_643' title='bbox 3068 4482 3205 4553; x_wconf 84' lang='grc' dir='ltr'>πρὸς</span> <span class='ocrx_word' id='word_1_644' title='bbox 3252 4483 3344 4534; x_wconf 80' lang='grc' dir='ltr'><strong>τὸν</strong></span> <span class='ocrx_word' id='word_1_645' title='bbox 3372 4483 3661 4536; x_wconf 84' lang='grc' dir='ltr'>σουλτάνον</span> <span class='ocrx_word' id='word_1_646' title='bbox 3683 4480 3836 4544; x_wconf 80' lang='grc' dir='ltr'>ἀξιο-</span> 
     </span>
    </p>
   </div>
   <div class='ocr_carea' id='block_1_96' title="bbox 2253 4573 3830 4645">
    <p class='ocr_par' dir='ltr' id='par_1_96' title="bbox 2253 4573 3830 4645">
     <span class='ocr_line' id='line_1_96' title="bbox 2253 4573 3830 4645; baseline -0.003 -17"><span class='ocrx_word' id='word_1_647' title='bbox 2253 4575 2425 4645; x_wconf 85' lang='grc' dir='ltr'>μάχου</span> <span class='ocrx_word' id='word_1_648' title='bbox 2470 4575 2777 4644; x_wconf 86' lang='grc' dir='ltr'>δυνάμεως)</span> <span class='ocrx_word' id='word_1_649' title='bbox 2820 4574 3000 4644; x_wconf 81' lang='grc' dir='ltr'>ὴπίων</span> <span class='ocrx_word' id='word_1_650' title='bbox 3024 4573 3230 4644; x_wconf 80' lang='grc' dir='ltr'>ἥπτετο</span> <span class='ocrx_word' id='word_1_651' title='bbox 3257 4574 3434 4641; x_wconf 78' lang='grc' dir='ltr'>λόγων</span> <span class='ocrx_word' id='word_1_652' title='bbox 3475 4573 3610 4644; x_wconf 76' lang='grc' dir='ltr'>πρὸς</span> <span class='ocrx_word' id='word_1_653' title='bbox 3637 4573 3830 4637; x_wconf 72' lang='grc' dir='ltr'>αὑτὸν,</span> 
     </span>
    </p>
   </div>
   <div class='ocr_carea' id='block_1_97' title="bbox 2249 4660 3834 4733">
    <p class='ocr_par' dir='ltr' id='par_1_97' title="bbox 2249 4660 3834 4733">
     <span class='ocr_line' id='line_1_97' title="bbox 2249 4660 3834 4733; baseline 0 -19"><span class='ocrx_word' id='word_1_654' title='bbox 2249 4663 2349 4733; x_wconf 44' lang='grc' dir='ltr'>καὶ,</span> <span class='ocrx_word' id='word_1_655' title='bbox 2395 4661 2461 4732; x_wconf 76' lang='grc' dir='ltr'>δὴ</span> <span class='ocrx_word' id='word_1_656' title='bbox 2503 4660 2752 4732; x_wconf 80' lang='grc' dir='ltr'>μαλάξας</span> <span class='ocrx_word' id='word_1_657' title='bbox 2795 4662 2855 4714; x_wconf 82' lang='grc' dir='ltr'><strong>τὸ</strong></span> <span class='ocrx_word' id='word_1_658' title='bbox 2904 4661 3097 4714; x_wconf 87' lang='grc' dir='ltr'>τούτου</span> <span class='ocrx_word' id='word_1_659' title='bbox 3143 4663 3572 4733; x_wconf 81' lang='grc' dir='ltr'>σκληρόγνωμον</span> <span class='ocrx_word' id='word_1_660' title='bbox 3603 4662 3834 4731; x_wconf 74' lang='grc' dir='ltr'>δραστιο</span> 
     </span>
    </p>
   </div>
   <div class='ocr_carea' id='block_1_98' title="bbox 2249 4752 3835 4824">
    <p class='ocr_par' dir='ltr' id='par_1_98' title="bbox 2249 4752 3835 4824">
     <span class='ocr_line' id='line_1_98' title="bbox 2249 4752 3835 4824; baseline 0 -20"><span class='ocrx_word' id='word_1_661' title='bbox 2249 4752 2512 4820; x_wconf 81' lang='grc' dir='ltr'>κωτέρων</span> <span class='ocrx_word' id='word_1_662' title='bbox 2537 4753 2740 4822; x_wconf 76' lang='grc' dir='ltr'>εχρῆτο</span> <span class='ocrx_word' id='word_1_663' title='bbox 2780 4752 2958 4821; x_wconf 85' lang='grc' dir='ltr'>λόγων</span> <span class='ocrx_word' id='word_1_664' title='bbox 2996 4755 3310 4824; x_wconf 71' lang='grc' dir='ltr'>φαρμάκοις</span> <span class='ocrx_word' id='word_1_665' title='bbox 3348 4755 3481 4823; x_wconf 82' lang='grc' dir='ltr'>πρὸς</span> <span class='ocrx_word' id='word_1_666' title='bbox 3517 4756 3617 4823; x_wconf 78' lang='grc' dir='ltr'><strong>τὴν</strong></span> <span class='ocrx_word' id='word_1_667' title='bbox 3646 4754 3835 4806; x_wconf 80' lang='grc' dir='ltr'>δευτέ-</span> 
     </span>
    </p>
   </div>
   <div class='ocr_carea' id='block_1_99' title="bbox 2253 4840 3838 4916">
    <p class='ocr_par' dir='ltr' id='par_1_99' title="bbox 2253 4840 3838 4916">
     <span class='ocr_line' id='line_1_99' title="bbox 2253 4840 3838 4916; baseline -0.001 -20"><span class='ocrx_word' id='word_1_668' title='bbox 2253 4861 2354 4913; x_wconf 90' lang='grc' dir='ltr'><strong>ραν</strong></span> <span class='ocrx_word' id='word_1_669' title='bbox 2385 4845 2714 4916; x_wconf 85' lang='grc' dir='ltr'>ἀπόπειραν.</span> <span class='ocrx_word' id='word_1_670' title='bbox 2750 4845 2830 4898; x_wconf 78' lang='grc' dir='ltr'><strong>Τὰ</strong></span> <span class='ocrx_word' id='word_1_671' title='bbox 2869 4845 2927 4898; x_wconf 85' lang='grc' dir='ltr'>δὲ</span> <span class='ocrx_word' id='word_1_672' title='bbox 2952 4840 3020 4915; x_wconf 81' lang='grc' dir='ltr'>ἦν</span> <span class='ocrx_word' id='word_1_673' title='bbox 3049 4846 3124 4908; x_wconf 84' lang='grc' dir='ltr'>ὡς</span> <span class='ocrx_word' id='word_1_674' title='bbox 3162 4846 3394 4914; x_wconf 78' lang='grc' dir='ltr'>ἐπείπερ</span> <span class='ocrx_word' id='word_1_675' title='bbox 3427 4845 3524 4914; x_wconf 84' lang='grc' dir='ltr'>τῆς</span> <span class='ocrx_word' id='word_1_676' title='bbox 3554 4843 3838 4914; x_wconf 84' lang='grc' dir='ltr'>βασιλείας</span> 
     </span>
    </p>
   </div>
   <div class='ocr_carea' id='block_1_100' title="bbox 2252 4936 3838 5008">
    <p class='ocr_par' dir='ltr' id='par_1_100' title="bbox 2252 4936 3838 5008">
     <span class='ocr_line' id='line_1_100' title="bbox 2252 4936 3838 5008; baseline -0.002 -20"><span class='ocrx_word' id='word_1_677' title='bbox 2252 4937 2354 5008; x_wconf 72' lang='grc' dir='ltr'><strong>ἐρᾷ</strong></span> <span class='ocrx_word' id='word_1_678' title='bbox 2395 4937 2624 5007; x_wconf 82' lang='grc' dir='ltr'>Περσῶν</span> <span class='ocrx_word' id='word_1_679' title='bbox 2648 4938 2746 4990; x_wconf 75' lang='grc' dir='ltr'>καὶ</span> <span class='ocrx_word' id='word_1_680' title='bbox 2773 4938 2912 5006; x_wconf 83' lang='grc' dir='ltr'>πρὸς</span> <span class='ocrx_word' id='word_1_681' title='bbox 2936 4938 3030 4989; x_wconf 79' lang='grc' dir='ltr'><strong>τὸν</strong></span> <span class='ocrx_word' id='word_1_682' title='bbox 3056 4936 3368 5006; x_wconf 85' lang='grc' dir='ltr'>κρατοῦντα</span> <span class='ocrx_word' id='word_1_683' title='bbox 3401 4936 3610 5006; x_wconf 85' lang='grc' dir='ltr'>ταύτην</span> <span class='ocrx_word' id='word_1_684' title='bbox 3635 4936 3838 4987; x_wconf 84' lang='grc' dir='ltr'>ἀδυνα-</span> 
     </span>
    </p>
   </div>
   <div class='ocr_carea' id='block_1_101' title="bbox 2253 5020 3834 5098">
    <p class='ocr_par' dir='ltr' id='par_1_101' title="bbox 2253 5020 3834 5098">
     <span class='ocr_line' id='line_1_101' title="bbox 2253 5020 3834 5098; baseline -0.004 -18"><span class='ocrx_word' id='word_1_685' title='bbox 2253 5029 2338 5080; x_wconf 89' lang='grc' dir='ltr'><strong>τεῖ</strong></span> <span class='ocrx_word' id='word_1_686' title='bbox 2384 5026 2809 5098; x_wconf 80' lang='grc' dir='ltr'>παρατάξασθαι</span> <span class='ocrx_word' id='word_1_687' title='bbox 2873 5026 2969 5080; x_wconf 82' lang='grc' dir='ltr'><strong>ἀτε</strong></span> <span class='ocrx_word' id='word_1_688' title='bbox 3022 5025 3299 5089; x_wconf 77' lang='grc' dir='ltr'>σπανίζων</span> <span class='ocrx_word' id='word_1_689' title='bbox 3334 5023 3614 5094; x_wconf 75' lang='grc' dir='ltr'>ἀξιολόγου</span> <span class='ocrx_word' id='word_1_690' title='bbox 3668 5020 3834 5074; x_wconf 86' lang='grc' dir='ltr'>δυνά-</span> 
     </span>
    </p>
   </div>
   <div class='ocr_carea' id='block_1_102' title="bbox 1597 5165 2810 5244">
    <p class='ocr_par' dir='ltr' id='par_1_102' title="bbox 1597 5165 2810 5244">
     <span class='ocr_line' id='line_1_102' title="bbox 1597 5165 2810 5244; baseline -0.002 -16"><span class='ocrx_word' id='word_1_691' title='bbox 1597 5165 1806 5228; x_wconf 82' lang='lat' dir='ltr'><strong>Caroli</strong></span> <span class='ocrx_word' id='word_1_692' title='bbox 1841 5168 1939 5226; x_wconf 89' lang='lat' dir='ltr'><strong>Du</strong></span> <span class='ocrx_word' id='word_1_693' title='bbox 1973 5167 2214 5230; x_wconf 88' lang='lat' dir='ltr'><strong>Fresne</strong></span> <span class='ocrx_word' id='word_1_694' title='bbox 2251 5170 2348 5229; x_wconf 91' lang='lat' dir='ltr'><strong>Du</strong></span> <span class='ocrx_word' id='word_1_695' title='bbox 2380 5168 2590 5244; x_wconf 85' lang='lat' dir='ltr'><strong>Gange</strong></span> <span class='ocrx_word' id='word_1_696' title='bbox 2626 5174 2810 5227; x_wconf 67' lang='lat' dir='ltr'><strong>notae.</strong></span> 
     </span>
    </p>
   </div>
   <div class='ocr_carea' id='block_1_103' title="bbox 636 5317 2148 5400">
    <p class='ocr_par' dir='ltr' id='par_1_103' title="bbox 636 5317 2148 5400">
     <span class='ocr_line' id='line_1_103' title="bbox 636 5317 2148 5400; baseline -0.008 -17"><span class='ocrx_word' id='word_1_697' title='bbox 636 5330 748 5400; x_wconf 85' lang='lat' dir='ltr'><strong>(l5)</strong></span> <span class='ocrx_word' id='word_1_698' title='bbox 789 5329 988 5385; x_wconf 81' lang='grc' dir='ltr'><strong>Ἀσάν.</strong></span> <span class='ocrx_word' id='word_1_699' title='bbox 1045 5325 1244 5382; x_wconf 80' lang='lat' dir='ltr'><strong>Asanis</strong></span> <span class='ocrx_word' id='word_1_700' title='bbox 1291 5323 1497 5379; x_wconf 88' lang='lat' dir='ltr'><strong>cladem</strong></span> <span class='ocrx_word' id='word_1_701' title='bbox 1549 5319 1717 5376; x_wconf 87' lang='lat' dir='ltr'><strong>refert</strong></span> <span class='ocrx_word' id='word_1_702' title='bbox 1760 5320 1964 5389; x_wconf 87' lang='lat' dir='ltr'><strong>pariter</strong></span> <span class='ocrx_word' id='word_1_703' title='bbox 2013 5317 2148 5390; x_wconf 85' lang='lat' dir='ltr'><strong>Scy-</strong></span> 
     </span>
    </p>
   </div>
   <div class='ocr_carea' id='block_1_104' title="bbox 565 5403 2142 5539">
    <p class='ocr_par' dir='ltr' id='par_1_104' title="bbox 565 5403 2142 5539">
     <span class='ocr_line' id='line_1_104' title="bbox 634 5421 744 5454; baseline 0.027 -3"><span class='ocrx_word' id='word_1_704' title='bbox 634 5422 640 5431; x_wconf 95' lang='lat'><em>&#39;</em></span> <span class='ocrx_word' id='word_1_705' title='bbox 666 5421 708 5453; x_wconf 66' lang='lat' dir='ltr'><strong>t3.</strong></span> <span class='ocrx_word' id='word_1_706' title='bbox 732 5441 744 5454; x_wconf 83' lang='lat'><strong>.</strong></span> 
     </span>
     <span class='ocr_line' id='line_1_105' title="bbox 565 5403 2142 5539; baseline -0.007 -14"><span class='ocrx_word' id='word_1_707' title='bbox 565 5403 748 5535; x_wconf 44' lang='lat' dir='ltr'><strong>mihi)</strong></span> <span class='ocrx_word' id='word_1_708' title='bbox 797 5470 1294 5539; x_wconf 62' lang='lat' dir='ltr'><strong>vao&#39;daxovlgr.</strong></span> <span class='ocrx_word' id='word_1_709' title='bbox 1328 5465 1604 5539; x_wconf 65' lang='lat' dir='ltr'><strong>Manuelis</strong></span> <span class='ocrx_word' id='word_1_710' title='bbox 1647 5464 1855 5539; x_wconf 83' lang='lat' dir='ltr'><strong>cladem</strong></span> <span class='ocrx_word' id='word_1_711' title='bbox 1912 5469 2142 5539; x_wconf 81' lang='lat' dir='ltr'><strong>narrant</strong></span> 
     </span>
    </p>
   </div>
   <div class='ocr_carea' id='block_1_105' title="bbox 564 5532 2142 5614">
    <p class='ocr_par' dir='ltr' id='par_1_105' title="bbox 564 5532 2142 5614">
     <span class='ocr_line' id='line_1_106' title="bbox 564 5532 2142 5614; baseline -0.007 -18"><span class='ocrx_word' id='word_1_712' title='bbox 564 5532 740 5597; x_wconf 82' lang='lat' dir='ltr'><strong>etiam</strong></span> <span class='ocrx_word' id='word_1_713' title='bbox 781 5532 1046 5614; x_wconf 75' lang='lat' dir='ltr'><strong>Séylitzes</strong></span> <span class='ocrx_word' id='word_1_714' title='bbox 1085 5547 1138 5592; x_wconf 90' lang='lat' dir='ltr'><strong>et</strong></span> <span class='ocrx_word' id='word_1_715' title='bbox 1191 5535 1454 5591; x_wconf 81' lang='lat' dir='ltr'><strong>Zonaras.</strong></span> <span class='ocrx_word' id='word_1_716' title='bbox 1502 5534 1608 5589; x_wconf 70' lang='lat' dir='ltr'><strong>Sed</strong></span> <span class='ocrx_word' id='word_1_717' title='bbox 1659 5535 1725 5590; x_wconf 90' lang='lat' dir='ltr'><strong>de</strong></span> <span class='ocrx_word' id='word_1_718' title='bbox 1767 5550 1850 5600; x_wconf 86' lang='lat' dir='ltr'><strong>ea,</strong></span> <span class='ocrx_word' id='word_1_719' title='bbox 1890 5541 1948 5586; x_wconf 91' lang='lat' dir='ltr'><strong>ut</strong></span> <span class='ocrx_word' id='word_1_720' title='bbox 1991 5532 2142 5585; x_wconf 89' lang='lat' dir='ltr'><strong>etde</strong></span> 
     </span>
    </p>
   </div>
   <div class='ocr_carea' id='block_1_106' title="bbox 2254 5308 3829 5390">
    <p class='ocr_par' dir='ltr' id='par_1_106' title="bbox 2254 5308 3829 5390">
     <span class='ocr_line' id='line_1_107' title="bbox 2254 5308 3829 5390; baseline -0.006 -18"><span class='ocrx_word' id='word_1_721' title='bbox 2254 5319 2649 5390; x_wconf 83' lang='lat' dir='ltr'><strong>Chrysosculo,</strong></span> <span class='ocrx_word' id='word_1_722' title='bbox 2679 5319 2802 5390; x_wconf 63' lang='lat' dir='ltr'><strong>silet</strong></span> <span class='ocrx_word' id='word_1_723' title='bbox 2844 5311 3547 5390; x_wconf 49' lang='lat' dir='ltr'><strong>El-lllaeimts;_ltteitlitjlla</strong></span> <span class='ocrx_word' id='word_1_724' title='bbox 3580 5311 3636 5390; x_wconf 85' lang='lat' dir='ltr'><strong>i_u_</strong></span> 
     </span>
    </p>
   </div>
   <div class='ocr_carea' id='block_1_107' title="bbox 2245 5381 3838 5458">
    <p class='ocr_par' dir='ltr' id='par_1_107' title="bbox 2245 5381 3838 5458">
     <span class='ocr_line' id='line_1_108' title="bbox 2245 5381 3838 5458; baseline -0.006 -16"><span class='ocrx_word' id='word_1_725' title='bbox 2245 5381 2400 5458; x_wconf 73' lang='lat' dir='ltr'><strong>juxta</strong></span> <span class='ocrx_word' id='word_1_726' title='bbox 2428 5381 2647 5444; x_wconf 71' lang='lat' dir='ltr'><strong>Grmcos</strong></span> <span class='ocrx_word' id='word_1_727' title='bbox 2671 5389 2833 5451; x_wconf 83' lang='lat'><strong>6778,</strong></span> <span class='ocrx_word' id='word_1_728' title='bbox 2869 5388 3057 5458; x_wconf 83' lang='lat' dir='ltr'><strong>iudict.</strong></span> <span class='ocrx_word' id='word_1_729' title='bbox 3085 5385 3138 5447; x_wconf 83' lang='lat'><strong>8,</strong></span> <span class='ocrx_word' id='word_1_730' title='bbox 3170 5383 3374 5437; x_wconf 85' lang='lat' dir='ltr'><strong>Christi</strong></span> <span class='ocrx_word' id='word_1_731' title='bbox 3410 5381 3565 5458; x_wconf 45' lang='lat'><strong>1079.</strong></span> <span class='ocrx_word' id='word_1_732' title='bbox 3594 5381 3838 5434; x_wconf 79' lang='lat' dir='ltr'><strong>Meminit</strong></span> 
     </span>
    </p>
   </div>
   <div class='ocr_carea' id='block_1_108' title="bbox 2249 5453 3582 5532">
    <p class='ocr_par' dir='ltr' id='par_1_108' title="bbox 2249 5453 3582 5532">
     <span class='ocr_line' id='line_1_109' title="bbox 2249 5453 3582 5532; baseline -0.007 -17"><span class='ocrx_word' id='word_1_733' title='bbox 2249 5453 2602 5532; x_wconf 84' lang='lat' dir='ltr'><strong>Chrysosculi</strong></span> <span class='ocrx_word' id='word_1_734' title='bbox 2629 5473 2845 5515; x_wconf 89' lang='lat' dir='ltr'><strong>rursum</strong></span> <span class='ocrx_word' id='word_1_735' title='bbox 2891 5457 3194 5527; x_wconf 84' lang='lat' dir='ltr'><strong>Bryeuuius</strong></span> <span class='ocrx_word' id='word_1_736' title='bbox 3220 5457 3254 5507; x_wconf 94' lang='grc' dir='ltr'><strong>ι.</strong></span> <span class='ocrx_word' id='word_1_737' title='bbox 3283 5470 3365 5517; x_wconf 85' lang='grc' dir='ltr'><strong>ιιι,</strong></span> <span class='ocrx_word' id='word_1_738' title='bbox 3408 5468 3464 5506; x_wconf 92' lang='lat' dir='ltr'><strong>n.</strong></span> <span class='ocrx_word' id='word_1_739' title='bbox 3499 5453 3582 5506; x_wconf 73' lang='lat' dir='ltr'><strong>l5.</strong></span> 
     </span>
    </p>
   </div>
   <div class='ocr_carea' id='block_1_109' title="bbox 1842 5644 2528 5709">
    <p class='ocr_par' dir='ltr' id='par_1_109' title="bbox 1842 5644 2528 5709">
     <span class='ocr_line' id='line_1_110' title="bbox 1842 5644 2528 5709; baseline -0.006 -2"><span class='ocrx_word' id='word_1_740' title='bbox 1842 5648 2004 5709; x_wconf 86' lang='lat' dir='ltr'><strong>Petri</strong></span> <span class='ocrx_word' id='word_1_741' title='bbox 2052 5644 2303 5707; x_wconf 88' lang='lat' dir='ltr'><strong>Possini</strong></span> <span class='ocrx_word' id='word_1_742' title='bbox 2341 5648 2528 5704; x_wconf 63' lang='lat' dir='ltr'><strong>nota).</strong></span> 
     </span>
    </p>
   </div>
   <div class='ocr_carea' id='block_1_110' title="bbox 646 5774 2142 5857">
    <p class='ocr_par' dir='ltr' id='par_1_110' title="bbox 646 5774 2142 5857">
     <span class='ocr_line' id='line_1_111' title="bbox 646 5774 2142 5857; baseline -0.01 -16"><span class='ocrx_word' id='word_1_743' title='bbox 646 5788 706 5857; x_wconf 86' lang='lat' dir='ltr'><strong>(i)</strong></span> <span class='ocrx_word' id='word_1_744' title='bbox 740 5784 946 5840; x_wconf 83' lang='lat' dir='ltr'><strong>Nomen</strong></span> <span class='ocrx_word' id='word_1_745' title='bbox 975 5781 1129 5836; x_wconf 89' lang='lat' dir='ltr'><strong>ducis</strong></span> <span class='ocrx_word' id='word_1_746' title='bbox 1160 5779 1461 5857; x_wconf 80' lang='lat' dir='ltr'><strong>&#39;l‘urcorum</strong></span> <span class='ocrx_word' id='word_1_747' title='bbox 1507 5778 1559 5830; x_wconf 93' lang='lat' dir='ltr'><strong>in</strong></span> <span class='ocrx_word' id='word_1_748' title='bbox 1610 5792 1712 5830; x_wconf 86' lang='lat' dir='ltr'><strong>tus.</strong></span> <span class='ocrx_word' id='word_1_749' title='bbox 1736 5774 2142 5857; x_wconf 58' lang='lat' dir='ltr'><strong>&quot;Xpu&#39;féxou&#39;fto;</strong></span> 
     </span>
    </p>
   </div>
   <div class='ocr_carea' id='block_1_111' title="bbox 575 5845 2146 5921">
    <p class='ocr_par' dir='ltr' id='par_1_111' title="bbox 575 5845 2146 5921">
     <span class='ocr_line' id='line_1_112' title="bbox 575 5845 2146 5921; baseline -0.005 -7"><span class='ocrx_word' id='word_1_750' title='bbox 575 5845 726 5921; x_wconf 55' lang='lat' dir='ltr'><strong>erat;</strong></span> <span class='ocrx_word' id='word_1_751' title='bbox 775 5856 869 5913; x_wconf 86' lang='lat' dir='ltr'><strong>sed</strong></span> <span class='ocrx_word' id='word_1_752' title='bbox 919 5854 1058 5909; x_wconf 76' lang='lat' dir='ltr'><strong>idem</strong></span> <span class='ocrx_word' id='word_1_753' title='bbox 1106 5852 1333 5907; x_wconf 84' lang='lat' dir='ltr'><strong>inferius</strong></span> <span class='ocrx_word' id='word_1_754' title='bbox 1384 5849 1587 5904; x_wconf 86' lang='lat' dir='ltr'><strong>inserto</strong></span> <span class='ocrx_word' id='word_1_755' title='bbox 1645 5864 1675 5898; x_wconf 87' lang='grc' dir='ltr'><strong>σ</strong></span> <span class='ocrx_word' id='word_1_756' title='bbox 1735 5845 2146 5915; x_wconf 67' lang='grc' dir='ltr'>Χ,ιυσὸσκου).ης</span> 
     </span>
    </p>
   </div>
   <div class='ocr_carea' id='block_1_112' title="bbox 2251 5753 3836 5841">
    <p class='ocr_par' dir='ltr' id='par_1_112' title="bbox 2251 5753 3836 5841">
     <span class='ocr_line' id='line_1_113' title="bbox 2251 5753 3836 5841; baseline -0.011 -15"><span class='ocrx_word' id='word_1_757' title='bbox 2251 5771 2611 5827; x_wconf 82' lang='lat' dir='ltr'><strong>scribebatur.</strong></span> <span class='ocrx_word' id='word_1_758' title='bbox 2644 5764 2752 5822; x_wconf 82' lang='lat' dir='ltr'><strong>Nos</strong></span> <span class='ocrx_word' id='word_1_759' title='bbox 2778 5764 2977 5830; x_wconf 86' lang='lat' dir='ltr'><strong>ubique</strong></span> <span class='ocrx_word' id='word_1_760' title='bbox 2995 5757 3423 5841; x_wconf 42' lang='lat' dir='ltr'><strong>&#39;Xpuodoxoulov</strong></span> <span class='ocrx_word' id='word_1_761' title='bbox 3447 5753 3836 5825; x_wconf 82' lang='lat' dir='ltr'><strong>rescripsimus</strong></span> 
     </span>
    </p>
   </div>
   <div class='ocr_carea' id='block_1_113' title="bbox 2257 5838 3338 5906">
    <p class='ocr_par' dir='ltr' id='par_1_113' title="bbox 2257 5838 3338 5906">
     <span class='ocr_line' id='line_1_114' title="bbox 2257 5838 3338 5906; baseline -0.013 -8"><span class='ocrx_word' id='word_1_762' title='bbox 2257 5842 2574 5898; x_wconf 61' lang='lat' dir='ltr'><strong>desultoriac</strong></span> <span class='ocrx_word' id='word_1_763' title='bbox 2601 5838 2757 5894; x_wconf 86' lang='lat' dir='ltr'><strong>istius</strong></span> <span class='ocrx_word' id='word_1_764' title='bbox 2793 5838 3007 5906; x_wconf 82' lang='lat' dir='ltr'><strong>pertaesi</strong></span> <span class='ocrx_word' id='word_1_765' title='bbox 3039 5838 3338 5886; x_wconf 79' lang='lat' dir='ltr'><strong>varietatis.</strong></span> 
     </span>
    </p>
   </div>
  </div>
