4154 6428
333 423 400 487 σι
1561 423 2104 485 HISTORIARUM
2146 426 2385 489 LlB.-I.
2914 410 2915 413 ‘
3542 427 3614 492 62

341 546 507 604 μεως,
536 529 639 584 οὐκ
667 529 740 584 ἄν
769 530 896 583 ποτ’
943 531 1098 601 αὐτῷ
1131 529 1198 584 τὰ
1251 527 1398 584 κατὰ
1433 531 1636 587 σκοπὸν
1658 532 1924 604 amem,

2051 535 2252 591 andum
2284 552 2392 591 non
2426 536 2651 594 haberet
2691 538 2899 607 copias,
2931 553 3208 606 nunquam
3254 538 3364 595 voti
3385 555 3614 611 compo-

339 619 399 674 εἰ
439 620 517 691 μὴ
566 619 707 690 πρὸς
762 619 857 673 τὸν
902 620 1131 691 βασιλέα
1187 619 1475 691 Ῥωμαίων
1532 622 1930 695 αὐτομολήσειε

344 711 600 769 κάκείνον
648 709 950 782 ξύμμαχον
993 711 1149 783 σχοίη
1178 713 1274 766 καὶ
1304 711 1442 783 πρὸς
1471 713 1532 766 τὸ
1566 714 1932 785 προκείμενον

346 804 628 875 συνεργόν.
671 803 733 857 '0
766 804 826 861 δὲ
857 802 1150 875 ξυμϐούλῳ
1172 822 1232 859 τε
1260 804 1378 876 αμα
1408 806 1588 878 τούτῳ
1621 807 1716 863 καὶ
1750 808 1934 880 ὁδηγῷ

344 895 696 967 χρησάμενος
716 896 813 966 ἅμ’
838 895 993 967 αὐτῷ
1012 897 1221 968 ταχέως
1245 899 1345 968 τήν
1363 896 1610 967 βασιλίδα
1639 899 1931 966 κατέλαϐε,

229 1058 233 1060 ν
346 987 448 1041 καὶ
470 988 500 1039 ὁ
523 986 633 1048 τοῖς
678 984 867 1051 ὅπλοις
918 988 1206 1058 κρατήσας
1244 988 1389 1042 ἑάλω
1419 987 1597 1057 λόγων
1641 989 1930 1061 δεινότητι.

344 1076 527 1133 Τοῦτο
560 1077 623 1131 τὸ
669 1077 831 1149 ἔργον
863 1077 944 1141 είς
1001 1078 1144 1147 μέγα
1180 1076 1336 1142 κλέος
1376 1076 1467 1130 τὸν
1514 1079 1935 1150 κουροπαλάτην

344 1170 634 1240 ἀνήγαγεν
653 1183 668 1197 ⁸
703 1168 800 1222 καὶ
825 1167 935 1238 γάρ
954 1162 1024 1239 ἦν
1047 1167 1219 1231 ὅντως
1244 1167 1644 1233 ἀξιεπαίνετον.
1666 1169 1932 1240 Φιλοφρό-

350 1279 460 1326 νως
489 1257 585 1314 οὖν
603 1261 699 1314 καὶ
723 1260 891 1331 ἄμφω
919 1261 948 1313 ὁ
966 1259 1219 1330 βασιλεὺς
1250 1259 1550 1327 ὑπεδέξατο
1582 1260 1678 1325 καὶ
1704 1260 1935 1332 δωρεαῖς

350 1353 627 1422 μεγάλαις
660 1352 976 1423 τετίμηκεν.
1239 1371 1243 1375 '

429 1529 520 1602 ιβ’.
554 1525 728 1602 Ἧρος
755 1529 811 1583 δὲ
839 1527 1147 1603 ἀρχομένου
1173 1527 1289 1602 (l7)
1337 1527 1484 1584 κατὰ
1508 1526 1621 1583 τῶν
1672 1525 1937 1597 Τούρκων

355 1624 731 1695 ἐστράτευσεν
777 1623 1122 1693 ἑπαγόμενος
1164 1622 1260 1689 ξὺν
1290 1621 1439 1693 αύτῷ
1470 1622 1563 1681 τὸν
1585 1621 1938 1693 Χρυσόσκου-

352 1715 471 1771 λον.
511 1716 811 1787 Γενομένου
842 1715 901 1770 δὲ
926 1715 1123 1770 τούτου
1166 1715 1312 1770 κατὰ
1338 1713 1438 1786 τὴν
1457 1714 1714 1770 Βιθυνίαν
1739 1715 1769 1769 ὁ
1808 1732 1939 1770 κου-

2036 634 2143 682 tem
2216 628 2483 695 futurum,
2541 628 2648 685 nisi
2713 628 2781 683 ad
2827 628 3135 685 Romanum
3219 630 3612 701 imperatorem

2035 718 2427 790 transiugiens,
2457 733 2582 774 eum
2609 720 2714 775 sibi
2737 720 3058 790 adjungeret
3092 720 3306 776 socium
3321 722 3387 778 ad
3410 722 3613 779 bellum

2036 810 2340 867 Persicum.
2373 810 2471 868 His
2493 811 2587 868 ille
2622 812 2844 879 auditis,
2870 813 3023 869 utilis
3063 814 3277 869 consilii
3309 824 3614 883 auctorem,

2034 901 2138 959 vite
2163 916 2382 971 quoque
2435 903 2629 958 ducem
2683 902 2788 959 sibi
2822 918 2946 960 esse
3006 904 3201 971 voluit,
3248 907 3431 960 statim
3484 922 3613 961 cum

2036 993 2133 1048 illo
2190 993 2727 1065 Constantinopolim
2785 997 3088 1068 profectus.
3147 998 3242 1054 Sic
3295 999 3389 1068 qui
3449 1001 3618 1055 armis

2035 1083 2263 1148 vicerat,
2286 1092 2407 1139 arte
2424 1085 2717 1140 verborum
2740 1086 2917 1142 vietus
2942 1088 3184 1144 vicissim
3211 1097 3266 1143 et
3295 1096 3488 1156 captus
3511 1098 3616 1143 est.

2037 1173 2286 1244 Magnam
2309 1189 2375 1231 eo
2426 1175 2572 1230 [aeto
2600 1176 2829 1246 gloriam
2882 1193 2988 1234 suo
3043 1179 3255 1249 peperit
3283 1178 3491 1234 nomini
3516 1193 3616 1233 cu-

2041 1264 2312 1335 ropalates
2338 1283 2352 1319 :
2385 1274 2446 1322 et
2473 1274 2593 1323 erat
2621 1282 2758 1324 sane
2780 1267 2939 1323 laude
2969 1268 3197 1340 dignum
3229 1268 3427 1339 insigni
3487 1269 3621 1324 facio

2038 1370 2164 1410 nus.
2205 1353 2513 1425 Utrumque
2546 1371 2712 1425 porro
2758 1357 3054 1427 imperator
3107 1358 3624 1414 benevolentissime

2038 1454 2327 1515 exceptum
2355 1446 2674 1505 muneribus
2727 1450 2941 1518 magnis
2976 1448 3288 1504 honoravit.

2111 1537 2200 1594 ιε.
2217 1535 2346 1595 Inde
2370 1539 2475 1595 sub
2499 1539 2647 1597 veris
2673 1541 2888 1596 initium
2910 1542 3312 1611 expeditionem
3331 1541 3384 1596 in
3413 1540 3625 1597 Tui-cos

2041 1631 2305 1701 suscepit,
2337 1631 2540 1689 ducens
2567 1647 2692 1689 eum
2724 1634 2843 1703 ipso
2858 1634 3305 1706 Chrysosculum.
3335 1632 3471 1688 Cum
3496 1649 3626 1687 vero

2043 1725 2443 1795 pervenissetiu
2458 1724 2766 1796 Bithyniam
2790 1726 3160 1796 curopalates,
3197 1727 3386 1781 dolore
3405 1726 3623 1781 aurium

362 1809 706 1878 ρ’)παλάτης,
737 1808 990 1882 ὠταλγίᾳ
1041 1808 1326 1881 συσχεθεὶς
1382 1807 1764 1878 τετελεύτηκε,
1798 1808 1939 1879 μέγα

2049 1815 2580 1884 eorreptusiuteriit,
2633 1831 2890 1886 magnum
2948 1816 3154 1871 luctum
3192 1816 3511 1886 imperatori
3535 1831 3626 1870 re-

354 1898 559 1963 πένθος
582 1897 660 1969 τῷ
694 1898 906 1969 βασιλεῖ
930 1899 1245 1953 καταλιπών
1277 1916 1292 1930 ⁶
1329 1899 1476 1970 μάλα
1505 1898 1614 1970 γὰρ
1642 1899 1818 1967 ἐφίλει
1847 1899 1939 1952 τὸν

2049 1905 2328 1973 linquens;
2360 1906 2590 1961 multum
2624 1907 2771 1961 enim
2803 1906 3025 1962 amabat
3058 1913 3261 1963 virum.
3287 1907 3626 1979 Cbrysoseu-

356 1989 555 2059 ἄνδρα.
609 1991 671 2043 '0
700 1989 757 2042 δὲ
789 1989 1205 2062 Χρυσόσκουλος
1267 1988 1468 2060 μικροῦ
1515 1988 1627 2042 δεῖν
1664 1990 1760 2043 καὶ
1808 2006 1938 2042 συν-

357 2081 607 2151 απῆλθεν
640 2081 810 2152 αὐτῷ.
846 2081 1035 2146 Οὕτως
1061 2081 1167 2135 ὑπὸ
1198 2082 1292 2136 τοῦ
1319 2080 1524 2145 πάθους
1556 2081 1831 2153 νενίκητο,
1863 2080 1939 2144 ὡς

357 2171 629 2241 προέσθαι
654 2170 939 2241 βούλεσθαι
967 2170 1064 2226 καὶ
1090 2172 1261 2242 αὐτήν
1292 2170 1391 2241 τὴν
1419 2168 1589 2241 ζωήν.
1632 2168 1773 2222 Ἀλλ’
1798 2168 1943 2223 οὕτω

360 2264 466 2331 μὲν
492 2255 665 2328 οὗτοι,
694 2263 731 2331 ἡ
760 2262 817 2316 δὲ
852 2261 950 2314 τοῦ
985 2261 1396 2334 κουροπαλάτου
1459 2262 1645 2332 μήτηρ
1682 2262 1748 2332 τῇ
1781 2258 1940 2330 βασιο

355 2352 466 2406 λίδι
497 2354 606 2406 τῶν
629 2353 840 2407 πόλεων
878 2353 1253 2423 διατρίϐουσα,
1286 2355 1409 2407 ἐπεὶ
1460 2355 1591 2425 περὶ
1625 2353 1725 2423 τῆς
1778 2351 1940 2405 νόσου

357 2444 460 2498 τοῦ
491 2445 607 2498 υἱοῦ
644 2446 943 2513 ἐπέπυστο,
969 2446 1046 2510 ὡς
1090 2445 1237 2517 δεινή
1263 2462 1345 2509 τις
1374 2446 1469 2498 καὶ
1493 2444 1942 2507 δυσαπάλλακτος

359 2536 507 2605 αῦτη
568 2538 983 2603 ύποτοπάσασα,
1055 2536 1521 2608 διαπεραιωθετσα
1576 2537 1792 2607 ταχέως
1843 2537 1943 2607 τὴν

358 2629 602 2682 Βιθυνῶν
623 2628 1036 2699 καταλαμϐάνει
1065 2629 1418 2701 μητρόπολιν.
1440 2629 1527 2703 [Ρ.
1555 2628 1651 2701 26]
1676 2628 1943 2683 Μαθοῦσα

358 2720 405 2773 δ’
434 2720 517 2772 ὅτι
564 2718 699 2790 πρὸς
733 2718 795 2772 τὸ
844 2718 1039 2772 κάκιον
1068 2718 1384 2790 προχωροίη
1436 2718 1515 2787 τῷ
1546 2717 1700 2771 παιδὶ
1744 2718 1812 2770 τά
1840 2717 1942 2788 τῆς

360 2810 547 2871 νόσου,
574 2808 633 2862 τὺ
659 2809 785 2879 δρος
829 2808 1117 2879 ύπερϐἅσα
1165 2809 1305 2880 ὅπερ
1353 2809 1640 2881 ἐγχωρίως
1704 2807 1942 2874 Ἀζαλὰς

358 2900 704 2972 ὠνόμασται,
733 2891 861 2971 εῦρε
894 2898 1083 2953 τοῦτον
1116 2902 1247 2972 περὶ
1288 2901 1387 2966 τὰς
1436 2900 1719 2972 ὑπωρείας
1749 2899 1941 2953 τούτου

359 2996 420 3047 ἐν
467 3011 574 3047 τινι
612 2990 1018 3064 φροντιστηρίῳ
1071 2992 1158 3047 ἐπ’
1187 2992 1418 3064 ὀνόματι
1444 2993 1546 3063 τῆς
1594 2993 1943 3065 θεομήτορος

358 3085 632 3153 (Ἅὶλυπος
671 3085 845 3155 ὄνομα
877 3088 944 3158 τῇ
988 3083 1149 3157 μονῇ)
1199 3086 1337 3159 πρὸς
1370 3085 1468 3157 τὴν
1508 3084 1688 3152 ἔξοδον
1727 3085 1945 3154 ἐπειγό-

2044 1996 2128 2052 lus
2165 2010 2294 2050 vero
2325 2011 2519 2064 parum
2573 1995 2751 2052 abfuit
2807 1997 2940 2067 quin
2998 2014 3125 2052 eum
3181 2013 3247 2054 eo
3299 2007 3624 2060 moreretur,

2045 2095 2194 2142 tanta
2221 2102 2409 2143 easttm
2451 2088 2792 2158 impatientia
2849 2088 3277 2159 perturbationis
3334 2087 3540 2151 ferens,
3572 2096 3629 2143 ut

2044 2191 2332 2245 superesse
2367 2175 2478 2251 34
2526 2178 2706 2234 amico
2734 2193 2795 2234 se
2831 2188 3055 2249 negaret
3103 2179 3277 2233 velle:
3312 2188 3368 2233 at
3391 2192 3628 2247 europa-

2045 2266 2167 2321 latae
2202 2276 2374 2322 mater
2406 2268 2461 2322 in
2512 2267 2651 2323 urbe
2705 2267 2992 2323 diversans
3040 2267 3211 2338 regia,
3269 2266 3363 2321 ubi
3416 2266 3631 2334 trepido

2044 2358 2293 2427 perculsa
2327 2358 2522 2413 nuntio
2554 2366 2641 2415 est
2689 2359 2758 2414 de
2807 2357 2907 2413 lilii
2956 2359 3176 2425 morbo,
3209 2373 3372 2428 quem
3405 2372 3626 2429 gravem

2043 2459 2098 2523 et
2138 2464 2248 2504 non
2313 2448 2474 2505 facile
2546 2451 2848 2506 curabilem
2913 2451 3194 2520 suspicata
3241 2458 3348 2515 est,
3405 2449 3631 2518 trajecto

2045 2543 2230 2600 statim
2266 2542 2404 2598 freto
2436 2543 2817 2614 Bithyuiorum
2851 2542 2906 2597 in
2948 2542 3139 2598 urbem
3197 2540 3514 2610 primariam
3571 2553 3631 2594 se

2045 2634 2279 2691 confert.
2314 2633 2416 2689 Ubi
2455 2648 2585 2689 cum
2637 2634 2925 2690 didicisset
2949 2633 3159 2688 intendi
3207 2631 3486 2694 morbum,
3537 2643 3629 2699 pe-

2041 2727 2242 2799 jusque
2294 2727 2497 2783 habere
2536 2727 2733 2792 tilium,
2781 2734 2967 2781 monte
3020 2733 3303 2793 superato,
3359 2736 3521 2791 quem
3547 2722 3634 2774 in-

2044 2821 2258 2890 disertae
2286 2819 2510 2881 Azalam
2540 2819 2850 2882 nominant,
2887 2833 3014 2872 eum
3042 2815 3269 2872 oﬂ'eudit
3303 2816 3357 2870 in
3393 2812 3633 2885 quodam

2047 2911 2384 2977 monasterio
2401 2908 2496 2964 Dei
2515 2907 2676 2965 Matri
2707 2915 3055 2971 consecrato,
3082 2906 3171 2962 cui
3201 2905 3407 2975 Alypus
3432 2916 3636 2959 nomen

2045 3013 2150 3070 est,
2184 3002 2238 3058 in
2267 3002 2576 3057 declivitate
2594 3000 2836 3067 montis;
2864 2999 2971 3059 site
3000 2998 3097 3063 ibi,
3129 3000 3377 3066 inquam,
3412 2993 3640 3050 oﬂ‘endit

2048 3096 2216 3151 tilium
2251 3103 2424 3151 mater
2478 3101 2785 3148 extremum
2819 3092 2935 3162 jam
2996 3090 3249 3161 spiritum
3306 3088 3634 3145 trahentem.

359 3193 554 3247 μενον.
586 3176 723 3247 Boi};
747 3176 792 3229 δ’
821 3176 915 3230 ἐπὶ
948 3178 1015 3248 τῇ
1044 3176 1252 3248 ταύτης
1282 3176 1589 3230 εἱσελεύσει
1639 3176 1943 3247 γενομένης

2049 3186 2301 3243 Clamore
2342 3193 2526 3238 autem
2586 3181 2653 3237 ad
2685 3182 2980 3237 adventum
3030 3189 3357 3236 matronzea
3400 3181 3642 3235 circum-

356 3271 477 3332 τοῖς
512 3268 641 3340 περὶ
669 3271 761 3323 τὸν
788 3269 1228 3340 κουροπαλάτην,
1257 3270 1494 3341 ἐπείπερ
1516 3268 1766 3341 ἑώρακεν
1788 3262 1942 3332 οὗτος

360 3363 465 3431 τὴν
494 3360 709 3433 μητέρα
752 3362 1113 3431 φοιτήσασαν,
1153 3361 1381 3434 ἐξήλατο
1412 3379 1472 3415 τε
1506 3360 1814 3423 σπουδαίως
1844 3359 1943 3429 τῆς

362 3454 581 3523 κλίνης,
618 3453 713 3506 καὶ
740 3452 947 3524 ταύτην
976 3454 1345 3525 περιπλακεὶς
1374 3451 1786 3525 κατησπάζετο,
1834 3470 1944 3521 μη-

358 3546 455 3598 δὲν
477 3561 529 3597 τι
558 3543 898 3614 φθέγξασθαι
929 3543 1180 3615 δυνηθεὶς
1229 3543 1440 3615 ἕτερον,
1493 3543 1657 3613 μόνον
1687 3542 1745 3596 δὲ
1784 3542 1942 3612 αίτη-

366 3638 609 3706 σάμενος
631 3635 839 3707 ταύτην
871 3637 1059 3709 κοινῆς
1104 3637 1275 3709 ἄμφω
1305 3635 1603 3707 ἀξιωθῆναι
1632 3636 1835 3706 ταφῆς.
1889 3633 1948 3687 '0

366 3731 474 3800 μὲν
505 3726 600 3784 οὖν
631 3728 788 3794 αὖθις
812 3729 1125 3793 ἀνακλιθεὶς
1147 3728 1531 3798 τετελευτήκει
1559 3727 1701 3798 μετὰ
1742 3725 1942 3798 βραχύ.

373 3822 444 3875 Ἦ
468 3820 527 3874 δὲ
562 3821 787 3890 γενναία
831 3822 1018 3893 μήτηρ
1048 3821 1142 3875 καὶ
1195 3809 1579 3893 μεγαλόψυχος
1607 3821 1708 3890 τὴν
1737 3819 1951 3887 ὀφειλοο

366 3916 544 3986 μένην
591 3916 746 3969 ὁσίαν
773 3912 1229 3986 άποπληρὼσασα
1266 3913 1346 3984 τῷ
1391 3912 1499 3984 υίῷ
1552 3912 1650 3967 καὶ
1693 3909 1951 3966 τοσοῦτον

367 4008 694 4081 πενθήσασα
743 4008 871 4062 ὅσον
908 4009 1060 4071 είκδς
1102 4007 1204 4077 τήν
1244 4005 1485 4062 τοιοῦτον
1525 4004 1694 4060 παῖδα
1742 4003 1953 4058 ἀποϐα-

375 4099 586 4154 λοῦσαν
614 4099 953 4170 στρατιώτην
981 4116 1042 4152 τε
1070 4099 1187 4169 ἅμα
1217 4098 1314 4151 καὶ
1336 4097 1663 4167 στρατηγὸν,
1695 4094 1870 4170 βραχύ
1900 4111 1953 4147 τι

378 4192 482 4247 τοῦ
501 4190 704 4255 πάθους
733 4191 932 4262 ἑαυτὴν
956 4189 1328 4258 άνενεγκοῦσα
1341 4188 1433 4243 τὸν
1447 4187 1656 4242 κλεινὸν
1676 4186 1954 4257 ἐκπέμπει

378 4282 627 4350 ’Δλέξιον
671 4280 1216 4354 συστρατευσόμενον
1264 4279 1344 4352 τῷ
1385 4280 1615 4352 βασιλεῖ.
1691 4279 1750 4333 '0
1781 4279 1838 4333 δὲ
1884 4280 1953 4353 τῇ

371 4378 547 4450 μητρὶ
585 4375 987 4445 συνταξάμενος
1041 4374 1137 4427 καὶ
1163 4374 1418 4446 δακρύων
1469 4371 1734 4442 κρουνοὺς
1768 4370 1954 4439 ἀφιεὶς

366 4469 469 4522 ἐπὶ
500 4467 653 4520 δυσὶν
686 4466 976 4537 ἐμερίζετο
1006 4464 1228 4530 πάθεσι,
1263 4465 1558 4535 σπλάγχνῳ
1600 4479 1662 4515 τε
1701 4459 1955 4533 μητρικῷ

2047 3277 2322 3334 stantibus
2356 3275 2596 3340 sublato,
2660 3276 2932 3331 excitatus
2977 3289 3141 3345 aeger,
3176 3272 3268 3327 ubi
3323 3270 3636 3325 venientem

2047 3369 2117 3426 ad
2149 3385 2208 3425 se
2234 3378 2460 3424 matrem
2503 3368 2658 3434 vidit,
2700 3367 2956 3423 vincente
2985 3365 3239 3423 morbum
3267 3363 3465 3419 all'eetu
3493 3362 3641 3418 exsi-

2046 3464 2205 3520 luite
2234 3472 2429 3529 strato,
2492 3461 2887 3532 amplexusque
2923 3468 2980 3515 et
3026 3461 3310 3516 osculatus
3362 3466 3638 3526 parentem

2049 3566 2153 3623 est,
2184 3571 2353 3628 pauca
2386 3564 2570 3610 tamen
2590 3554 2760 3610 verba
2789 3553 2924 3608 eniti
2946 3552 3158 3615 valens.
3186 3551 3388 3622 quibus
3409 3565 3440 3604 a
3466 3560 3643 3605 matre

2051 3648 2370 3720 postulabat
2398 3662 2598 3703 curare
2662 3654 2724 3701 ut
2756 3647 2847 3701 illa
2877 3645 3196 3716 dignaretur
3228 3658 3352 3699 sese
3376 3658 3484 3697 una
3514 3656 3643 3697 cum

2053 3742 2144 3798 illa
2196 3740 2479 3797 communi
2532 3739 2725 3794 ambos
2777 3737 3063 3809 sepultura
3109 3735 3295 3793 condi.
3355 3735 3472 3791 Sub
3527 3736 3644 3793 haec

2055 3836 2253 3890 iterum
2289 3832 2589 3889 reclinatus
2617 3830 2781 3900 paulo
2814 3838 2938 3901 post
2999 3828 3157 3884 obiit.
3183 3827 3463 3883 Generosa
3516 3840 3645 3879 vero

2053 3940 2120 3981 ae
2171 3923 2527 3996 magnanima
2586 3929 2760 3976 mater
2815 3920 2984 3990 justis
3025 3919 3129 3974 rite
3156 3918 3453 3989 persolutis
3509 3916 3641 3980 tilio,

2048 4017 2313 4086 luctuque
2343 4029 2410 4070 ac
2442 4010 2835 4071 lamentatione
2864 4009 3176 4081 perfuncta,
3204 4009 3374 4067 tantis
3421 4009 3644 4079 quantis

2056 4108 2316 4180 prosequi
2347 4121 2470 4164 eam
2504 4104 2588 4160 fas
2614 4113 2671 4158 et
2690 4118 2791 4174 par
2851 4102 2956 4157 fuit
2978 4101 3140 4157 talem
3170 4100 3341 4155 tilium
3374 4098 3470 4155 tali
3505 4108 3645 4154 tem-

2057 4213 2189 4268 pore
2222 4196 2488 4265 amissum
2515 4193 2745 4249 militem
2796 4192 2963 4247 simul
2994 4201 3049 4247 et
3093 4191 3315 4255 ducem,
3345 4205 3377 4245 a
3409 4204 3646 4246 maerore

2058 4290 2334 4360 paulisper
2384 4302 2446 4343 se
2498 4301 2789 4349 revocans,
2844 4285 3110 4355 inclytum
3171 4282 3423 4345 Alexium
3482 4282 3550 4336 ab
3583 4297 3644 4337 se

2057 4380 2296 4436 demittit
2340 4377 2596 4433 comitem
2634 4376 3002 4450 expeditionis
3027 4375 3348 4445 imperatori
3374 4373 3643 4428 futurum.

2059 4472 2129 4524 At
2165 4469 2257 4523 ille
2279 4466 2435 4522 matri
2485 4465 2776 4525 valedicto,
2812 4478 2917 4519 non
2947 4463 3069 4519 sine
3101 4461 3364 4517 uberibus
3389 4459 3646 4531 larrymis

368 4563 468 4617 καὶ
483 4562 773 4633 στρατείας
800 4557 1088 4629 ἐπιθυμίᾳ.
1111 4558 1220 4614 Καὶ
1235 4560 1343 4628 γὰρ
1370 4552 1462 4630 ἦν,
1489 4555 1648 4626 εἰπερ
1668 4572 1752 4618 τις
1776 4553 1945 4617 ἄλλος,

2062 4560 2276 4615 duobus
2305 4560 2434 4614 hinc
2459 4554 2585 4612 inde
2615 4555 2901 4611 allectibus
2935 4553 3365 4617 distrahebatur,
3398 4560 3644 4605 materna

369 4651 736 4722 φιλοπίλεμός
767 4669 827 4705 τε
862 4651 959 4703 καὶ
989 4648 1334 4720 φιλομήτωρ.
1394 4649 1641 4719 Ἀπάρας
1671 4645 1764 4700 οῦν
1796 4647 1944 4699 ἐκεῖ·

370 4747 465 4800 θεν
497 4745 596 4816 τῆς
626 4745 762 4814 πρὸς
790 4744 885 4797 τὸν
919 4742 1145 4814 βασιλέα
1177 4742 1451 4815 φερούσης
1484 4742 1713 4812 ἥπτετο,
1766 4739 1857 4793 καὶ
1887 4736 1952 4809 δὴ

369 4838 575 4908 φθάνει
598 4836 786 4892 τοῦτον
810 4837 940 4907 περὶ
969 4837 1031 4891 τδ
1077 4837 1372 4908 Δορύλαιον
1403 4833 1710 4903 σκηνοῦντα
1745 4831 1955 4886 καὶτὸν

372 4928 613 5001 στρατὸν
664 4928 1089 5001 συναγείραντα.
1157 4927 1217 4983 Ὀ
1250 4928 1309 4983 δὲ
1355 4924 1543 4981 τοῦτον
1574 4924 1698 4979 ἰδὼν
1750 4924 1846 4980 καὶ
1899 4926 1959 4977 ὲν

372 5021 595 5092 ἁναμνή
610 5037 685 5073 εει
719 5021 813 5074 τοῦ
848 5020 1057 5085 πάθους
1086 5021 1380 5090 γενόμενος
1412 5018 1672 5090 δακρύειν
1698 5034 1759 5069 τε
1789 5013 1961 5087 ἧρξα-

370 5131 436 5166 το
479 5111 576 5166 καὶ
608 5112 861 5183 περὶτῆς
910 5111 1126 5167 ἐκείνου
1180 5113 1388 5183 μητρὸς
1447 5110 1807 5166 ἐπυνθάνετο.
1848 5108 1959 5162 Καὶ

367 5202 529 5264 τέλος
570 5201 815 5273 βιάζεται
846 5204 1037 5258 τοῦτον
1075 5203 1214 5274 πρὸς
1250 5203 1349 5274 τὴν
1377 5201 1589 5273 μητέρα
1621 5202 1956 5271 παλινοστῆ-

373 5312 491 5360 σαι,
512 5294 673 5350 τοῦτο
715 5296 955 5368 φράσας,
980 5296 1057 5360 ὡς
1079 5294 1158 5351 Ού
1190 5295 1350 5350 καλόν
1366 5297 1483 5349 ἐστι
1517 5295 1722 5366 ταύτην
1748 5293 1843 5349 ἐπὶ
1871 5308 1963 5346 το-

372 5385 556 5457 σούτῳ
585 5385 812 5457 μεγέθει
845 5385 1054 5450 πάθους
1078 5385 1400 5440 καταλιπεῖν
1440 5384 1857 5457 ἀπαράκλητον,
1881 5382 1962 5453 τῷ

372 5477 538 5531 πάθει
562 5478 736 5543 πάθος
764 5477 1110 5549 προσθέντας
1139 5477 1218 5548 τῷ
1236 5477 1447 5531 ἐκείνου
1478 5477 1694 5548 θανάτῳ
1726 5477 1826 5545 τὴν
1860 5473 1960 5546 σὴν

371 5570 469 5623 ἐπὶ
504 5568 719 5643 μακρὸν
744 5568 1080 5641 ἀποδημίαν.
1129 5567 1317 5624 Ταῦτα
1369 5569 1469 5640 μὲν
1501 5564 1595 5622 οὖν
1623 5571 1650 5624 ὀ
1682 5566 1959 5639 βασιλεύς.

2060 4652 2315 4708 videlicet
2369 4649 2638 4704 charitate
2682 4656 2738 4703 et
2797 4645 3032 4715 juvenili
3075 4646 3273 4701 ardore
3326 4643 3643 4708 militandi;

2060 4759 2238 4814 neque
2273 4742 2419 4797 cnim
2455 4751 2574 4795 erat
2626 4739 2794 4803 ullus,
2846 4739 2933 4793 cui
2967 4737 3052 4792 vel
3093 4738 3295 4806 pietate
3327 4736 3381 4790 in
3416 4745 3649 4805 matrem

2059 4838 2143 4891 vel
2178 4849 2443 4906 generoso
2489 4832 2597 4905 35
2628 4831 2943 4887 bellicarum
2974 4843 3159 4883 rerum
3197 4826 3386 4884 studio
3406 4826 3653 4882 cederet.

2061 4925 2188 4981 Inde
2212 4925 2373 4994 igitur
2424 4924 2703 4993 profectus
2734 4921 2805 4976 ad
2841 4921 3241 4995 imperatorem
3282 4920 3485 4987 reperit
3519 4934 3656 4973 cum.

2060 5024 2391 5087 congregato
2444 5013 2559 5083 jam
2605 5013 2849 5067 exercitu
2899 5009 3098 5067 stativa
3131 5009 3278 5064 circa
3342 5010 3653 5080 Dorylaeutn

2063 5109 2390 5173 habentem;
2418 5104 2511 5175 qui
2534 5104 2723 5158 Alexio
2752 5102 3203 5159 visoadmouitus
3227 5100 3322 5156 illo
3350 5109 3659 5171 conspectu.

2061 5196 2131 5251 de
2158 5211 2286 5251 casu
2310 5194 2598 5256 Manuelis,
2629 5209 2736 5246 non
2770 5176 2941 5247 tenuit
2966 5193 3335 5264 lacrymas,et
3367 5192 3446 5267 uti
3476 5200 3656 5244 mater

2064 5286 2289 5342 haberet
2323 5294 2676 5353 percontatus
2723 5294 2826 5341 est.
2863 5283 2943 5339 Ae
2982 5283 3201 5339 tandem
3227 5284 3451 5340 omnino
3475 5284 3651 5351 impe-

2063 5389 2150 5437 rat
2198 5379 2269 5434 ad
2303 5386 2536 5433 matrem
2593 5377 2775 5448 ipsum
2840 5377 3063 5444 reverti,
3112 5377 3375 5447 praefatus
3431 5389 3662 5445 aequum

2063 5488 2171 5527 non
2203 5486 2325 5528 esse
2354 5470 2502 5525 illam
2536 5471 2590 5523 in
2638 5471 2731 5524 tali
2769 5485 3005 5526 interere
3029 5468 3428 5525 consolationis
3451 5481 3650 5534 exper-

2060 5573 2173 5621 tem
2202 5563 2384 5620 omnis
2425 5562 2769 5632 relinquere:
2811 5563 2921 5618 imo
2959 5577 3105 5618 novo
3136 5561 3324 5617 dolore
3355 5574 3387 5613 a
3414 5571 3500 5611 me
3526 5555 3665 5638 Ipso

1412 5697 1621 5763 Caroli
1664 5701 1758 5762 Du
1794 5700 2031 5762 Fresne
2070 5701 2170 5762 Du
2201 5698 2412 5778 Gange
2458 5701 2646 5758 noue.

445 5853 557 5927 (17)
588 5845 779 5925 Ἔρος
808 5851 1169 5925 ἀρχομένου.
1198 5854 1300 5910 Au.
1338 5854 1470 5910 Chr.
1514 5848 1671 5906 1071.
