4154 6476
500 447 574 512 63
1706 439 2131 505 NICEPHORI
2174 436 2549 498 BBYENNH
3700 431 3771 498 (ξι

503 559 866 628 cumulatam,
902 556 1102 630 inquit,
1130 558 1177 615 si
1211 557 1372 614 morti
1426 555 1656 626 majoris
1684 554 1779 610 lilii
1818 565 1964 609 tuam
1991 568 2094 624 ego

2216 556 2266 605 υ
2296 551 2342 604 δ’
2376 551 2639 620 ἐπειρᾶτο
2696 546 3027 620 προσμένειν
3053 546 3147 601 καὶ
3193 547 3518 615 ξυνέπεσθαί
3550 550 3597 601 οε
3628 552 3770 603 κακά

505 655 565 710 in
617 652 967 724 longinquam
1027 650 1414 706 abductionem
1464 648 1791 718 adjunxem.
1823 646 1975 701 Talia
2001 645 2091 699 di-

2216 641 2506 713 Βαρϐάρων
2536 639 2906 712 πρωτεύοντι.
2945 639 3106 693 Ἀλλά
3132 640 3305 693 ταῦτα
3342 639 3519 710 λέγων
3546 641 3638 694 τὸν
3671 639 3769 711 pa.

507 749 666 797 cente
703 740 949 809 AugtIsto
984 740 1217 810 excepit,
1267 739 1574 809 instititque
1625 746 1818 792 contra
1854 737 2088 790 Conme-

2216 733 2350 787 πιλέα
2380 735 2482 787 οὐκ
2538 731 2755 786 ἔπειθε·
2808 732 2899 786 καὶ.
2941 732 3146 786 ἄκοντα
3175 732 3286 804 γὰρ
3315 732 3501 786 τοῦτοι
3560 733 3772 787 ἐπανα-

511 848 613 886 nus
669 831 856 887 multis
901 847 1088 895 orans,
1125 846 1347 885 manere
1370 840 1433 884 ut
1462 844 1562 899 per
1601 844 1725 883 eum
1753 828 1808 882 in
1836 826 2082 881 exercitu

2216 823 2381 888 ζεῦξαι
2412 823 2550 895 πρὸς
2575 825 2675 893 τὴν
2710 824 2924 894 μητέρα
2970 823 3407 893 παρεσκεύασεν.
3451 824 3514 878 '0
3548 825 3648 894 μέν
3676 820 3773 879 οὖν

510 924 612 977 sibi
644 933 698 976 et
752 923 906 993 sequi
945 923 1241 978 ducentem
1274 923 1454 993 ipsum
1507 922 1772 975 adversus
1812 917 2087 972 Barbaros

2216 917 2383 987 ιπῄει,
2415 916 2444 969 δ
2470 916 2526 969 δέ
2561 915 2816 985 βασιλεὺς
2855 916 3045 984 πρόσω
3082 915 3280 986 χωρῶν
3312 914 3411 978 τὰς
3450 915 3774 985 Ῥωμαϊκὰς

513 1012 740 1078 liceret;
774 1014 869 1068 sed
932 1014 1069 1069 nihil
1109 1014 1394 1068 dimovere
1446 1012 1834 1080 imperatorem
1868 1009 1936 1063 dc
1959 1022 2086 1062 seu-

2216 1007 2454 1076 ῖυνάμεις
2500 1007 2825 1079 συνήθροιζε
2868 1008 2964 1061 καὶ
3009 1007 3147 1079 πρὸς
3201 1007 3294 1060 τὸν
3341 1007 3580 1077 πόλεμον
3622 1006 3774 1078 αὐτῷ

512 1102 679 1158 tentia
725 1103 921 1172 potuit.
976 1105 1164 1173 itaque
1230 1103 1529 1174 quamlibet
1559 1100 2085 1156 invitusreluctans-
2192 1100 2505 1171 ἐξηρτύετο.

512 1206 617 1259 quc
648 1193 856 1259 regredi
894 1194 961 1248 ad
1009 1208 1259 1259 matrem,
1326 1193 1556 1263 praeciso
1610 1190 1873 1261 principis
1931 1191 2086 1258 jussu
2120 1194 2440 1260 compulsus
2501 1192 2684 1247 itineri
2708 1207 2769 1249 se
2794 1192 3190 1248 deditdomum
3260 1208 3456 1249 versus
3484 1211 3498 1246 :
3529 1195 3777 1265 Angusto

516 1284 746 1339 u‘lterius
770 1296 1041 1350 movente,
1076 1295 1131 1340 et
1157 1295 1270 1340 tum
1304 1301 1503 1356 cogere
1539 1284 1815 1340 Romanas
1839 1284 2082 1352 undique
2119 1286 2331 1355 copias,
2370 1294 2486 1339 tum
2537 1299 2632 1338 eas
2671 1284 2741 1339 ad
2790 1285 2993 1339 bellum
3022 1285 3294 1339 instruere
3315 1296 3595 1354 pergente.

593 1382 679 1435 i3.
701 1380 820 1446 Quo
843 1381 1037 1437 itinere
1053 1397 1175 1436 cum
1201 1382 1255 1437 in
1279 1380 1679 1451 Cappadociam
1705 1381 2093 1452 promovisset,

2265 1382 2655 1450 ιγ’.Γενόμενος
2691 1380 2748 1434 δὲ
2774 1380 2907 1450 περὶ
2933 1379 3033 1451 τὴν
3063 1379 3449 1434 Καππαδοκῶν
3485 1380 3610 1442 τοὺς
3655 1381 3781 1451 d9!-

518 1473 808 1542 praecipuis
829 1472 1025 1527 ducum
1053 1472 1369 1527 convocatis
1395 1473 1463 1527 de
1488 1486 1704 1528 summa
1733 1472 1855 1527 belli
1881 1472 2097 1527 consqu

2216 1490 2353 1537 non;
2407 1473 2526 1543 ἅμα
2578 1472 2689 1525 τῶν
2734 1473 3058 1544 στρατηγῶν
3109 1472 3197 1525 ἐπ’
3248 1471 3546 1542 ἐκκλησίαν
3594 1474 3779 1526 ἐκάλει

518 1572 618 1627 tat,
660 1578 857 1633 rogans
893 1563 1088 1633 ecquid
1124 1572 1410 1633 praestaret
1443 1563 1746 1634 irrumpere
1781 1563 1922 1618 intra
1960 1563 2095 1619 lines

2216 1565 2290 1620 ιαὶ
2321 1564 2519 1635 βουλὴν
2541 1564 2670 1635 περὶ
2698 1561 2794 1617 τοῦ
2820 1564 3059 1633 πολέμου
3089 1562 3393 1632 προύτίθει,
3436 1562 3782 1633 πυνθανόμε-

518 1656 778 1720 Ριτδίἁίε,
805 1656 989 1727 ibique
1010 1673 1253 1727 pugnare
1277 1673 1404 1713 cum
1433 1656 1662 1725 Turcis;
1691 1674 1759 1713 an
1786 1669 2093 1714 manentem

2216 1670 2283 1716 to;
2310 1652 2368 1706 δέ
2397 1653 2446 1706 εί
2475 1651 2582 1724 χρὴ
2622 1653 2720 1723 τὴν
2738 1651 2830 1706 ἐπὶ
2854 1652 3112 1722 Περσίδος
3136 1651 3382 1705 ἐλαύνειν
3417 1653 3640 1707 κάκεῖσε
3669 1656 3782 1716 τοῖς

519 1754 663 1805 intra
688 1751 932 1819 glimitem
980 1751 1202 1805 ditionis
1236 1750 1472 1821 pmprie
1506 1751 1747 1821 ipsorum
1795 1752 2090 1807 adventum

2216 1743 2463 1815 Γούρκοις
2513 1743 2943 1814 συμπλέκεσθαι,
2989 1746 3021 1817 ἢ
3083 1746 3312 1813 μένοντα
3361 1744 3454 1798 ἐπὶ
3503 1744 3603 1817 τῆς
3645 1745 3784 1810 ίδίας

518 1852 854 1911 exspectare.
887 1841 1252 1897 Nuntiabatur
1281 1843 1425 1897 enim
1457 1844 1737 1900 sultanum
1768 1844 1950 1914 egredi
1978 1844 2090 1913 jam

2216 1839 2301 1905 τὴν
2355 1835 2581 1888 ἐκείνων
2642 1834 2858 1888 ἔλευσιν
2915 1835 3242 1905 ἀναμένειν·
3300 1836 3597 1904 ἠγγέλλετο
3673 1837 3785 1907 γάρ

519 1950 553 1988 c
583 1933 823 1990 Perside.
858 1950 921 1990 ac
953 1936 1098 1990 lenti
1122 1951 1315 2008 gressu
1347 1937 1399 1991 in
1435 1938 1712 1992 Romanos
1744 1952 1989 1990 movere.
2019 1936 2095 1991 ibi

2216 1926 2302 1998 ήδη
2334 1928 2429 1980 καὶ
2467 1928 2494 1980 ὁ
2523 1926 2813 1990 σουλτάοιος
2855 1925 2939 1999 [Ρ.
2971 1926 3067 1993 ‘27]
3107 1927 3341 1993 ἐξελθεῖν
3375 1928 3474 1998 τῆς
3519 1928 3785 2000 Περσίδος

524 2024 823 2081 ferociores
873 2027 1107 2097 quique,
1166 2028 1479 2097 quibusque
1532 2028 1802 2084 assentari
1863 2028 2098 2099 principi

523 2115 769 2170 solemne
814 2126 952 2181 erat,
1004 2132 1205 2187 negare
1247 2118 1609 2173 desidendum
1658 2120 1768 2173 illic
1811 2135 1953 2185 esse,
2006 2119 2100 2175 sed

526 2206 830 2261 vadendum
886 2210 1397 2278 occursandumqnc
1449 2211 1691 2273 sultano,
1748 2223 1802 2266 et
1862 2229 1984 2266 cum
2036 2229 2103 2270 co

526 2313 640 2366 pra:
662 2298 901 2352 liandum
939 2299 991 2352 in
1024 2299 1133 2369 36
1160 2299 1359 2354 Baiana
1393 2300 1582 2355 Iit-dire
1613 2310 1835 2372 parante
1865 2303 2100 2374 ingredi.

523 2388 730 2444 Contra
769 2390 1027 2460 magistro
1063 2390 1262 2462 Joseph
1304 2390 1684 2447 Trachaniottc
1726 2407 1935 2463 magna:
1975 2403 2105 2448 tunc

529 2478 666 2548 parti
705 2480 984 2549 copiarum
1016 2482 1305 2550 praefecto,
1344 2490 1399 2537 et
1428 2482 1555 2536 duci
1591 2483 1759 2539 totius
1790 2481 2105 2540 Occidentis

532 2566 844 2638 Nicephoro
886 2567 1176 2641 Bryennio,
1227 2572 1385 2642 plane
1431 2570 1717 2627 videbatur
1762 2588 2004 2644 praeceps
2052 2575 2105 2629 id

526 2662 817 2731 crrorique
860 2661 1107 2716 innisum
1158 2664 1451 2718 consilium
1493 2678 1613 2719 esse
1667 2680 1681 2717 :
1730 2666 2107 2736 rogaliantque

532 2753 913 2822 imperatorem
946 2762 1026 2820 ut,
1062 2754 1107 2809 si
1140 2763 1348 2825 posset,
1382 2756 1611 2810 lnereret
1646 2756 1699 2810 in
1734 2756 1855 2811 loco
1888 2758 2105 2813 hostes-

527 2857 637 2912 que
691 2843 757 2898 ad
802 2858 862 2898 se
915 2844 1154 2911 eliceret,
1207 2847 1433 2902 munitis
1504 2848 1722 2903 interim
1792 2848 2108 2906 civitatibus

532 2933 791 2990 Romana:
823 2937 1048 2993 ditionis
1083 2954 1178 3009 per
1212 2940 1529 3007 circuitum,
1570 2942 1827 3012 agrisque
1867 2943 2110 3000 incensis

531 3044 596 3085 ac
629 3031 882 3097 vastatis,
914 3046 982 3086 ne
1020 3041 1309 3102 suppetere
1350 3033 1476 3088 inde
1511 3034 1761 3089 hostibus
1801 3036 2110 3090 necessaria

531 3130 775 3188 possent.
813 3119 911 3175 Sin
952 3134 1171 3176 movere
1210 3120 1336 3176 inde
1374 3133 1560 3176 certus
1592 3133 1779 3187 esset,
1816 3133 2111 3191 occuparet

2203 2021 2299 2073 καὶ
2327 2019 2489 2090 σχολῇ
2530 2022 2625 2073 καὶ⁵
2677 2019 2846 2090 βάδην
2876 2020 3022 2074 κατά
3070 2020 3363 2090 Ῥωμαίων
3404 2023 3623 2091 χωρεῖν,
3656 2022 3784 2085 Τοῖς

2207 2113 2308 2182 μὲν
2350 2108 2444 2165 οὖν
2474 2114 2647 2166 ἐδόκει
2677 2112 2792 2165 ὅσοι
2843 2111 3182 2183 θρασύτερὸν
3220 2130 3338 2176 πως
3388 2113 3654 2167 διέκειντο
3687 2114 3784 2167 καὶ

2207 2203 2660 2275 κολακικώτερον,
2695 2205 2770 2274 μὴ
2820 2204 3027 2273 μένειν,
3061 2204 3175 2257 ἀλλ’
3229 2204 3450 2259 ἀπιέναι
3501 2205 3597 2260 καὶ
3638 2223 3786 2275 συμ-

2206 2296 2504 2351 πλέκεσθαι
2541 2297 2618 2367 τῷ
2661 2297 2934 2367 σουλτάνῳ
2988 2297 3215 2350 εἰσιόντι
3271 2299 3329 2349 ἐν
3382 2297 3645 2361 Βατάνοις
3686 2297 3784 2367 τῆς

2206 2388 2441 2458 Μηδίας.
2466 2387 2557 2459 Τῷ
2592 2388 2878 2459 μαγὶστρῳ
2910 2388 2966 2442 δέ
3012 2389 3209 2459 Ἰωσὴφ
3261 2388 3339 2457 τῷ
3394 2389 3787 2460 Τραχανειώτῃ

2207 2482 2540 2552 κατάρχοντι
2589 2481 2712 2535 τότε
2761 2482 3060 2553 ταγμάτοιν
3119 2480 3349 2543 πολλῶν,
3379 2483 3470 2535 καὶ
3531 2483 3608 2552 τῷ
3634 2482 3789 2535 δουκὶ

2209 2575 2389 2644 πάσης
2423 2573 2649 2636 Δύσεως
2679 2573 2980 2643 Νικηφὸρῳ
3010 2571 3087 2643 τῷ
3131 2573 3406 2644 Βρυεννίῳ
3432 2580 3788 2628 παντάπασιν

2209 2667 2382 2720 ἐδόκει
2421 2665 2489 2719 τὰ
2517 2665 2747 2719 τοιαῦτα
2787 2665 3133 2735 βουλεύματα
3158 2664 3512 2733 σφάλλεσθαι,
3558 2666 3652 2718 καὶ
3706 2664 3791 2732 ἐξ.

2210 2758 2506 2827 ελιπάρουν
2558 2756 2652 2811 τὸν
2703 2756 2951 2826 βασιλέα,
2997 2758 3045 2809 εί
3082 2750 3194 2809 οἲὸν
3222 2774 3279 2809 τε
3315 2758 3419 2825 εῖη.
3462 2756 3791 2827 προσμένειν

2211 2852 2304 2904 καὶ
2344 2851 2472 2914 τοὺς
2529 2849 2823 2918 πολεμίους
2854 2847 3037 2900 ἕλκειν
3083 2848 3217 2918 πρὸς
3259 2847 3450 2900 ἑαυτὸν
3488 2847 3586 2910 τάς
3630 2846 3796 2917 πέριξ

2212 2942 2395 2997 πόλεις
2440 2939 2908 3011 κατοχυρὼσαντα
2957 2943 3050 2992 καὶ
3104 2941 3204 3004 τὰς
3257 2939 3514 3002 πεδιάδας
3569 2940 3794 3010 ἐμπρή-

2214 3049 2404 3094 σαντα,
2442 3031 2585 3085 ὦστε
2604 3031 2887 3096 σπανίζειν
2918 3033 3030 3093 τοῖς
3056 3029 3339 3099 πολεμίοις
3363 3032 3435 3083 τά
3464 3029 3749 3099 ἐπιτήδεια
3775 3046 3795 3064 ο

2212 3124 2262 3178 εί
2294 3125 2348 3178 δὲ
2383 3125 2457 3195 μὴ
2497 3122 2678 3190 τοῦτο,
2712 3122 2816 3176 κᾶν
2847 3121 2979 3191 γοῦν
3013 3120 3343 3175 καταλαϐεῖν
3370 3121 3470 3193 τὴν
3512 3120 3798 3175 Θεοδοσίου

533 3209 1020 3279 TheodosiOpolin,
1046 3212 1232 3281 ibique
1264 3212 1461 3267 castris
1491 3213 1685 3283 positis
1719 3214 1902 3270 hostes
1920 3231 2113 3285 exspe-

2217 3218 2372 3271 πόλιν
2419 3217 2643 3270 κάκεῖσε
2692 3213 3237 3283 στρατοπεδεύσαντα
3294 3213 3627 3283 προσμένειν
3669 3214 3800 3275 τοὺς

530 3310 725 3358 ctarct.
761 3302 897 3357 Hinc
919 3303 1065 3359 enim
1091 3302 1206 3357 fore
1237 3311 1296 3358 ut
1313 3304 1496 3374 inopia
1514 3314 1920 3360 commeatuum
1937 3307 2113 3361 sulta-

535 3409 641 3449 nus
670 3403 959 3465 cogeretur
991 3409 1234 3464 pugnare
1265 3410 1389 3450 cum
1429 3396 1691 3451 Romanis
1727 3396 1850 3451 loco
1882 3396 2015 3467 ipsis
2045 3396 2112 3451 ad

534 3488 779 3541 victoria:
798 3503 948 3557 spem
967 3487 1341 3541 commodiore
1365 3504 1380 3541 :
1403 3486 1496 3541 sed
1522 3486 1637 3541 haec
1655 3488 1820 3543 surdo
1841 3488 2118 3544 caneban—

538 3589 647 3632 tur.
674 3576 819 3634 Vicit
840 3578 1103 3642 adulatio,
1125 3586 1179 3632 et
1200 3588 1425 3648 turgens
1451 3578 1597 3632 inani
1617 3580 1817 3649 gaudio
1839 3581 2114 3652 princeps,

535 3671 682 3740 quod
703 3685 885 3725 arcem
912 3669 1144 3740 Mempct
1169 3670 1371 3725 dictam
1393 3670 1558 3725 modo
1577 3682 1817 3742 ceperat,
1840 3682 1895 3727 et
1922 3687 2117 3731 manus

539 3763 845 3817 'l‘urcorum
879 3762 1239 3832 praedantium
1271 3762 1430 3819 caesis
1455 3763 1661 3829 multis,
1697 3765 1887 3834 paucis
1917 3765 2112 3834 captis,

539 3852 842 3924 fugaverat,
887 3853 990 3909 sibi
1033 3854 1306 3924 persuasit
1347 3855 1621 3911 neminem
1671 3871 1909 3925 unquam
1956 3864 2119 3911 antea

542 3946 846 4001 Romanum
889 3946 1190 4017 principem
1240 3947 1490 4003 tauto‘in
1532 3948 1730 4003 Persas
1770 3955 1995 4017 tamque
2040 3946 2121 4001 in-

536 4049 748 4096 structo
783 4040 984 4095 civium
1027 4039 1373 4097 sociorumve
1405 4039 1649 4097 exercitu
1688 4041 1945 4097 movisse.
1980 4038 2117 4111 Spe-

538 4132 645 4186 bus
674 4131 797 4186 inde
828 4133 1002 4202 magis
1034 4130 1248 4201 magnis
1278 4146 1442 4202 quam
1468 4131 1615 4188 veris
1641 4138 1738 4187 aut
1771 4130 1996 4187 utilibus
2024 4132 2112 4186 iu-

538 4222 702 4277 ilatus
753 4230 899 4277 recta
935 4221 990 4276 in
1018 4220 1297 4277 Persidem
1329 4222 1619 4280 universas
1652 4223 1842 4295 copias
1877 4221 2119 4291 perrexit

536 4315 762 4370 ducere.

2219 3310 2532 3378 πολεμίους,
2565 3304 2695 3359 ὣστ’
2727 3303 2930 3373 ἀπορίᾳ
2960 3303 3068 3355 τῶν
3102 3303 3415 3371 ἀναγκαίων
3441 3302 3531 3355 τὸν
3571 3301 3802 3356 σουλτά-

2214 3419 2308 3455 νον
2376 3397 2794 3467 ἀναγκασθῆναι
2840 3398 2950 3457 τοῖς
3017 3393 3311 3462 Ῥωμαίοις
3385 3391 3802 3464 συμπλέκεσθαι

2212 3490 2341 3547 ἔνθα
2382 3489 2687 3559 Ῥωμαίους
2717 3486 3015 3557 ξυμϐαλεῖν
3052 3484 3188 3556 πρὸς
3220 3484 3457 3555 πόλεμον
3514 3486 3803 3555 συμφέρον

2214 3584 2383 3640 ἐστίν.
2432 3581 2576 3636 Ἀλλ’
2608 3580 2827 3635 ἐδόκουν
2869 3581 3021 3649 παρᾶ
3052 3578 3221 3648 κωφῷ
3246 3577 3415 3650 ᾅδειν,
3443 3581 3538 3632 καὶ
3585 3580 3653 3632 τά
3683 3580 3797 3632 τῶν

2215 3676 2462 3731 κολάκων
2491 3672 2666 3726 ἐνίκα.
2699 3672 2811 3726 Καὶ
2851 3673 2969 3726 δέον
3010 3671 3239 3741 ἀνδράσι
3289 3671 3389 3738 τὴν
3419 3672 3632 3724 οἰκείαν
3672 3672 3797 3742 ἀρε-

2212 3769 2312 3839 τὴν
2334 3766 2754 3836 παραστήσασιν
2785 3763 3113 3830 ὑπακούειν,
3138 3764 3167 3816 ὁ
3191 3763 3245 3816 δέ
3280 3767 3392 3827 τοῖς
3437 3764 3626 3828 κόλαξι
3660 3766 3802 3835 μᾶλ-

2215 3859 2307 3913 λον
2332 3859 2626 3927 προσεῖχεν
2657 3856 2691 3925 ἢ
2742 3857 2854 3918 τοῖς
2904 3854 3045 3925 ὀρθά
3097 3854 3582 3925 συμϐουλεύουσιν,
3626 3858 3803 3928 ἐπηρ-

2225 3950 2387 4023 μένος
2448 3951 2564 4013 τοῖς
2615 3946 2956 4017 προλαϐοῦσι
3006 3947 3291 4020 τροπαίοις
3343 3949 3439 4003 καὶ
3510 3949 3652 4019 μέγα
3708 3950 3804 4004 ἐπὶ

2220 4039 2434 4104 τούτοις
2476 4040 2712 4109 φρονῶν.
2750 4039 2859 4093 Καὶ
2890 4039 2999 4109 γάρ
3022 4039 3084 4091 τό
3137 4055 3197 4091 τε
3244 4039 3483 4108 Μέμπετ
3538 4039 3803 4111 φρούριον

2217 4123 2332 4185 εἷλε
2365 4131 2459 4185 καὶ
2485 4130 2746 4201 Τούρκων
2775 4129 3058 4184 ἀποσπάσι
3086 4131 3536 4200 προνομευόντων
3563 4131 3805 4202 ἐντυχὼν

2217 4221 2486 4295 ἐτρέψατό
2517 4239 2575 4276 τε
2622 4221 2849 4284 τούτους
2903 4220 2996 4275 καὶ
3030 4219 3264 4284 πολλοὺς
3317 4221 3418 4291 μὲν
3441 4222 3673 4287 ἀνεῖλεν,
3702 4224 3806 4278 οὐκ

2215 4315 2431 4385 ὀλίγους
2458 4315 2514 4369 δέ
2563 4317 2657 4369 καὶ
2684 4315 2991 4386 ἐζώγρησε.
3028 4312 3256 4377 Τούτοις
3294 4313 3390 4367 οὖν
3429 4315 3797 4387 έπαιρέμενος

541 4407 637 4462 καὶ
684 4407 967 4479 θαρρήσας
1002 4406 1145 4479 πέρα
1193 4406 1291 4461 τοῦ
1340 4405 1551 4471 δέοντος
1588 4405 1683 4461 ἅτε
1734 4407 1829 4461 καὶ
1886 4405 2108 4460 πλεῖονα
2169 4406 2279 4461 τῶν
2343 4409 2630 4478 προτέρων
2673 4407 3014 4476 ἐπαγόμενος
3081 4404 3399 4477 ξυμμαχίαν
3425 4407 3521 4460 καὶ
3550 4406 3805 4478 δύναμιν,

539 4497 683 4569 ἄρας
711 4498 807 4565 ξὺν
844 4499 1009 4552 παντὶ
1034 4497 1115 4569 τῷ
1151 4498 1520 4571 στρατεύματι
1547 4497 1648 4569 τὴν
1679 4498 1808 4553 εὐθὺ
1841 4498 2100 4572 Περσίδος
2138 4498 2339 4568 ἦλαυνε
2376 4500 2470 4552 καὶ
2506 4499 2643 4569 πρὸς
2679 4498 2805 4560 τοὺς
2836 4497 3112 4561 ἐναντίους
3146 4496 3365 4567 ἐχώρει.

612 4594 702 4649 ii.
737 4594 875 4650 Hinc
903 4610 1193 4665 progresso
1226 4609 1399 4666 usque
1425 4594 1777 4650 Mazicertum
1812 4593 2113 4650 Basilacius

2297 4596 2379 4649 ιδ’.
2412 4594 2700 4667 Γενομένῳ
2720 4595 2777 4649 δέ
2801 4596 2981 4667 τούτῳ
3014 4595 3143 4662 περὶ
3174 4595 3614 4667 τδιΜαζίκερτον
3640 4594 3754 4667 (18)
3778 4599 3809 4650 ὁ

538 4686 783 4742 occurrit
829 4686 1016 4756 copias
1055 4702 1161 4742 non
1206 4701 1408 4758 paucas
1443 4702 1475 4742 e
1512 4688 1668 4759 Syria
1703 4687 1912 4744 ducens
1954 4698 2120 4758 atque

547 4780 827 4836 Armenia.
861 4780 992 4835 Erat
1022 4781 1069 4835 is
1098 4781 1250 4835 ferox
1286 4796 1562 4851 manuque
1597 4779 1779 4845 fortis,
1817 4781 2117 4851 praecipiti-

546 4889 654 4943 que
717 4872 824 4943 37
895 4873 1324 4930 irrcvocabiliter
1396 4875 1600 4944 impetu
1670 4889 1829 4928 ruere
1889 4875 2117 4940 solitus,

2229 4688 2554 4753 Βασιλὰκιος
2610 4688 2913 4759 ὑπηντίαζε
2989 4688 3222 4755 στρατὸν
3282 4688 3623 4759 ἐπαγόμενος
3705 4689 3805 4742 οὐκ

2214 4781 2411 4851 ὀλίγον.
2439 4782 2504 4833 ἐκ
2540 4781 2743 4852 Συρίας
2786 4781 2881 4834 καὶ
2932 4780 3243 4851 Ἀρμενίας,
3276 4779 3339 4843 ὃς
3377 4780 3660 4849 ῥωμαλέος
3706 4779 3807 4850 μὲν

2215 4871 2291 4925 ὣν
2318 4874 2412 4926 καὶ
2461 4873 2561 4943 τὴν
2601 4874 2760 4943 χεῖρα
2798 4873 3067 4940 γενναῖος,
3121 4871 3329 4942 Θρασὺς
3377 4869 3434 4923 δέ
3479 4868 3654 4932 ἄλλως
3711 4870 3806 4923 καὶ

544 4980 929 5034 quamcunque
963 4965 1017 5021 in
1051 4976 1260 5036 partem
1291 4966 1635 5022 incubuerat.
1674 4966 1777 5033 Qui
1809 4968 1955 5038 quod
1989 4979 2113 5023 tunc

2216 4964 2584 5026 δυσκάθεκτος
2603 4966 2956 5034 ταῖςόρμαῖς,
2984 4964 3078 5017 καὶ
3108 4963 3202 5015 τὸν
3227 4962 3452 5032 βασιλέα
3477 4960 3802 5016 κολακεύειν

544 5053 809 5106 assentari
862 5056 1113 5123 Angusto
1145 5055 1346 5111 libebat
1387 5055 1776 5127 interrogatus,
1820 5058 1957 5112 niliil
1999 5059 2119 5112 sani

544 5144 844 5215 respondit.
870 5145 1309 5219 [interrogabatur
1347 5160 1526 5205 autem
1545 5150 1611 5205 de
1646 5164 1735 5214 eo,
1784 5151 1931 5220 quod
1956 5158 2110 5205 vest-

2222 5055 2546 5126 βουλόμενος
2584 5056 2738 5108 οὐδὲν
2786 5056 2938 5122 ὕγιές
2983 5054 3341 5126 ἐρωτώμενος
3392 5053 3801 5122 ἀπεφθέγξατο.

2217 5146 2326 5201 Τοῦ
2366 5148 2476 5216 γὰρ
2518 5147 2819 5219 βεστάρχου
2879 5148 2993 5218 (i9)
3055 5148 3287 5212 Λέοντος
3326 5146 3420 5200 τοῦ
3460 5145 3802 5217 Διαϐατηνοῦ

1579 5262 1788 5324 Caroli
1828 5263 1924 5323 Du
1960 5264 2200 5325 Fresne
2244 5264 2346 5324 Du
2376 5264 2585 5340 Gange
2626 5269 2809 5324 nolui.

621 5382 740 5457 ([8)
774 5382 928 5457 Ilepi
944 5384 1012 5436 τὸ
1043 5383 1428 5457 Mgaxeptor.
1476 5383 1732 5457 Scylitzze
1754 5385 2116 5457 MasCugép-r.

549 5463 599 5510 et
631 5453 1081 5528 MavﬁtméprsL
1105 5453 1723 5528 ΖοιιατειξίΜανζικίερτ,
1777 5457 1910 5528 urbs
1958 5453 2122 5528 Baiis-

552 5523 840 5594 piacmiiae,
891 5540 987 5579 seu
1034 5523 1241 5587 Mediae.
1284 5527 1414 5580 olim
1460 5523 1913 5595 Tlieodosiopolis
1950 5525 2121 5595 dicta,

552 5605 613 5650 ut
645 5602 836 5648 auctor
861 5609 937 5649 est
969 5596 1119 5650 Isaac
1138 5596 1454 5652 Catliolicns
1491 5598 1757 5651 invectiva
1780 5594 1819 5650 ll
1845 5596 1900 5650 iu
1931 5594 2125 5650 Arme-

552 5665 696 5729 nios,
725 5679 779 5734 p.
804 5664 900 5719 Mi
927 5682 943 5734 ;
981 5682 1103 5735 qua:
1128 5682 1251 5721 cum
1286 5669 1374 5722 ditt
1406 5667 1697 5723 Saracenis
1724 5665 1952 5729 ameris,
1985 5681 2125 5735 quo-

554 5750 677 5807 rum
732 5736 929 5807 seriem
969 5747 1024 5792 et
1073 5749 1286 5807 gentem
1329 5747 1579 5795 recenset
1620 5735 2016 5807 Constantinus
2051 5735 2126 5791 De

555 5804 703 5859 adut.
744 5805 897 5873 imp.,
931 5824 982 5863 c.
1013 5804 1111 5872 44⁷,
1145 5810 1434 5873 paruisset,
1470 5807 1686 5861 tandem
1726 5809 1778 5859 in
1810 5805 2123 5861 Graecorum

560 5880 880 5947 potestatem
916 5879 1078 5936 venit.
1112 5876 1263 5936 lianc
1289 5880 1535 5937 sultanus
1564 5876 1923 5934 Monomaclio
1957 5877 2127 5948 impe-

2232 5397 2389 5441 rante
2441 5384 2677 5459 obsedit.
2722 5393 2782 5440 ut
2812 5398 2896 5442 est
2932 5386 3074 5457 apud
3132 5384 3421 5459 Scylitzem
3465 5400 3519 5456 p.
3547 5385 3677 5459 A780.
3714 5388 3806 5443 ubi

2230 5459 2395 5511 etiam
2426 5458 2800 5521 describitur,
2853 5474 2954 5512 nec
3016 5457 3218 5512 tamen
3248 5458 3411 5524 cepit,
3455 5457 3557 5511 etsi
3617 5459 3802 5514 statim

2229 5536 2415 5598 postea
2447 5527 2501 5581 in
2538 5527 3040 5598 Saracenorumjus
3072 5529 3432 5598 cessissepar
3456 5530 3527 5580 sit
3556 5530 3801 5594 credere,

2230 5595 2355 5653 cum
2415 5598 2714 5667 Iliogcnttm
2789 5595 3096 5667 Romanqu
3170 5597 3417 5651 eamdem
3457 5598 3803 5666 postmodum

2230 5666 2613 5738 expugnasse,
2672 5680 2727 5721 et
2801 5666 3092 5722 Saracenis
3171 5667 3466 5738 abstulisse
3537 5668 3801 5735 legamus.

2235 5737 2298 5791 ν.
2325 5737 2700 5809 SCyiitzemp.
2737 5739 2916 5809 857_et
2949 5738 3073 5803 842,
3105 5748 3159 5792 et
3184 5737 3452 5809 Zonaram
3491 5753 3546 5808 p.
3571 5737 3697 5809 223;.

2309 5806 2417 5879 (l9)
2449 5806 2819 5876 Βεστιὶρχου.
2839 5806 2950 5864 "ac
2978 5810 3241 5879 dignitate
3262 5808 3480 5879 functos
3496 5806 3806 5879 complures

2237 5877 2520 5937 reccnSent
2575 5879 2892 5950 scriptorcs,
2949 5877 3113 5951 atque
3167 5882 3221 5936 in
3287 5877 3479 5951 primis
3539 5877 3807 5951 Scylitzes
