4154 6432
350 359 417 422 65
1575 352 2121 414 HISTORIARUM
2163 352 2311 413 LIB.
2354 352 2409 414 Ι.
3562 355 3633 418 66

354 466 659 539 γράμματα
698 466 784 539 τῷ
841 465 1055 537 βασιλεῖ
1087 462 1460 535 πεπομφότος,
1490 461 1567 526 ὡς
1596 464 1625 515 δ
1655 462 1948 525 σουλτάνος

2063 460 2249 515 arclies
2290 460 2406 516 Leo
2467 458 2800 517 Diabatenus
2858 461 3023 517 modo
3057 460 3371 532 imperatori
3404 465 3637 533 scripse-

361 561 492 629 φησὶ
544 556 645 627 τὴν
701 558 1077 630 ἐκστρατείαν
1127 555 1437 626 πυθόμενος
1475 555 1570 608 καὶ
1618 553 1805 615 δείσας
1850 554 1951 621 τὴν

360 650 606 718 δύναμιν,
632 649 736 718 τὴν
765 649 1011 719 Περσίδα
1056 644 1379 701 καταλιπὼν
1399 645 1587 699 ἄπεισι
1618 645 1835 714 φεύγων
1872 646 1952 707 είς

364 738 684 793 Βαὸυλῶνα.
724 738 958 801 Τούτοις
991 739 1018 790 ὁ
1070 736 1325 808 βασιλεὺς
1365 740 1477 800 τοῖς
1508 736 1690 802 λόγοις
1724 737 1953 790 ἀναπει-

366 832 534 895 σθεὶς,
577 831 699 901 διχῆ
730 833 791 883 τὸ
830 832 1147 901 στράτευμα
1168 828 1356 881 διελὼν
1389 829 1487 897 τὴν
1529 827 1628 895 μὲν
1658 827 1766 879 τῶν
1790 826 1950 881 δυνά-

366 942 514 993 μεων
549 923 738 975 αὐτόθι
793 924 1035 991 κατεῖχε,
1072 923 1169 990 τὴν
1196 921 1253 974 δὲ
1289 922 1424 991 πρὸς
1456 920 1517 973 τὸ
1545 920 1726 974 Χλέατ
1756 921 1953 984 ἐξαπο-

366 1014 605 1078 στέλλει,
645 1012 954 1082 στρατηγὺν
984 1012 1289 1080 ἐπιστήσας
1319 1012 1501 1073 αὐτοῖς
1558 1011 1650 1063 τὸν
1672 1012 1951 1080 μέγιστον

375 1104 581 1173 Ἰωσὴφ
608 1103 699 1156 τὸν
722 1102 1171 1173 Τραχανειὼτην,
1200 1101 1370 1172 ἄνδρα
1394 1101 1567 1153 δεινὸν
1593 1102 1650 1155 ἐν
1687 1118 1950 1167 στρατιω-

362 1198 536 1259 τικοῖς
576 1194 908 1265 βουλεύμασί
945 1210 1007 1247 τε
1038 1196 1134 1247 καὶ
1186 1194 1664 1265 στρατηγήμασιν,
1705 1192 1951 1263 ἀπρόθυ-

368 1306 473 1357 μον
498 1288 555 1340 δὲ
580 1288 702 1340 τότε
728 1286 1079 1339 παντάπασιν
1118 1286 1248 1339 ὄντα
1278 1284 1473 1353 καὶτῷ
1507 1284 1718 1353 βασιλεῖ
1749 1301 1950 1354 παραι-

366 1378 574 1430 νοῦντα
605 1378 735 1430 εἴσω
756 1376 853 1438 τὰς
879 1376 1141 1445 δυνάμεις
1194 1374 1414 1437 ἁπάσας
1444 1374 1699 1445 κατέχειν
1745 1374 1841 1426 καὶ
1875 1372 1951 1443 μὴ

369 1468 625 1538 μερίζειν
656 1468 714 1519 τὸ
738 1466 1077 1537 στράτευμα,
1097 1464 1267 1536 ἀγχοῦ
1292 1465 1400 1519 τῶν
1429 1465 1687 1520 ἐναντίων
1719 1482 1950 1536 στρατο-

370 1560 732 1612 πεδευόντων.
764 1559 859 1620 '0;
905 1557 983 1620 ὡς
1035 1555 1211 1610 ταῦτα
1245 1555 1423 1624 λέγων
1476 1557 1577 1610 ούκ
1622 1556 1827 1617 ἐπειθε,
1853 1555 1951 1618 τὰς

363 1652 633 1722 δυνάμεις
682 1648 969 1705 ἀναλαϐὼν
1019 1650 1156 1719 πρὸς
1212 1648 1393 1701 Χλέατ
1437 1647 1718 1718 ἠπείγετο.
1792 1647 1951 1711 Πόλις

364 1743 423 1795 δὲ
452 1744 516 1795 τὸ
544 1741 724 1795 Χλέατ
757 1741 861 1793 ὑπὸ
885 1741 1011 1805 τοὺς
1036 1739 1312 1810 Τούρκους
1346 1737 1432 1810 [Ρ.
1462 1737 1556 1810 28]
1584 1738 1838 1806 τελοῦσα,
1856 1740 1952 1794 καὶ

2052 560 2137 605 rat
2176 553 2454 607 sultanum
2487 553 2673 607 audito
2709 554 3098 623 ejnsadventu.
3138 556 3515 625 desperantem
3546 571 3635 612 τε·
3694 610 3701 615 .

2052 642 2157 699 bns
2206 646 2350 706 suis.
2376 644 2599 701 Perside
2627 648 2836 711 relicta,
2891 648 3076 717 fugere
3107 648 3454 719 Babylonem.
3503 649 3638 716 Quae

2053 737 2350 806 imperator
2379 754 2408 792 a
2444 737 2627 793 Leone
2656 739 2859 807 scripta
2891 754 2922 792 a
2957 739 3227 794 Basilacio
3258 755 3390 796 voce
3419 742 3633 798 ﬁrmata

2052 844 2154 898 pro
2182 829 2502 884 indubitatis
2533 830 2739 885 habens
2772 830 3022 884 bifariam
3051 832 3240 886 divisit
3268 835 3483 902 copias;
3510 852 3635 904 par-

2054 927 2161 973 tem
2195 920 2268 974 ibi
2323 920 2558 974 detinuit
2586 937 2794 986 secum,
2830 923 2992 976 aliam
3023 939 3215 979 versus
3244 924 3434 981 Cltleat
3465 930 3633 995 misit,

2052 1009 2193 1064 duce
2228 1009 2329 1079 ipsi
2362 1011 2655 1080 praeposito
2695 1013 2938 1065 maximo
2968 1011 3208 1079 Josepho
3244 1012 3633 1080 Tracbaniota,

2055 1102 2172 1154 viro
2194 1100 2305 1154 acri
2337 1109 2450 1154 tum
2475 1102 2527 1155 in
2558 1101 3078 1165 consultationibus,
3106 1112 3220 1156 tum
3246 1103 3298 1156 in
3322 1106 3635 1158 exsecutio-

2053 1190 2216 1245 nibus
2248 1190 2485 1253 bellicis,
2518 1192 2611 1247 sed
2648 1201 2778 1247 tunc
2811 1194 2955 1262 quod
2980 1193 3276 1262 jubebatur
3310 1195 3636 1251 invitissime

2052 1280 2258 1350 agenti.
2292 1280 2570 1337 Suadebat
2602 1284 2868 1350 siquidem
2898 1284 3157 1340 omnibus
3188 1286 3364 1341 modis
3402 1287 3639 1357 impera-

2053 1372 2157 1425 tori
2186 1373 2492 1428 contineret
2512 1374 2677 1428 simul
2706 1374 2847 1429 intra
2871 1375 3100 1429 limitem
3136 1378 3422 1433 universas
3449 1394 3635 1433 secum

2054 1464 2259 1532 copias.
2296 1464 2427 1530 Quae
2458 1466 2602 1519 enim
2640 1466 2847 1520 sineret
2881 1467 3021 1520 ratio
3051 1467 3105 1520 in
3144 1477 3290 1523 tanta
3324 1480 3634 1523 castrorum

2052 1554 2335 1610 hostilium
2367 1556 2564 1611 vicinia
2591 1559 2888 1613 exercitum
2921 1559 3082 1629 longe
3110 1560 3368 1615 mittere?
3390 1560 3494 1616 Sed
3520 1562 3637 1616 haec

2052 1662 2197 1717 saepe
2236 1648 2442 1703 frustra
2485 1660 2772 1705 causatum
2817 1666 3043 1707 necesse
3081 1654 3147 1707 ad
3183 1662 3487 1707 extremum
3532 1653 3638 1707 fuit

2054 1739 2304 1809 obsequi,
2345 1750 2553 1796 etcum
2593 1742 2697 1795 sibi
2736 1744 3032 1799 commissa
3075 1746 3352 1800 exercitus
3394 1754 3547 1815 parte
3580 1745 3637 1799 in

368 1837 621 1905 φρουρὰν
658 1833 781 1903 ἐχον
832 1831 1163 1903 ἀποχρῶσαν
1217 1831 1431 1886 ἔνδοθεν
1482 1831 1764 1903 Τούρκων.
1811 1831 1950 1884 Ἀλλ’

2063 1833 2249 1888 [Ibiest
2293 1833 2535 1887 tendere.
2576 1832 2768 1887 Cltleat
2811 1835 3005 1890 civitas
3039 1845 3123 1891 est
3159 1810 3410 1906 subjecta
3443 1835 3639 1891 Turcis

366 1926 525 1980 οὔπω
570 1924 761 1996 τρίτης
792 1924 1107 1994 διελθούσης
1160 1924 1373 1995 ἡμέρας
1437 1926 1553 1988 τοῖς
1603 1924 1700 1977 ἐπὶ
1757 1923 1953 1995 χόρτου

370 2018 642 2087 συλλογὴν
687 2015 924 2081 ἐξιοῦσιν
990 2015 1327 2069 ἐπιτίθενται
1359 2015 1596 2087 Τοῦρκοι
1652 2015 1749 2069 καί
1800 2032 1955 2080 τινας

372 2110 475 2181 μὲν
508 2107 851 2179 ἀναιροῦσιν,
878 2107 1053 2170 ἐνίους
1080 2107 1135 2160 δὲ
1160 2107 1254 2159 καὶ
1273 2106 1565 2176 ζωγροῦσι.
1584 2106 1690 2160 Τοῦ
1715 2106 1955 2177 ξυμϐάν-

368 2218 463 2265 τος
495 2200 629 2269 γοῦν
662 2198 1098 2268 ἀπαγγελθέντος
1127 2199 1205 2269 τῷ
1233 2199 1446 2269 βασιλεῖ
1471 2199 1636 2262 εὐθὺς
1658 2200 1686 2252 ὁ
1715 2199 1955 2255 Βασιλά-

369 2310 478 2364 κης
515 2291 881 2361 μετεκέκλητο
912 2292 1006 2344 καὶ
1034 2290 1293 2361 περὶτῶν
1322 2290 1586 2362 Τούρκων
1640 2290 1955 2362 ἐπολυπρα-

369 2387 652 2455 γμονεῖτο,
679 2383 826 2446 τίνες
867 2399 928 2436 τε
956 2377 1066 2436 εἷεν
1102 2383 1153 2436 οἱ
1196 2382 1295 2445 τὰς
1323 2382 1604 2446 ἐπιθέσεις
1640 2381 1957 2453 ποιούμενοι

371 2476 471 2531 καὶ
502 2476 625 2528 ὅθεν
656 2475 757 2545 γῆς
786 2476 1035 2545 ἥκοντες,
1083 2471 1142 2526 '0
1196 2473 1254 2526 δὲ
1279 2474 1345 2544 τῇ
1380 2473 1606 2544 συνήθει
1653 2459 1956 2544 θρασύτήτι

373 2569 471 2621 xui.
510 2567 669 2619 πάλιν
700 2565 1045 2637 χρησάμενος
1071 2563 1201 2627 τοὺς
1244 2564 1309 2617 ἐκ
1338 2563 1434 2616 τοῦ
1476 2562 1655 2616 Χλέατ
1688 2563 1844 2635 ἥκειν
1871 2562 1958 2630 ἐφ’

374 2661 607 2734 ἁρπαᾏῇ
643 2658 968 2712 διενίστατο.
1008 2655 1240 2709 Ἕλαθεν
1282 2650 1377 2709 οῦν
1408 2653 1554 2708 οὓτω
1586 2655 1679 2708 τὸν
1733 2654 1958 2725 βασιλέα

372 2758 410 2826 ἠ
440 2753 537 2808 τοῦ
570 2751 859 2807 σουλτάνου
892 2747 1080 2817 ἔφοδος
1115 2747 1177 2800 οὐ
1211 2748 1434 2818 μακράν
1462 2746 1556 2799 τοῦ
1588 2746 1959 2817 στρατοπέδου

370 2847 529 2908 ὄντος
563 2846 657 2897 καὶ
701 2845 771 2895 τά
802 2840 895 2895 τοῦ
929 2840 1176 2910 πολέμου
1208 2835 1268 2891 εὖ
1312 2827 1960 2908 διατιθεμένουίᾘουλό-

375 2956 542 3010 μενος
558 2937 666 3006 γάρ
699 2935 790 2989 τὸν
819 2931 1049 3005 βασιλέα
1093 2933 1396 2999 ἐπαγαγεῖν
1425 2930 1506 2993 εἰς
1539 2930 1610 2982 τά
1645 2928 1959 2999 ἔμπροσθεν

373 3033 471 3085 καὶ
507 3030 659 3092 ἐντὸς
681 3026 904 3099 ἀρκύων
938 3024 1294 3095 ποιήσασθαι,
1342 3021 1685 3092 προδρόμους
1723 3020 1960 3091 ἐξέπεμ-

371 3122 569 3189 πεν,οῖ
602 3121 931 3192 προέτρεχόν
962 3134 1021 3172 τε
1050 3118 1161 3180 τοῖς
1192 3116 1380 3178 ἵπποις
1404 3114 1530 3186 περὶ
1551 3115 1643 3167 τὸν
1666 3114 1774 3167 τῶν
1821 3113 1959 3167 Ῥω·
1989 3158 2034 3219 c

374 3218 562 3287 μαίων
595 3217 830 3285 χάρακα,
852 3213 945 3265 καὶ
968 3206 1123 3273 αὖθις
1150 3208 1587 3263 άνθυπενόστουν
1608 3206 1799 3276 ὥσπερ
1829 3207 1959 3277 δρα-

374 3308 520 3379 σμὸν
568 3304 905 3375 ποιούμενοι.
970 3303 1081 3357 Καὶ
1149 3300 1308 3354 τοῦτο
1361 3299 1628 3361 πολλάκις
1679 3297 1963 3359 ποιοῦντες

370 3400 557 3458 ἐνίους
606 3397 712 3450 τῶν
745 3393 1070 3466 στρατηγῶν
1103 3392 1550 3461 συνηρπάκασιν,
1582 3384 1656 3445 ὧν
1684 3391 1712 3442 ό
1748 3389 1961 3460 πρῶτος

369 3493 403 3544 ὁ
437 3487 749 3557 Βασιλάκης
784 3482 873 3557 ἧν.
893 3483 1147 3537 Σπεύδων
1160 3487 1268 3553 γὰρ
1289 3476 1442 3543 οὗτος
1464 3480 1555 3533 τὸν
1579 3478 1801 3547 βασιλέα
1828 3480 1965 3548 πλη-

376 3580 692 3652 ροφορῆσαι
726 3578 799 3641 ὡς
842 3578 943 3630 οὐκ
982 3578 1048 3629 ἐκ
1101 3575 1193 3628 τοῦ
1232 3572 1503 3645 Περσικοῦ
1549 3572 1965 3641 στρατεύματος

372 3668 488 3726 εἷεν
520 3672 569 3722 οἱ
601 3670 701 3731 τὰς
734 3667 1009 3739 ἐκδρομὰς
1041 3666 1381 3736 ποιούμενοι,
1412 3664 1525 3717 ἀλλ’
1577 3666 1643 3717 ἐκ
1672 3664 1781 3717 τῶν
1829 3665 1966 3716 ἐνοι-

373 3763 623 3817 κούντων
654 3760 731 3831 τῷ
755 3762 959 3823 Χλέατ,
991 3758 1109 3831 ᾔτει
1138 3756 1569 3828 συγχωρηθῆναι
1593 3758 1643 3810 οἱ
1668 3756 1761 3809 τοῦ
1793 3756 1965 3827 χάρα-

373 3873 477 3922 κος
524 3854 784 3921 ἐξελθεῖν,
829 3856 926 3906 καὶ
974 3853 1065 3905 τὸν
1128 3851 1403 3922 ἀκινάκην
1459 3849 1811 3920 σπασάμενος
1872 3849 1969 3903 καὶ

378 3951 681 4019 μυωπίσας
719 3944 809 3998 τὸν
844 3945 1009 3999 ἵππον
1041 3945 1392 4005 ἀσυντάκτως
1435 3941 1633 4013 ἐχώρει
1685 3942 1828 3995 κατὰ
1856 3941 1968 3995 τῶν

378 4039 686 4109 πολεμίων.
707 4038 815 4090 Ka‘t
845 4038 895 4090 οἱ
944 4036 1072 4105 περὶ
1104 4036 1265 4090 αὑτὸν
1295 4034 1511 4087 εἵποντο
1548 4035 1610 4087 οὐ
1645 4034 1787 4087 κατὰ
1814 4034 1969 4100 τάξιν

376 4128 499 4182 ἀλλ’
522 4128 711 4199 ὥσπερ
738 4127 926 4197 ἐτυχεν
957 4125 1208 4188 ἕκαστος.
1241 4124 1459 4195 ’Δμέλει
1487 4113 1581 4178 καὶ
1610 4124 1709 4194 τὴν
1737 4125 1970 4179 ἄτακτον

374 4219 591 4274 τούτων
637 4218 808 4288 φορὰν
854 4219 905 4270 oi
957 4217 1213 4288 πολέμιοι
1254 4216 1583 4285 θεασάμενοι
1637 4218 1972 4287 προσεποιή-

379 4330 554 4367 σαντο
592 4314 835 4383 φεύγειν.
876 4314 1030 4366 Ἐπεὶ
1082 4313 1141 4365 δὲ
1180 4313 1371 4384 πόρῤω
1420 4310 1515 4365 τοῦ
1554 4311 1798 4382 χάρακος
1830 4307 1971 4366 εἶδον

378 4408 588 4469 αὐτοὺς
633 4405 1017 4472 ἐξελάσαντας,
1042 4406 1167 4469 τοὺς
1219 4405 1475 4475 χαλινοὺς
1529 4404 1971 4476 ὑποστρέψαντες

2055 1925 2312 1995 praesidio
2334 1938 2525 1978 eorum
2557 1925 2755 1979 idoneo
2785 1926 3016 1981 insessa.
3043 1927 3294 1983 Nondum
3322 1932 3479 1983 tertia
3509 1929 3639 1983 hinc

2055 2015 2171 2071 dies
2192 2014 2493 2079 elliuxerat,
2517 2031 2641 2069 cum
2670 2016 2722 2069 in
2750 2026 2970 2072 nostros
2996 2020 3345 2087 pabulatores
3372 2019 3640 2073 irruentes

2057 2106 2222 2163 Turci
2259 2108 2530 2178 quosdam
2568 2109 2804 2173 caedunt,
2842 2110 2981 2164 alios
3014 2113 3257 2179 capiunt.
3288 2110 3547 2164 Nuntiata
3585 2126 3642 2164 rc

2056 2199 2400 2270 imperatori,
2423 2210 2648 2254 vocatur
2670 2201 2947 2269 extemplo
2969 2200 3292 2264 Basilacius,
3314 2203 3405 2272 qui
3425 2204 3643 2257 curiose

2056 2292 2356 2362 inquisitus
2390 2292 2457 2345 de
2497 2290 2717 2355 Turcis,
2755 2292 2849 2360 qui
2884 2302 3068 2348 essent
3102 2295 3356 2363 undeque
3387 2310 3642 2366 erumpe-

2058 2394 2182 2438 rent
2216 2384 2268 2435 in
2306 2383 2441 2437 istas
2470 2383 2834 2447 incursiones,
2862 2384 3027 2438 solita
3058 2386 3385 2440 conﬁdentia
3416 2401 3644 2456 respuu-

2056 2476 2158 2538 dit,
2201 2475 2506 2544 proximum
2548 2491 2737 2533 eorum
2780 2474 2892 2546 38
2926 2477 3241 2546 prtesidium
3286 2493 3408 2532 esse
3455 2482 3641 2533 urbem

2058 2567 2270 2633 Cbleat,
2300 2568 2425 2622 inde
2455 2569 2555 2622 hos
2584 2569 2703 2622 sine
2733 2570 2902 2623 dubio
2930 2570 3165 2634 venisse,
3196 2572 3288 2640 qui
3320 2582 3523 2627 nostris
3550 2587 3645 2625 oc-

2059 2662 2383 2714 currissent.
2415 2660 2651 2733 Adeorin
2686 2659 2957 2730 profunda
2991 2670 3044 2714 et
3077 2662 3272 2731 supina
3304 2662 3646 2731 ignoratiore

2060 2752 2341 2807 desidebat
2392 2752 2689 2822 imperator
2732 2752 2947 2806 viciniae
2993 2753 3216 2817 sultani,
3263 2754 3421 2821 cujus
3466 2764 3645 2808 castra

2061 2844 2237 2912 copiis
2270 2844 2442 2914 ipsius
2471 2844 2728 2898 omnibus
2758 2845 2934 2912 plena,
2969 2846 3284 2912 eptimcqne
3314 2845 3381 2897 ad
3413 2860 3526 2898 rem
3554 2860 3647 2911 ge-

2065 2940 2289 2992 rendam
2341 2944 2529 3006 parata
2572 2937 2624 2990 in
2678 2936 2928 3004 proximo
2965 2946 3141 2989 erant.
3185 2937 3320 2990 Cum
3369 2946 3550 2991 autem
3601 2938 3649 2990 is

2065 3037 2288 3099 cuperet
2342 3030 2503 3098 paulo
2559 3028 2738 3082 adhuc
2792 3028 3021 3082 ulterius
3068 3029 3450 3097 imperatorem
3504 3030 3648 3083 intra

2065 3134 2194 3174 suas
2231 3119 2454 3173 insidias
2488 3119 2720 3183 elicere,
2762 3131 2959 3187 parvas
3016 3118 3325 3172 missitabat
3359 3132 3649 3171 cursurum

2067 3225 2282 3275 manus,
2316 3211 2408 3279 qui
2442 3218 2765 3278 apparentes
2798 3207 2945 3261 circa
2978 3205 3223 3260 Romana
3256 3212 3435 3260 castra
3467 3206 3649 3259 statim
3688 3244 3697 3249 -

2065 3301 2355 3372 fugerent,
2396 3304 2541 3370 quod
2581 3316 2724 3370 saepe
2762 3300 3090 3353 facientibus
3126 3299 3398 3353 instantes
3436 3298 3486 3349 in
3522 3296 3648 3366 fuga

2066 3396 2298 3451 Romani
2331 3395 2553 3466 quidam
2588 3396 2756 3449 duces
2797 3393 2938 3463 capti
2979 3401 3140 3456 sunt,
3174 3407 3405 3460 quntum
3440 3391 3652 3459 primus

2069 3491 2171 3546 fuit
2206 3490 2499 3545 Basilaces.
2535 3486 2738 3541 Facere
2769 3487 2914 3540 enim
2952 3486 3166 3555 plenam
3202 3484 3363 3537 Iidem
3399 3483 3445 3536 is
3479 3484 3652 3551 impe-

2069 3582 2239 3637 ratori
2271 3582 2499 3635 studens
2525 3580 2653 3632 dicti
2694 3577 2801 3642 sui,
2833 3592 2943 3646 quo
2973 3577 3336 3629 aliirmaverat
3367 3575 3654 3628 excursio-

2070 3692 2168 3730 nes
2204 3675 2337 3729 istas
2368 3672 2671 3728 Turcm-um
2713 3688 2822 3725 non
2866 3686 2895 3723 a
2934 3671 3138 3725 sultani
3177 3668 3409 3732 castris,
3444 3669 3537 3721 sed
3582 3671 3651 3721 ab

2068 3767 2205 3822 urbe
2251 3766 2443 3819 Citleat
2481 3778 2623 3824 esse,
2673 3760 2825 3831 petiit
2868 3760 3104 3830 permitti
3154 3757 3255 3811 sibi
3294 3770 3577 3827 egressum
3623 3772 3653 3809 c

2070 3858 2303 3921 castris,
2358 3856 2659 3923 strictoque
2719 3854 2976 3915 acinace,
3034 3860 3087 3904 et
3145 3850 3453 3905 calcaribus
3511 3864 3654 3917 equo

2072 3951 2306 4013 adactis,
2344 3949 2466 4004 sine
2492 3947 2604 4001 ullo
2631 3945 2824 4001 ordine
2859 3945 2913 3997 in
2947 3944 3133 3998 hostes
3167 3943 3360 4007 currit,
3388 3942 3504 3996 suis
3534 3941 3653 4011 pari

2072 4042 2400 4099 confusione
2437 4038 2816 4109 sequentibus.
2858 4035 3021 4091 Turci
3062 4039 3163 4090 hac
3205 4037 3494 4090 observata
3526 4034 3651 4089 dili-

2072 4135 2279 4208 gentia,
2308 4146 2621 4203 quanquam
2653 4130 2907 4199 sperandi
2931 4145 3153 4183 causam
3188 4128 3340 4183 oti'eri
3377 4128 3654 4191 videbant,

2073 4244 2181 4283 non
2219 4224 2469 4287 timendi,
2500 4233 2679 4278 tamen
2709 4236 2913 4292 pavore
2943 4222 3202 4275 simulato
3237 4220 3377 4291 fuga:
3407 4234 3465 4274 se
3495 4219 3659 4272 dede-

2071 4326 2219 4372 runt.
2265 4314 2363 4368 Ubi
2402 4322 2584 4368 autem
2628 4313 2785 4381 longe
2818 4312 2930 4381 jam
2978 4326 3008 4365 a
3054 4310 3251 4365 castris
3292 4308 3407 4365 suis
3454 4309 3659 4365 distare

2072 4409 2320 4480 palantes
2353 4404 2631 4460 Romanos
2662 4404 2997 4467 intellexere,
3031 4402 3200 4456 versis
3234 4401 3461 4471 impigre
3495 4400 3659 4455 baLe-

384 4500 486 4550 καὶ
540 4496 1017 4560 διεσκεδασμένοις
1086 4497 1271 4557 αὐτοῖς
1336 4491 1743 4564 προσϐαλόντες
1804 4490 1962 4546 νικῶ-

2075 4497 2163 4551 nis
2209 4496 2263 4550 in
2314 4509 2410 4549 eos
2462 4494 2728 4563 equitant,
2773 4492 3042 4561 facileque
3088 4492 3366 4560 diSpersos
3411 4491 3656 4545 vincunt.

386 4605 478 4640 σιν
534 4588 733 4651 αὐτοὺς
786 4589 926 4639 κατὰ
990 4586 1212 4655 κράτος.
1246 4585 1357 4639 Καὶ
1406 4584 1668 4637 πίπτουσι
1706 4582 1815 4653 μὲν,
1845 4580 1976 4635 πολ-

381 4681 468 4733 λοὶ
510 4679 618 4732 τῶν
680 4678 1051 4749 στρατιωτῶν,
1079 4678 1155 4740 ὡς
1206 4675 1409 4747 μικροῦ
1455 4675 1567 4729 δεῖν
1626 4674 1754 4745 μηδ’
1807 4673 1975 4742 ἄγγε-

382 4773 505 4837 λσν,
530 4770 559 4823 ὃ
574 4770 637 4841 δὴ
655 4771 896 4841 λέγεται,
918 4769 1248 4841 διασωθῆναι
1273 4770 1369 4841 τῆς
1398 4770 1685 4840 συμφορᾶς
1708 4783 1723 4799 ο
1745 4767 1887 4822 ὲάλω
1914 4767 1971 4821 δὲ

381 4866 483 4919 καὶ
504 4867 531 4917 ὁ
558 4864 888 4935 Βασιλάκης.

463 4963 546 5010 ιε’.
595 4956 748 5010 Ἐπεὶ
772 4956 817 5009 δ’
838 4954 1136 5026 ἀπηγγέλη
1163 4952 1240 5024 τῷ
1272 4952 1487 5024 βασιλεῖ
1500 4951 1575 5016 ὡς
1607 4952 1636 5005 ὁ
1663 4949 1975 5019 Βασιλάκης

387 5047 752 5111 ἀσυντάκτως
781 5048 877 5101 τοῦ
911 5049 1157 5117 χάρακος
1203 5043 1439 5110 ἐξελθὼν
1476 5043 1619 5096 κατά
1657 5040 1768 5095 τῶν
1810 5041 1975 5093 πολε-

387 5142 537 5214 μίων
564 5140 797 5207 ἐλαίνει,
836 5140 928 5192 τὸν
959 5136 1128 5191 δοῦκα
1151 5137 1332 5207 πάσης
1354 5135 1573 5198 Δύσεως
1597 5132 1977 5206 μετακαλεσά-

387 5250 557 5307 μενος
580 5233 670 5286 τδν
692 5234 730 5284 Β
740 5235 990 5304 ρυέννιον
1013 5230 1108 5283 τοῦ
1140 5230 1432 5301 ᾴριστεροῦ
1451 5227 1757 5299 τηνικαῦτα
1774 5223 1974 5294 κατάρα

384 5344 558 5399 χοντα
574 5327 823 5398 κέρατος,
848 5324 1128 5396 ἐκπέμπει
1148 5322 1337 5377 τοῦτον
1360 5321 1497 5392 μετὰ
1516 5321 1619 5391 τῆς
1647 5320 1857 5381 οἰκείας
1880 5317 1973 5370 δυ·-

386 5418 609 5491 νάμως
627 5418 849 5472 ἀπιέναι
880 5416 983 5488 τὴν
1008 5413 1272 5485 ταχίστην
1293 5410 1580 5476 κελεύσας,
1605 5410 1681 5475 ὠς
1702 5410 1757 5463 εἴ
1782 5427 1834 5464 τι
1869 5408 1976 5462 δει-

2077 4587 2374 4644 (Ξωιιυιιιυι-
2405 4587 2560 4641 multi
2594 4586 2827 4639 militum
2854 4624 2869 4650 ,
2903 4584 3038 4638 adeo
3060 4621 3075 4646 ,
3111 4590 3169 4637 ut
3197 4582 3342 4652 quod
3368 4581 3561 4646 aiunt,
3592 4596 3661 4636 ne

2078 4681 2305 4735 nuntius
2350 4678 2570 4751 quidem
2621 4687 2934 4750 superesset
2975 4678 3165 4732 cladis.
3210 4674 3487 4731 Basilaces
3535 4689 3662 4730 vero

2079 4782 2274 4843 captus
2296 4781 2403 4828 est.

2154 4952 2245 5008 15.
2273 4952 2442 5022 Cujus
2470 4951 2869 5021 incompositus
2898 4964 3151 5019 egressus
3182 4948 3347 5004 simul
3378 4949 3662 5004 nuntiatus

2081 5043 2401 5111 imperatori
2474 5043 2687 5108 fuerat,
2754 5052 2952 5098 vocato
3023 5042 3069 5096 is
3142 5042 3283 5096 duce
3350 5040 3664 5097 Occidentis

2080 5134 2353 5206 Bryennio
2391 5136 2524 5188 laevo
2563 5144 2676 5189 tum
2718 5150 2891 5190 cornu
2927 5133 3183 5204 praefecto
3222 5135 3442 5205 prodire
3474 5134 3660 5189 statim

2081 5223 2191 5295 39
2227 5240 2351 5277 cum
2384 5224 2541 5294 jubet
2571 5240 2694 5279 cum
2725 5224 2925 5295 copiis,
2958 5241 3081 5296 quae
3113 5226 3214 5295 ipsi
3248 5226 3544 5290 suberant;
3582 5222 3667 5278 vel

2085 5318 2382 5382 Basilacio,
2416 5316 2461 5370 si
2492 5332 2630 5385 opus
2668 5315 2839 5379 foret,
2876 5332 3266 5373 succursurum
3288 5354 3306 5382 ,
3346 5315 3429 5370 vel
3458 5312 3664 5383 alioqui

2082 5412 2438 5465 excursiones
2512 5410 2856 5479 importunus
2908 5411 3150 5465 ulturum
3200 5420 3666 5479 repressurumve.

1434 5571 1639 5634 Caroli
1683 5574 1784 5636 Du
1818 5573 2062 5634 Fresno
2096 5572 2197 5632 Du
2233 5570 2446 5647 Gange
2480 5578 2670 5633 notae.

385 5736 742 5815 31.762363,
783 5734 918 5800 771,
965 5728 1091 5792 793.
1127 5725 1253 5795 820,
1285 5724 1533 5785 Zonaras
1579 5724 1824 5798 p.2l8,
1894 5725 2023 5792 219,
2065 5722 2298 5815 Albitius
2381 5723 2449 5779 de
2539 5720 2695 5778 libris
2766 5719 2963 5777 eccles.
3036 5717 3214 5777 Graec.
3289 5716 3513 5775 dissert.
3579 5712 3661 5790 ll,

385 5802 444 5878 p.
476 5802 595 5875 169,
622 5818 731 5864 etc.
