4154 6474
505 361 574 426 67
1724 351 2148 415 NICEPHORI
2188 351 2491 412 BRYENN
2504 352 2560 412 ΙΙ
3715 356 3780 420 cf.

505 466 629 526 Jam
680 468 826 524 enim
883 481 1108 522 sensum
1161 465 1398 536 aliquem
1453 465 1577 520 mali
1626 479 1688 519 ac
1737 466 1965 536 periculi
2011 465 2096 518 sui

2207 466 2294 519 νδν
2329 466 2667 537 ἐπισυμδαεη
2697 465 2776 536 τῷ
2822 466 3101 540 Βασιλάκῃ
3121 465 3471 537 ἐπαμύνηται
3492 467 3668 539 τούτῳ
3691 471 3786 523 καὶ

508 561 800 630 concipere
828 559 1120 628 imperator
1150 567 1408 627 cmpcrat.
1442 555 1588 612 Fecit
1617 555 1919 627 Brycnuins
1944 557 2090 625 quod

505 654 822 724 jubebatur,
859 652 1224 719 cohortesque
1261 649 1405 703 vallo
1440 650 1685 704 educens
1716 648 2094 716 aliquantum-

509 762 618 817 que
650 744 1039 816 progrediens,
1084 746 1360 798 nemiuem
1400 750 1494 795 aut
1533 740 1838 794 amicorum
1876 747 1970 792 aut
1998 739 2095 792 ho-

511 839 676 893 stium
710 851 804 905 per
834 849 1091 903 campum
1125 833 1261 887 vidit
1295 850 1309 886 :
1345 843 1626 887 exstantes
1659 831 1849 901 procul
1882 839 2092 883 tantum

507 947 538 984 e
566 929 891 998 quibusdam
915 927 1140 982 tumulis
1161 925 1371 980 Turcos
1393 925 1580 995 procul
1610 923 1896 993 conspicit.
1926 921 2096 976 Paulo

513 1038 639 1076 vero
667 1021 900 1075 ulterius
927 1034 1252 1090 progressus
1281 1019 1546 1072 cadavera
1577 1033 1841 1072 caesorum
1871 1018 2096 1087 reperit.

512 1115 762 1184 Cumque
805 1123 953 1168 esset
999 1113 1198 1167 anxius
1245 1112 1375 1182 quid
1429 1109 1698 1165 Basilacio
1755 1110 2095 1179 contigisset,

511 1208 653 1262 forte
685 1209 738 1260 in
771 1207 951 1261 adhuc
985 1207 1280 1275 spirantem
1313 1205 1562 1259 incidens
1596 1204 1848 1267 militem,
1884 1204 1975 1258 ubi
2010 1219 2096 1258 es-

513 1309 598 1354 set
657 1300 978 1362 Basilacius,
1024 1307 1077 1351 et
1132 1311 1253 1365 quae
1306 1305 1451 1350 esset
1503 1297 1616 1350 haec
1669 1307 1877 1366 strages
1932 1311 2095 1365 quam

517 1403 763 1446 cerneret
804 1393 870 1446 ab
913 1408 979 1446 eo
1022 1393 1234 1455 doctus,
1282 1390 1442 1444 rediit
1494 1393 1743 1456 Augusto
1789 1395 2095 1444 nuntiatum

519 1493 735 1538 Cuncta.
768 1484 834 1536 At
869 1482 1029 1535 Tui-ci
1060 1483 1265 1536 circum
1299 1481 1666 1534 accurrebant
1701 1481 1963 1547 undique,
1995 1482 2099 1534 cir-

518 1578 780 1643 cuircque
814 1576 1136 1644 phalangem
1170 1575 1549 1638 conabantur,
1587 1574 1638 1626 id
1676 1575 1822 1642 quod
1854 1575 2098 1628 sentiens

515 1671 621 1725 dux
665 1670 987 1724 adhortatus
1029 1668 1234 1721 milites
1271 1666 1483 1720 fortiter
1516 1682 1708 1737 agere,
1744 1682 1920 1737 neque
1951 1681 2100 1720 com-

514 1764 752 1824 mittere,
783 1771 840 1814 ut
861 1778 890 1814 a
919 1760 1162 1814 Romana
1189 1760 1738 1828 virtute;degvuerarc
1761 1759 2094 1822 viderentur,

516 1871 672 1910 versa
715 1854 1004 1922 phalangis
1039 1851 1219 1905 fronte
1257 1853 1310 1904 in
1349 1859 1534 1904 castra
1577 1851 1846 1905 instructo
1881 1851 2099 1920 agmine

514 1947 643 2000 ferri
671 1946 834 2014 cmpit
861 1953 1010 1998 certo
1032 1943 1225 2013 gradu,
1253 1943 1400 1995 nulla
1420 1943 1626 1996 circum
1651 1944 2100 1998 tumultuantium

517 2038 699 2091 habita
751 2035 1053 2088 Turcorum
1102 2035 1331 2088 ratione.
1387 2032 1453 2087 Ut
1496 2040 1678 2086 autem
1725 2033 1792 2087 ad
1845 2035 2100 2088 viciniam

515 2129 821 2198 proximam
869 2136 1174 2180 castrorum
1219 2136 1512 2193 provectus
1553 2133 1657 2190 cst,
1703 2125 2006 2181 subsistere
2047 2126 2100 2180 iti

515 2223 638 2275 loco
665 2222 820 2289 jussa
852 2218 1139 2289 phalangis
1167 2228 1345 2288 parte,
1380 2218 1494 2288 ipse
1524 2219 1706 2274 subito
1735 2235 1859 2274 eum
1892 2219 2102 2274 caeteris

516 2314 571 2368 in
605 2322 901 2382 sequentes
926 2313 1138 2365 irruens
1167 2311 1324 2364 facile
1347 2311 1469 2364 illos
1497 2312 1678 2365 vertit.
1710 2309 1778 2366 Ut
1803 2325 1932 2366 vero
1957 2314 2104 2367 coire

517 2407 732 2462 Turcos
779 2407 1015 2476 reliquus
1060 2407 1427 2475 festinareque
1466 2407 1520 2459 in
1564 2420 1791 2460 suorum
1833 2406 2101 2461 auxilium

521 2501 761 2554 maxime
808 2512 1037 2552 numero
1085 2498 1240 2564 vidit,
1286 2500 1584 2569 resumptis
1639 2502 1754 2555 suis
1822 2501 2099 2564 omnibus,

517 2591 837 2660 phalangem
893 2590 1201 2659 repetebat;
1252 2590 1471 2660 quando
1519 2591 1585 2644 ab
1627 2591 1953 2646 instantibus
1995 2591 2105 2663 40

524 2679 736 2736 Turcis
767 2683 1192 2744 circumventus,
1215 2683 1414 2737 vulnus
1447 2683 1497 2736 in
1532 2691 1750 2752 pectore
1772 2684 1981 2753 accepit
2013 2687 2104 2738 ha-

518 2784 616 2828 sta:
652 2773 910 2842 cuspide,
947 2774 1000 2827 in
1033 2787 1222 2828 aversa
1261 2789 1479 2843 quoque
1512 2787 1664 2844 parte
1700 2777 1948 2842 corporis
1980 2776 2104 2830 telis

519 2865 666 2918 intus
689 2864 925 2918 duobus.
955 2864 1044 2917 Sic
1072 2864 1295 2919 heroico
1323 2865 1624 2919 certamine
1651 2865 1943 2919 defunctus
1967 2866 2102 2934 pha-

519 2957 663 3026 langi
708 2973 765 3012 se
805 2972 1046 3027 suosque
1084 2959 1270 3012 salvos
1313 2956 1593 3026 adjutmt,
1638 2973 1876 3029 cumque
1916 2959 2003 3012 illa
2042 2961 2096 3013 in

517 3065 698 3103 castra
719 3064 969 3105 reversus
991 3049 1126 3102 nihil
1153 3048 1300 3117 prius
1329 3047 1541 3112 habuit,
1566 3065 1730 3118 quant
1757 3050 1907 3103 adire
1935 3049 2103 3119 impe-

2207 557 2304 627 τῆς
2359 558 2636 629 ἐκτροπῆς
2691 559 3078 629 ἐπαμύνηται·
3112 559 3215 629 ἤδη
3270 559 3380 630 γὰρ
3427 561 3488 612 ἐν
3535 560 3787 633 αἰσθήσει

2203 649 2459 716 γενέσθαι
2499 650 2708 718 ῆρξατο
2731 650 2828 704 τοῦ
2879 651 3072 704 κακοῦ.
3122 651 3180 704 Ὁ
3215 651 3314 721 μὲν
3341 649 3437 706 οὖν
3478 653 3646 725 ἀπῄει
3691 660 3784 710 καὶ

2201 741 2302 804 τὰς
2354 742 2616 811 δυνάμεις
2664 743 2828 812 ἐξῆγε
2893 745 2989 797 τοῦ
3047 746 3289 814 χάρακος
3353 747 3530 813 ἐξιών.
3582 750 3786 803 Οὐδένα

2203 835 2297 888 οὖν
2333 833 2481 905 ἐώρα
2521 838 2693 904 φίλων
2731 839 2764 907 ἢ
2800 837 3076 908 πολεμίων
3099 840 3344 893 σπεύδων
3379 842 3469 893 ἐπὶ
3497 842 3564 894 τὰ
3595 843 3784 914 πρόσω

2205 928 2663 998 παραχωροῦντα,
2689 927 2896 998 ἤρξατο
2924 929 2980 982 δὲ
3004 931 3138 1001 όρᾷν
3169 935 3185 953 ⁶
3219 949 3284 983 πε
3296 933 3348 1001 ρὶ
3386 933 3657 1004 γηλόφους
3686 952 3786 988 πο-

2205 1018 2426 1085 λεμίους
2459 1020 2878 1087 συνεστηκότας.
2919 1021 3101 1092 Βραχὺ
3133 1021 3189 1075 δὲ
3214 1023 3413 1092 προῖὼν
3445 1025 3542 1076 καὶ
3575 1027 3786 1096 νεκροῖς

2205 1111 2426 1181 ἐνέτυχε
2455 1109 2670 1180 σώμασι
2703 1111 2796 1164 καὶ
2831 1112 3028 1182 ἠπόρει
3052 1112 3104 1165 τι
3129 1115 3250 1166 ποτ’
3282 1115 3351 1167 ἂν
3405 1114 3434 1165 ό
3475 1115 3785 1186 Βασιλάκης

2204 1202 2450 1270 γέγονεν.
2493 1204 2762 1272 Ἐντυχὼν
2792 1203 2848 1256 δέ
2869 1205 3177 1276 στρατιώτῃ
3201 1205 3278 1258 ἔτι
3306 1206 3596 1276 ἐμπνέοντι
3623 1209 3788 1260 ἐπυν-

2205 1295 2398 1347 θάνετο
2432 1293 2532 1346 πού
2586 1295 2706 1346 ποτ’
2736 1295 2801 1347 ἂν
2828 1295 2914 1365 εἴη
2944 1294 2973 1345 ό
3001 1296 3336 1365 Βασιλάκης,
3367 1299 3461 1351 καὶ
3482 1299 3534 1352 τί
3564 1301 3622 1352 τδ
3657 1303 3787 1373 περὶ

2205 1387 2402 1447 αὐτοὺς
2452 1384 2748 1454 ὁρώμενον.
2791 1385 2852 1436 ὐ
2885 1385 2981 1454 μὲν
3020 1386 3330 1454 ἀπήγγελλε
3376 1391 3691 1458 σύμπαντα·
3735 1391 3787 1443 οἱ

2207 1475 2446 1544 Τοῦρκοι
2493 1476 2548 1528 δέ
2611 1477 2954 1545 πανταχόθεν
2984 1476 3067 1549 [Ρ.
3108 1478 3201 1548 2θῖ
3263 1480 3516 1534 συνέθεον
3559 1485 3654 1535 καὶ
3691 1501 3790 1536 κυ-

2206 1565 2367 1617 κῦοῦν
2407 1566 2708 1633 ἐπειρῶντο
2737 1569 2838 1636 τὴν
2879 1567 3154 1636 φάλαγγα.
3198 1571 3533 1640 Αῐσθόμενος
3559 1573 3719 1626 τοῦτο
3757 1577 3786 1627 ὁ

2205 1657 2331 1723 δοὺξ
2386 1658 2687 1726 παρεκάλει
2741 1661 2869 1722 τοὺς
2918 1660 3267 1730 στρατιώτας
3309 1663 3512 1734 ἄνδρας
3548 1667 3789 1734 ἀγαθοὺς

2205 1749 2458 1818 ὀφθῆναι.
2492 1751 2587 1802 καὶ
2640 1752 2807 1822 μηδὲν
2847 1769 2898 1804 τι
2930 1752 3128 1822 δρᾶσαι
3163 1754 3271 1807 τῶν
3310 1755 3520 1824 ἀγενῶν
3554 1759 3650 1810 καὶ
3687 1761 3790 1828 τῆς

2135 1814 2173 1870 Β
2217 1814 2530 1911 Ῥωμαῖκῆς
2571 1814 2791 1908 ἀνάξιον
2831 1814 3238 1914 γενναιότητος.
3274 1814 3519 1917 Στρέψας
3562 1843 3658 1901 οὖν

2207 1933 2466 2002 φάλαγγα
2526 1934 2601 1997 ὡς
2652 1936 2748 1987 ἐπὶ
2809 1935 2873 1989 τὸ
2932 1934 3296 2005 στρατόπεδον
3342 1939 3792 2010 συντεταγμένως

2205 2026 2426 2096 ἐχώρει,
2450 2029 2558 2081 τῶν
2587 2028 2854 2081 ἐπιόντων
2884 2030 3090 2098 μηδένα
3120 2029 3281 2098 λόγον
3318 2031 3658 2102 ποιούμενος.
3702 2032 3792 2098 Ὧς

2205 2119 2252 2172 δ’
2275 2118 2504 2188 ἔγγιστα
2533 2119 2627 2172 τοῦ
2649 2119 2892 2191 χάρακος
2919 2121 3132 2189 γέγονε,
3177 2122 3343 2192 μέρος
3375 2122 3660 2177 ἀναλαϐὼν
3689 2124 3792 2194 τῆς

2208 2212 2490 2280 φάλαγγος
2513 2212 2606 2266 καὶ
2628 2215 2752 2275 τοὺς
2770 2213 2961 2275 ἄλλους
2991 2215 3318 2283 προσμένειν
3338 2215 3624 2283 κελεύσας,
3648 2215 3788 2283 ἐξαί-

2206 2323 2345 2375 φνης
2385 2305 2530 2360 κατά
2573 2307 2680 2360 τῶν
2715 2307 2982 2360 ἐπιόντων
3018 2307 3258 2376 ἐπήλασε
3301 2308 3394 2362 καὶ
3430 2309 3629 2380 ῥᾳδίως
3660 2311 3786 2364 τού-

2204 2416 2330 2462 τους
2363 2399 2648 2469 ἐτρέψατο.
2687 2397 2843 2452 Ἐπεὶ
2869 2399 2925 2451 δὲ
2959 2401 3083 2463 τοὺς
3113 2399 3332 2464 λοιποὺς
3347 2401 3494 2472 ἐώρα
3534 2403 3788 2457 συνθέον-

2203 2509 2304 2553 τας
2335 2490 2679 2559 παμπληθεῖ,
2707 2490 2916 2551 πάντας
2971 2489 3256 2542 ἀναλαϐὼν
3287 2490 3595 2559 ὑπέστρενζε
3648 2491 3786 2561 πρὸς

2206 2586 2304 2656 τὴν
2356 2586 2634 2654 φάλαγγα.
2691 2582 3064 2652 Ἐπιθεμένων
3101 2582 3147 2634 δ’
3187 2583 3338 2653 αὐτῷ
3383 2584 3491 2636 τῶν
3525 2583 3786 2654 Τούρκων

2206 2677 2298 2729 καὶ
2351 2676 2778 2737 κυκλωσάντων,
2821 2675 3008 2744 δόρατι
3063 2673 3161 2744 μὲν
3220 2674 3436 2745 ἐτρώθη
3497 2675 3638 2730 κατά
3677 2678 3788 2727 τῶν

2209 2771 2467 2839 στέρνων,
2529 2768 2709 2838 βέλεσι
2746 2767 2802 2820 δὲ
2849 2766 2972 2820 δυσὶ
3035 2767 3175 2819 κατά
3230 2766 3338 2818 τῶν
3407 2766 3784 2836 μεταφρένων.

2217 2862 2501 2936 Ἱιρωῖκῶς
2530 2861 2575 2914 δ’
2607 2859 3020 2929 ἀγωνισάμενος
3061 2858 3196 2929 πρὸς
3236 2860 3334 2929 τὴν
3367 2859 3622 2927 φάλαγγα
3673 2858 3790 2910 διαο

2208 2960 2448 3010 σέσωστο
2488 2955 2585 3010 καὶ
2629 2955 2722 3019 ξὺν
2768 2955 2906 3024 αὐτῇ
2958 2953 3229 3007 κατέλαϐε
3286 2952 3346 3004 τὸ
3401 2951 3790 3023 στρατόπεδον.

2217 3048 2498 3102 Ἀπελοὼν
2533 3048 2590 3101 δὲ
2633 3047 2769 3116 πρὸς
2804 3045 3027 3116 βασιλέα
3059 3044 3152 3097 καὶ
3191 3045 3260 3098 τά
3285 3043 3568 3114 ξυμϐάντα
3597 3044 3792 3114 διηγη-

521 3151 780 3204 ratorem,
811 3141 898 3192 cui
928 3139 1163 3192 narratis
1205 3151 1326 3207 qua)
1355 3139 1700 3208 contigerant
1731 3139 1800 3192 ab
1827 3153 1891 3192 eo
1911 3137 2101 3207 jussus

2209 3143 2440 3213 σάμενος
2465 3139 2758 3210 ἐκελεύσθη
2801 3139 2934 3207 πρὸς
2963 3141 3030 3208 τῇ
3066 3140 3236 3210 σκηνῇ
3272 3137 3525 3207 γενέσθαι
3567 3139 3662 3190 καὶ
3695 3137 3792 3190 θε-

522 3241 606 3285 est
638 3231 691 3284 in
721 3230 1074 3284 tabernaculo
1106 3246 1206 3282 suo
1235 3230 1518 3299 quiescere
1540 3243 1604 3284 ac
1632 3230 1853 3283 vulnera
1884 3244 2100 3284 curare.

593 3321 680 3376 l6.
730 3320 885 3388 Quod
936 3310 1064 3376 tunc
1103 3324 1318 3392 quidem
1371 3324 1458 3377 ille
1508 3323 1653 3378 fecit.
1695 3323 1932 3381 Postera:
1977 3341 2105 3381 vero

521 3417 624 3470 diei
657 3425 778 3470 orto
809 3415 920 3485 jam
957 3416 1071 3470 sole
1108 3426 1329 3470 vocatus
1355 3417 1772 3487 abimpcratore
1802 3435 1908 3473 non
1941 3435 2100 3474 exeu-

521 3508 680 3571 savit,
727 3509 868 3577 quod
905 3510 1099 3563 merito
1140 3518 1373 3578 poterat,
1408 3509 1654 3564 dolorem
1685 3511 1974 3566 vulnerum
2009 3510 2105 3565 sed

523 3601 578 3654 in
602 3602 1041 3671 consiliOpraesto
1057 3601 1247 3668 adfuit,
1273 3601 1363 3656 tibi
1387 3602 1781 3657 deliberatione
1804 3604 2104 3673 proposita,

526 3695 971 3762 prodeundumne
1011 3695 1063 3747 in
1099 3694 1270 3748 aciem
1325 3703 1380 3749 et
1430 3696 1781 3765 pugnandum
1829 3703 1988 3760 teret,
2036 3710 2106 3748 an

525 3787 872 3841 continenda:
907 3786 1049 3840 intra
1093 3787 1294 3840 vallum
1334 3786 1545 3855 copiae?
1582 3784 1935 3856 Sapientibus
1976 3786 2104 3855 qui-

524 3877 648 3931 dem
684 3881 950 3947 optimum
983 3880 1126 3932 factu
1164 3876 1447 3932 videbatur
1477 3893 1697 3932 manere
1727 3880 1780 3932 iu
1814 3879 2015 3932 castris
2053 3883 2108 3931 et

525 3978 728 4023 temere
757 3971 1014 4024 dimissas
1045 3985 1234 4025 versus
1255 3970 1447 4025 Chleat
1473 3973 1659 4041 copias
1685 3970 1966 4025 curriculo‘
1985 3972 2108 4028 inde

522 4063 751 4119 accersi.
792 4061 1151 4115 Adulatorum
1187 4070 1392 4125 autem,
1426 4076 1494 4115 an
1531 4061 1608 4116 sic
1639 4075 1698 4116 re
1725 4076 1852 4115 vera
1883 4065 2106 4132 sapien-

529 4153 684 4218 tium,
718 4169 786 4207 an
815 4163 1002 4208 contra
1033 4164 1265 4209 mentem
1297 4156 1568 4225 propriam
1596 4163 1888 4224 compertae
1919 4155 2110 4210 volun-

525 4248 622 4299 tati
685 4247 947 4316 priucipis
1008 4247 1394 4312 servientium,
1460 4248 1771 4310 incertum,
1832 4250 2105 4304 contraria

525 4338 811 4406 prtevaluit
863 4339 1134 4394 sententia
1168 4355 1181 4392 :
1217 4340 1627 4410 pessimumque
1689 4340 1979 4394 consilium
2015 4355 2108 4395 ca-

525 4437 676 4496 ptum
720 4439 803 4483 est
840 4429 1101 4484 educendi
1149 4431 1215 4484 ad
1258 4431 1502 4499 praelium
1543 4432 1834 4488 exercitus.
1868 4430 1979 4487 Nec
2013 4431 2108 4487 de-

2212 3235 2466 3309 ραπεύειν
2495 3235 2562 3287 τά
2594 3231 2904 3304 τραύματα.

2283 3335 2378 3394 ις’.
2422 3329 2530 3382 Καὶ
2557 3327 2678 3380 τότε
2712 3327 2812 3395 μὲν
2835 3326 3016 3394 ἔμεινε
3050 3325 3202 3395 παρὰ
3232 3327 3297 3394 τῇ
3331 3327 3504 3396 σκηνῇ
3539 3340 3550 3352 ·
3575 3324 3794 3396 ἡμέρας

2207 3421 2254 3474 δ’
2278 3422 2380 3491 ἤδη
2421 3418 2762 3489 διαγελώσης
2798 3419 2891 3471 καὶ
2929 3416 3023 3470 τοῦ
3053 3417 3205 3487 ⁴ἡλίου
3227 3417 3480 3488 ὁρίζοντα
3525 3417 3792 3488 ὑπερϐαι-

2207 3533 2392 3578 νοντος
2430 3513 2585 3576 αὖθις
2619 3513 2973 3583 μετεκαλεῖτο
3017 3512 3167 3581 παρά
3204 3511 3299 3565 τοῦ
3361 3512 3792 3582 αὐτοκράτορος.

2220 3609 2280 3662 '0
2305 3609 2346 3661 δ’
2381 3608 2547 3679 ἀπῄει
2601 3608 2710 3660 τῶν
2742 3608 3075 3677 τραυμάτων
3117 3606 3561 3675 καταφρονήσας.
3603 3604 3691 3668 Ὠς
3735 3605 3796 3659 δὲ

2213 3703 2376 3774 βουλὴ
2409 3701 2762 3775 προετέθη,ῆ
2804 3701 3084 3771 πολεμεῖν,
3132 3699 3166 3770 ἢ
3217 3698 3349 3752 εἵσω
3400 3699 3498 3764 τὰς
3535 3699 3797 3767 δυνάμεις

2209 3796 2484 3866 κατέχειν,
2521 3797 2634 3856 τοῖς
2673 3796 2772 3864 μέν
2800 3794 2975 3846 ἐδόκει
3003 3793 3238 3855 συνετῶς
3264 3793 3404 3860 ἄγαν
3445 3793 3578 3846 εῐσω
3611 3793 3796 3863 μένειν

2208 3886 2304 3939 τοῦ
2337 3885 2591 3956 χάρακος
2628 3884 2720 3936 καὶ
2747 3884 2845 3945 τὰς
2884 3882 3144 3951 δυνάμεις
3173 3883 3235 3934 ἐκ
3276 3881 3370 3935 τοῦ
3408 3882 3588 3936 Χλέατ
3622 3899 3795 3952 μετα-

2211 3976 2547 4047 πέμπεσθαι,
2616 3975 2729 4035 τοῖς
2779 3971 2835 4024 δὲ
2888 3971 3072 4035 κόλαξι
3119 3972 3397 4036 τάναντία,
3456 3971 3504 4022 εἰ
3552 3969 3651 4038 μὲν
3698 3967 3797 4022 καὶ

2208 4066 2349 4120 οὕτω
2381 4064 2693 4138 φρονοῦσιν,
2726 4066 2828 4119 οὐκ
2863 4064 2972 4135 ἐχω
3005 4062 3205 4130 λέγειν.
3239 4063 3388 4126 Τέως
3419 4062 3462 4115 δ’
3495 4061 3668 4126 ἔδοξε,
3698 4063 3795 4116 καὶ

2209 4158 2364 4222 αὖθις
2399 4159 2552 4212 ἐνίκα
2579 4157 2646 4210 τὰ
2670 4155 2943 4228 χερείονα.
2998 4154 3246 4223 Ἐξάγειν
3278 4149 3370 4207 οὗν
3398 4152 3498 4216 τὰς
3531 4153 3794 4224 δυνάμεις

2210 4252 2449 4319 ἐγένετο.
2479 4251 2544 4304 Ol
2587 4250 2643 4304 δέ
2669 4266 2733 4319 γε
2785 4246 3020 4314 Τοῦρκοι
3069 4247 3452 4318 κραταιότεροι
3498 4240 3652 4306 αὖθις
3698 4243 3796 4298 καὶ

2214 4343 2352 4413 μετά
2391 4342 2635 4406 πλείονος
2668 4343 2968 4411 ἐπήρχοντο
3015 4338 3112 4407 τῆς
3146 4338 3347 4408 χειρός.
3387 4337 3496 4391 Καὶ
3518 4336 3581 4407 δὴ
3625 4354 3794 4406 προσ-

2216 4435 2472 4488 ϐάλλουσι
2529 4433 2728 4504 τούτῳ,
2772 4433 2863 4485 καὶ
2889 4431 3068 4500 μάχης
3096 4431 3371 4498 συστάσης
3413 4431 3670 4482 πίπτουσι
3695 4429 3796 4500 μὲν

525 4525 680 4575 fuere
712 4521 878 4576 Turci
914 4523 1256 4578 instructiori
1291 4523 1633 4595 pleniorique
1667 4539 1732 4579 ex
1768 4528 1999 4581 adverso
2033 4526 2102 4580 ir-

2217 4525 2327 4577 τῶν
2376 4523 2637 4592 Τούρκων
2688 4521 2903 4591 συχνοὶ,
2948 4522 3207 4572 πίπτουσι
3241 4519 3300 4573 δὲ
3358 4523 3455 4573 καὶ
3505 4520 3614 4574 τῶν
3670 4521 3796 4574 Ῥω-

527 4623 751 4669 rucutes
792 4615 929 4679 acie,
995 4615 1324 4687 confligitur.
1358 4615 1663 4671 Turcorum
1698 4619 1880 4684 multi,
1909 4617 2112 4672 Bouia-

524 4718 722 4758 uorum
759 4706 1004 4774 plerique
1033 4707 1254 4760 cadunt.
1290 4705 1605 4777 Bryennius
1641 4707 1829 4762 multis
1863 4708 2112 4776 corporis

525 4794 661 4848 locis
715 4797 820 4849 alia
865 4811 1002 4850 nova
1054 4799 1279 4852 vulnera
1328 4799 1559 4870 accepit,
1603 4801 1732 4854 dum
1777 4810 1961 4870 partes
2002 4800 2114 4869 agit

528 4888 653 4942 boni
685 4888 844 4944 ducis
877 4889 930 4942 iii
965 4889 1057 4944 illo
1092 4891 1335 4960 periculo
1365 4900 1418 4945 et
1449 4891 1725 4959 praesenti,
1755 4907 1864 4961 quo
1898 4892 2109 4947 valebat

528 4982 825 5049 plurimum
870 4983 922 5037 in
966 4985 1208 5054 praaliis,
1251 4985 1488 5039 consilio
1532 4984 1817 5054 phalangis
1853 5001 2104 5056 magnam

528 5084 740 5144 partem
784 5076 1008 5130 illazsam
1051 5087 1254 5134 servat.
1291 5076 1465 5131 Porro
1505 5077 1802 5144 imperator
1829 5082 2108 5132 venientes

526 5177 716 5222 contra
745 5169 932 5225 videns
963 5169 1193 5233 Turcos,
1222 5168 1404 5223 educit
1430 5177 1483 5221 et
1513 5170 1625 5237 ipse
1654 5169 1843 5238 copias
1865 5170 2012 5223 velut
2040 5170 2106 5224 ad

529 5261 796 5332 praelium,
829 5261 1112 5333 aciemque
1141 5276 1240 5332 pro
1269 5259 1413 5315 vallo
1439 5259 1679 5315 instruit.
1709 5259 1985 5315 Praeerant
2013 5262 2108 5315 de-

2216 4617 2392 4686 μαίων
2428 4616 2692 4667 πλεῖστοι.
2731 4611 2972 4684 Ἐτρώθη
3012 4611 3068 4664 δέ
3101 4613 3194 4664 καὶ
3226 4611 3390 4674 αὐτὸς
3433 4615 3461 4665 ό
3504 4612 3796 4683 Βρυέννιος

2213 4706 2484 4779 πολλαχοῦ
2539 4707 2634 4760 τοῦ
2698 4705 2973 4775 σώματος,
3007 4705 3143 4758 ἀλλὰ
3189 4705 3362 4768 δεινὸς
3413 4704 3489 4757 ὣν
3541 4705 3670 4774 περὶ
3725 4703 3797 4759 τὰ

2214 4799 2560 4870 στρατηγικά
2592 4800 2652 4854 τὸ
2675 4797 2923 4850 πλεῖστον
2951 4802 3049 4867 τῆς
3083 4797 3364 4867 φάλαγγος
3387 4795 3574 4859 ἀσινὲς
3608 4797 3796 4850 διεσώ-

2214 4909 2365 4946 σατο.
2413 4892 2586 4962 Ὁρῶν
2624 4891 2670 4944 δ’
2710 4890 2967 4952 ἐπιόντας
2999 4892 3126 4953 τοὺς
3166 4890 3445 4958 Τούρκους
3477 4889 3505 4940 ὁ
3540 4887 3796 4958 βασιλεὺς

2213 4983 2377 5052 ἐξῆγε
2411 4985 2506 5035 καὶ
2535 4983 2698 5043 αὐτὸς
2737 4982 2835 5044 τὰς
2869 4981 3130 5048 δυνάμεις
3176 4979 3250 5042 ώς
3299 4980 3396 5032 ἐπὶ
3429 4979 3663 5049 πόλεμον
3699 4976 3796 5031 καὶ

2212 5075 2588 5145 παρετάττετο
2617 5074 2724 5144 πρὸ
2754 5073 2849 5125 τοῦ
2894 5074 3156 5144 χάρακος.
3202 5071 3420 5140 Ἠγείτο
3448 5071 3505 5125 δὲ
3547 5072 3639 5125 τοῦ
3693 5070 3794 5142 μὲν

2211 5166 2387 5233 δεξιοῦ
2416 5165 2645 5236 κέρατος
2666 5167 2694 5216 ὁ
2740 5165 3044 5236 Ἀλυάττης
3083 5162 3221 5234 (ἓθ),
3248 5164 3386 5234 ἀνὴρ
3413 5164 3795 5233 Καππαδόκης

2215 5261 2314 5315 καὶ
2365 5261 2602 5332 συνήθης
2640 5258 2720 5331 τῷ
2763 5259 2994 5330 βασιλεῖ,
3027 5257 3122 5311 τοῦ
3162 5258 3206 5312 δ’
3243 5258 3526 5331 εὐωνύμου
3565 5258 3725 5324 αὐτὸς
3764 5256 3794 5309 ὁ

1567 5396 1774 5460 Caroli
1807 5399 1906 5458 Du
1939 5397 2180 5459 Fresne
2218 5399 2316 5460 Du
2357 5401 2564 5477 Gange
2604 5405 2790 5460 notas.

602 5549 716 5620 (20)
766 5551 1110 5624 Ἀλυάττης.
1160 5549 1484 5624 Theodorus
1505 5553 1768 5624 Alyattes,
1811 5551 1951 5623 ἀνὴρ
1975 5569 2104 5621 γεν-

527 5625 675 5683 ναῖος
742 5626 836 5674 καὶ
891 5623 1160 5692 ἐπιφανὴς
1208 5624 1306 5674 καὶ
1359 5621 1458 5693 θέα
1499 5621 1974 5692 θαυμασιώτατος,
2028 5624 2104 5678 ait

2217 5551 2502 5620 Scylitzes,
2534 5553 2624 5622 qui
2654 5553 2708 5607 in
2736 5552 2922 5621 praelia
2941 5560 3098 5620 capto
3117 5549 3346 5606 eﬂ‘ossos
3367 5565 3396 5604 a
3431 5548 3796 5605 Constantino

2219 5623 2368 5678 Duca
2402 5624 2591 5679 oculos
2625 5623 2812 5688 refert,
2852 5639 2975 5677 cum
3019 5622 3275 5692 Diogenis
3311 5631 3493 5690 partes
3525 5629 3794 5676 tueretur.

593 5765 840 5835 ’Χάρακος
873 5793 934 5802 --
968 5769 1099 5828 ὁρᾶν.
1123 5763 1353 5816 Fortasse
1379 5781 1389 5814 :
1414 5767 1642 5835 χάρακος.
1686 5769 1850 5824 Ἐξιὼν
1894 5772 1935 5818 δ’
1957 5772 2123 5820 οὐδένα
2156 5773 2238 5832 μὲν
2263 5773 2389 5834 ἑώρα
2419 5771 2565 5835 φίλων
2586 5773 2616 5835 ἢ
2651 5768 2908 5830 πολεμίων,
2932 5766 3149 5835 σπεύδων
3177 5767 3218 5814 δ’
3242 5767 3318 5835 ἐπξ
3339 5766 3398 5814 τά
3418 5767 3586 5833 πρόσω
3625 5766 3797 5829 ἤρξατο

527 5830 620 5886 ἤδη
643 5831 756 5892 ὀρᾴν
777 5857 837 5864 -
859 5835 1015 5878 restat
1038 5837 1322 5890 corruptum
1342 5829 1740 5893 παραχωροῦντα,
1770 5836 1903 5894 quod
1939 5839 1986 5882 iu
2006 5851 2102 5897 παρ

2207 5829 2545 5896 ῖ›ρον“ηιυι;ιιίι
2583 5829 2836 5882 l'ossintis.
2875 5829 3047 5879 Edilor
3079 5829 3359 5881 Bomtcusis.
