4154 6460
389 404 460 466 73
1623 392 2170 458 HISTORIARUM
2211 392 2357 452 LIB.
2397 391 2444 451 Ι.
3592 394 3662 455 74

400 533 575 577 νασιν,
598 513 650 565 οἱ
681 513 742 566 δὲ
778 512 1143 582 διεσώθησαν.
1175 509 1356 564 Ἑάλω
1393 509 1449 562 δὲ
1479 510 1573 563 καὶ
1603 507 1664 562 τό
1706 525 1766 561 τε
1814 524 1981 578 στρασ

2104 520 2206 576 ςοηι
2254 505 2457 568 vertit;
2503 506 2674 560 donec
2712 503 3006 561 conclusus
3053 504 3290 576 undique
3334 506 3663 562 addensante

399 605 620 662 τὸπεδον
662 604 812 658 ἅπαν
834 604 932 658 καὶ
962 605 996 672 ἡ
1032 600 1206 672 σκηνὴ
1243 602 1275 669 ἠ
1310 598 1585 670 βασιλείος
1611 598 1708 650 καὶ
1745 597 1813 650 τὰ
1844 597 1982 667 χρή-

406 716 552 772 ματα
579 699 674 750 καὶ
712 697 826 750 τῶν
889 694 1187 766 βασιλικῶν
1219 692 1564 762 παρασήμων
1603 689 1673 742 τὰ
1696 687 1981 752 κάλλιστα,

402 798 460 845 ἐν
487 789 566 855 οἷς
601 791 693 842 καὶ
721 790 750 842 ὁ
780 787 1224 859 πολυθρύλλητος
1287 785 1572 855 μάργαρος
1605 777 1694 852 ἦν,
1722 781 1782 835 ὃν
1807 781 1980 851 ὀρφα·

401 884 492 936 νὺν
533 879 950 948 κατωνόμαζον.
984 877 1046 930 Oi
1079 876 1124 930 δ’
1152 879 1216 929 ὲκ
1244 876 1343 945 τῆς
1389 874 1572 944 μάχης
1621 873 1982 934 διασωθέντες

400 975 557 1034 illo;
587 971 820 1040 ἀλλαχοῦ
857 969 1234 1040 διεσπάρησαν
1287 967 1386 1038 τὴν
1420 967 1556 1020 ἰδίαν
1589 966 1840 1035 ,ἕκαστος
1876 981 1980 1016 κα-

399 1062 660 1116 ταλαϐεῖν
701 1060 1047 1124 σπεύδοντες.

2088 612 2210 653 sese
2272 597 2620 651 multitudine
2666 597 2899 652 hostium
2953 597 3006 652 in
3054 613 3217 652 manu
3265 597 3660 654 vulneraretur.

2089 689 2226 743 Tum
2274 691 2490 759 agnitus
2535 689 2656 760 quis
2706 699 2870 754 esset,
2924 691 3228 761 majori'que
3278 690 3400 746 ideo
3455 693 3662 746 circum

2089 779 2370 842 obsessus,
2428 787 2591 850 atque
2649 781 2798 834 omni
2851 780 3015 834 simul
3063 796 3128 836 ex
3187 794 3342 851 parte
3392 783 3663 852 appetitus

2089 871 2296 941 impetu
2324 909 2339 935 ,
2378 872 2614 940 primunt
2651 871 2901 941 dejicitur
2940 873 2994 926 in
3030 883 3228 927 terram
3259 914 3274 938 ,
3309 889 3452 944 equo
3494 875 3665 943 ipsius

2065 943 2278 1032 'sagitta
2308 976 2591 1031 percns>o,
2619 978 2681 1017 ac
2710 977 2980 1017 sessorem
3011 964 3061 1015 in
3095 978 3443 1016 communem
3477 979 3662 1018 secum

2084 1052 2297 1105 ruinam
2338 1053 2606 1118 trahente,
2640 1052 2834 1106 deinde
2870 1052 3025 1106 facile
3058 1052 3169 1122 jam
3203 1062 3393 1122 captus
3425 1053 3666 1121 impera-

402 1165 488 1207 tor
533 1153 857 1218 vinctusque
889 1151 952 1202 ad
984 1148 1265 1203 sultanum
1298 1147 1495 1201 ductus
1519 1153 1623 1209 est,
1679 1142 1862 1196 divina
1912 1141 2262 1195 Providentia
2331 1141 2556 1194 occultis
2590 1141 2656 1194 de
2712 1140 2893 1194 causis
2930 1151 3035 1194 tam
3070 1142 3412 1210 inopinatum
3445 1152 3666 1212 tamque

401 1245 666 1297 acerbum
752 1241 1096 1310 permittente
1137 1253 1346 1290 casum.
1396 1235 1566 1305 Capta
1618 1247 1838 1304 quoque
1896 1245 2021 1301 pars
2057 1246 2251 1300 magna
2301 1240 2384 1285 est
2423 1231 2625 1285 ducum
2693 1232 2922 1286 aliorum
2954 1272 2968 1296 ,
3005 1236 3217 1288 cmteris
3257 1245 3349 1288 aut
3385 1236 3541 1289 caesis
3573 1242 3668 1287 aut

405 1340 534 1405 fuga
569 1334 817 1388 servatis.
859 1332 1048 1387 Castra
1094 1331 1254 1383 etiam
1298 1328 1555 1382 universa
1623 1337 1675 1380 et
1705 1328 1883 1395 ipsum
1945 1323 2241 1392 Augustale
2288 1324 2643 1393 pecuniazque
2687 1333 2740 1375 et
2823 1325 3119 1394 insignium
3189 1327 3665 1396 imperatoriorum

403 1433 819 1504 speciosissima
863 1441 1130 1497 qumque;
1189 1424 1242 1476 in
1290 1423 1488 1491 quibus
1534 1431 1589 1475 et
1630 1421 1985 1490 margaritum
2021 1417 2128 1489 43
2155 1414 2284 1470 illud
2346 1417 2694 1470 decantatum
2725 1416 2842 1480 fuit,
2873 1417 3022 1485 quod
3081 1420 3388 1498 orphanutn
3417 1422 3669 1477 ttomina‘

405 1527 562 1580 bant.
600 1522 703 1590 Qui
742 1535 866 1575 vero
903 1517 1045 1572 cladi
1082 1515 1442 1587 superfuere,
1476 1514 1583 1569 alio
1618 1513 1709 1567 alii
1749 1511 1981 1586 dispersi
2024 1518 2154 1565 sunt
2183 1509 2407 1562 domum
2439 1523 2536 1576 pro
2576 1523 2635 1562 se
2663 1509 2897 1578 quisque
2933 1509 3275 1565 festinantes.

475 1711 572 1774 ις’.
625 1703 699 1755 Ού
744 1699 937 1754 πολλαὶ
965 1699 1009 1751 δ’
1045 1698 1252 1769 ἡμέραι
1285 1694 1703 1765 διεληλύθεσαν,
1741 1695 1834 1780 καί
1873 1690 1982 1742 τῶν

399 1795 738 1867 διαδράντων
770 1792 863 1843 τὸν
910 1790 1146 1858 πόλεμον
1193 1787 1422 1855 ἄγγελός
1468 1803 1554 1848 τις
1598 1784 1882 1854 προλαϐὼν
1925 1783 1984 1834 τὸ

2167 1687 2252 1740 18.
2292 1685 2407 1740 Non
2444 1687 2596 1740 multi
2635 1686 2752 1742 dies
2786 1686 2911 1741 inde
2945 1688 3246 1754 ﬂttxerant,
3277 1708 3400 1744 eum
3455 1709 3664 1759 cet-um,

2095 1783 2186 1852 qui
2219 1798 2281 1836 ex
2317 1783 2503 1852 praelio
2533 1783 2820 1853 fugerant,
2871 1800 3012 1838 unus
3061 1786 3259 1856 aliquis
3289 1786 3671 1844 Constantino-

399 1889 579 1943 δεινὸν
618 1890 676 1938 ἐν
709 1889 773 1957 τῇ
809 1883 964 1936 πόλει
999 1881 1332 1952 ἀπήγγελλε,
1375 1881 1468 1932 καὶ
1501 1877 1655 1939 αὖθις
1693 1876 1848 1939 ἄλλος
1894 1877 1987 1927 καὶ

2104 1877 2259 1944 polim
2294 1875 2553 1943 perlatus,
2597 1877 2778 1930 acerbi
2815 1878 2991 1932 nuntii
3023 1879 3233 1948 primus
3279 1893 3468 1935 auctor
3509 1883 3668 1937 fidem

400 1981 493 2032 ἐπὶ
542 1977 752 2039 τούτοις
793 1974 976 2046 τρίτος
1011 1974 1106 2026 καὶ
1143 1973 1402 2040 τέταρτος
1428 2009 1444 2033 ,
1491 1969 1658 2038 σαφὲς
1705 1968 1801 2037 μὲν
1841 1967 1989 2018 οὐδὲν

404 2071 776 2140 ἀπαγγέλλειν
807 2067 1045 2138 ἔχοντες,
1095 2062 1228 2116 αὐτὸ
1267 2062 1322 2113 δὲ
1366 2062 1525 2129 μόνον
1561 2059 1620 2111 τδ
1659 2057 1834 2110 δεινὸν
1901 2058 1990 2122 ἐξ·

407 2162 706 2232 ῃγούμενοι
740 2158 833 2210 καὶ
876 2154 1033 2217 ἄλλος
1061 2151 1234 2214 ἄλλως
1269 2149 1712 2220 διερμηνεύοντες
1741 2163 1753 2176 ’
1796 2148 1844 2199 οἱ
1897 2147 1992 2216 μὲν

402 2255 520 2326 γὰρ
562 2251 723 2306 αὑτὸν
745 2249 835 2301 τὸν
871 2245 1097 2320 βασιλέα
1131 2243 1451 2312 τεθνηκέναι
1505 2239 1902 2310 κατήγγελλον,
1942 2238 1992 2290 οἱ

401 2348 462 2401 δὲ
513 2342 851 2405 ἑαλωκέναι,
899 2339 948 2391 el
997 2337 1054 2390 δὲ
1102 2337 1445 2406 τετρωμένον
1494 2331 1685 2385 τοῦτον
1725 2331 1850 2382 ἰδεῖν
1899 2331 1992 2382 καὶ

404 2437 555 2491 κατὰ
586 2434 687 2504 γῆς
719 2429 1076 2504 ἐρριμμένον,
1108 2427 1157 2478 οἱ
1193 2425 1249 2477 δὲ
1281 2425 1500 2493 δέσμιον
1529 2421 1879 2490 ἀπαγόμενον
1916 2421 1994 2481 εἰς

405 2528 472 2581 τὸ
509 2526 618 2578 τῶν
654 2523 911 2577 ἐναντίων
953 2515 1334 2588 στρατόπεδον.
1371 2513 1499 2566 Ἐπὶ
1544 2511 1870 2582 συμϐούλοις
1902 2506 1993 2562 οὖν

408 2623 481 2690 τῇ
520 2616 748 2689 βασιλίδι
781 2614 847 2668 τὰ
877 2613 1209 2683 πρᾶγματα,
1243 2607 1385 2662 καὶὸ
1414 2608 1630 2676 Καῖσαρ
1659 2604 1821 2668 εὐθὺς
1865 2621 1993 2672 μετ-

408 2710 679 2780 εκέκλητο
717 2707 845 2776 περὶ
894 2704 1147 2757 Βιθυνίαν
1177 2702 1379 2767 διάγων
1419 2699 1517 2752 καὶ
1559 2698 1837 2766 σχολάζων
1867 2713 1996 2747 κυν-

409 2800 661 2871 ηγεσίοις
733 2796 820 2848 διὰ
860 2793 920 2847 τὸ
966 2791 1206 2844 ὕποπτον
1248 2785 1386 2842 εἶναι
1425 2787 1503 2857 τῷ
1545 2786 1774 2857 βασιλεῖ.
1813 2786 1995 2854 Μήπω

409 2891 472 2944 δὲ
507 2888 698 2942 τούτου
733 2883 1137 2946 καταλαϐόντος
1190 2884 1223 2952 ἡ
1268 2879 1474 2952 βασιλὶς
1508 2877 1749 2947 διηρώτα
1774 2876 1825 2928 τί
1867 2892 1997 2927 ποτε

410 2983 525 3052 ἄρα
566 2980 671 3050 χρὴ
705 2978 986 3049 πράττειν.
1041 2972 1258 3038 Ἐδοξεν
1301 2971 1392 3025 οὖν
1438 2971 1604 3024 πᾶσιν
1650 2970 1855 3020 ἐκεῖνον
1898 2966 1998 3036 μὲν

410 3075 553 3134 τέως
590 3073 747 3124 ἐᾶσαι
769 3071 879 3122 εἴτε
920 3067 1086 3132 ἑάλω,
1121 3066 1230 3118 εἴτε
1260 3065 1556 3132 τέθνηκεν,
1598 3061 1764 3130 ἑαυτῇ
1815 3058 1871 3110 δὲ
1907 3058 1997 3110 καὶ

410 3167 531 3227 τοῖς
562 3165 720 3216 παισὶ
763 3159 1133 3230 κρατύνεσθαι
1195 3157 1294 3227 τὴν
1336 3154 1531 3225 ἀρχὴν.
1569 3154 1692 3207 Ἔτι
1751 3153 1807 3203 δὲ
1841 3168 1999 3220 μετε-

2091 1967 2180 2018 vix
2216 1964 2376 2031 fecit,
2408 1978 2582 2034 quam.
2602 1965 2834 2019 subinde
2861 1966 2997 2019 alter
3029 1969 3330 2038 tertiusque
3360 1981 3409 2022 et
3443 1980 3672 2039 quartus

2094 2065 2345 2111 astruere
2392 2063 2772 2124 perrexerunt.
2823 2054 3029 2110 Horum
3080 2061 3226 2112 varia
3277 2060 3533 2128 quidrm,
3572 2077 3673 2115 nec

2094 2147 2361 2214 explicata
2391 2154 2507 2198 erat
2537 2147 2714 2198 oratio
2737 2186 2750 2202 .
2783 2161 2904 2216 quae
2933 2150 3166 2218 quisque
3197 2149 3408 2205 diversa
3441 2151 3670 2217 ςίιιει-ειι,

2095 2247 2451 2306 senseratque
2489 2237 2741 2291 videlicet
2773 2236 3148 2302 refer-entiam,
3181 2248 3234 2293 et
3278 2241 3330 2292 in
3382 2256 3490 2294 uno
3538 2257 3673 2296 con-

2095 2333 2430 2386 venientium
2465 2331 2664 2385 indicio
2703 2346 2911 2402 magme
2942 2344 3176 2403 acceptae
3209 2333 3398 2401 eladis,
3436 2334 3528 2388 sed
3562 2335 3675 2388 sin-

2096 2428 2344 2497 gulorum
2402 2428 2546 2482 dicta
2602 2426 3014 2482 conferentibus
3067 2429 3339 2483 allncebat
3393 2431 3674 2485 infortunii

2097 2520 2289 2585 series,
2322 2535 2491 2588 seque
2526 2519 2789 2572 relatorcs
2840 2519 3039 2585 diversi
3089 2531 3275 2574 mutuo
3308 2522 3672 2588 interpretari,

2096 2625 2197 2666 nec
2225 2627 2365 2679 aegre
2404 2613 2454 2664 in
2488 2627 2649 2663 unam
2680 2611 3004 2664 concordem
3043 2614 3360 2680 conspirare
3406 2616 3676 2668 narratio-

2100 2719 2221 2756 nem
2250 2703 2570 2756 \idehantur
2596 2721 2607 2755 :
2638 2701 2768 2756 dum
2804 2702 2942 2756 alius
2972 2705 3203 2772 exempli
3239 2719 3402 2759 (ausa
3431 2709 3676 2761 ureisum

2100 2795 2482 2862 imperatorem
2517 2793 2715 2856 aiebat,
2755 2794 2895 2848 alius
2925 2805 3165 2864 captum,
3204 2797 3340 2852 alter
3369 2814 3487 2852 sese
3524 2799 3676 2853 illutn

2101 2885 2301 2938 vidisse
2329 2885 2672 2938 vulneratum
2724 2885 3001 2953 homoque
3049 2887 3338 2956 abjectum.
3396 2889 3678 2944 Postremo

2101 2976 2192 3030 alii
2225 2975 2440 3028 oculato
2472 2975 2784 3028 testimonio
2811 2975 3154 3032 affirmabant
3186 2993 3371 3032 coram
3406 2993 3681 3049 spectasse

2102 3073 2403 3136 prmscntes
2432 3081 2554 3119 sese
2580 3081 2704 3120 eum
2737 3066 3032 3134 imperator
3061 3068 3113 3152 i'n
3145 3078 3324 3123 castra
3354 3072 3588 3126 hostium
3612 3073 3680 3126 ab

2105 3158 2236 3226 ipsis
2262 3157 2562 3211 victoribus
2598 3157 2980 3211 abduceretur.
3016 3157 3245 3214 Gravem
3284 3163 3396 3215 luce
3447 3164 3680 3231 impera-

409 3255 563 3326 ὡρου
586 3255 732 3316 ὄντος
751 3253 842 3306 τού
864 3253 1190 3323 πράγματος
1211 3251 1420 3317 γίνεται
1446 3248 1700 3308 κοινωνὸς
1722 3247 1996 3314 ὁΚαίσαρ.

2105 3249 2222 3304 triei
2310 3251 2553 3306 obtulere
2625 3251 2974 3304 consultandi
3053 3267 3298 3306 causam.
3373 3255 3682 3309 Arcessitur

427 3344 494 3400 ⁸0
516 3347 574 3400 δὲ
604 3345 706 3416 τήν
727 3361 785 3396 τε
815 3343 1210 3412 κοινοπραγίαν
1238 3339 1562 3404 ἀσπάζεται,
1595 3337 1688 3390 καὶ
1713 3335 2000 3405 συμπρατ-

413 3454 535 3490 τειν
564 3435 852 3506 ἀμφότερα
880 3435 982 3488 ὅσα
1012 3436 1080 3504 τῇ
1110 3431 1359 3502 βασιλείᾳ
1396 3431 1665 3502 προσήκει
1698 3430 2000 3499 πράγματα

417 3529 524 3601 τήν
544 3545 604 3581 τε
640 3529 852 3599 μητέρα
891 3527 987 3582 καὶ
1029 3525 1120 3578 τὸν
1155 3520 1532 3595 πρεσϐύτερον
1571 3523 1678 3574 τῶν
1708 3521 1838 3573 υἱῶν
1869 3522 2003 3574 ἀπο-

418 3621 698 3690 φαίνεται,
731 3621 824 3673 καὶ
849 3619 941 3673 τὸν
980 3617 1082 3688 μὲν
1113 3617 1188 3678 ὼς
1218 3616 1485 3669 τεκοῦσαν
1518 3614 1866 3677 σεόἀζεσθαι,
1902 3613 2003 3680 τὴν

417 3713 479 3766 δὲ
521 3711 708 3781 κοινὴν
746 3710 882 3781 μετὰ
921 3709 1016 3766 τοῦ
1058 3707 1249 3771 παιδὸς
1291 3707 1529 3778 τὴντῶν
1561 3707 1700 3760 ὅλων
1731 3704 2005 3758 ποιεῖσθαι

418 3803 765 3872 οἰκονομίαν.
793 3800 948 3854 Οὕτω
981 3801 1082 3871 μὲν
1109 3801 1201 3855 καὶ
1225 3799 1303 3868 τῷ
1331 3799 1542 3869 βασιλεῖ
1567 3797 1782 3868 Μιχαὴλ
1803 3796 1998 3858 ἐδόκει,

381 3894 525 3948 ’καὶ
571 3892 878 3957 ξυνετίθετο
915 3893 993 3962 τῷ
1027 3890 1122 3945 τοῦ
1171 3891 1317 3946 θείου
1364 3890 1574 3961 σκοπῷ.
1626 3890 1764 3942 Ἀλλ’
1808 3890 1856 3941 οί
1895 3889 2004 3941 τῶν

419 3983 630 4038 κοινῶν
656 3985 1013 4054 κατατρυφᾷν
1041 3983 1388 4053 πραγμάτων
1417 3981 1732 4052 βουλόμενοι
1762 3980 1858 4032 καὶ
1885 3980 2011 4048 κέρ-

421 4073 550 4135 δους
587 4070 748 4123 ἕνεκα
782 4071 877 4124 τοῦ
915 4071 1180 4142 σφετέρου
1211 4073 1278 4124 τὰ
1327 4073 1453 4142 περὶ
1484 4071 1583 4140 τὴν
1627 4069 1802 4140 ἀρχὴν
1835 4072 2012 4138 πραγ-

427 4162 786 4232 ματεύεσθαι,
821 4164 920 4233 τὴν
965 4162 1064 4234 μὲν
1101 4164 1180 4225 εἰς
1210 4165 1509 4233 μοναρχίαν
1540 4162 1814 4231 ἠρέθιζον,
1846 4163 1936 4214 τὸν
1965 4162 2010 4212 δ’

425 4256 674 4318 ὁπλίζειν
705 4255 961 4308 ἔσπευδον
989 4256 1131 4308 κατὰ
1157 4256 1256 4326 τῆς
1292 4257 1520 4325 μητρός.

2103 3342 2376 3411 extemplo
2420 3358 2449 3396 e
2499 3341 2750 3413 Bithynia
2782 3342 2984 3407 Caesar,
3045 3343 3186 3412 quod
3238 3344 3550 3412 imperatori
3585 3364 3680 3401 δυ-

2106 3445 2322 3504 speetus
2355 3444 2518 3499 esset,
2549 3435 2934 3489 venationibus
2966 3435 3075 3490 illic
3103 3435 3409 3508 indulgens,
3436 3440 3527 3508 qui
3553 3441 3680 3494 dum

2106 3536 2188 3581 est
2219 3527 2397 3580 adhuc
2442 3525 2496 3579 in
2555 3518 2766 3587 itinere,
2798 3525 2866 3580 ad
2903 3527 3090 3581 urbem
3115 3528 3356 3599 Augusta
3384 3541 3684 3585 convocato

2109 3624 2254 3668 coetu
2308 3627 2596 3683 procerum
2652 3614 2932 3682 quaerebat
2987 3615 3117 3684 quid
3165 3631 3303 3685 opus
3345 3615 3487 3671 facto
3517 3627 3682 3672 esset.

2108 3689 2362 3760 Omninm
2395 3721 2626 3760 concors
2655 3703 2760 3759 fuit
2793 3709 3084 3769 sententia,
3109 3709 3291 3762 minus
3312 3708 3365 3761 in
3395 3711 3686 3778 praesentia

2110 3798 2280 3853 videri
2331 3799 2397 3852 de
2446 3799 2772 3868 imperatore
2806 3802 3182 3870 satagendum,
3213 3817 3313 3856 nec
3344 3802 3505 3856 anxie
3534 3803 3688 3857 inve-

2115 3890 2425 3959 stigandum
2453 3900 2776 3946 mortuusne
2804 3891 2850 3945 is
2888 3900 3032 3947 esset
3061 3907 3128 3945 an
3159 3901 3369 3948 tantmn
3402 3893 3686 3964 captivus:

2110 3983 2240 4036 illud
2291 3983 2592 4037 curandum
2644 3983 2805 4039 unice
2854 3999 2919 4038 ac
2970 3985 3204 4040 sollicite
3257 3985 3529 4057 agendum
3571 3987 3686 4040 Au-

2109 4085 2298 4142 gestae,
2334 4082 2392 4128 ut
2427 4076 2528 4129 sibi
2559 4075 2794 4144 ﬁliisque
2822 4091 2985 4145 quam
3020 4077 3224 4147 optimc
3267 4077 3558 4146 imperium
3591 4077 3690 4131 [ἱνα
3726 4078 3739 4090 ’

2111 4175 2304 4219 maret.
2369 4164 2480 4220 llac
2531 4166 2711 4222 adhuc
2762 4169 3031 4237 pendente
3089 4169 3483 4225 deliberatione
3538 4170 3692 4224 adest

2110 4255 2314 4322 Caesar,
2340 4267 2389 4311 et
2425 4259 2552 4326 quid
2587 4259 2787 4312 sentiat
2815 4269 3059 4330 rogatus,
3086 4261 3374 4316 censilium
3403 4263 3686 4316 asserendi

429 4351 800 4402 eounnuniter
827 4349 987 4402 matri
1011 4347 1232 4418 ﬁlioque
1262 4350 1600 4422 principatus
1668 4347 2049 4404 incuncmnter
2088 4349 2304 4417 laudat,
2373 4367 2807 4423 magnopereque
2841 4364 3032 4409 auctor
3058 4365 3172 4417 est,
3208 4366 3265 4410 ut
3297 4355 3531 4410 Eudocia
3567 4371 3683 4408 cttn'

432 4441 699 4494 Michaelc
723 4439 1086 4510 primogenita
1115 4439 1370 4509 princeps
1401 4440 1818 4504 acclamaretur,
1850 4441 1922 4494 ita
1954 4449 2010 4494 ut
2045 4440 2274 4496 Michael
2321 4442 2540 4511 quidem
2600 4454 2878 4512 parentem
2947 4461 3102 4499 suam
3131 4448 3429 4518 Augustam
3461 4447 3570 4522 44
3598 4463 3696 4516 ap-

433 4536 623 4610 pellet.
661 4533 780 4603 lpsa
816 4549 944 4589 vero
986 4534 1264 4588 communi
1315 4548 1479 4603 opera
1547 4533 1890 4602 consilioque
1922 4550 2047 4588 eum
2125 4536 2234 4589 tilio
2282 4551 2396 4590 rem
2449 4538 2718 4606 publicam
2769 4539 3131 4594 administret.
3183 4540 3465 4607 Acquievit
3511 4544 3694 4610 patrui

431 4629 669 4684 consilio
699 4629 947 4692 Michael,
1013 4643 1208 4696 resque
1257 4628 1312 4682 in
1384 4642 1506 4682 eam
1558 4629 1824 4684 rationem
1892 4629 2194 4698 composita
2235 4640 2338 4695 est,
2412 4633 2784 4700 quamtutnvis
2830 4633 3186 4688 ehturbarent
3237 4644 3477 4703 qnzestus
3527 4649 3697 4690 causa

434 4723 669 4793 proprii,
729 4721 824 4791 qui
882 4720 1156 4777 fortunam
1224 4721 1495 4790 publicam
1533 4723 1623 4798 .ad
1681 4722 2016 4791 privatorum
2088 4725 2583 4779 emolumentorum
2654 4726 3064 4781 luerososnsus
3112 4726 3359 4780 derivare
3402 4742 3461 4781 se
3509 4742 3700 4798 spera-

439 4824 578 4872 hant
609 4831 791 4886 posse,
824 4815 871 4873 si
909 4824 1150 4886 potestas
1197 4829 1451 4884 suprema
1505 4823 1613 4870 tota
1649 4815 1703 4868 in
1769 4831 1878 4868 uno
1950 4817 2214 4871 resideret
2272 4821 2469 4888 capite.
2503 4817 2706 4873 Horum
2747 4820 2895 4874 enim
2948 4819 3171 4888 quidam
3227 4819 3524 4876 Eudociam
3561 4823 3701 4878 inci-

436 4911 631 4966 tabant
675 4909 743 4963 ad
782 4909 1069 4980 imperium
1121 4907 1221 4963 sibi
1277 4908 1368 4963 uai
1422 4907 1861 4972 vindicandum,
1929 4907 2052 4962 aliis
2091 4925 2120 4963 e
2163 4913 2440 4967 contrario
2481 4911 2794 4968 Michaelcm
2847 4912 3110 4967 adversus
3199 4921 3423 4966 matrem
3473 4930 3698 4969 arman-

439 5005 612 5058 tibus.

513 5182 604 5257 [Ρ.
650 5183 741 5257 59]
780 5185 866 5240 ιϐ’.
916 5185 1061 5238 Ἀλλ’
1116 5184 1269 5238 οὔπω
1321 5184 1510 5240 τούτου
1561 5190 2019 5252 κατευνασθέντος
2056 5195 2098 5249 D

436 5279 536 5332 τοῦ
568 5277 814 5347 κύματος
850 5277 1038 5346 ἕτερον
1062 5276 1316 5346 ἠγείρετο
1343 5279 1437 5330 καὶ
1464 5279 1764 5348 ἐπωρύετο.
1819 5277 1880 5333 Ὀ
1911 5279 2020 5348 γὰρ

441 5368 672 5440 Περσῶν
705 5368 944 5438 ἀρχηγὸς
987 5368 1176 5438 ἐπειδὴ
1203 5367 1293 5419 τὸν
1334 5366 1560 5437 βασιλέα
1613 5369 1900 5440 Ῥωμαίων
1938 5369 2022 5422 δο-

444 5459 724 5530 ρυάλωτον
770 5457 1035 5512 ἐθεάσατο
1079 5459 1180 5510 οὐκ
1225 5456 1441 5528 ἐπήρθη
1475 5459 1551 5527 τῷ
1597 5460 2024 5530 κατορθώματι,

446 5549 750 5621 συνεστάλη
785 5550 842 5603 δὲ
881 5548 1083 5618 μᾶλλον
1124 5550 1202 5620 τῷ
1241 5551 1577 5620 εύτυχήματι
1612 5552 1704 5604 καὶ
1745 5552 2026 5622 μετριαζει

442 5646 512 5715 τῇ
534 5644 659 5714 νίκῃ
680 5642 940 5696 τοσοῦτον
966 5642 1092 5695 ὅσον
1116 5641 1288 5706 οὐδεὶς
1306 5641 1585 5712 ,ὲνενόησε.
1613 5643 2028 5714 Παραμυθεῖται

443 5736 537 5788 τὸν
578 5736 887 5801 ἑαλωκότα,
921 5735 1173 5787 κοινωνεί
1217 5732 1537 5803 τραπέζης,
1586 5733 1704 5787 λύει
1733 5734 1882 5804 αὺτῴ
1919 5735 2028 5788 τῶν

445 5827 740 5900 δεσμωτῶν
785 5826 880 5890 οὓς
916 5825 1194 5886 ἐϐούλετο,
1227 5825 1538 5878 τελευταῖον
1584 5825 1678 5880 καὶ
1728 5826 1891 5881 αὐτὸν
1930 5827 2028 5898 τῆς

767 5923 1048 5982 ΡΑΤιιοι.
1093 5921 1208 5982 Cn.
1257 5919 1561 5981 CXXVII.

2198 5188 2284 5244 19.
2336 5188 2589 5244 Nondum
2644 5189 2732 5244 hic
2778 5189 2974 5244 ﬂuctus
3033 5188 3327 5254 resederat,
3385 5206 3509 5244 eum
3559 5193 3705 5248 alius

2126 5280 2446 5334 exrcstuavit
2473 5279 2870 5334 vehementior.
2895 5277 3109 5334 Etenim.
3130 5277 3419 5334 Permirum
3449 5281 3702 5353 princeps

2131 5371 2222 5425 ubi
2253 5370 2624 5425 Romanorum
2655 5371 3037 5440 imperatorem
3063 5372 3335 5442 captivum
3362 5388 3521 5427 suum
3549 5375 3705 5442 vidit,

2131 5478 2237 5517 non
2265 5472 2345 5517 est
2376 5466 2552 5518 elatus
2584 5464 2636 5517 in
2673 5462 3020 5518 insolentiam
3072 5479 3330 5520 successu
3383 5475 3564 5528 tante,
3607 5467 3705 5518 sed

2132 5556 2289 5625 quasi
2326 5564 2541 5626 tempus
2574 5570 2634 5611 se
2663 5566 2880 5610 nactum
2929 5564 3079 5611 ratus
3112 5557 3326 5611 virtutis
3356 5553 3704 5609 ostendendae

2134 5647 2391 5716 propriae,
2439 5645 2657 5716 quando
2708 5655 2918 5700 tantum
2967 5660 2995 5697 a
3055 5644 3270 5699 fortuna
3329 5642 3704 5705 extollere-tur,

2130 5733 2466 5788 moderatius
2493 5749 2657 5803 quam
2681 5733 2906 5788 omnino
2929 5733 3218 5802 quisquam
3251 5747 3470 5801 sperare
3500 5733 3710 5798 potuis—

2131 5832 2242 5892 set,
2275 5825 2502 5881 victoria
2539 5841 2674 5882 usus
2718 5833 2820 5882 est.
2868 5824 3196 5882 Censolatus
3243 5826 3386 5880 enim
3425 5825 3710 5880 humanis-

3355 5918 3392 5976 3
