4154 6462
331 456 395 518 ’Π
1554 449 2103 511 HISTORIARUM
2144 451 2289 511 LIB.
2337 452 2385 510 Ι.
3532 455 3600 514 78

335 569 434 640 τὴν
466 566 742 637 βασιλίδος
776 567 1025 640 ἐχώρουν
1067 567 1293 636 σκηνήν.
1351 565 1411 617 'il
1451 564 1507 618 δὲ
1550 565 1640 617 τοῦ
1691 565 1921 634 θορύϐου

2038 565 2434 635 romplizeartnn
2467 565 2806 635 aliorumque
2835 583 3110 621 armorum
3144 567 3376 621 invicem
3412 569 3478 623 de
3522 571 3629 622 iii--

341 661 432 714 καὶ
463 658 561 728 τῆς
617 661 881 729 κραυγῆς
919 659 1219 729 αἰσθομένη
1264 657 1386 711 οὐδὲ
1419 655 1661 726 καθεκτὴ
1697 655 1776 708 ἔτι
1818 651 1886 726 ἦν
1909 694 1925 721 ,

343 750 475 804 ἀλλὰ
509 750 610 818 τῆς
657 751 911 821 κεφαλῆς
947 750 1303 820 περιελομένη
1340 749 1400 800 τὸ
1439 747 1703 816 κάλυμμα
1751 748 1841 799 ἐπί
1873 765 1927 799 τι

341 842 546 910 οἴκημα
577 841 772 894 ἄδυτον
799 842 1042 910 ἐμφερὲς
1076 840 1324 911 σπηλαίῳ
1352 837 1596 909 ἐξώρμα.
1624 840 1734 891 Καὶ
1767 841 1798 907 ἡ
1829 840 1926 907 μὲν

343 933 582 986 ἐδεδύκει
609 932 687 1000 τῷ
729 932 925 1002 φωλεῷ
947 973 961 997 ,
996 935 1045 985 oi
1081 932 1137 984 δὲ
1170 932 1657 1001 περιειστήκεισαν
1704 931 1764 982 τὸ
1807 930 1927 982 στύ-

346 1043 470 1094 μιον
493 1024 854 1088 ἀλαλάζοντες
881 1025 979 1078 καὶ
1007 1023 1171 1092 φόϐον
1203 1023 1460 1093 μέγιστον
1492 1024 1632 1093 αὐτῇ
1660 1021 1927 1073 ἐπισείον-

339 1130 457 1177 τες.
492 1115 604 1166 Καὶ
635 1113 835 1185 μικροῦ
863 1117 930 1167 ἂν
951 1114 1255 1183 ἐτεθνήκει,
1287 1116 1335 1166 ει
1366 1114 1440 1183 μὴ
1463 1110 1724 1182 ὀΚαῖσαρ
1746 1112 1927 1175 εἰσδὺς

340 1206 406 1257 τὸ
430 1206 568 1259 πολὺ
595 1205 690 1259 τοῦ
713 1205 880 1274 φόϐου
903 1206 1040 1277 αὐτῇ
1063 1205 1369 1260 διελύσατο.
1399 1204 1765 1257 Ξυνεϐούλευε
1795 1204 1926 1271 γοῦν

341 1295 568 1350 ἀπιέναι
593 1297 700 1350 τῶν
723 1297 1043 1369 ἀνακτόρων
1073 1295 1263 1367 αὐτὴν,
1308 1297 1383 1367 μὴ
1415 1297 1510 1349 καὶ
1545 1296 1691 1366 πάθῃ
1728 1313 1782 1348 τι
1820 1295 1927 1348 τῶν

343 1386 666 1456 ἀνηκέστων
718 1388 852 1458 πρὸς
886 1388 994 1440 τῶν
1030 1388 1310 1456 φυλάκων.
1366 1388 1430 1440 Ἦ
1485 1388 1542 1440 δὲ
1586 1387 1835 1440 ἐπείθετό
1867 1404 1927 1438 τε

345 1478 442 1528 καὶ
477 1477 670 1547 κατῄει
715 1478 789 1540 ὡς
818 1480 912 1530 ἐπὶ
961 1479 1262 1545 θάλασσαν,
1311 1478 1405 1532 καὶ
1436 1480 1516 1542 εἰς
1549 1478 1640 1531 τὸν
1674 1479 1927 1548 δρύμωνα

343 1565 438 1618 τὸν
490 1565 768 1636 βασιλικὸν
813 1568 1133 1622 εἰσελθοῦσα
1171 1570 1338 1641 ἀπῄει
1377 1569 1506 1622 ἔνθα
1546 1571 1716 1622 οἰκεῖν
1763 1586 1930 1622 κατα-

341 1655 594 1724 κέκριτο,
630 1661 710 1720 είς
742 1661 880 1730 ὅπερ
912 1659 1052 1731 αὕτη
1097 1660 1304 1733 δηλαδὴ
1332 1659 1428 1714 τοῦ
1462 1661 1659 1713 Στενοῦ
1693 1661 1828 1730 πρὸς
1859 1663 1925 1732 τῇ

344 1745 596 1820 θαλάσσῃ
623 1751 850 1818 τέμενος
885 1754 950 1820 τῇ
981 1751 1236 1823 Θεοτόκῳ
1292 1751 1568 1824 ἱδρύσατο.
1622 1751 1791 1806 Οῦπω
1832 1770 1927 1804 aa-

342 1841 472 1908 zv‘»;
527 1842 813 1913 παρερρύη
857 1844 1083 1913 καιρὸς,
1133 1845 1226 1898 καὶ
1274 1843 1528 1915 δεύτερον
1588 1843 1710 1897 κατ’
1759 1843 1929 1912 αὐτῆς

2031 655 2242 711 dustria
2289 656 2606 711 collisorum
2657 659 2892 712 terzilice
2927 660 3216 713 miscentes
3250 659 3317 712 ad
3353 661 3609 730 Augusta:

2032 747 2439 801 tabernaculum
2469 765 2527 802 se
2558 749 2864 802 conferunt.
2898 749 3236 802 lllatumultu
3271 752 3610 820 strepituque

2032 839 2218 891 audito
2266 840 2656 892 incredibiliter
2711 850 3059 894 consternata
3111 850 3228 906 est,
3286 857 3383 895 nec
3439 845 3607 896 teucri

2033 929 2208 997 potuit
2253 931 2382 999 quin
2433 932 2668 1000 tegmine
2718 933 2910 1000 rapitis
2946 933 3188 986 detracto
3225 935 3276 986 in
3310 934 3604 988 obscurum

2031 1022 2373 1090 gurgustium
2430 1024 2704 1090 spelunca:
2763 1041 2868 1076 non
2926 1024 3175 1078 absimile
3225 1041 3345 1080 sese
3397 1026 3608 1094 trepide

2033 1112 2281 1176 abderet,
2317 1115 2405 1168 ubi
2434 1115 2769 1169 delitescenti
2811 1118 3012 1171 milites
3059 1117 3370 1173 obsidentes
3399 1120 3606 1173 aditum

2034 1204 2133 1258 loci
2180 1205 2386 1259 uiulatu
2424 1206 2702 1260 incondito
2757 1218 2968 1262 tantum
3024 1210 3248 1262 terroris
3301 1210 3604 1272 incussere.

2033 1309 2224 1364 parum
2254 1306 2312 1350 ut
2347 1311 2373 1348 a
2409 1307 2579 1350 morte
2605 1313 2670 1350 ex
2708 1308 2853 1351 metu
2899 1298 3067 1351 nimio
3109 1297 3362 1353 abfutura
3398 1300 3609 1355 videre-

2034 1396 2143 1449 tur,
2191 1386 2294 1439 nisi
2337 1386 2521 1440 Caesar
2573 1389 2853 1455 ingressus
2903 1404 3153 1456 magnam
3205 1389 3253 1443 ei
3300 1389 3610 1445 formidinis

2035 1484 2242 1544 partem
2277 1477 2559 1531 demeret:
2598 1481 2690 1546 qui
2719 1479 2766 1530 ei
2802 1487 2994 1532 auctor
3039 1478 3141 1533 fuit
3183 1482 3417 1534 exeundi
3456 1483 3610 1550 pala-

2034 1568 2131 1631 tio,
2171 1584 2238 1622 ne
2285 1568 2408 1634 quid
2457 1569 2716 1622 acerbum
2750 1570 3100 1638 indiguumve
3129 1588 3160 1624 a
3194 1573 3458 1628 militibus
3491 1574 3611 1643 ejus

2035 1660 2354 1714 custodibus
2412 1669 2709 1729 pateretur.
2772 1660 3143 1730 Acquiesccns
3202 1663 3322 1732 ejus
3378 1666 3610 1720 consilio

2036 1753 2274 1821 Augusta
2311 1751 2589 1804 descendit
2622 1765 2769 1805 mare
2804 1766 2994 1805 versus
3031 1762 3085 1806 et
3128 1755 3336 1822 regium
3380 1755 3606 1808 dromo-

2037 1859 2157 1896 nem
2186 1843 2427 1911 ingressa
2457 1858 2520 1896 eo
2549 1857 2608 1897 se
2638 1842 2899 1906 contulit,
2935 1843 3025 1897 ubi
3059 1845 3278 1900 deﬁnita
3325 1847 3426 1917 ipsi
3454 1847 3611 1902 babi-

340 1931 526 2002 δόγμα
548 1935 758 2000 γίνεται
789 1937 868 1998 εἰς
901 1936 1000 2005 τὴν
1042 1936 1337 2007 μοναδικὴν
1365 1936 1538 2006 αὐτὴν
1569 1934 1930 2006 μετατεθῆναι

2038 1933 2167 1987 tatio
2195 1941 2332 1986 erat.
2363 1930 2569 2002 Nempe
2617 1934 2670 1986 in
2711 1934 2993 1998 templum,
3029 1936 3174 2003 quod
3220 1936 3335 2004 ipsa
3370 1935 3613 2005 Deiparai

343 2021 513 2094 ζωήν.
549 2026 655 2078 Καὶ
686 2027 885 2080 αὐτίκα
918 2029 982 2097 δὴ
1009 2029 1102 2081 καὶ
1143 2027 1302 2081 τοῦτο
1330 2028 1636 2080 τετέλεστο.
1670 2024 1832 2078 Ἀλλὰ
1864 2027 1930 2076 ait

345 2117 452 2184 μὲν
481 2117 628 2170 κατὰ
661 2117 758 2188 τὴν
787 2118 1038 2188 βασιλίδα
1073 2120 1154 2182 εἰς
1197 2119 1354 2172 τοῦτο
1387 2107 1748 2172 συντέτακται
1788 2116 1926 2187 (2i).

2039 2024 2389 2088 condiderat,
2418 2023 2567 2077 Steni
2618 2026 2733 2079 sive
2781 2028 3158 2094 angustiarum
3186 2027 3390 2080 dictum
3412 2065 3427 2091 ,
3465 2027 3612 2096 quod

2041 2115 2106 2168 ad
2140 2113 2260 2168 freti
2292 2114 2480 2168 fauces
2512 2129 2680 2184 pmpe
2712 2130 2863 2168 mare
2893 2117 3057 2171 situm
3090 2126 3255 2172 esset.
3290 2115 3473 2186 Neque
3501 2115 3614 2170 illic

344 2219 532 2266 tamen
559 2212 650 2266 ditt
681 2227 804 2268 esse
834 2213 931 2282 ipsi
963 2217 1159 2283 quieta:
1191 2215 1376 2279 licuit;
1428 2215 1578 2270 brevi
1649 2215 1795 2268 enim
1859 2214 2089 2266 alterum
2158 2212 2434 2266 decretum
2479 2209 2722 2278 exsritit,
2755 2230 2863 2283 quo
2933 2213 3224 2284 jubebatur
3274 2215 3508 2269 transire
3559 2217 3612 2267 in

341 2307 741 2378 professionem
789 2311 913 2364 vitae
970 2311 1307 2374 monasticae,
1355 2312 1497 2380 quod
1551 2319 1605 2364 et
1665 2309 1929 2365 continuo
2007 2307 2346 2363 exsecutioni
2419 2308 2732 2364 mandatum
2767 2318 2869 2363 est.
2901 2309 2956 2362 lu
2993 2311 3136 2362 hunc
3160 2309 3376 2364 modum
3411 2309 3478 2364 de
3511 2309 3615 2363 im-

339 2401 616 2471 peratrice
645 2411 884 2458 statuere
911 2403 1111 2473 placuit
1139 2406 1263 2458 novi
1296 2405 1578 2475 regiminis
1608 2403 2070 2459 moderatoribus.
2295 2391 2303 2410 “

417 2501 528 2548 κα’.
588 2496 844 2565 Διογένης
894 2497 938 2549 δ’
992 2499 1020 2550 ὁ
1087 2497 1343 2566 βασιλεὺς
1393 2500 1494 2567 τῆς
1549 2497 1932 2568 αἰχμαλωσίας

339 2587 640 2652 ἀπολυθεὶς
667 2589 838 2642 δεινὸν
862 2593 1051 2660 ἡγεῖτο
1079 2593 1127 2642 εἰ
1170 2593 1246 2660 μὴ
1287 2590 1443 2655 αὖθις
1475 2592 1575 2662 τῆς
1608 2593 1782 2663 ἀρχῆς
1807 2594 1928 2645 ἐπι-

340 2678 590 2732 λάϐοιτο.
630 2681 738 2733 Καὶ
767 2680 832 2752 δὴ
864 2681 1102 2751 πέμπων
1132 2683 1212 2746 εἰς
1243 2684 1342 2744 τὰς
1382 2684 1700 2753 ἁπανταχοῦ
1747 2683 1930 2746 πόλεις

343 2772 444 2825 καὶ
478 2770 662 2842 χώρας
691 2775 1086 2844 στρατεύματὰ
1107 2792 1166 2826 τε
1200 2776 1522 2845 συνήθροιζε
1550 2779 1644 2829 καὶ
1670 2779 1933 2846 χρήματα

347 2866 764 2933 εἰσεπράττετο.
801 2866 942 2934 Ἤδη
979 2865 1034 2917 δὲ
1056 2865 1293 2935 πλήθους
1325 2865 1474 2935 αύτῴ
1499 2867 1932 2937 συνερρυηκότος

346 2954 728 3023 στρατηγικῆς
762 2954 1044 3023 φάλαγγος
1072 2956 1131 3007 τὸ
1169 2957 1259 3008 διὰ
1304 2957 1484 3026 tam;
1517 2956 1760 3026 γλώττης
1798 2956 1930 3026 βοώ-

350 3061 514 3112 μενον
547 3045 810 3114 πόλισμα,
843 3046 991 3115 φημὶ
1027 3047 1083 3099 δὲ
1119 3048 1215 3116 τὴν
1257 3048 1579 3117 Ἀμὰσειαν,
1616 3051 1752 3117 μετὰ
1793 3066 1931 3102 παν-

347 3136 444 3196 τὸς
494 3135 592 3187 τοῦ
648 3139 1012 3206 στρατοπέδου
1067 3137 1504 3206 καταλαμϐάνει.
1558 3136 1722 3190 Ἀλλὰ
1768 3139 1928 3190 τοῦτο

2111 2497 2199 2550 21.
2234 2499 2537 2570 Imperator
2569 2507 2746 2551 autent
2778 2496 3047 2566 Diogenes
3079 2497 3396 2565 captivitate
3421 2495 3621 2550 libera-

2039 2598 2146 2654 tus,
2186 2591 2457 2661 iniquum,
2486 2606 2588 2644 nec
2619 2573 2958 2643 tolerandum
2997 2589 3368 2642 arbitrabatur
3401 2588 3614 2642 excludi

2038 2697 2097 2736 se
2137 2682 2483 2750 possessione
2522 2681 2876 2749 principatus.
2928 2678 3109 2744 Quare
3151 2679 3334 2734 missis
3363 2693 3618 2748 quoquo-

2039 2789 2255 2827 versum
2290 2774 2342 2826 in
2370 2773 2617 2827 civitates
2644 2781 2697 2824 et
2731 2775 3059 2840 provincias,
3091 2773 3185 2841 qui
3221 2774 3408 2841 copias
3441 2783 3493 2825 et
3523 2787 3616 2840 pe-

2038 2865 2231 2919 cunias
2264 2865 2623 2934 undecunque
2651 2877 2930 2932 cogerent,
2965 2864 3052 2916 tibi
3097 2862 3401 2916 conlhn‘nte
3434 2862 3618 2915 mult.-

2040 2957 2224 3010 tudine
2269 2955 2478 3023 justum
2516 2955 2818 3009 exercitum
2872 2955 3020 3008 brevi
3072 2953 3328 3022 collegit,
3378 2969 3504 3007 cum
3549 2969 3617 3007 eo

2040 3047 2306 3102 celebrem
2361 3048 2412 3100 in
2465 3047 2657 3116 primis
2708 3047 2896 3100 urbem
2930 3047 3219 3100 Amaseam
3276 3045 3468 3098 tenuit.
3502 3042 3617 3099 Hoc

2037 3139 2223 3194 audito
2252 3140 2546 3208 imperator
2571 3149 2620 3192 et
2642 3137 2748 3209 47
2767 3137 2951 3192 Caesar
2985 3137 3298 3206 cogitabant
3327 3152 3488 3205 quem
3517 3138 3614 3189 ad-

351 3227 622 3296 μαθόντες
653 3230 702 3281 οἱ
745 3230 874 3300 περὶ
901 3229 992 3282 τὸν
1041 3229 1268 3298 βασιλέα
1315 3247 1374 3282 τε
1413 3229 1508 3282 καὶ
1545 3229 1639 3281 τὸν
1675 3229 1930 3299 Καίσαρα

2039 3246 2230 3285 versus
2245 3247 2368 3285 eum
2393 3231 2689 3284 mitterent.
2711 3229 2950 3284 Tandem
2973 3229 3173 3298 placuit
3196 3227 3614 3297 Andreiiieoju-

344 3320 620 3372 ἐσκόπουν
645 3319 766 3372 τίνα
794 3320 968 3390 τούτῳ
999 3321 1293 3376 ἀντίπαλον
1327 3321 1752 3391 καταστήσειαν.
1789 3323 1935 3374 "E60-

347 3411 441 3474 ξεν
481 3411 576 3465 οῦν
613 3413 722 3465 τῶν
773 3413 869 3466 τοῦ
908 3414 1186 3484 Καίσαρος
1227 3414 1388 3466 υἱέων
1441 3413 1521 3484 τῷ
1575 3415 1828 3484 νεωτέρῳ
1872 3414 1934 3466 τὸ

356 3499 668 3568 Ῥωμαϊκὸν
722 3501 997 3555 πιστεύειν
1051 3503 1443 3573 στρατόπεδον,
1490 3504 1644 3574 ἀνδρὶ
1686 3506 1781 3556 καὶ
1833 3503 1933 3574 τὴν

348 3593 514 3660 χεῖρα
551 3594 782 3664 γενναίῳ
823 3594 918 3648 καὶ
947 3595 1046 3664 τὴν
1093 3595 1308 3646 σύνεσιν
1345 3594 1458 3659 ὀξεῖ
1500 3613 1558 3647 τε
1593 3596 1686 3648 καὶ
1721 3596 1934 3666 θαυμα-

349 3686 476 3754 σίῳ.
529 3685 588 3737 'U
629 3687 686 3738 δὲ
735 3689 834 3751 τὰς
883 3689 1142 3758 δυνάμεις
1188 3687 1369 3742 λαϐὼν
1423 3690 1620 3759 ἐχώρει
1666 3691 1807 3742 κατὰ
1838 3692 1932 3744 τοῦ

348 3779 665 3846 Διογένους,
721 3781 815 3832 καὶ
871 3780 1045 3850 ἀγχοῦ
1093 3781 1237 3834 κατὰ
1281 3781 1380 3850 τῆς
1433 3781 1730 3850 Ἀμασείας
1778 3782 1931 3849 γενό-

352 3887 518 3939 μενος
564 3871 760 3939 πρῶτα
795 3872 896 3942 μὲν
925 3873 1128 3942 συνῆγε
1159 3873 1222 3924 τὸ
1263 3872 1582 3943 στράτευμα
1623 3876 1718 3925 καὶ
1764 3875 1934 3944 ἀκρο-

348 3962 635 4032 ϐολισμοῖς
683 3965 912 4035 ἐχρῆτο,
967 3965 1060 4018 καὶ
1105 3965 1287 4020 πάντα
1325 3965 1526 4034 τρόπον
1565 3965 1932 4034 ὲμηχανᾶτοῆ

347 4056 606 4123 αἱρήσειν
630 4053 720 4106 τὸν
743 4055 1004 4124 Διογένην
1033 4055 1066 4125 ἢ
1095 4055 1368 4120 ὲξελάσειν
1390 4059 1490 4124 τῆς
1518 4056 1741 4118 πόλεως.
1792 4056 1849 4108 Ὁ
1879 4057 1934 4108 δὲ

350 4148 835 4216 στενοχωρούντων
871 4149 982 4201 τῶν
1031 4148 1375 4218 πραγμάτων
1414 4147 1564 4216 αὐτῷ
1611 4148 1932 4216 ἠναγκάσθη

348 4241 451 4299 τὰς
473 4238 736 4306 δυνάμεις
765 4239 1060 4307 ἐξαγαγεῖν
1087 4240 1182 4292 καὶ
1209 4238 1661 4309 παρατάττεσθαι
1683 4239 1818 4308 πρὸς
1845 4240 1934 4290 τὸν

348 4329 553 4384 Δοῦκα.
583 4330 884 4396 Μίγνυνται
913 4330 1005 4384 οὖν
1038 4328 1322 4400 ἀμφότερα
1352 4333 1418 4382 τὰ
1451 4330 1810 4400 στρατόπεδα,
1840 4331 1936 4382 καὶ

351 4420 650 4470 πίπτουσιν
676 4420 1015 4491 ἑκατέρωθεν
1051 4423 1292 4475 πλεῖστοι
1319 4420 1430 4473 τῶν
1457 4419 1774 4490 στρατηγῶν
1799 4421 1933 4472 ἐκα-

349 4511 530 4582 τέρων
580 4514 834 4580 γενναίως
861 4513 1306 4583 ἀγωνιζομένων.
1338 4512 1601 4580 Φεύγουσι
1630 4512 1674 4566 δ’
1708 4513 1853 4582 ὅμως
1885 4512 1932 4564 οἱ

352 4605 602 4673 “api-1t"
639 4605 934 4672 Διοῖέντλν,
981 4603 1073 4656 τοῦ
1122 4603 1301 4657 Δούκα
1343 4601 1755 4656 Κωνσταντίνου
1805 4617 1930 4668 γεν-

352 4694 642 4760 ναιότερον
677 4695 1084 4765 προσϐαλόντος
1109 4698 1218 4757 τοῖς
1249 4695 1388 4747 κατὰ
1428 4694 1678 4762 μέτωπον
1713 4692 1935 4762 ἱσταμέ-

351 4801 466 4846 νοις
508 4787 603 4837 καὶ
633 4784 729 4854 τὴν
769 4787 996 4838 ἐκείνων
1023 4785 1336 4855 ώθήσαντος
1371 4785 1646 4854 φάλαγγα.
1697 4783 1934 4836 Πίπτου-

509 4873 532 4890 τ
674 4878 720 4889 ς.
765 4880 774 4890 .
866 4878 886 4887 -
1717 4881 1743 4894 ..

353 4895 439 4930 σιν
473 4895 568 4930 ουν
606 4895 788 4929 πολλοι
821 4896 929 4929 των
961 4880 1087 4947 περὶ
1123 4878 1212 4931 τὸν
1260 4879 1544 4949 Διογένην,
1579 4878 1666 4949 [Ρ.
1715 4881 1807 4952 ,94]
1835 4883 1935 4933 a5-

351 4971 444 5032 τὸς
482 4970 543 5022 δὲ
579 4970 864 5040 διαφεύγει
916 4971 1013 5022 καὶ
1067 4972 1165 5022 σιν
1211 4969 1413 5039 ὀλίγοις
1459 4973 1570 5034 τοῖς
1616 4961 1742 5039 περὶ
1774 4973 1937 5024 αὐτὴν

351 5064 434 5127 είς
482 5080 537 5115 τι
576 5063 816 5116 κλείεται
873 5063 1156 5134 φρούριον.
1211 5063 1380 5114 Τοῦτο
1435 5063 1650 5133 πρῶτον
1703 5064 1936 5134 θάρσους

350 5158 530 5211 αἴτιον
561 5159 672 5218 τοῖς
726 5157 854 5226 περὶ
910 5157 1002 5209 τὸν
1049 5155 1271 5225 βασιλέα
1303 5157 1521 5225 Μιχαὴλ
1559 5156 1799 5222 γίνεται,
1842 5160 1939 5208 καὶ⁸

350 5250 615 5316 Διογένης
643 5248 897 5310 ἐντεῦθεν
923 5248 1101 5317 ἀρχὴν
1135 5247 1404 5315 λαμϐάνει
1431 5248 1530 5315 τῆς
1563 5247 1933 5310 καταλύσεως.

351 5337 468 5389 Καὶ
503 5335 646 5386 ἑάλω
689 5335 754 5388 ἂν
793 5334 992 5387 αὐτίκα
1018 5376 1032 5400 ,
1062 5335 1108 5386 εί
1152 5336 1225 5404 μή
1255 5351 1308 5385 τι
1338 5334 1465 5386 ἄλλο
1504 5337 1934 5391 συνεπεπτώκει.

366 5424 537 5494 Ἀνὴρ
564 5425 672 5492 γάρ
695 5441 780 5486 τις
818 5423 878 5488 ἐξ
931 5424 1222 5493 Ἀρμενίας
1259 5423 1319 5474 τὸ
1352 5423 1506 5488 γένος
1532 5424 1808 5487 ἀνέλκων,
1843 5427 1937 5496 τὴν

353 5516 583 5587 γνώμην
643 5516 853 5587 βαθὺς,
914 5515 1014 5585 τὴν
1072 5517 1231 5586 χεῖρα.
1287 5517 1531 5583 γενναῖος
1580 5517 1608 5568 ὁ
1660 5518 1939 5570 Κουτατά-

2038 3323 2179 3378 niori
2211 3323 2440 3377 Caesaris
2469 3322 2615 3387 lilio,
2646 3322 2763 3376 viro
2813 3337 2978 3374 manu
3015 3321 3137 3375 forti
3173 3322 3522 3390 expeditique
3553 3336 3616 3372 ae

2038 3417 2270 3484 prompti
2305 3429 2406 3469 nec
2440 3415 2619 3469 minus
2645 3414 2761 3469 sani
2797 3413 3030 3479 consilii,
3065 3414 3368 3467 ltomanum
3402 3414 3616 3468 exerci-

2039 3515 2150 3564 tum
2185 3506 2518 3560 ductaudum
2554 3506 2791 3559 tradere.
2829 3505 3075 3575 Sumptis
3121 3507 3284 3572 igitur
3312 3507 3400 3561 hic
3429 3521 3614 3560 secum

2037 3598 2211 3668 copiis
2263 3607 2450 3652 contra
2498 3597 2796 3667 Diogenem
2851 3600 3054 3663 movit,
3109 3609 3508 3668 provectusque
3560 3598 3616 3651 in

2036 3691 2289 3744 viciniam
2314 3683 2886 3753 Amaseuzecivitatis,
2913 3700 3103 3745 coacto
3136 3692 3188 3744 iu
3221 3706 3387 3744 unum
3415 3694 3618 3758 corpus

2036 3781 2298 3844 exercitu,
2322 3780 2732 3838 velitationibus
2759 3781 3062 3836 lacessebat
3092 3781 3329 3846 hostem,
3351 3781 3616 3849 omnique

2038 3875 2250 3927 ratione
2287 3865 2590 3950 conabatur
2626 3885 2722 3929 aut
2750 3889 2945 3942 capere
2971 3885 3067 3929 aut
3097 3873 3231 3928 urbe
3261 3874 3463 3942 pellere
3495 3871 3619 3925 Dio-

2037 3980 2227 4032 genem
2260 3983 2272 4018 :
2299 3966 2392 4034 qui
2426 3966 2478 4018 in
2514 3952 2666 4019 arcto
2700 3965 3093 4034 deprehensus,
3120 3973 3344 4019 coactus
3374 3973 3459 4018 est
3484 3964 3586 4018 edn

2039 4070 2164 4110 ctare
2203 4071 2330 4110 suas
2379 4051 2564 4125 copias
2614 4067 2668 4111 et
2715 4043 2884 4126 praelii
2935 4057 3148 4125 cepiam
3208 4055 3369 4110 Durae
3415 4054 3614 4109 facere.

2038 4139 2335 4202 Miscentur
2366 4164 2496 4218 ergo
2524 4148 2686 4203 ambo
2716 4150 3022 4214 exercitus,
3070 4147 3383 4214 caduntque
3435 4146 3616 4200 utrin-

2039 4256 2145 4308 que
2175 4231 2678 4308 plurimi,ducibus
2727 4241 2972 4306 utrisque
3019 4254 3279 4306 generose
3326 4239 3618 4307 pugnanti-

2041 4335 2159 4386 bus.
2196 4323 2449 4402 Fugiunt
2479 4313 2660 4385 Itameu
2716 4331 2782 4384 ad
2835 4342 3140 4384 extremum
3177 4329 3516 4398 Diogeniaui,
3549 4329 3618 4380 ad

2041 4423 2092 4476 id
2127 4424 2468 4493 potissimum
2521 4423 2739 4491 impulsi
2785 4421 3180 4476 vehementiori
3236 4419 3617 4489 impressione.

2040 4531 2146 4584 qua
2174 4516 2567 4570 Constantinus
2597 4515 2774 4569 Ducas
2822 4516 2876 4567 in
2931 4513 3164 4567 frontem
3204 4513 3446 4580 ipsorum
3481 4512 3616 4564 aciei

2043 4607 2299 4662 ferociter
2345 4608 2628 4670 invectus,
2687 4606 3010 4676 phalangem
3058 4605 3178 4658 loco
3231 4605 3418 4655 movit.
3449 4602 3618 4655 Caesis

2044 4698 2206 4767 igitur
2236 4698 2420 4752 multis
2452 4713 2516 4751 ex
2547 4709 2697 4764 parte
2732 4695 2986 4765 Diogenis
3008 4736 3022 4759 ,
3072 4694 3209 4764 fugit
3251 4695 3366 4761 ipse
3398 4707 3461 4744 ac
3491 4707 3618 4746 cum

2043 4789 2234 4857 paucis
2278 4791 2331 4842 in
2380 4803 2559 4842 arcem
2613 4801 2673 4842 sc
2722 4788 3015 4856 quamdam
3051 4785 3292 4839 inclusit.
3326 4783 3401 4836 Ea
3444 4784 3618 4852 prima

2045 4882 2181 4935 bene
2228 4882 2482 4949 sperandi
2534 4880 2602 4934 de
2652 4895 2864 4933 summa
2913 4877 3038 4930 belli
3094 4892 3259 4929 causa
3307 4877 3484 4930 oblata
3535 4889 3622 4928 εει

2047 4971 2321 5025 tuentibus
2343 4970 2618 5024 Michaelis
2643 4979 2823 5039 partes
2852 4967 3111 5036 exiliique
3140 4967 3351 5020 initium
3381 4964 3618 5018 indidem

2047 5063 2193 5117 haud
2241 5065 2404 5117 dubie
2444 5062 2712 5132 Diogenes
2762 5061 3022 5128 sumpsit.
3056 5063 3232 5128 Atque
3262 5060 3399 5113 adeo
3431 5069 3621 5128 οιιριιις

2043 5157 2225 5208 statim
2260 5164 2424 5219 esset,
2458 5155 2559 5207 nisi
2587 5152 2846 5222 quiddam
2883 5152 3169 5207 accidisset
3197 5151 3341 5219 quod
3373 5167 3497 5203 mox
3534 5167 3622 5202 re-

2044 5245 2234 5299 feram.
2295 5244 2388 5298 Vir
2437 5255 2553 5300 erat
2603 5247 2871 5299 oriundus
2916 5261 2982 5300 ex
3030 5243 3324 5306 Armenia,
3364 5242 3620 5311 profundi

2043 5336 2279 5400 consilii,
2319 5352 2482 5389 manu
2521 5346 2836 5406 promptus,
2871 5335 3225 5389 Chntatarius
3258 5335 3517 5398 nomine;
3572 5335 3620 5386 is

2045 5432 2362 5502 uina'tratu
2390 5433 2624 5498 quodam
2663 5444 2772 5484 uno
2797 5445 2863 5486 ex
2896 5430 3148 5483 maximis
3174 5443 3203 5482 a
3238 5428 3472 5496 Diogene
3505 5439 3618 5480 tum

2045 5520 2334 5588 imperium
2369 5520 2786 5577 administrante
2839 5531 3088 5588 ornatus,
3136 5536 3257 5574 eam
3287 5517 3620 5573 benefactori

1353 5649 1559 5713 Caroli
1600 5654 1698 5714 Du
1744 5655 1982 5718 Fresne
2019 5659 2117 5718 Du
2152 5657 2360 5737 Cange
2397 5665 2584 5720 notae.

432 5810 539 5878 (:13)
574 5808 876 5863 Eudociam
927 5804 981 5856 in
1048 5800 1440 5878 monasterium
1508 5800 1588 5878 ab_
1616 5800 1731 5878 ipsa
1807 5805 2220 5871 exzczlificatum,
2295 5805 2381 5861 cui
2445 5804 2718 5876 ΙΙιπεροὺς
2776 5821 2972 5861 nomen
3037 5803 3156 5870 fuit,
3215 5802 3530 5862 remissam,
3570 5804 3624 5856 in

355 5872 532 5953 coque
565 5882 836 5938 reclusum
874 5882 1100 5929 narrant
1130 5877 1284 5932 Anna
1319 5872 1354 5928 l.
1389 5889 1442 5927 is
1478 5880 1528 5928 et
1558 5872 1838 5942 Srylitzes.
