4154 6478
529 382 601 447 83
1736 372 2156 448 NICEPHORI
2202 387 2570 448 BRYENNII
3160 368 3165 373 ’
3720 376 3797 440 84

536 492 839 552 saltabant.
870 493 1210 549 Verebantur
1237 495 1405 559 enim,
1440 510 1508 549 ne
1538 496 1583 551 si
1613 496 1660 550 ei
1696 511 1953 551 securum
1985 511 2111 564 spa-

2219 497 2369 563 λόγος
2417 495 2764 567 ἡρμήνευσεν
2812 493 3054 559 ἄνωθεν,
3098 490 3491 563 παλινοστῆσαι
3549 492 3685 566 πρὸς
3735 495 3799 548 τὸ

534 589 673 643 tium
700 587 1059 642 conﬁrmandi
1093 587 1176 641 sui
1206 587 1422 650 darent,
1444 588 1743 642 exercitum
1775 587 2113 643 numerosio-

533 694 674 745 rem,
702 694 867 749 quam
916 680 1087 747 prius,
1119 679 1223 733 sibi
1268 687 1641 748 compararet.
1672 679 2013 748 pecuniaque
2043 693 2108 731 ex

532 770 732 826 vicinis
761 770 1067 825 Antiochia:
1095 770 1413 839 regionibus
1438 779 1494 824 et
1520 770 1747 825 urbibus
1779 770 1973 825 idonea
2002 768 2108 823 col-

535 865 674 920 lecta
704 864 783 918 sic
811 874 992 932 partes
1021 863 1265 916 ﬁrmaret
1299 878 1448 927 suas.
1486 873 1544 917 ut
1574 878 1681 917 non
1731 862 1890 917 facile
1930 862 2113 916 dt-hcl-

536 956 635 1009 lari
658 966 865 1025 posset.
888 953 1242 1025 Vocato-ergo
1264 955 1365 1025 δι
1392 955 1574 1010 Caesar
1592 954 1956 1011 Constantino
1977 954 2111 1016 ﬁlio,

534 1045 646 1114 egit
672 1059 796 1099 cum
824 1058 893 1099 eo
927 1053 987 1099 ut
1023 1060 1212 1099 rursus
1241 1046 1401 1098 vellet
1448 1045 1743 1113 assumptis
1797 1044 1968 1113 copiis
2016 1043 2113 1096 ad-

533 1150 727 1191 versus
755 1135 1049 1205 Diogenem
1080 1137 1373 1204 proﬁcisci.
1404 1136 1511 1191 Sed
1537 1137 1628 1189 illo
1660 1144 1967 1196 recusante,
1996 1150 2115 1189 ma-

480 1283 508 1309 .
531 1229 623 1296 jor
649 1236 780 1283 natu
812 1227 981 1281 frater
1006 1227 1128 1297 ejus
1156 1228 1460 1283 accersitur
1484 1227 1852 1289 Andronicus,
1875 1238 1928 1280 et
1954 1228 2112 1282 istam

535 1318 933 1387 expeditionem
965 1322 1246 1386 suscipere
1272 1318 1510 1384 jubetur.
1544 1317 1765 1387 Egregia
1798 1326 1910 1371 tum
1937 1317 1993 1369 in
2023 1316 2113 1383 jn-

540 1425 678 1464 vene
703 1411 876 1480 pietas
908 1420 962 1463 et
1003 1412 1211 1477 parenti
1253 1407 1591 1479 obsequendi
1622 1410 1817 1464 enituit
1845 1408 2110 1464 studium.

541 1500 792 1555 Paratum
826 1516 885 1555 se
915 1501 1095 1554 statim
1126 1501 1191 1554 ad
1217 1500 1437 1570 quidtis
1470 1500 1688 1563 obtulit,
1713 1513 1814 1554 nec
1838 1500 2021 1555 verbis
2053 1499 2116 1554 li-

540 1591 795 1654 beralion
851 1596 1015 1660 quam
1066 1591 1251 1655 rebus,
1299 1591 1491 1646 eodem
1540 1591 1630 1646 die
1674 1592 2008 1660 imperatore
2050 1605 2117 1647 ac

538 1690 690 1748 patre
736 1682 1006 1748 salutato,
1040 1682 1481 1737 Cltalceelonense
1529 1682 1834 1737 transmisit
1884 1681 2109 1738 fretum.

541 1773 757 1842 Sexque
787 1773 1010 1828 omnino
1058 1773 1174 1828 dies
1219 1774 1363 1828 circa
1411 1772 1813 1829 Chalcedonem
1862 1781 2112 1829 moratus

2216 589 2529 654 Βυζάντιον,
2561 589 2890 642 ἐσκέπτοντο
2928 587 3073 650 ὅπως
3113 586 3178 640 ἂν
3204 584 3273 641 τὰ
3300 584 3442 638 κατὰ
3479 584 3570 639 τὸν
3611 584 3799 654 Διογέ-

2215 700 2313 751 νην
2356 682 2665 735 διάθωνται.
2709 680 3019 734 Ἐδεδίεσαν
3057 678 3165 749 γὰρ
3199 677 3274 748 μή
3318 695 3436 740 πως
3468 676 3655 740 ἀδείας
3689 678 3799 732 πά-

2215 774 2299 827 λιν
2352 775 2558 836 ἐκεῖνος
2590 772 2925 842 δραξάμενος
2979 769 3365 842 στρατεύματά
3406 786 3466 822 τε
3500 767 3802 841 συναγείρῃ

2215 866 2322 919 τῶν
2358 866 2549 936 πρώην
2586 864 2669 938 [Ρ.
2706 864 2796 937 56]
2832 864 3051 917 πλείονα
3074 906 3088 929 ,
3133 862 3225 916 καὶ
3279 863 3539 935 χρήματα
3580 860 3690 914 τῶν
3732 863 3801 916 ὲκ

2215 958 2317 1027 τῆς
2374 956 2706 1027 Ἀντιοχείας
2743 956 2936 1029 χώρων
2966 953 3332 1025 είσπράξηται
3367 952 3465 1007 καὶ
3506 950 3801 1023 δυσμαχώ-

2214 1066 2371 1120 τερος
2403 1050 2731 1118 κατασταίη.
2779 1048 2952 1109 Εὐθὺς
2980 1041 3071 1100 οὖν
3095 1047 3122 1099 ὀ
3152 1047 3371 1117 Καῖσαρ
3404 1044 3801 1115 μετακαλεῖται

2215 1140 2307 1194 τὸν
2356 1139 2471 1193 υίὸν
2530 1142 2974 1199 Κωνσταντῖνον,
3036 1138 3132 1191 καὶ
3185 1134 3343 1200 αὖθις
3394 1134 3491 1200 τὰς
3540 1132 3802 1203 δυνάμεις

2217 1232 2622 1303 ἀναλαμϐάνειν
2651 1235 2742 1286 καὶ
2775 1232 2917 1286 κατὰ
2938 1231 3031 1284 τοῦ
3070 1229 3355 1299 Διογένους
3407 1228 3605 1299 χωρεῖν
3652 1244 3797 1298 παρ-

2217 1324 2521 1379 εκελεύετο.
2576 1326 2685 1378 Τοῦ
2739 1324 2795 1378 δὲ
2843 1322 3310 1393 παραιτουμένου,
3345 1322 3372 1373 ὁ
3426 1318 3802 1391 πρεσϐύτερος

2217 1420 2327 1470 τῶν
2359 1416 2453 1469 τοῦ
2483 1417 2760 1488 Καίσαρος
2792 1416 2922 1469 υίῶν
2956 1413 3307 1485 μετεκαλεῖτο
3333 1411 3673 1484 Ἀνδρόνικος
3703 1410 3803 1462 καὶ

2219 1511 2500 1565 ἐκελεύετο
2524 1510 2763 1565 ἀπιέναι.
2809 1510 2867 1563 Ὀ
2906 1509 2986 1573 δὲ,
3022 1509 3178 1578 εἴπερ
3212 1524 3296 1572 τις
3336 1505 3522 1570 ἄλλος,
3555 1502 3800 1573 ὑπήκοος

2219 1607 2293 1660 ὣν
2326 1608 2493 1676 πατρῖ
2541 1604 2704 1669 εὐθὺς
2746 1605 2966 1674 ἕτοιμος
2996 1597 3063 1674 ἦν
3103 1602 3241 1673 πρὸς
3276 1600 3339 1654 τὸ
3376 1599 3558 1669 ἔργον.
3597 1597 3805 1650 Συντα-

2222 1702 2449 1770 ξάμενος
2478 1698 2570 1752 οὖν
2603 1697 2918 1768 αὐθημερὸν
2957 1694 3035 1767 τῷ
3068 1692 3279 1766 βασιλεῖ
3304 1691 3397 1746 καὶ
3442 1690 3519 1761 τῷ
3556 1689 3803 1757 Καίσαρι

2219 1788 2311 1839 τδν
2348 1787 2594 1856 πορθμὸν
2630 1782 3013 1854 διεπεραιοῦτο
3044 1783 3136 1836 τὸν
3173 1781 3562 1853 Χαλκηδόνιον.
3594 1780 3705 1832 Καὶ
3742 1776 3806 1844 ἒξ

543 1865 869 1935 apparandis
900 1865 1061 1920 rebus
1081 1865 1148 1919 ad
1183 1864 1573 1934 profectionem
1608 1866 1958 1931 necessariis,
1990 1866 2114 1921 hinc

2219 1876 2433 1945 ἡμέρας
2465 1873 2748 1943 διατρίψας
2781 1873 2910 1943 περὶ
2947 1872 3045 1943 τὴν
3076 1871 3398 1941 Χαλκηδόνα
3430 1870 3554 1923 ὅσον
3582 1868 3650 1922 τὰ
3681 1868 3806 1920 ἑπι-

544 1970 768 2010 morens
813 1957 1069 2012 circuivit
1111 1957 1441 2013 Orientalem
1500 1967 1734 2011 tractum
1785 1959 2118 2028 collegitque

541 2047 752 2115 mpias,
784 2047 985 2115 quibus
1010 2048 1284 2103 universis
1317 2064 1487 2103 unum
1518 2048 1573 2103 in
1601 2049 1882 2105 exercitus
1916 2064 2116 2118 corpus

544 2151 729 2191 secum
758 2137 964 2206 junctis
985 2138 1410 2209 itercapessivit
1429 2139 1679 2196 Ciliciam
1705 2156 1915 2196 versus.
1935 2141 2115 2195 Prima

544 2228 597 2281 in
629 2226 715 2283 his
736 2227 1052 2284 Andronico
1082 2245 1213 2284 cura
1239 2230 1346 2285 fuit
1370 2233 1720 2288 concordiam
1752 2242 1807 2288 et
1835 2233 2117 2303 conspira-

542 2324 747 2376 tionem
792 2320 846 2373 in
893 2337 1063 2376 unum
1110 2338 1332 2379 sensum
1375 2325 1428 2378 in
1472 2324 1719 2380 exercitu
1754 2325 2113 2381 constituere.

540 2409 701 2477 Quod
750 2422 1034 2468 assecutus
1073 2429 1289 2469 summa
1341 2415 1634 2481 comitate,
1685 2431 1793 2488 qua
1844 2432 2118 2487 quemque

544 2506 942 2561 humanissime
972 2506 1509 2581 familiarissimeque
1543 2512 1847 2578 tractabat;
1881 2512 2114 2566 alterum

541 2595 739 2653 deinde
762 2597 903 2653 istud
928 2598 1029 2653 sibi
1057 2602 1343 2669 proposuit
1370 2617 1551 2672 agere,
1591 2610 1651 2656 ut
1694 2601 1962 2657 adventus
1994 2604 2115 2673 ejus

543 2690 732 2744 lateret
758 2690 961 2755 hostes,
992 2692 1261 2762 priusque
1293 2695 1408 2762 ipse
1435 2708 1559 2749 cum
1588 2695 1705 2750 suis
1734 2710 1828 2763 per
1852 2706 2114 2765 angustos

542 2779 722 2835 aditus
765 2780 820 2834 in
853 2780 1098 2835 Ciliciam
1148 2791 1493 2852 penetraret,
1536 2799 1700 2854 quam
1750 2784 1802 2839 id
1846 2783 2115 2856 Diogenes

540 2875 822 2929 sensisset.
850 2872 1024 2943 Hujus
1072 2889 1290 2945 quoque
1336 2876 1560 2931 secundi
1610 2877 1719 2931 voti
1755 2892 1984 2947 compos
2031 2875 2114 2932 fa-

541 2974 662 3018 ctus
689 2971 793 3018 est.
821 2963 986 3018 Arcto
1004 2963 1150 3018 enim
1178 2972 1231 3018 et
1264 2965 1524 3034 praecipiti
1553 2966 1690 3021 calle
1724 2975 1984 3036 superato
2006 2967 2119 3020 An—

539 3054 750 3109 dronici
807 3054 1008 3110 milites
1055 3067 1281 3125 repente
1332 3057 1466 3110 nihil
1520 3058 1703 3112 minus
1760 3059 2115 3129 opinantibus

542 3145 891 3214 Diogenianis
924 3158 1310 3216 apparuerunt.

610 3242 703 3296 24.
741 3241 974 3308 Quando
1003 3243 1238 3311 primum
1272 3253 1496 3312 accepto
1543 3259 1705 3299 sensu
1750 3245 2113 3314 expeditionis

541 3339 733 3386 contra
763 3345 823 3385 se
846 3330 1024 3386 ducta
1044 3373 1057 3398 ,
1084 3333 1378 3403 imperator
1407 3331 1675 3404 Diogenes
1708 3336 1893 3404 copias
1920 3345 1975 3391 et
2002 3338 2117 3405 ipse

540 3438 672 3478 suas
703 3422 913 3487 eduxit,
943 3423 1065 3476 belli
1102 3439 1319 3480 summa
1363 3435 1418 3479 et
1457 3426 1731 3482 exercitus
1779 3443 1917 3499 pene
1950 3430 2117 3485 totius

543 3517 697 3584 plena
719 3500 987 3585 potestaie
1017 3518 1088 3583 ei,
1124 3517 1281 3585 cujus
1302 3521 1555 3589 superius
1580 3521 2120 3589 meminimus,Chu-

542 3609 738 3664 talario
770 3610 1029 3664 Armenio
1059 3609 1164 3680 52
1195 3612 1483 3680 permissa.
1532 3612 1624 3668 Ille
1669 3612 1920 3671 immisso
1957 3614 2120 3685 equi-

544 3711 657 3755 tum
689 3700 1041 3770 peditumque
1071 3703 1266 3759 idoneo
1303 3719 1555 3772 numero,
1597 3719 1868 3777 occupare
1910 3694 2118 3763 studuit

542 3800 848 3861 opportuna
879 3791 1020 3859 loca,
1045 3792 1136 3847 sed
1166 3808 1261 3863 spe
1287 3810 1385 3849 sua
1417 3794 1590 3853 falsus
1617 3806 1720 3864 est,
1750 3813 1813 3853 ea
1845 3811 2115 3868 praeoccu-

542 3893 662 3951 pata
694 3884 971 3953 reperiens
1003 3900 1034 3939 a
1065 3885 1369 3941 domestico
1413 3889 1727 3944 scholarum
1775 3891 2110 3945 Andronico.

544 3966 809 4031 Exclusus
857 3974 983 4029 inde
1031 3974 1195 4046 igitur
1240 3974 1419 4031 fronte
1470 3979 1697 4035 adversa
1750 3995 1904 4035 suam
1937 3982 2110 4034 aciem

2219 1968 2411 2036 τήδειὰ
2438 1967 2486 2019 οἱ
2517 1966 2585 2019 τὰ
2614 1966 2751 2036 πρὸς
2780 1964 2879 2034 τὴν
2913 1962 3276 2033 ἐκστρατείαν
3318 1960 3573 2029 γενέσθαι
3600 1997 3614 2019 ,
3655 1958 3805 2012 ἐκεῖ·-

2221 2062 2312 2115 θεν
2340 2059 2555 2129 ἀπάρας
2592 2057 2807 2129 περιῄει
2838 2056 2935 2128 τὴν
2959 2055 3073 2109 Ἕω
3101 2056 3192 2109 καὶ
3216 2055 3314 2115 τὰς
3348 2052 3608 2122 δυνάμεις
3673 2068 3805 2103 συν-

2221 2153 2399 2219 έλεγε.
2421 2151 2533 2203 Καὶ
2556 2149 2753 2203 θᾶττον
2777 2148 2994 2211 ἁπάσας
3020 2146 3276 2214 συλλέξας
3292 2143 3385 2213 ξὺν
3400 2146 3587 2209 αὐταῖς
3605 2142 3803 2214 ἐχώρει

2220 2242 2357 2312 πρὸς
2387 2240 2484 2312 τὴν
2518 2239 2777 2294 Κιλίκιον.
2811 2239 3019 2292 Σκοπὸν
3043 2238 3086 2291 δ’
3124 2238 3276 2291 ἔθετο
3316 2235 3527 2309 πρῶτον
3562 2236 3640 2298 είς
3672 2234 3805 2304 μίαν

2219 2337 2314 2389 καὶ
2343 2333 2443 2403 τὴν
2469 2331 2638 2403 αὐτὴν
2663 2329 2888 2401 γνώμην
2922 2328 3374 2401 μεθαρμόσασθαι
3403 2328 3462 2382 es
3494 2326 3803 2399 στρατόπε-

2219 2425 2306 2478 δον
2330 2441 2345 2457 ο
2380 2424 2500 2477 ἐπεὶ
2525 2423 2583 2477 δὲ
2614 2421 2772 2475 τοῦτο
2802 2420 2952 2490 αὐτῷ
2991 2421 3271 2489 ἐξεγένετο
3304 2419 3519 2488 ἑκάστῳ
3552 2434 3802 2486 προσφε-

2222 2515 2437 2588 ρομένῳ
2476 2513 2739 2577 ἐπιεικῶς
2781 2513 2876 2568 καὶ
2917 2513 3057 2582 πρὸς
3104 2512 3282 2565 πάντα
3330 2506 3803 2582 μεθαρμοζομένῳ

2220 2611 2474 2674 οἰκείως,
2515 2607 2768 2676 δεύτερον
2816 2604 3017 2659 σκοπὸν
3072 2602 3283 2656 τίθεται
3331 2601 3455 2663 τοὺς
3510 2597 3803 2666 πολεμίους

2218 2702 2403 2757 λαθεῖν
2440 2700 2535 2754 καὶ
2566 2698 2633 2753 τὰ
2667 2697 2827 2751 στενὰ
2857 2698 2957 2766 τῆς
3000 2694 3256 2759 Κιλικίας
3286 2691 3516 2746 διελθεῖν
3563 2687 3670 2759 πρὸ
3700 2684 3801 2740 τοῦ

2217 2797 2309 2850 τὸν
2349 2793 2607 2864 Διογένην
2656 2790 2941 2848 αἰσθέσθαι
2968 2791 3066 2858 τῆς
3099 2787 3289 2842 τούτου
3327 2786 3541 2854 ἐφόδου.
3579 2783 3803 2837 Γίνεται

2218 2888 2311 2943 οὖν
2360 2889 2456 2943 καὶ
2501 2884 2660 2939 τοῦτο
2722 2884 2864 2937 κατὰ
2917 2882 2985 2936 τὰ
3045 2877 3489 2951 βεϐουλευμένα,
3553 2876 3647 2931 καὶ
3697 2875 3806 2942 τὴν

2218 2978 2411 3051 στενὴν
2454 2977 2551 3033 καὶ
2591 2974 2952 3046 ἀπόκρημνον
2981 2973 3286 3036 διελθόντες
3312 2973 3359 3024 οἱ
3390 2969 3519 3039 περὶ
3548 2968 3638 3022 τὸν
3680 2966 3806 3021 Ἀν-

2217 3071 2463 3139 δρόνικον
2495 3067 2679 3140 ἀθρόοι
2705 3069 2817 3129 τοῖς
2849 3083 2915 3119 πε
2926 3066 2979 3137 pl
3007 3063 3233 3134 βασιλέα
3261 3062 3353 3116 τὸν
3383 3059 3644 3130 Διογένην
3674 3058 3807 3111 ἑπι-

2219 3162 2521 3232 φαίνονται.

2293 3252 2391 3307 κδ’.
2433 3249 2763 3319 Αίσθόμενος
2786 3249 2843 3303 δὲ
2878 3247 2989 3319 (27)
3038 3247 3133 3299 καὶ
3168 3247 3196 3300 ὁ
3237 3245 3485 3316 βασιλεὺς
3522 3243 3622 3312 τῆς
3663 3237 3797 3295 τοῦ-

2222 3360 2331 3395 των
2356 3340 2543 3410 ἐφόδου
2573 3337 2735 3409 ἐξῆγε
2766 3338 2861 3392 καὶ
2896 3335 3057 3399 αὐτὸς
3099 3336 3196 3399 τὰς
3232 3333 3517 3406 δυνάμεις,
3545 3331 3623 3402 τῷ
3652 3329 3802 3385 Χου-

2223 3430 2493 3503 τατουρίῳ
2533 3429 2829 3501 ⁹Αρμενίῳ,
2882 3428 2942 3482 ὃν
2997 3426 3209 3496 φθάσας
3258 3425 3527 3498 ἐδήλωσεν
3590 3420 3806 3476 ἄνωθεν

2223 3527 2253 3579 ὁ
2301 3524 2481 3593 λόγος,
2529 3523 2631 3591 τὴν
2676 3519 2770 3575 τοῦ
2820 3519 3061 3589 πολέμου
3111 3516 3357 3580 δεδωκὼς
3403 3513 3652 3582 ἐξουσίαν
3705 3512 3808 3566 καὶ⁵

2229 3615 2404 3670 πάντα
2419 3614 2509 3667 τὸν
2526 3612 2756 3683 στρατὸν
2788 3611 2982 3685 μικροῦ
3013 3612 3125 3665 δεῖν
3156 3608 3305 3679 αὑτῷ
3329 3605 3626 3673 ὑποτάξας.
3658 3603 3807 3667 Τοὺς

2227 3708 2425 3773 πεζοὺς
2456 3705 2549 3760 οὖν
2581 3697 2739 3770 οὗτος
2772 3707 2866 3760 καὶ
2897 3706 3082 3768 ἱππεῖς
3124 3701 3467 3771 ἑπαγόμενος
3518 3699 3644 3760 τοὺς
3678 3697 3807 3749 ἑπι-

2224 3800 2451 3871 καίρους
2482 3798 2593 3851 τῶν
2615 3800 2797 3853 τόπων
2825 3796 3153 3852 καταλαϐεῖν
3177 3794 3456 3849 ἔσπευδεν.
3494 3789 3658 3845 ’Δλλὰ
3692 3788 3808 3843 τῶν

2224 3891 2458 3947 ἐλπίδων
2501 3891 2735 3962 ἐσφάλη,
2785 3889 2878 3945 τοῦ
2916 3888 3239 3959 δομεστίκου
3287 3884 3398 3941 τῶν
3435 3882 3644 3956 σχολῶν
3686 3883 3808 3937 Ἀν-

2222 3983 2474 4052 δρονίκου
2535 3980 3017 4053 προκατασχόντος
3070 3976 3287 4041 αὐτούς.
3351 3972 3650 4044 Ἀπογνοῦς
3706 3965 3808 4025 οὖν

1547 4140 1789 4215 ,ϐαι-011
1822 4141 1921 4203 Du
1960 4142 2200 4203 Fresne
2236 4141 2336 4201 Du
2368 4140 2576 4219 Cange
2602 4144 2770 4202 notua

614 4286 726 4357 (‘27)
747 4287 1232 4361 AlaOdyeroc_§é.
1266 4289 1576 4345 Extremam
1610 4288 1837 4361 Romani
1868 4288 2120 4361 Diogenis

543 4359 843 4423 fortunam,
876 4358 939 4414 et
960 4368 1020 4414 ut
1047 4362 1099 4413 in
1123 4358 1402 4415 Michaelis
1427 4376 1522 4414 seu
1554 4362 1735 4430 potius
1766 4358 2118 4415 Constantini

544 4430 937 4500 Querercasses
972 4430 1257 4495 inciderit,
1295 4430 1547 4500 pluribus
1590 4430 1752 4485 etiam
1802 4433 2120 4500 exsequitur

540 4496 865 4555 Gnillelmus
895 4500 1229 4570 Apuliensis,
1261 4496 1422 4570 quem
1449 4510 1674 4568 priestat
1707 4500 1899 4555 audire
1931 4520 1945 4556 :

609 4636 713 4707 ξένα
744 4651 845 4707 non
874 4636 1127 4707 privignis
1159 4636 1388 4704 ﬁrmata:
1422 4634 1696 4707 commoda
1721 4633 1868 4707 pacis

613 4704 864 4759 Conditio
904 4703 1127 4771 placuit,
1162 4703 1337 4758 minus
1374 4708 1442 4757 ad
1475 4706 1698 4756 tutanda
1727 4703 1909 4771 peritis

609 4776 836 4844 Agmina
878 4773 1185 4831 Gra'corum
1215 4794 1232 4837 ;
1258 4791 1350 4828 nec
1377 4775 1516 4827 enim
1542 4776 1842 4827 decernitur
1872 4773 2013 4826 ultra

608 4845 759 4915 Areis
785 4846 854 4898 ad
890 4848 1139 4915 Augusta:
1172 4844 1443 4915 Romanus
1480 4845 1610 4911 jura
1644 4846 1833 4899 redire.

615 4914 722 4970 llos
753 4917 840 4969 ubi
873 4914 1128 4985 Diogenes
1160 4916 1329 4982 [actos
1355 4914 1456 4968 sibi
1482 4917 1734 4983 comperit
1762 4915 1933 4968 hostes
1956 4956 1971 4979 ,

607 4988 821 5038 Auxilia
850 4989 982 5053 ﬁsus
1019 4987 1307 5039 Persarum
1340 4993 1503 5039 tentat
1531 4985 1585 5037 in
1618 4986 1739 5038 illos

606 5056 790 5110 Civilis
832 5057 952 5110 belli
985 5055 1160 5110 varios
1184 5060 1387 5123 agitare
1417 5069 1660 5123 paratus.

604 5127 846 5197 Privigni
878 5145 930 5180 se
964 5143 1065 5179 non
1100 5125 1350 5181 obsistere
1383 5143 1535 5197 posse
1569 5128 1795 5183 ridentes

608 5196 771 5250 Illum
799 5209 1059 5250 conantur
1085 5198 1330 5250 seducere
1353 5213 1478 5264 pace
1500 5196 1710 5251 dolosa.

605 5267 793 5331 lauari
823 5268 1032 5335 fraudis
1068 5276 1333 5331 portantes
1369 5268 1559 5320 nuntia
1588 5272 1734 5335 pacis

605 5337 699 5392 Bis
731 5354 821 5391 sca:
854 5338 1127 5406 pontifices
1158 5339 1462 5397 mittuntur,
1494 5354 1614 5391 cum
1643 5338 1893 5395 Carolina
1926 5342 1967 5406 ¹,

604 5408 769 5478 Cujus
799 5408 1066 5460 liontanns
1088 5409 1239 5460 toties
1263 5418 1505 5473 expertus
1538 5425 1769 5464 antorem

606 5478 732 5531 Non
758 5478 1036 5531 dubitabat
1074 5478 1120 5530 ci
1153 5494 1207 5529 se
1231 5478 1441 5530 credere
1476 5479 1610 5531 sicut
1643 5482 1836 5543 amico.

602 5546 827 5603 Securus
861 5548 1034 5615 factus
1057 5548 1296 5616 jurando
1314 5549 1438 5617 jure
1463 5548 1665 5617 ﬁdeque

607 5617 673 5689 {ft
702 5621 828 5685 petit
861 5620 970 5685 ipse
998 5618 1126 5689 data
1157 5635 1175 5671 :
1218 5619 1405 5670 misero
1438 5620 1611 5685 placet
1646 5621 1939 5689 imperialis

602 5687 885 5743 Incassum
920 5688 1143 5751 reditus,
1172 5689 1299 5757 quia
1330 5705 1449 5741 mox
1478 5689 1565 5741 ubi
1593 5687 1822 5756 pervenit
1854 5696 1942 5748 ille

2148 4600 2200 4659 D

2302 4287 2638 4355 Heracleam,
2670 4290 2899 4359 capitur,
2925 4288 3168 4356 privatur
3203 4283 3396 4359 lumine
3429 4289 3640 4346 captus,

2297 4359 2463 4429 Cujus
2492 4372 2543 4415 et
2578 4353 2785 4426 iritperii
2815 4353 2989 4429 fuerat
3025 4368 3141 4429 tam,
3170 4353 3339 4429 nobile
3363 4366 3572 4429 nomen,

2303 4422 2594 4483 Monachus
2625 4422 2866 4498 cﬂicitu'r.
2904 4425 3088 4498 Securi
3112 4426 3231 4498 jam
3261 4427 3366 4476 duo
3397 4422 3589 4498 fratres

2300 4498 2461 4569 Regni
2492 4488 2800 4560 tranquillis
2835 4497 3037 4566 agitant
3073 4488 3405 4569 nioderamen
3437 4488 3694 4569 habenis;

2303 4560 2420 4623 Νόη
2450 4580 2624 4623 tamen
2654 4560 2989 4621 omnino'sua
3022 4575 3180 4618 rt‘stal
3207 4562 3375 4616 inulta
3404 4560 3643 4630 tyrannis
3673 4575 3695 4624 ;

2297 4639 2537 4709 Namque
2564 4639 2853 4709 sibisocios
2891 4634 3117 4709 Romani
3151 4636 3292 4709 [ilius
3326 4632 3524 4685 addens

2299 4704 2615 4780 Armenios,
2638 4707 2853 4780 Persas,
2887 4717 3057 4780 terras
3081 4704 3308 4780 Orientis
3336 4717 3520 4780 eorum
3553 4768 3565 4780 .

2299 4779 2573 4833 Subtrahit
2601 4778 2853 4845 imperio,
2882 4776 3023 4842 ferro
3056 4776 3340 4844 populatus
3372 4781 3421 4845 et
3454 4771 3586 4845 igni2

2298 4851 2551 4915 Tempore
2585 4837 3014 4913 l’ersarum'gens
3041 4837 3244 4914 perﬁda
3273 4842 3425 4915 erepit
3455 4837 3520 4892 ab
3544 4837 3640 4892 illo

2296 4921 2355 4973 In
2380 4912 2693 4972 liornaniant
2713 4912 3024 4984 consurgere
3042 4912 3207 4978 crede,
3248 4912 3472 4984 rapinis.

2299 4990 2517 5058 Imperii
2560 5004 2653 5059 nec
2688 4988 2859 5059 adhuc
2889 4981 3055 5052 redigi
3088 4993 3183 5038 sub
3213 4984 3341 5053 jura
3370 4981 3586 5059 valeret,
3683 5046 3697 5059 θ

2300 5051 2437 5113 Gens
2474 5060 2577 5112 nisi
2612 5057 2911 5119 Gallorum,
2942 5072 3060 5127 qua:
3089 5051 3237 5125 gente
3261 5051 3522 5119 potentior
3551 5051 3695 5101 omni

2304 5131 2514 5185 Viribus
2545 5143 2843 5186 armarunt,
2880 5138 3011 5179 nutu
3038 5127 3314 5180 stimulata
3348 5134 3573 5189 superno

2299 5203 2445 5255 lianc
2469 5200 2701 5252 libertati
2737 5209 2983 5266 superato
3011 5197 3248 5248 reddent
3281 5195 3447 5252 hoste,

2295 5276 2447 5333 (jure,
2475 5271 2710 5336 spirante
2738 5261 2866 5331 Deo,
2906 5276 3119 5320 sanctas
3159 5267 3365 5332 aperire
3386 5261 3613 5336 sepulcri

2298 5343 2387 5394 it'st
2418 5333 2659 5393 animata
2699 5341 2811 5394 vias
2845 5339 2997 5406 longo
3030 5338 3139 5403 iam
3170 5346 3409 5406 (culpare
3430 5333 3664 5385 clausas.

2295 5412 2545 5464 Consiliis
2578 5427 2802 5480 quorum
2835 5405 3223 5480 [uitrexa’catio
3275 5405 3412 5456 tanti

2298 5474 2608 5548 Perpetrata
2642 5483 2758 5539 viri.
2792 5474 2969 5532 miseri
3000 5478 3283 5548 capiuntur
3315 5485 3362 5528 et
3392 5474 3521 5526 aula

2294 5546 2511 5621 Inpulsi
2542 5554 2759 5604 meritas
2800 5558 3075 5621 coquntur
3090 5546 3296 5621 solvere
3317 5561 3427 5611 Pw)!
3437 5561 3521 5596 as.

2293 5617 2576 5688 Ili'quibus
2607 5622 2868 5674 insontem
2896 5619 3076 5686 puniri
3113 5617 3516 5688 consuluerunt,

2291 5685 2483 5745 l'uniri
2508 5703 2682 5746 sontes
2714 5691 2859 5744 vario
2884 5688 3207 5741 cruciamine
3231 5685 3507 5738 mandant.

595 5828 609 5859 ⁸
645 5828 721 5877 De
748 5841 846 5891 quo
881 5827 1042 5878 Halat.
1077 5829 1110 5879 Ι.
1149 5843 1202 5890 ιι,
1239 5843 1281 5879 c.
1324 5829 1392 5883 l9.
1432 5838 1474 5880 e'
1517 5832 1620 5891 ipse
1663 5831 1914 5882 Gtiillelm.
1952 5847 1998 5894 p.
2032 5833 2110 5896 li,
2152 5835 2223 5894 l9,
2256 5835 2331 5882 20.
