  <div class='ocr_page' id='page_1' title='image "/cluster/home/n/w/nwhite01/storage/ocr_20150623/127/coo.31924054870328/052.png"; bbox 0 0 4154 6428; ppageno 0'>
   <div class='ocr_carea' id='block_1_1' title="bbox 389 381 3677 464">
    <p class='ocr_par' dir='ltr' id='par_1_1' title="bbox 389 381 3677 464">
     <span class='ocr_line' id='line_1_1' title="bbox 389 381 3677 464; baseline 0.004 -17"><span class='ocrx_word' id='word_1_1' title='bbox 389 381 469 447; x_wconf 72' lang='lat'><strong>89</strong></span> <span class='ocrx_word' id='word_1_2' title='bbox 1634 393 2180 457; x_wconf 73' lang='lat' dir='ltr'><strong>HISTOIUARUM</strong></span> <span class='ocrx_word' id='word_1_3' title='bbox 2220 393 2369 454; x_wconf 83' lang='lat' dir='ltr'><strong>LIB.</strong></span> <span class='ocrx_word' id='word_1_4' title='bbox 2414 396 2460 455; x_wconf 91' lang='lat' dir='ltr'><strong>l.</strong></span> <span class='ocrx_word' id='word_1_5' title='bbox 3596 393 3677 464; x_wconf 79' lang='lat'><strong>90.</strong></span> 
     </span>
    </p>
   </div>
   <div class='ocr_carea' id='block_1_2' title="bbox 391 491 2006 577">
    <p class='ocr_par' dir='ltr' id='par_1_2' title="bbox 391 491 1979 577">
     <span class='ocr_line' id='line_1_2' title="bbox 391 491 1979 577; baseline 0.01 -35"><span class='ocrx_word' id='word_1_6' title='bbox 391 494 491 563; x_wconf 79' lang='grc' dir='ltr'>τὴν</span> <span class='ocrx_word' id='word_1_7' title='bbox 511 491 678 545; x_wconf 81' lang='grc' dir='ltr'>αὐτοῦ</span> <span class='ocrx_word' id='word_1_8' title='bbox 716 500 1007 564; x_wconf 76' lang='grc' dir='ltr'><strong>γύμνωσιν</strong></span> <span class='ocrx_word' id='word_1_9' title='bbox 1049 497 1310 570; x_wconf 80' lang='grc' dir='ltr'>περιϐολῇ</span> <span class='ocrx_word' id='word_1_10' title='bbox 1361 502 1656 576; x_wconf 83' lang='grc' dir='ltr'>στρατηγῷ</span> <span class='ocrx_word' id='word_1_11' title='bbox 1688 504 1979 577; x_wconf 80' lang='grc' dir='ltr'><strong>πρεπούσῃ</strong></span> 
     </span>
    </p>
   </div>
   <div class='ocr_carea' id='block_1_3' title="bbox 2109 491 3670 577">
    <p class='ocr_par' dir='ltr' id='par_1_3' title="bbox 2109 503 3670 574">
     <span class='ocr_line' id='line_1_3' title="bbox 2109 503 3670 574; baseline -0.003 -13"><span class='ocrx_word' id='word_1_12' title='bbox 2109 523 2193 574; x_wconf 76' lang='lat' dir='ltr'><strong>lue</strong></span> <span class='ocrx_word' id='word_1_13' title='bbox 2227 505 2536 560; x_wconf 82' lang='lat' dir='ltr'><strong>Andronico</strong></span> <span class='ocrx_word' id='word_1_14' title='bbox 2580 518 2708 560; x_wconf 90' lang='lat' dir='ltr'><strong>cum</strong></span> <span class='ocrx_word' id='word_1_15' title='bbox 2761 504 2995 560; x_wconf 82' lang='lat' dir='ltr'><strong>dixisset</strong></span> <span class='ocrx_word' id='word_1_16' title='bbox 3046 504 3217 559; x_wconf 79' lang='lat' dir='ltr'><strong>fuisse</strong></span> <span class='ocrx_word' id='word_1_17' title='bbox 3271 503 3399 568; x_wconf 93' lang='lat' dir='ltr'><strong>sibi,</strong></span> <span class='ocrx_word' id='word_1_18' title='bbox 3448 506 3670 574; x_wconf 86' lang='lat' dir='ltr'><strong>quaqu</strong></span> 
     </span>
    </p>
   </div>
   <div class='ocr_carea' id='block_1_4' title="bbox 393 583 1983 665">
    <p class='ocr_par' dir='ltr' id='par_1_4' title="bbox 393 583 1983 665">
     <span class='ocr_line' id='line_1_4' title="bbox 393 583 1983 665; baseline 0.01 -30"><span class='ocrx_word' id='word_1_19' title='bbox 393 583 627 652; x_wconf 81' lang='grc' dir='ltr'>γενναίῳ</span> <span class='ocrx_word' id='word_1_20' title='bbox 673 584 734 637; x_wconf 77' lang='grc' dir='ltr'>ἐν</span> <span class='ocrx_word' id='word_1_21' title='bbox 777 586 1003 658; x_wconf 76' lang='grc' dir='ltr'>ἀδέσμῳ</span> <span class='ocrx_word' id='word_1_22' title='bbox 1041 591 1227 661; x_wconf 76' lang='grc' dir='ltr'>ἐτήρει</span> <span class='ocrx_word' id='word_1_23' title='bbox 1266 591 1510 665; x_wconf 78' lang='grc' dir='ltr'>φυλακῇ.</span> <span class='ocrx_word' id='word_1_24' title='bbox 1549 595 1839 665; x_wconf 70' lang='grc' dir='ltr'>Ἀγασθεὶς</span> <span class='ocrx_word' id='word_1_25' title='bbox 1869 597 1925 650; x_wconf 80' lang='grc' dir='ltr'>δὲ</span> <span class='ocrx_word' id='word_1_26' title='bbox 1955 599 1983 651; x_wconf 99' lang='lat'><strong>6</strong></span> 
     </span>
    </p>
   </div>
   <div class='ocr_carea' id='block_1_5' title="bbox 397 675 1986 759">
    <p class='ocr_par' dir='ltr' id='par_1_5' title="bbox 397 675 1986 759">
     <span class='ocr_line' id='line_1_5' title="bbox 397 675 1986 759; baseline 0.009 -29"><span class='ocrx_word' id='word_1_27' title='bbox 397 675 798 748; x_wconf 75' lang='grc' dir='ltr'>Χουτατούριος</span> <span class='ocrx_word' id='word_1_28' title='bbox 825 679 930 749; x_wconf 80' lang='grc' dir='ltr'>τῆς</span> <span class='ocrx_word' id='word_1_29' title='bbox 956 682 1088 753; x_wconf 73' lang='grc' dir='ltr'>περὶ</span> <span class='ocrx_word' id='word_1_30' title='bbox 1111 683 1274 738; x_wconf 81' lang='grc' dir='ltr'>αὑτὸν</span> <span class='ocrx_word' id='word_1_31' title='bbox 1305 687 1710 759; x_wconf 80' lang='grc' dir='ltr'><strong>φιλοφροσύνης</strong></span> <span class='ocrx_word' id='word_1_32' title='bbox 1728 688 1825 743; x_wconf 79' lang='grc' dir='ltr'>τοῦ</span> <span class='ocrx_word' id='word_1_33' title='bbox 1868 689 1986 744; x_wconf 79' lang='grc' dir='ltr'><strong>Ἀν·</strong></span> 
     </span>
    </p>
   </div>
   <div class='ocr_carea' id='block_1_6' title="bbox 397 767 1987 853">
    <p class='ocr_par' dir='ltr' id='par_1_6' title="bbox 397 767 1987 853">
     <span class='ocr_line' id='line_1_6' title="bbox 397 767 1987 853; baseline 0.009 -32"><span class='ocrx_word' id='word_1_34' title='bbox 397 767 666 839; x_wconf 83' lang='grc' dir='ltr'>δρονίκου,</span> <span class='ocrx_word' id='word_1_35' title='bbox 696 769 848 825; x_wconf 81' lang='grc' dir='ltr'>λίθον</span> <span class='ocrx_word' id='word_1_36' title='bbox 880 772 1006 828; x_wconf 70' lang='grc' dir='ltr'>τινὰ</span> <span class='ocrx_word' id='word_1_37' title='bbox 1032 774 1142 828; x_wconf 88' lang='grc' dir='ltr'><strong>τῶν</strong></span> <span class='ocrx_word' id='word_1_38' title='bbox 1174 776 1484 849; x_wconf 79' lang='grc' dir='ltr'><strong>πολυτίμων</strong></span> <span class='ocrx_word' id='word_1_39' title='bbox 1514 779 1607 832; x_wconf 81' lang='grc' dir='ltr'>ὑπ’</span> <span class='ocrx_word' id='word_1_40' title='bbox 1647 779 1814 834; x_wconf 78' lang='grc' dir='ltr'>αὐτοῦ</span> <span class='ocrx_word' id='word_1_41' title='bbox 1849 797 1987 853; x_wconf 86' lang='grc' dir='ltr'>κρυ-</span> 
     </span>
    </p>
   </div>
   <div class='ocr_carea' id='block_1_7' title="bbox 400 860 1987 945">
    <p class='ocr_par' dir='ltr' id='par_1_7' title="bbox 400 860 1987 945">
     <span class='ocr_line' id='line_1_7' title="bbox 400 860 1987 945; baseline 0.008 -31"><span class='ocrx_word' id='word_1_42' title='bbox 400 860 569 916; x_wconf 79' lang='grc' dir='ltr'>σέντα</span> <span class='ocrx_word' id='word_1_43' title='bbox 597 863 731 933; x_wconf 67' lang='grc' dir='ltr'><strong>περ)⁸</strong></span> <span class='ocrx_word' id='word_1_44' title='bbox 751 863 852 937; x_wconf 83' lang='grc' dir='ltr'>τὴν</span> <span class='ocrx_word' id='word_1_45' title='bbox 878 864 1091 937; x_wconf 79' lang='grc' dir='ltr'>λόχμην</span> <span class='ocrx_word' id='word_1_46' title='bbox 1115 869 1174 922; x_wconf 79' lang='grc' dir='ltr'>ἐν</span> <span class='ocrx_word' id='word_1_47' title='bbox 1201 863 1235 944; x_wconf 86' lang='grc' dir='ltr'>ᾖ</span> <span class='ocrx_word' id='word_1_48' title='bbox 1269 868 1414 923; x_wconf 78' lang='grc' dir='ltr'>ἑάλω</span> <span class='ocrx_word' id='word_1_49' title='bbox 1443 870 1593 941; x_wconf 85' lang='grc' dir='ltr'><strong>αὐτῷ</strong></span> <span class='ocrx_word' id='word_1_50' title='bbox 1623 875 1870 945; x_wconf 81' lang='grc' dir='ltr'>φανεροί,</span> <span class='ocrx_word' id='word_1_51' title='bbox 1893 874 1987 927; x_wconf 74' lang='grc' dir='ltr'>καὶ</span> 
     </span>
    </p>
   </div>
   <div class='ocr_carea' id='block_1_8' title="bbox 399 953 1990 1034">
    <p class='ocr_par' dir='ltr' id='par_1_8' title="bbox 399 953 1990 1034">
     <span class='ocr_line' id='line_1_8' title="bbox 399 953 1990 1034; baseline 0.006 -26"><span class='ocrx_word' id='word_1_52' title='bbox 399 953 622 1026; x_wconf 70' lang='grc' dir='ltr'>πέμψαι</span> <span class='ocrx_word' id='word_1_53' title='bbox 666 955 762 1021; x_wconf 80' lang='grc' dir='ltr'><strong>ξὺν</strong></span> <span class='ocrx_word' id='word_1_54' title='bbox 808 957 961 1029; x_wconf 79' lang='grc' dir='ltr'>αὐτῷ</span> <span class='ocrx_word' id='word_1_55' title='bbox 1005 959 1153 1026; x_wconf 78' lang='grc' dir='ltr'>ἀξιοῖ</span> <span class='ocrx_word' id='word_1_56' title='bbox 1196 963 1324 1026; x_wconf 76' lang='grc' dir='ltr'>τοὺς</span> <span class='ocrx_word' id='word_1_57' title='bbox 1364 964 1830 1034; x_wconf 75' lang='grc' dir='ltr'>ἀποκομίζοντας.</span> <span class='ocrx_word' id='word_1_58' title='bbox 1878 966 1990 1018; x_wconf 71' lang='grc' dir='ltr'><strong>Καὶ</strong></span> 
     </span>
    </p>
   </div>
   <div class='ocr_carea' id='block_1_9' title="bbox 396 1047 1990 1128">
    <p class='ocr_par' dir='ltr' id='par_1_9' title="bbox 396 1047 1990 1128">
     <span class='ocr_line' id='line_1_9' title="bbox 396 1047 1990 1128; baseline 0.007 -29"><span class='ocrx_word' id='word_1_59' title='bbox 396 1047 468 1117; x_wconf 74' lang='grc' dir='ltr'>δὴ</span> <span class='ocrx_word' id='word_1_60' title='bbox 514 1047 860 1117; x_wconf 78' lang='grc' dir='ltr'>πέμπονται,</span> <span class='ocrx_word' id='word_1_61' title='bbox 916 1052 1012 1105; x_wconf 80' lang='grc' dir='ltr'>καὶ</span> <span class='ocrx_word' id='word_1_62' title='bbox 1059 1052 1351 1119; x_wconf 77' lang='grc' dir='ltr'>κομίζουσι</span> <span class='ocrx_word' id='word_1_63' title='bbox 1401 1054 1582 1125; x_wconf 85' lang='grc' dir='ltr'>θέαμα</span> <span class='ocrx_word' id='word_1_64' title='bbox 1631 1058 1747 1120; x_wconf 80' lang='grc' dir='ltr'>τοῖς</span> <span class='ocrx_word' id='word_1_65' title='bbox 1785 1056 1990 1128; x_wconf 81' lang='grc' dir='ltr'><strong>ὁρῶσιν</strong></span> 
     </span>
    </p>
   </div>
   <div class='ocr_carea' id='block_1_10' title="bbox 406 1134 1991 1216">
    <p class='ocr_par' dir='ltr' id='par_1_10' title="bbox 406 1134 1991 1216">
     <span class='ocr_line' id='line_1_10' title="bbox 406 1134 1991 1216; baseline 0.006 -29"><span class='ocrx_word' id='word_1_66' title='bbox 406 1134 540 1187; x_wconf 61' lang='lat' dir='ltr'><strong>tam</strong></span> <span class='ocrx_word' id='word_1_67' title='bbox 583 1134 681 1207; x_wconf 63' lang='grc' dir='ltr'><strong>(ἃ).</strong></span> <span class='ocrx_word' id='word_1_68' title='bbox 715 1138 958 1205; x_wconf 79' lang='grc' dir='ltr'>Μεγέθει</span> <span class='ocrx_word' id='word_1_69' title='bbox 987 1140 1099 1212; x_wconf 82' lang='grc' dir='ltr'>γὰρ</span> <span class='ocrx_word' id='word_1_70' title='bbox 1126 1136 1196 1212; x_wconf 78' lang='grc' dir='ltr'>ἦν</span> <span class='ocrx_word' id='word_1_71' title='bbox 1226 1142 1414 1212; x_wconf 82' lang='grc' dir='ltr'>σχεδὸν</span> <span class='ocrx_word' id='word_1_72' title='bbox 1443 1143 1585 1216; x_wconf 84' lang='grc' dir='ltr'>ὑπὲρ</span> <span class='ocrx_word' id='word_1_73' title='bbox 1614 1143 1865 1208; x_wconf 72' lang='grc' dir='ltr'>ἅπαντας</span> <span class='ocrx_word' id='word_1_74' title='bbox 1894 1144 1991 1197; x_wconf 88' lang='grc' dir='ltr'>λί-</span> 
     </span>
    </p>
   </div>
   <div class='ocr_carea' id='block_1_11' title="bbox 401 1226 1992 1309">
    <p class='ocr_par' dir='ltr' id='par_1_11' title="bbox 401 1226 1992 1309">
     <span class='ocr_line' id='line_1_11' title="bbox 401 1226 1992 1309; baseline 0.008 -30"><span class='ocrx_word' id='word_1_75' title='bbox 401 1226 557 1292; x_wconf 85' lang='grc' dir='ltr'>θους,</span> <span class='ocrx_word' id='word_1_76' title='bbox 589 1227 938 1299; x_wconf 79' lang='grc' dir='ltr'><strong>λαμπρότητι</strong></span> <span class='ocrx_word' id='word_1_77' title='bbox 970 1230 1028 1286; x_wconf 75' lang='grc' dir='ltr'>δὲ</span> <span class='ocrx_word' id='word_1_78' title='bbox 1067 1232 1194 1298; x_wconf 79' lang='grc' dir='ltr'>τοὺς</span> <span class='ocrx_word' id='word_1_79' title='bbox 1221 1234 1465 1304; x_wconf 79' lang='grc' dir='ltr'>διαυγεῖς</span> <span class='ocrx_word' id='word_1_80' title='bbox 1510 1235 1759 1300; x_wconf 74' lang='grc' dir='ltr'>ἅπαντας</span> <span class='ocrx_word' id='word_1_81' title='bbox 1821 1236 1992 1309; x_wconf 83' lang='grc' dir='ltr'>ὑπερ-</span> 
     </span>
    </p>
   </div>
   <div class='ocr_carea' id='block_1_12' title="bbox 403 1318 1992 1401">
    <p class='ocr_par' dir='ltr' id='par_1_12' title="bbox 403 1318 1992 1401">
     <span class='ocr_line' id='line_1_12' title="bbox 403 1318 1992 1401; baseline 0.006 -29"><span class='ocrx_word' id='word_1_82' title='bbox 403 1318 789 1390; x_wconf 75' lang='grc' dir='ltr'>ἑλαμπεν.’ον</span> <span class='ocrx_word' id='word_1_83' title='bbox 813 1324 842 1376; x_wconf 91' lang='lat'><strong>6</strong></span> <span class='ocrx_word' id='word_1_84' title='bbox 870 1323 1214 1396; x_wconf 80' lang='grc' dir='ltr'>’Δνδρόνικος</span> <span class='ocrx_word' id='word_1_85' title='bbox 1240 1329 1307 1399; x_wconf 83' lang='grc' dir='ltr'><strong>τῇ</strong></span> <span class='ocrx_word' id='word_1_86' title='bbox 1339 1326 1572 1399; x_wconf 80' lang='grc' dir='ltr'>βασιλίδι</span> <span class='ocrx_word' id='word_1_87' title='bbox 1601 1328 1792 1401; x_wconf 82' lang='grc' dir='ltr'>Μαρίᾳ</span> <span class='ocrx_word' id='word_1_88' title='bbox 1818 1328 1992 1398; x_wconf 84' lang='grc' dir='ltr'>δῶρον</span> 
     </span>
    </p>
   </div>
   <div class='ocr_carea' id='block_1_13' title="bbox 406 1413 1070 1487">
    <p class='ocr_par' dir='ltr' id='par_1_13' title="bbox 406 1413 1070 1487">
     <span class='ocr_line' id='line_1_13' title="bbox 406 1413 1070 1487; baseline 0.012 -23"><span class='ocrx_word' id='word_1_89' title='bbox 406 1414 789 1484; x_wconf 69' lang='grc' dir='ltr'>προσήνεγκεν</span> <span class='ocrx_word' id='word_1_90' title='bbox 817 1413 947 1470; x_wconf 77' lang='grc' dir='ltr'>ὕστε</span> <span class='ocrx_word' id='word_1_91' title='bbox 956 1433 1070 1487; x_wconf 89' lang='grc' dir='ltr'>ρον.</span> 
     </span>
    </p>
   </div>
   <div class='ocr_carea' id='block_1_14' title="bbox 479 1500 1994 1585">
    <p class='ocr_par' dir='ltr' id='par_1_14' title="bbox 479 1500 1994 1585">
     <span class='ocr_line' id='line_1_14' title="bbox 479 1500 1994 1585; baseline 0.007 -30"><span class='ocrx_word' id='word_1_92' title='bbox 479 1500 581 1555; x_wconf 81' lang='grc' dir='ltr'>κε’.</span> <span class='ocrx_word' id='word_1_93' title='bbox 599 1500 661 1559; x_wconf 79' lang='grc' dir='ltr'>Ὀ</span> <span class='ocrx_word' id='word_1_94' title='bbox 681 1504 739 1557; x_wconf 76' lang='grc' dir='ltr'>δὲ</span> <span class='ocrx_word' id='word_1_95' title='bbox 766 1507 1029 1577; x_wconf 80' lang='grc' dir='ltr'>Διογένης</span> <span class='ocrx_word' id='word_1_96' title='bbox 1055 1507 1151 1561; x_wconf 79' lang='grc' dir='ltr'>καὶ</span> <span class='ocrx_word' id='word_1_97' title='bbox 1181 1508 1291 1563; x_wconf 88' lang='grc' dir='ltr'><strong>τῶν</strong></span> <span class='ocrx_word' id='word_1_98' title='bbox 1316 1510 1660 1583; x_wconf 79' lang='grc' dir='ltr'>πραγμάτων</span> <span class='ocrx_word' id='word_1_99' title='bbox 1689 1511 1842 1585; x_wconf 83' lang='grc' dir='ltr'>αὐτῷ</span> <span class='ocrx_word' id='word_1_100' title='bbox 1864 1527 1994 1566; x_wconf 86' lang='grc' dir='ltr'>κατ-</span> 
     </span>
    </p>
   </div>
   <div class='ocr_carea' id='block_1_15' title="bbox 405 1594 1996 1675">
    <p class='ocr_par' dir='ltr' id='par_1_15' title="bbox 405 1594 1996 1675">
     <span class='ocr_line' id='line_1_15' title="bbox 405 1594 1996 1675; baseline 0.007 -28"><span class='ocrx_word' id='word_1_101' title='bbox 405 1594 538 1648; x_wconf 85' lang='grc' dir='ltr'>όπιν</span> <span class='ocrx_word' id='word_1_102' title='bbox 578 1597 833 1667; x_wconf 79' lang='grc' dir='ltr'>ἀρμένων</span> <span class='ocrx_word' id='word_1_103' title='bbox 885 1599 950 1654; x_wconf 73' lang='grc' dir='ltr'>οὐ</span> <span class='ocrx_word' id='word_1_104' title='bbox 1026 1602 1456 1672; x_wconf 81' lang='grc' dir='ltr'><strong>κατεγίνωσκεν,</strong></span> <span class='ocrx_word' id='word_1_105' title='bbox 1502 1605 1640 1660; x_wconf 76' lang='grc' dir='ltr'>ἀλλὰ</span> <span class='ocrx_word' id='word_1_106' title='bbox 1689 1606 1820 1669; x_wconf 82' lang='grc' dir='ltr'>τοὺς</span> <span class='ocrx_word' id='word_1_107' title='bbox 1864 1605 1996 1675; x_wconf 76' lang='grc' dir='ltr'>περὶ</span> 
     </span>
    </p>
   </div>
   <div class='ocr_carea' id='block_1_16' title="bbox 408 1687 1998 1767">
    <p class='ocr_par' dir='ltr' id='par_1_16' title="bbox 408 1687 1998 1767">
     <span class='ocr_line' id='line_1_16' title="bbox 408 1687 1998 1767; baseline 0.007 -26"><span class='ocrx_word' id='word_1_108' title='bbox 408 1687 577 1741; x_wconf 64' lang='grc' dir='ltr'>αὑτὸν</span> <span class='ocrx_word' id='word_1_109' title='bbox 606 1689 920 1761; x_wconf 79' lang='grc' dir='ltr'>ύπερὼννυε</span> <span class='ocrx_word' id='word_1_110' title='bbox 947 1691 1040 1747; x_wconf 77' lang='grc' dir='ltr'>καὶ</span> <span class='ocrx_word' id='word_1_111' title='bbox 1069 1694 1291 1759; x_wconf 68' lang='grc' dir='ltr'>ἐλπίδας</span> <span class='ocrx_word' id='word_1_112' title='bbox 1320 1696 1602 1751; x_wconf 77' lang='grc' dir='ltr'>ὑπέτεινεν</span> <span class='ocrx_word' id='word_1_113' title='bbox 1629 1697 1705 1763; x_wconf 82' lang='grc' dir='ltr'><strong>ὡς</strong></span> <span class='ocrx_word' id='word_1_114' title='bbox 1734 1697 1998 1767; x_wconf 79' lang='grc' dir='ltr'>ἀφιξομέ-</span> 
     </span>
    </p>
   </div>
   <div class='ocr_carea' id='block_1_17' title="bbox 407 1777 1996 1860">
    <p class='ocr_par' dir='ltr' id='par_1_17' title="bbox 407 1777 1996 1860">
     <span class='ocr_line' id='line_1_17' title="bbox 407 1777 1996 1860; baseline 0.008 -30"><span class='ocrx_word' id='word_1_115' title='bbox 407 1794 511 1846; x_wconf 74' lang='grc' dir='ltr'><strong>νης</strong></span> <span class='ocrx_word' id='word_1_116' title='bbox 541 1777 739 1832; x_wconf 79' lang='grc' dir='ltr'>αὐτίκα</span> <span class='ocrx_word' id='word_1_117' title='bbox 768 1780 833 1851; x_wconf 83' lang='grc' dir='ltr'>δὴ</span> <span class='ocrx_word' id='word_1_118' title='bbox 859 1782 1007 1851; x_wconf 86' lang='grc' dir='ltr'>μάλα</span> <span class='ocrx_word' id='word_1_119' title='bbox 1056 1785 1336 1858; x_wconf 80' lang='grc' dir='ltr'>Περσικῆς</span> <span class='ocrx_word' id='word_1_120' title='bbox 1381 1789 1723 1859; x_wconf 78' lang='grc' dir='ltr'>συμμαχίας.</span> <span class='ocrx_word' id='word_1_121' title='bbox 1764 1791 1996 1860; x_wconf 86' lang='grc' dir='ltr'>Διεπρε-</span> 
     </span>
    </p>
   </div>
   <div class='ocr_carea' id='block_1_18' title="bbox 409 1867 1996 1951">
    <p class='ocr_par' dir='ltr' id='par_1_18' title="bbox 409 1867 1996 1951">
     <span class='ocr_line' id='line_1_18' title="bbox 409 1867 1996 1951; baseline 0.01 -31"><span class='ocrx_word' id='word_1_122' title='bbox 409 1867 641 1922; x_wconf 75' lang='grc' dir='ltr'>σϐεύετο</span> <span class='ocrx_word' id='word_1_123' title='bbox 662 1871 718 1924; x_wconf 78' lang='grc' dir='ltr'>δὲ</span> <span class='ocrx_word' id='word_1_124' title='bbox 742 1871 996 1944; x_wconf 71' lang='grc' dir='ltr'>καὶπρὸς</span> <span class='ocrx_word' id='word_1_125' title='bbox 1022 1874 1113 1928; x_wconf 79' lang='grc' dir='ltr'>τὸν</span> <span class='ocrx_word' id='word_1_126' title='bbox 1135 1878 1438 1947; x_wconf 86' lang='grc' dir='ltr'>Κρισπῖνον</span> <span class='ocrx_word' id='word_1_127' title='bbox 1467 1880 1808 1951; x_wconf 80' lang='grc' dir='ltr'>πειρώμενος</span> <span class='ocrx_word' id='word_1_128' title='bbox 1830 1882 1996 1936; x_wconf 81' lang='grc' dir='ltr'>αὑτοῦ</span> 
     </span>
    </p>
   </div>
   <div class='ocr_carea' id='block_1_19' title="bbox 406 1959 1998 2042">
    <p class='ocr_par' dir='ltr' id='par_1_19' title="bbox 406 1959 1998 2042">
     <span class='ocr_line' id='line_1_19' title="bbox 406 1959 1998 2042; baseline 0.008 -29"><span class='ocrx_word' id='word_1_129' title='bbox 406 1959 474 2013; x_wconf 73' lang='grc' dir='ltr'>τὸ</span> <span class='ocrx_word' id='word_1_130' title='bbox 517 1960 792 2033; x_wconf 74' lang='grc' dir='ltr'>βάρϐαρον</span> <span class='ocrx_word' id='word_1_131' title='bbox 834 1966 1091 2036; x_wconf 79' lang='grc' dir='ltr'>φρόνημα</span> <span class='ocrx_word' id='word_1_132' title='bbox 1126 1966 1395 2039; x_wconf 81' lang='grc' dir='ltr'>διεγεῖραι</span> <span class='ocrx_word' id='word_1_133' title='bbox 1435 1970 1580 2023; x_wconf 72' lang='grc' dir='ltr'>κατὰ</span> <span class='ocrx_word' id='word_1_134' title='bbox 1628 1970 1724 2024; x_wconf 80' lang='grc' dir='ltr'><strong>τού</strong></span> <span class='ocrx_word' id='word_1_135' title='bbox 1772 1972 1998 2042; x_wconf 85' lang='grc' dir='ltr'>Ἀνδρο-</span> 
     </span>
    </p>
   </div>
   <div class='ocr_carea' id='block_1_20' title="bbox 409 2052 2001 2132">
    <p class='ocr_par' dir='ltr' id='par_1_20' title="bbox 409 2052 2001 2132">
     <span class='ocr_line' id='line_1_20' title="bbox 409 2052 2001 2132; baseline 0.007 -26"><span class='ocrx_word' id='word_1_136' title='bbox 409 2052 591 2107; x_wconf 82' lang='grc' dir='ltr'>νίκου.</span> <span class='ocrx_word' id='word_1_137' title='bbox 635 2054 797 2109; x_wconf 76' lang='grc' dir='ltr'>Ἀλλὰ</span> <span class='ocrx_word' id='word_1_138' title='bbox 828 2055 987 2110; x_wconf 82' lang='grc' dir='ltr'>τοῦτο</span> <span class='ocrx_word' id='word_1_139' title='bbox 1029 2062 1191 2127; x_wconf 81' lang='grc' dir='ltr'>γνοὺς</span> <span class='ocrx_word' id='word_1_140' title='bbox 1235 2061 1576 2132; x_wconf 79' lang='grc' dir='ltr'>’Δνδρόνικος</span> <span class='ocrx_word' id='word_1_141' title='bbox 1603 2063 1701 2116; x_wconf 63' lang='grc' dir='ltr'>καὶ</span> <span class='ocrx_word' id='word_1_142' title='bbox 1730 2062 2001 2117; x_wconf 86' lang='grc' dir='ltr'>θωπευτι-</span> 
     </span>
    </p>
   </div>
   <div class='ocr_carea' id='block_1_21' title="bbox 415 2145 1999 2225">
    <p class='ocr_par' dir='ltr' id='par_1_21' title="bbox 415 2145 1999 2225">
     <span class='ocr_line' id='line_1_21' title="bbox 415 2145 1999 2225; baseline 0.006 -27"><span class='ocrx_word' id='word_1_143' title='bbox 415 2145 660 2217; x_wconf 79' lang='grc' dir='ltr'>κὼτερον</span> <span class='ocrx_word' id='word_1_144' title='bbox 703 2146 1078 2219; x_wconf 77' lang='grc' dir='ltr'>ἐντετυχηκὼς</span> <span class='ocrx_word' id='word_1_145' title='bbox 1135 2150 1213 2222; x_wconf 84' lang='grc' dir='ltr'><strong>τῷ</strong></span> <span class='ocrx_word' id='word_1_146' title='bbox 1274 2152 1563 2224; x_wconf 81' lang='grc' dir='ltr'>Κρισπίνῳ</span> <span class='ocrx_word' id='word_1_147' title='bbox 1628 2153 1731 2225; x_wconf 83' lang='grc' dir='ltr'>τὴν</span> <span class='ocrx_word' id='word_1_148' title='bbox 1784 2153 1999 2207; x_wconf 82' lang='grc' dir='ltr'>ἐκείνου</span> 
     </span>
    </p>
   </div>
   <div class='ocr_carea' id='block_1_22' title="bbox 415 2240 2001 2318">
    <p class='ocr_par' dir='ltr' id='par_1_22' title="bbox 415 2240 2001 2318">
     <span class='ocr_line' id='line_1_22' title="bbox 415 2240 2001 2318; baseline 0.005 -27"><span class='ocrx_word' id='word_1_149' title='bbox 415 2240 720 2310; x_wconf 71' lang='grc' dir='ltr'>πρεσϐείαν</span> <span class='ocrx_word' id='word_1_150' title='bbox 752 2241 1035 2306; x_wconf 80' lang='grc' dir='ltr'>ἀπέδειξεν</span> <span class='ocrx_word' id='word_1_151' title='bbox 1088 2243 1394 2314; x_wconf 72' lang='grc' dir='ltr'>ἄπρακτον.</span> <span class='ocrx_word' id='word_1_152' title='bbox 1436 2245 1749 2318; x_wconf 84' lang='grc' dir='ltr'>’Λπράκτου</span> <span class='ocrx_word' id='word_1_153' title='bbox 1798 2246 1856 2299; x_wconf 86' lang='grc' dir='ltr'>δὲ</span> <span class='ocrx_word' id='word_1_154' title='bbox 1900 2244 2001 2314; x_wconf 82' lang='grc' dir='ltr'>τῆς</span> 
     </span>
    </p>
   </div>
   <div class='ocr_carea' id='block_1_23' title="bbox 417 2330 2002 2405">
    <p class='ocr_par' dir='ltr' id='par_1_23' title="bbox 417 2330 2002 2405">
     <span class='ocr_line' id='line_1_23' title="bbox 417 2330 2002 2405; baseline 0.004 -23"><span class='ocrx_word' id='word_1_155' title='bbox 417 2330 718 2401; x_wconf 65' lang='grc' dir='ltr'>πρεσϐεῖαί,-</span> <span class='ocrx_word' id='word_1_156' title='bbox 752 2331 1167 2404; x_wconf 83' lang='grc' dir='ltr'>ἀποδειχθείσης</span> <span class='ocrx_word' id='word_1_157' title='bbox 1201 2334 1296 2388; x_wconf 78' lang='grc' dir='ltr'>καὶ</span> <span class='ocrx_word' id='word_1_158' title='bbox 1333 2334 1428 2387; x_wconf 76' lang='grc' dir='ltr'><strong>τοῦ</strong></span> <span class='ocrx_word' id='word_1_159' title='bbox 1474 2335 1538 2388; x_wconf 80' lang='grc' dir='ltr'>ἐκ</span> <span class='ocrx_word' id='word_1_160' title='bbox 1575 2335 1838 2405; x_wconf 85' lang='grc' dir='ltr'>Περσίδος</span> <span class='ocrx_word' id='word_1_161' title='bbox 1867 2352 2002 2403; x_wconf 90' lang='grc' dir='ltr'>συμ-</span> 
     </span>
    </p>
   </div>
   <div class='ocr_carea' id='block_1_24' title="bbox 422 2422 2003 2498">
    <p class='ocr_par' dir='ltr' id='par_1_24' title="bbox 422 2422 2003 2498">
     <span class='ocr_line' id='line_1_24' title="bbox 422 2422 2003 2498; baseline 0.003 -23"><span class='ocrx_word' id='word_1_162' title='bbox 422 2423 663 2493; x_wconf 78' lang='grc' dir='ltr'>μαχικοῦ</span> <span class='ocrx_word' id='word_1_163' title='bbox 689 2422 771 2476; x_wconf 78' lang='grc' dir='ltr'><strong>ἔτι</strong></span> <span class='ocrx_word' id='word_1_164' title='bbox 801 2424 1106 2491; x_wconf 80' lang='grc' dir='ltr'>μέλλοντος,</span> <span class='ocrx_word' id='word_1_165' title='bbox 1151 2428 1200 2479; x_wconf 74' lang='lat' dir='ltr'><strong>oi</strong></span> <span class='ocrx_word' id='word_1_166' title='bbox 1237 2426 1366 2498; x_wconf 70' lang='grc' dir='ltr'>περὶ</span> <span class='ocrx_word' id='word_1_167' title='bbox 1410 2428 1501 2481; x_wconf 75' lang='grc' dir='ltr'><strong>τὸν</strong></span> <span class='ocrx_word' id='word_1_168' title='bbox 1539 2428 1794 2498; x_wconf 78' lang='grc' dir='ltr'>Διογένην</span> <span class='ocrx_word' id='word_1_169' title='bbox 1861 2428 2003 2481; x_wconf 78' lang='grc' dir='ltr'>ἀπο-</span> 
     </span>
    </p>
   </div>
   <div class='ocr_carea' id='block_1_25' title="bbox 421 2513 2001 2587">
    <p class='ocr_par' dir='ltr' id='par_1_25' title="bbox 421 2513 2001 2587">
     <span class='ocr_line' id='line_1_25' title="bbox 421 2513 2001 2587; baseline 0.003 -22"><span class='ocrx_word' id='word_1_170' title='bbox 421 2513 649 2580; x_wconf 74' lang='grc' dir='ltr'>γνόντες</span> <span class='ocrx_word' id='word_1_171' title='bbox 670 2513 747 2583; x_wconf 81' lang='grc' dir='ltr'>τῷ</span> <span class='ocrx_word' id='word_1_172' title='bbox 781 2514 1107 2585; x_wconf 79' lang='grc' dir='ltr'>Ἀνδρονίκῳ</span> <span class='ocrx_word' id='word_1_173' title='bbox 1126 2517 1442 2586; x_wconf 88' lang='grc' dir='ltr'>συνθέμενοι</span> <span class='ocrx_word' id='word_1_174' title='bbox 1467 2517 1558 2571; x_wconf 82' lang='grc' dir='ltr'><strong>καὶ</strong></span> <span class='ocrx_word' id='word_1_175' title='bbox 1587 2517 1797 2581; x_wconf 77' lang='grc' dir='ltr'>πίστεις</span> <span class='ocrx_word' id='word_1_176' title='bbox 1812 2517 1905 2571; x_wconf 79' lang='grc' dir='ltr'>τοῦ</span> <span class='ocrx_word' id='word_1_177' title='bbox 1926 2517 2001 2587; x_wconf 81' lang='grc' dir='ltr'>μὴ</span> 
     </span>
    </p>
   </div>
   <div class='ocr_carea' id='block_1_26' title="bbox 419 2604 2003 2679">
    <p class='ocr_par' dir='ltr' id='par_1_26' title="bbox 419 2604 2003 2679">
     <span class='ocr_line' id='line_1_26' title="bbox 419 2604 2003 2679; baseline 0.003 -22"><span class='ocrx_word' id='word_1_178' title='bbox 419 2604 616 2657; x_wconf 58' lang='grc' dir='ltr'>πιθεῖν</span> <span class='ocrx_word' id='word_1_179' title='bbox 647 2605 929 2674; x_wconf 71' lang='grc' dir='ltr'>εἰληφότες</span> <span class='ocrx_word' id='word_1_180' title='bbox 970 2607 1135 2660; x_wconf 81' lang='grc' dir='ltr'>αὐτόν</span> <span class='ocrx_word' id='word_1_181' title='bbox 1164 2623 1224 2659; x_wconf 86' lang='grc' dir='ltr'><strong>τε</strong></span> <span class='ocrx_word' id='word_1_182' title='bbox 1258 2608 1348 2660; x_wconf 82' lang='grc' dir='ltr'>τὸν</span> <span class='ocrx_word' id='word_1_183' title='bbox 1389 2607 1615 2679; x_wconf 75' lang='grc' dir='ltr'>βασιλέα</span> <span class='ocrx_word' id='word_1_184' title='bbox 1646 2608 2003 2676; x_wconf 73' lang='grc' dir='ltr'>παραδιδόασι</span> 
     </span>
    </p>
   </div>
   <div class='ocr_carea' id='block_1_27' title="bbox 420 2694 2007 2771">
    <p class='ocr_par' dir='ltr' id='par_1_27' title="bbox 420 2694 2007 2771">
     <span class='ocr_line' id='line_1_27' title="bbox 420 2694 2007 2771; baseline 0.002 -23"><span class='ocrx_word' id='word_1_185' title='bbox 420 2694 521 2748; x_wconf 73' lang='grc' dir='ltr'><strong>καὶ</strong></span> <span class='ocrx_word' id='word_1_186' title='bbox 546 2694 607 2746; x_wconf 73' lang='grc' dir='ltr'>τὸ</span> <span class='ocrx_word' id='word_1_187' title='bbox 650 2695 928 2767; x_wconf 82' lang='grc' dir='ltr'>φρούριον.</span> <span class='ocrx_word' id='word_1_188' title='bbox 957 2697 1020 2751; x_wconf 75' lang='lat' dir='ltr'><strong>Oi</strong></span> <span class='ocrx_word' id='word_1_189' title='bbox 1054 2698 1112 2752; x_wconf 81' lang='grc' dir='ltr'>δὲ</span> <span class='ocrx_word' id='word_1_190' title='bbox 1146 2699 1275 2770; x_wconf 74' lang='grc' dir='ltr'>περὶ</span> <span class='ocrx_word' id='word_1_191' title='bbox 1311 2699 1403 2752; x_wconf 75' lang='grc' dir='ltr'><strong>τὸν</strong></span> <span class='ocrx_word' id='word_1_192' title='bbox 1437 2698 1615 2755; x_wconf 71' lang='grc' dir='ltr'>Διῦκα</span> <span class='ocrx_word' id='word_1_193' title='bbox 1643 2699 1733 2771; x_wconf 85' lang='grc' dir='ltr'><strong>[Ρ.</strong></span> <span class='ocrx_word' id='word_1_194' title='bbox 1757 2698 1849 2771; x_wconf 79' lang='lat'><strong>58]</strong></span> <span class='ocrx_word' id='word_1_195' title='bbox 1887 2700 2007 2752; x_wconf 79' lang='grc' dir='ltr'><strong>Ἀν-</strong></span> 
     </span>
    </p>
   </div>
   <div class='ocr_carea' id='block_1_28' title="bbox 418 2788 2007 2862">
    <p class='ocr_par' dir='ltr' id='par_1_28' title="bbox 418 2788 2007 2862">
     <span class='ocr_line' id='line_1_28' title="bbox 418 2788 2007 2862; baseline 0.003 -22"><span class='ocrx_word' id='word_1_196' title='bbox 418 2788 675 2859; x_wconf 75' lang='grc' dir='ltr'>δρόνικον</span> <span class='ocrx_word' id='word_1_197' title='bbox 718 2788 879 2842; x_wconf 77' lang='grc' dir='ltr'>αὑτὸν</span> <span class='ocrx_word' id='word_1_198' title='bbox 937 2790 1299 2856; x_wconf 77' lang='grc' dir='ltr'>συλλαϐόντες</span> <span class='ocrx_word' id='word_1_199' title='bbox 1353 2791 1454 2860; x_wconf 68' lang='grc' dir='ltr'>τὴν</span> <span class='ocrx_word' id='word_1_200' title='bbox 1501 2791 1797 2862; x_wconf 80' lang='grc' dir='ltr'>ἁλουργίδα</span> <span class='ocrx_word' id='word_1_201' title='bbox 1844 2792 2007 2845; x_wconf 80' lang='grc' dir='ltr'>αὑτὸν</span> 
     </span>
    </p>
   </div>
   <div class='ocr_carea' id='block_1_29' title="bbox 419 2881 2007 2954">
    <p class='ocr_par' dir='ltr' id='par_1_29' title="bbox 419 2881 2007 2954">
     <span class='ocr_line' id='line_1_29' title="bbox 419 2881 2007 2954; baseline 0 -18"><span class='ocrx_word' id='word_1_202' title='bbox 419 2881 819 2948; x_wconf 78' lang='grc' dir='ltr'>ἀποδύσαντες,</span> <span class='ocrx_word' id='word_1_203' title='bbox 863 2883 925 2937; x_wconf 77' lang='grc' dir='ltr'><strong>τὸ</strong></span> <span class='ocrx_word' id='word_1_204' title='bbox 972 2884 1259 2951; x_wconf 77' lang='grc' dir='ltr'>μοναδικὸν</span> <span class='ocrx_word' id='word_1_205' title='bbox 1299 2884 1618 2937; x_wconf 86' lang='grc' dir='ltr'>ὲπενδύουσι</span> <span class='ocrx_word' id='word_1_206' title='bbox 1662 2885 1867 2954; x_wconf 81' lang='grc' dir='ltr'>σχῆμα,</span> <span class='ocrx_word' id='word_1_207' title='bbox 1911 2884 2007 2941; x_wconf 81' lang='grc' dir='ltr'>καὶ</span> 
     </span>
    </p>
   </div>
   <div class='ocr_carea' id='block_1_30' title="bbox 420 2975 2006 3049">
    <p class='ocr_par' dir='ltr' id='par_1_30' title="bbox 420 2975 2006 3049">
     <span class='ocr_line' id='line_1_30' title="bbox 420 2975 2006 3049; baseline -0.001 -20"><span class='ocrx_word' id='word_1_208' title='bbox 420 2975 573 3029; x_wconf 76' lang='grc' dir='ltr'>οὕτω</span> <span class='ocrx_word' id='word_1_209' title='bbox 605 2976 698 3030; x_wconf 82' lang='grc' dir='ltr'>τοῦ</span> <span class='ocrx_word' id='word_1_210' title='bbox 730 2978 991 3049; x_wconf 83' lang='grc' dir='ltr'>φρουρίου</span> <span class='ocrx_word' id='word_1_211' title='bbox 1026 2977 1387 3045; x_wconf 73' lang='grc' dir='ltr'>ἐξαγαγόντες</span> <span class='ocrx_word' id='word_1_212' title='bbox 1421 2976 1558 3047; x_wconf 85' lang='grc' dir='ltr'>πρὸς</span> <span class='ocrx_word' id='word_1_213' title='bbox 1587 2976 1679 3029; x_wconf 73' lang='grc' dir='ltr'>τὸν</span> <span class='ocrx_word' id='word_1_214' title='bbox 1731 2976 2006 3048; x_wconf 83' lang='grc' dir='ltr'>Ἀνδρόνι-</span> 
     </span>
    </p>
   </div>
   <div class='ocr_carea' id='block_1_31' title="bbox 420 3068 2003 3140">
    <p class='ocr_par' dir='ltr' id='par_1_31' title="bbox 420 3068 2003 3140">
     <span class='ocr_line' id='line_1_31' title="bbox 420 3068 2003 3140; baseline -0.001 -18"><span class='ocrx_word' id='word_1_215' title='bbox 420 3086 523 3122; x_wconf 83' lang='grc' dir='ltr'><strong>κον</strong></span> <span class='ocrx_word' id='word_1_216' title='bbox 567 3069 702 3137; x_wconf 70' lang='grc' dir='ltr'>μετὰ</span> <span class='ocrx_word' id='word_1_217' title='bbox 734 3069 996 3138; x_wconf 80' lang='grc' dir='ltr'>πλείστης</span> <span class='ocrx_word' id='word_1_218' title='bbox 1029 3071 1112 3123; x_wconf 87' lang='grc' dir='ltr'><strong>δτι</strong></span> <span class='ocrx_word' id='word_1_219' title='bbox 1140 3069 1242 3138; x_wconf 81' lang='grc' dir='ltr'>τῆς</span> <span class='ocrx_word' id='word_1_220' title='bbox 1281 3068 1640 3140; x_wconf 81' lang='grc' dir='ltr'>περιχαρείας</span> <span class='ocrx_word' id='word_1_221' title='bbox 1671 3069 2003 3137; x_wconf 86' lang='grc' dir='ltr'>ἀπάγουσιν.</span> 
     </span>
    </p>
   </div>
   <div class='ocr_carea' id='block_1_32' title="bbox 2088 596 3670 669">
    <p class='ocr_par' dir='ltr' id='par_1_32' title="bbox 2088 596 3670 669">
     <span class='ocr_line' id='line_1_32' title="bbox 2088 596 3670 669; baseline 0 -16"><span class='ocrx_word' id='word_1_222' title='bbox 2088 609 2203 653; x_wconf 87' lang='lat' dir='ltr'><strong>erat</strong></span> <span class='ocrx_word' id='word_1_223' title='bbox 2225 606 2438 668; x_wconf 88' lang='lat' dir='ltr'><strong>captus,</strong></span> <span class='ocrx_word' id='word_1_224' title='bbox 2466 597 2707 668; x_wconf 84' lang='lat' dir='ltr'><strong>lapillum</strong></span> <span class='ocrx_word' id='word_1_225' title='bbox 2735 597 2919 652; x_wconf 81' lang='lat' dir='ltr'><strong>eximii</strong></span> <span class='ocrx_word' id='word_1_226' title='bbox 2945 597 3126 667; x_wconf 89' lang='lat' dir='ltr'><strong>pretii,</strong></span> <span class='ocrx_word' id='word_1_227' title='bbox 3152 613 3314 669; x_wconf 83' lang='lat' dir='ltr'><strong>quem</strong></span> <span class='ocrx_word' id='word_1_228' title='bbox 3348 596 3449 667; x_wconf 84' lang='lat' dir='ltr'><strong>ipsi</strong></span> <span class='ocrx_word' id='word_1_229' title='bbox 3474 596 3670 653; x_wconf 79' lang='lat' dir='ltr'><strong>oﬂ&#39;erre</strong></span> 
     </span>
    </p>
   </div>
   <div class='ocr_carea' id='block_1_33' title="bbox 2088 688 3669 759">
    <p class='ocr_par' dir='ltr' id='par_1_33' title="bbox 2088 688 3669 759">
     <span class='ocr_line' id='line_1_33' title="bbox 2088 688 3669 759; baseline -0.001 -14"><span class='ocrx_word' id='word_1_230' title='bbox 2088 699 2330 759; x_wconf 86' lang='lat' dir='ltr'><strong>cuperet,</strong></span> <span class='ocrx_word' id='word_1_231' title='bbox 2364 690 2720 745; x_wconf 78' lang='lat' dir='ltr'><strong>abscondisse</strong></span> <span class='ocrx_word' id='word_1_232' title='bbox 2753 699 2935 745; x_wconf 89' lang='lat' dir='ltr'><strong>autem</strong></span> <span class='ocrx_word' id='word_1_233' title='bbox 2966 688 3119 744; x_wconf 88' lang='lat' dir='ltr'><strong>illum</strong></span> <span class='ocrx_word' id='word_1_234' title='bbox 3151 699 3304 746; x_wconf 88' lang='lat' dir='ltr'><strong>certo</strong></span> <span class='ocrx_word' id='word_1_235' title='bbox 3330 690 3455 744; x_wconf 88' lang='lat' dir='ltr'><strong>loco</strong></span> <span class='ocrx_word' id='word_1_236' title='bbox 3508 690 3559 742; x_wconf 91' lang='lat' dir='ltr'><strong>in</strong></span> <span class='ocrx_word' id='word_1_237' title='bbox 3604 704 3669 744; x_wconf 86' lang='lat' dir='ltr'><strong>ea</strong></span> 
     </span>
    </p>
   </div>
   <div class='ocr_carea' id='block_1_34' title="bbox 2090 780 3669 853">
    <p class='ocr_par' dir='ltr' id='par_1_34' title="bbox 2090 780 3669 853">
     <span class='ocr_line' id='line_1_34' title="bbox 2090 780 3669 853; baseline -0.004 -16"><span class='ocrx_word' id='word_1_238' title='bbox 2090 783 2246 846; x_wconf 85' lang='lat' dir='ltr'><strong>silva,</strong></span> <span class='ocrx_word' id='word_1_239' title='bbox 2276 781 2331 835; x_wconf 89' lang='lat' dir='ltr'><strong>in</strong></span> <span class='ocrx_word' id='word_1_240' title='bbox 2380 794 2489 853; x_wconf 89' lang='lat' dir='ltr'><strong>qua</strong></span> <span class='ocrx_word' id='word_1_241' title='bbox 2538 789 2657 835; x_wconf 87' lang='lat' dir='ltr'><strong>erat</strong></span> <span class='ocrx_word' id='word_1_242' title='bbox 2707 782 3164 850; x_wconf 87' lang='lat' dir='ltr'><strong>comprehensus,</strong></span> <span class='ocrx_word' id='word_1_243' title='bbox 3211 796 3278 836; x_wconf 89' lang='lat' dir='ltr'><strong>eo</strong></span> <span class='ocrx_word' id='word_1_244' title='bbox 3311 780 3512 836; x_wconf 90' lang='lat' dir='ltr'><strong>remitti</strong></span> <span class='ocrx_word' id='word_1_245' title='bbox 3545 796 3669 836; x_wconf 84' lang='lat' dir='ltr'><strong>cum</strong></span> 
     </span>
    </p>
   </div>
   <div class='ocr_carea' id='block_1_35' title="bbox 2089 871 3675 944">
    <p class='ocr_par' dir='ltr' id='par_1_35' title="bbox 2089 871 3675 944">
     <span class='ocr_line' id='line_1_35' title="bbox 2089 871 3675 944; baseline -0.003 -13"><span class='ocrx_word' id='word_1_246' title='bbox 2089 873 2409 931; x_wconf 87' lang='lat' dir='ltr'><strong>custodibus</strong></span> <span class='ocrx_word' id='word_1_247' title='bbox 2464 871 2619 944; x_wconf 84' lang='lat' dir='ltr'><strong>petiit</strong></span> <span class='ocrx_word' id='word_1_248' title='bbox 2672 872 2969 926; x_wconf 82' lang='lat' dir='ltr'><strong>relaturum</strong></span> <span class='ocrx_word' id='word_1_249' title='bbox 3030 887 3328 942; x_wconf 77' lang='lat' dir='ltr'><strong>gemmam.</strong></span> <span class='ocrx_word' id='word_1_250' title='bbox 3385 871 3675 926; x_wconf 84' lang='lat' dir='ltr'><strong>Annuente</strong></span> 
     </span>
    </p>
   </div>
   <div class='ocr_carea' id='block_1_36' title="bbox 2076 962 3670 1033">
    <p class='ocr_par' dir='ltr' id='par_1_36' title="bbox 2076 962 3670 1033">
     <span class='ocr_line' id='line_1_36' title="bbox 2076 962 3670 1033; baseline -0.004 -12"><span class='ocrx_word' id='word_1_251' title='bbox 2076 965 2406 1021; x_wconf 86' lang='lat' dir='ltr'><strong>‘Andronieo</strong></span> <span class='ocrx_word' id='word_1_252' title='bbox 2439 964 2590 1020; x_wconf 87' lang='lat' dir='ltr'><strong>brevi</strong></span> <span class='ocrx_word' id='word_1_253' title='bbox 2620 964 2926 1019; x_wconf 88' lang='lat' dir='ltr'><strong>mirabilem</strong></span> <span class='ocrx_word' id='word_1_254' title='bbox 2959 965 3077 1020; x_wconf 85' lang='lat' dir='ltr'><strong>visu</strong></span> <span class='ocrx_word' id='word_1_255' title='bbox 3109 964 3412 1033; x_wconf 85' lang='lat' dir='ltr'><strong>reportavit</strong></span> <span class='ocrx_word' id='word_1_256' title='bbox 3436 962 3670 1033; x_wconf 82' lang='lat' dir='ltr'><strong>lapidem</strong></span> 
     </span>
    </p>
   </div>
   <div class='ocr_carea' id='block_1_37' title="bbox 2091 1054 3678 1130">
    <p class='ocr_par' dir='ltr' id='par_1_37' title="bbox 2091 1054 3678 1130">
     <span class='ocr_line' id='line_1_37' title="bbox 2091 1054 3678 1130; baseline -0.004 -16"><span class='ocrx_word' id='word_1_257' title='bbox 2091 1069 2441 1130; x_wconf 84' lang='lat' dir='ltr'><strong>superantem</strong></span> <span class='ocrx_word' id='word_1_258' title='bbox 2477 1071 2723 1129; x_wconf 76' lang='lat' dir='ltr'><strong>gemmas</strong></span> <span class='ocrx_word' id='word_1_259' title='bbox 2753 1071 2944 1111; x_wconf 86' lang='lat' dir='ltr'><strong>omnes</strong></span> <span class='ocrx_word' id='word_1_260' title='bbox 2977 1055 3376 1125; x_wconf 74' lang='lat' dir='ltr'><strong>magnitudine,</strong></span> <span class='ocrx_word' id='word_1_261' title='bbox 3407 1054 3678 1122; x_wconf 79' lang='lat' dir='ltr'><strong>splendo-</strong></span> 
     </span>
    </p>
   </div>
   <div class='ocr_carea' id='block_1_38' title="bbox 2092 1144 3675 1219">
    <p class='ocr_par' dir='ltr' id='par_1_38' title="bbox 2092 1144 3675 1219">
     <span class='ocr_line' id='line_1_38' title="bbox 2092 1144 3675 1219; baseline -0.004 -14"><span class='ocrx_word' id='word_1_262' title='bbox 2092 1150 2170 1205; x_wconf 85' lang='lat' dir='ltr'><strong>ris</strong></span> <span class='ocrx_word' id='word_1_263' title='bbox 2200 1158 2383 1205; x_wconf 86' lang='lat' dir='ltr'><strong>autem</strong></span> <span class='ocrx_word' id='word_1_264' title='bbox 2416 1149 2662 1219; x_wconf 79' lang='lat' dir='ltr'><strong>majoris.</strong></span> <span class='ocrx_word' id='word_1_265' title='bbox 2692 1162 2857 1218; x_wconf 88' lang='lat' dir='ltr'><strong>quam</strong></span> <span class='ocrx_word' id='word_1_266' title='bbox 2892 1148 2965 1202; x_wconf 88' lang='lat' dir='ltr'><strong>sit</strong></span> <span class='ocrx_word' id='word_1_267' title='bbox 2995 1147 3140 1201; x_wconf 87' lang='lat' dir='ltr'><strong>ullus</strong></span> <span class='ocrx_word' id='word_1_268' title='bbox 3175 1145 3479 1214; x_wconf 82' lang='lat' dir='ltr'><strong>pellucidus</strong></span> <span class='ocrx_word' id='word_1_269' title='bbox 3516 1144 3675 1214; x_wconf 86' lang='lat' dir='ltr'><strong>lapis,</strong></span> 
     </span>
    </p>
   </div>
   <div class='ocr_carea' id='block_1_39' title="bbox 2092 1234 3677 1312">
    <p class='ocr_par' dir='ltr' id='par_1_39' title="bbox 2092 1234 3677 1312">
     <span class='ocr_line' id='line_1_39' title="bbox 2092 1234 3677 1312; baseline -0.004 -15"><span class='ocrx_word' id='word_1_270' title='bbox 2092 1257 2256 1312; x_wconf 88' lang='lat' dir='ltr'><strong>quem</strong></span> <span class='ocrx_word' id='word_1_271' title='bbox 2308 1251 2495 1312; x_wconf 87' lang='lat' dir='ltr'><strong>postea</strong></span> <span class='ocrx_word' id='word_1_272' title='bbox 2546 1241 2690 1297; x_wconf 89' lang='lat' dir='ltr'><strong>dono</strong></span> <span class='ocrx_word' id='word_1_273' title='bbox 2740 1241 2890 1297; x_wconf 88' lang='lat' dir='ltr'><strong>dedit</strong></span> <span class='ocrx_word' id='word_1_274' title='bbox 2940 1239 3293 1296; x_wconf 83' lang='lat' dir='ltr'><strong>Andronicus</strong></span> <span class='ocrx_word' id='word_1_275' title='bbox 3338 1234 3677 1310; x_wconf 80' lang='lat' dir='ltr'><strong>iniperatrici</strong></span> 
     </span>
    </p>
   </div>
   <div class='ocr_carea' id='block_1_40' title="bbox 2093 1333 2300 1391">
    <p class='ocr_par' dir='ltr' id='par_1_40' title="bbox 2093 1333 2300 1391">
     <span class='ocr_line' id='line_1_40' title="bbox 2093 1333 2300 1391; baseline -0.005 -1"><span class='ocrx_word' id='word_1_276' title='bbox 2093 1333 2300 1391; x_wconf 68' lang='lat' dir='ltr'><strong>Mariae.</strong></span> 
     </span>
    </p>
   </div>
   <div class='ocr_carea' id='block_1_41' title="bbox 2168 1489 3678 1583">
    <p class='ocr_par' dir='ltr' id='par_1_41' title="bbox 2168 1489 3678 1583">
     <span class='ocr_line' id='line_1_41' title="bbox 2168 1489 3678 1583; baseline -0.005 -18"><span class='ocrx_word' id='word_1_277' title='bbox 2168 1508 2277 1583; x_wconf 64' lang='grc'><strong>54</strong></span> <span class='ocrx_word' id='word_1_278' title='bbox 2299 1510 2391 1565; x_wconf 73' lang='grc'><strong>25.</strong></span> <span class='ocrx_word' id='word_1_279' title='bbox 2436 1509 2506 1565; x_wconf 84' lang='lat' dir='ltr'><strong>At</strong></span> <span class='ocrx_word' id='word_1_280' title='bbox 2554 1509 2820 1581; x_wconf 79' lang='lat' dir='ltr'><strong>Diogenes</strong></span> <span class='ocrx_word' id='word_1_281' title='bbox 2871 1519 2982 1563; x_wconf 85' lang='lat' dir='ltr'><strong>tam</strong></span> <span class='ocrx_word' id='word_1_282' title='bbox 3025 1507 3228 1564; x_wconf 82' lang='lat' dir='ltr'><strong>infelici</strong></span> <span class='ocrx_word' id='word_1_283' title='bbox 3279 1489 3538 1564; x_wconf 78' lang='lat' dir='ltr'><strong>successu</strong></span> <span class='ocrx_word' id='word_1_284' title='bbox 3573 1521 3678 1559; x_wconf 89' lang='lat' dir='ltr'><strong>non</strong></span> 
     </span>
    </p>
   </div>
   <div class='ocr_carea' id='block_1_42' title="bbox 2101 1598 3682 1670">
    <p class='ocr_par' dir='ltr' id='par_1_42' title="bbox 2101 1598 3682 1670">
     <span class='ocr_line' id='line_1_42' title="bbox 2101 1598 3682 1670; baseline -0.003 -12"><span class='ocrx_word' id='word_1_285' title='bbox 2101 1605 2308 1658; x_wconf 78' lang='lat' dir='ltr'><strong>fractus</strong></span> <span class='ocrx_word' id='word_1_286' title='bbox 2343 1600 2659 1657; x_wconf 87' lang='lat' dir='ltr'><strong>obstinabat</strong></span> <span class='ocrx_word' id='word_1_287' title='bbox 2693 1601 2875 1656; x_wconf 88' lang='lat' dir='ltr'><strong>adhuc</strong></span> <span class='ocrx_word' id='word_1_288' title='bbox 2925 1602 2979 1656; x_wconf 93' lang='lat' dir='ltr'><strong>in</strong></span> <span class='ocrx_word' id='word_1_289' title='bbox 3035 1616 3133 1670; x_wconf 87' lang='lat' dir='ltr'><strong>spe</strong></span> <span class='ocrx_word' id='word_1_290' title='bbox 3168 1601 3437 1661; x_wconf 86' lang='lat' dir='ltr'><strong>animum,</strong></span> <span class='ocrx_word' id='word_1_291' title='bbox 3467 1598 3682 1654; x_wconf 75' lang='lat' dir='ltr'><strong>socius-</strong></span> 
     </span>
    </p>
   </div>
   <div class='ocr_carea' id='block_1_43' title="bbox 2098 1691 3680 1767">
    <p class='ocr_par' dir='ltr' id='par_1_43' title="bbox 2098 1691 3680 1767">
     <span class='ocr_line' id='line_1_43' title="bbox 2098 1691 3680 1767; baseline -0.005 -16"><span class='ocrx_word' id='word_1_292' title='bbox 2098 1710 2207 1767; x_wconf 91' lang='lat' dir='ltr'><strong>que</strong></span> <span class='ocrx_word' id='word_1_293' title='bbox 2234 1694 2439 1749; x_wconf 68' lang='lat' dir='ltr'><strong>ultimm</strong></span> <span class='ocrx_word' id='word_1_294' title='bbox 2474 1691 2708 1747; x_wconf 72' lang='lat' dir='ltr'><strong>fortuna:</strong></span> <span class='ocrx_word' id='word_1_295' title='bbox 2734 1693 3012 1748; x_wconf 89' lang='lat' dir='ltr'><strong>consolari</strong></span> <span class='ocrx_word' id='word_1_296' title='bbox 3042 1693 3292 1749; x_wconf 85' lang='lat' dir='ltr'><strong>studebat</strong></span> <span class='ocrx_word' id='word_1_297' title='bbox 3330 1692 3528 1746; x_wconf 85' lang='lat' dir='ltr'><strong>liducia</strong></span> <span class='ocrx_word' id='word_1_298' title='bbox 3555 1705 3680 1744; x_wconf 84' lang='lat' dir='ltr'><strong>mox</strong></span> 
     </span>
    </p>
   </div>
   <div class='ocr_carea' id='block_1_44' title="bbox 2102 1782 3677 1852">
    <p class='ocr_par' dir='ltr' id='par_1_44' title="bbox 2102 1782 3677 1852">
     <span class='ocr_line' id='line_1_44' title="bbox 2102 1782 3677 1852; baseline -0.005 -8"><span class='ocrx_word' id='word_1_299' title='bbox 2102 1787 2341 1846; x_wconf 74' lang='lat' dir='ltr'><strong>adfuturi</strong></span> <span class='ocrx_word' id='word_1_300' title='bbox 2374 1802 2404 1841; x_wconf 91' lang='lat' dir='ltr'><strong>e</strong></span> <span class='ocrx_word' id='word_1_301' title='bbox 2438 1784 2661 1844; x_wconf 84' lang='lat' dir='ltr'><strong>Perside</strong></span> <span class='ocrx_word' id='word_1_302' title='bbox 2706 1787 2916 1843; x_wconf 69' lang='lat' dir='ltr'><strong>auxilii.</strong></span> <span class='ocrx_word' id='word_1_303' title='bbox 2964 1785 3112 1842; x_wconf 82' lang='lat' dir='ltr'><strong>Misit</strong></span> <span class='ocrx_word' id='word_1_304' title='bbox 3162 1787 3324 1840; x_wconf 89' lang='lat' dir='ltr'><strong>etiam</strong></span> <span class='ocrx_word' id='word_1_305' title='bbox 3370 1784 3437 1840; x_wconf 87' lang='lat' dir='ltr'><strong>ad</strong></span> <span class='ocrx_word' id='word_1_306' title='bbox 3467 1782 3677 1852; x_wconf 86' lang='lat' dir='ltr'><strong>Crispi-</strong></span> 
     </span>
    </p>
   </div>
   <div class='ocr_carea' id='block_1_45' title="bbox 2101 1873 3683 1949">
    <p class='ocr_par' dir='ltr' id='par_1_45' title="bbox 2101 1873 3683 1949">
     <span class='ocr_line' id='line_1_45' title="bbox 2101 1873 3683 1949; baseline -0.007 -11"><span class='ocrx_word' id='word_1_307' title='bbox 2101 1875 2232 1938; x_wconf 86' lang='lat' dir='ltr'><strong>num</strong></span> <span class='ocrx_word' id='word_1_308' title='bbox 2262 1891 2444 1938; x_wconf 89' lang='lat' dir='ltr'><strong>certos</strong></span> <span class='ocrx_word' id='word_1_309' title='bbox 2476 1881 2726 1937; x_wconf 86' lang='lat' dir='ltr'><strong>homines</strong></span> <span class='ocrx_word' id='word_1_310' title='bbox 2776 1880 3052 1949; x_wconf 78' lang='lat' dir='ltr'><strong>ingenium</strong></span> <span class='ocrx_word' id='word_1_311' title='bbox 3111 1877 3375 1933; x_wconf 79' lang='lat' dir='ltr'><strong>irritabile</strong></span> <span class='ocrx_word' id='word_1_312' title='bbox 3431 1873 3683 1929; x_wconf 82' lang='lat' dir='ltr'><strong>iracundi</strong></span> 
     </span>
    </p>
   </div>
   <div class='ocr_carea' id='block_1_46' title="bbox 2099 1964 3684 2035">
    <p class='ocr_par' dir='ltr' id='par_1_46' title="bbox 2099 1964 3684 2035">
     <span class='ocr_line' id='line_1_46' title="bbox 2099 1964 3684 2035; baseline -0.007 -6"><span class='ocrx_word' id='word_1_313' title='bbox 2099 1971 2319 2029; x_wconf 89' lang='lat' dir='ltr'><strong>barbari</strong></span> <span class='ocrx_word' id='word_1_314' title='bbox 2350 1971 2628 2027; x_wconf 88' lang='lat' dir='ltr'><strong>concitare</strong></span> <span class='ocrx_word' id='word_1_315' title='bbox 2656 1970 2710 2025; x_wconf 94' lang='lat' dir='ltr'><strong>in</strong></span> <span class='ocrx_word' id='word_1_316' title='bbox 2742 1969 3117 2025; x_wconf 83' lang='lat' dir='ltr'><strong>Andronicum</strong></span> <span class='ocrx_word' id='word_1_317' title='bbox 3148 1976 3447 2022; x_wconf 90' lang='lat' dir='ltr'><strong>eonaturos</strong></span> <span class='ocrx_word' id='word_1_318' title='bbox 3476 1983 3490 2020; x_wconf 93' lang='lat'><strong>:</strong></span> <span class='ocrx_word' id='word_1_319' title='bbox 3522 1964 3684 2035; x_wconf 84' lang='lat' dir='ltr'><strong>cujus</strong></span> 
     </span>
    </p>
   </div>
   <div class='ocr_carea' id='block_1_47' title="bbox 2102 2058 3685 2133">
    <p class='ocr_par' dir='ltr' id='par_1_47' title="bbox 2102 2058 3685 2133">
     <span class='ocr_line' id='line_1_47' title="bbox 2102 2058 3685 2133; baseline -0.006 -15"><span class='ocrx_word' id='word_1_320' title='bbox 2102 2065 2306 2121; x_wconf 88' lang='lat' dir='ltr'><strong>indicio</strong></span> <span class='ocrx_word' id='word_1_321' title='bbox 2331 2062 2515 2133; x_wconf 72' lang='lat' dir='ltr'><strong>empti,</strong></span> <span class='ocrx_word' id='word_1_322' title='bbox 2540 2072 2767 2133; x_wconf 82' lang='lat' dir='ltr'><strong>accepto</strong></span> <span class='ocrx_word' id='word_1_323' title='bbox 2794 2062 2848 2116; x_wconf 91' lang='lat' dir='ltr'><strong>in</strong></span> <span class='ocrx_word' id='word_1_324' title='bbox 2876 2068 3119 2131; x_wconf 88' lang='lat' dir='ltr'><strong>tempore</strong></span> <span class='ocrx_word' id='word_1_325' title='bbox 3145 2058 3493 2115; x_wconf 74' lang='lat' dir='ltr'><strong>Andronicus</strong></span> <span class='ocrx_word' id='word_1_326' title='bbox 3524 2058 3685 2125; x_wconf 77' lang='lat' dir='ltr'><strong>longe</strong></span> 
     </span>
    </p>
   </div>
   <div class='ocr_carea' id='block_1_48' title="bbox 2101 2148 3683 2225">
    <p class='ocr_par' dir='ltr' id='par_1_48' title="bbox 2101 2148 3683 2225">
     <span class='ocr_line' id='line_1_48' title="bbox 2101 2148 3683 2225; baseline -0.006 -13"><span class='ocrx_word' id='word_1_327' title='bbox 2101 2156 2485 2213; x_wconf 87' lang='lat' dir='ltr'><strong>blandioribus</strong></span> <span class='ocrx_word' id='word_1_328' title='bbox 2516 2170 2679 2225; x_wconf 89' lang='lat' dir='ltr'><strong>quam</strong></span> <span class='ocrx_word' id='word_1_329' title='bbox 2718 2169 2960 2225; x_wconf 89' lang='lat' dir='ltr'><strong>unquam</strong></span> <span class='ocrx_word' id='word_1_330' title='bbox 3003 2152 3139 2208; x_wconf 86' lang='lat' dir='ltr'><strong>alias</strong></span> <span class='ocrx_word' id='word_1_331' title='bbox 3169 2151 3351 2206; x_wconf 85' lang='lat' dir='ltr'><strong>verbis</strong></span> <span class='ocrx_word' id='word_1_332' title='bbox 3380 2148 3683 2212; x_wconf 73' lang='lat' dir='ltr'><strong>odit-iisque</strong></span> 
     </span>
    </p>
   </div>
   <div class='ocr_carea' id='block_1_49' title="bbox 2101 2238 3686 2318">
    <p class='ocr_par' dir='ltr' id='par_1_49' title="bbox 2101 2238 3686 2318">
     <span class='ocr_line' id='line_1_49' title="bbox 2101 2238 3686 2318; baseline -0.008 -14"><span class='ocrx_word' id='word_1_333' title='bbox 2101 2249 2418 2318; x_wconf 89' lang='lat' dir='ltr'><strong>Crispinum</strong></span> <span class='ocrx_word' id='word_1_334' title='bbox 2466 2247 2539 2302; x_wconf 86' lang='lat' dir='ltr'><strong>ita</strong></span> <span class='ocrx_word' id='word_1_335' title='bbox 2575 2244 2854 2309; x_wconf 83' lang='lat' dir='ltr'><strong>delinivit,</strong></span> <span class='ocrx_word' id='word_1_336' title='bbox 2891 2253 2949 2299; x_wconf 91' lang='lat' dir='ltr'><strong>ut</strong></span> <span class='ocrx_word' id='word_1_337' title='bbox 2998 2241 3364 2312; x_wconf 65' lang='lat' dir='ltr'><strong>Diogenianos</strong></span> <span class='ocrx_word' id='word_1_338' title='bbox 3411 2238 3686 2295; x_wconf 79' lang='lat' dir='ltr'><strong>remiserit</strong></span> 
     </span>
    </p>
   </div>
   <div class='ocr_carea' id='block_1_50' title="bbox 2102 2329 3685 2409">
    <p class='ocr_par' dir='ltr' id='par_1_50' title="bbox 2102 2329 3685 2409">
     <span class='ocr_line' id='line_1_50' title="bbox 2102 2329 3685 2409; baseline -0.007 -15"><span class='ocrx_word' id='word_1_339' title='bbox 2102 2338 2314 2403; x_wconf 66' lang='lat' dir='ltr'><strong>irritos.</strong></span> <span class='ocrx_word' id='word_1_340' title='bbox 2359 2338 2532 2409; x_wconf 88' lang='lat' dir='ltr'><strong>Cujus</strong></span> <span class='ocrx_word' id='word_1_341' title='bbox 2586 2337 2662 2392; x_wconf 85' lang='lat' dir='ltr'><strong>rei</strong></span> <span class='ocrx_word' id='word_1_342' title='bbox 2716 2352 2813 2407; x_wconf 87' lang='lat' dir='ltr'><strong>per</strong></span> <span class='ocrx_word' id='word_1_343' title='bbox 2857 2337 3181 2391; x_wconf 89' lang='lat' dir='ltr'><strong>comitatum</strong></span> <span class='ocrx_word' id='word_1_344' title='bbox 3232 2331 3487 2401; x_wconf 75' lang='lat' dir='ltr'><strong>Diogenis</strong></span> <span class='ocrx_word' id='word_1_345' title='bbox 3539 2329 3685 2385; x_wconf 65' lang='lat' dir='ltr'><strong>tanta</strong></span> 
     </span>
    </p>
   </div>
   <div class='ocr_carea' id='block_1_51' title="bbox 2104 2422 3689 2504">
    <p class='ocr_par' dir='ltr' id='par_1_51' title="bbox 2104 2422 3689 2504">
     <span class='ocr_line' id='line_1_51' title="bbox 2104 2422 3689 2504; baseline -0.008 -15"><span class='ocrx_word' id='word_1_346' title='bbox 2104 2434 2346 2504; x_wconf 75' lang='lat' dir='ltr'><strong>vulgata,</strong></span> <span class='ocrx_word' id='word_1_347' title='bbox 2369 2432 2864 2501; x_wconf 80' lang='lat' dir='ltr'><strong>cunctantibusque</strong></span> <span class='ocrx_word' id='word_1_348' title='bbox 2892 2425 3484 2497; x_wconf 55' lang='lat' dir='ltr'><strong>nimium&#39;exspectatis</strong></span> <span class='ocrx_word' id='word_1_349' title='bbox 3506 2440 3537 2478; x_wconf 92' lang='lat' dir='ltr'><strong>a</strong></span> <span class='ocrx_word' id='word_1_350' title='bbox 3560 2422 3689 2479; x_wconf 82' lang='lat' dir='ltr'><strong>Per-</strong></span> 
     </span>
    </p>
   </div>
   <div class='ocr_carea' id='block_1_52' title="bbox 2107 2516 3690 2595">
    <p class='ocr_par' dir='ltr' id='par_1_52' title="bbox 2107 2516 3690 2595">
     <span class='ocr_line' id='line_1_52' title="bbox 2107 2516 3690 2595; baseline -0.008 -13"><span class='ocrx_word' id='word_1_351' title='bbox 2107 2525 2223 2582; x_wconf 83' lang='lat' dir='ltr'><strong>side</strong></span> <span class='ocrx_word' id='word_1_352' title='bbox 2267 2525 2459 2594; x_wconf 88' lang='lat' dir='ltr'><strong>copiis,</strong></span> <span class='ocrx_word' id='word_1_353' title='bbox 2492 2524 2741 2595; x_wconf 88' lang='lat' dir='ltr'><strong>proditur</strong></span> <span class='ocrx_word' id='word_1_354' title='bbox 2779 2538 2810 2577; x_wconf 88' lang='lat' dir='ltr'><strong>a</strong></span> <span class='ocrx_word' id='word_1_355' title='bbox 2840 2520 2956 2577; x_wconf 90' lang='lat' dir='ltr'><strong>suis</strong></span> <span class='ocrx_word' id='word_1_356' title='bbox 2987 2521 3253 2591; x_wconf 76' lang='lat' dir='ltr'><strong>Diogenes</strong></span> <span class='ocrx_word' id='word_1_357' title='bbox 3276 2559 3291 2583; x_wconf 93' lang='lat'><strong>,</strong></span> <span class='ocrx_word' id='word_1_358' title='bbox 3339 2516 3690 2573; x_wconf 82' lang='lat' dir='ltr'><strong>incolumita-</strong></span> 
     </span>
    </p>
   </div>
   <div class='ocr_carea' id='block_1_53' title="bbox 2108 2606 3690 2686">
    <p class='ocr_par' dir='ltr' id='par_1_53' title="bbox 2108 2606 3690 2686">
     <span class='ocr_line' id='line_1_53' title="bbox 2108 2606 3690 2686; baseline -0.005 -16"><span class='ocrx_word' id='word_1_359' title='bbox 2108 2626 2213 2671; x_wconf 87' lang='lat' dir='ltr'><strong>tem</strong></span> <span class='ocrx_word' id='word_1_360' title='bbox 2252 2616 2528 2686; x_wconf 85' lang='lat' dir='ltr'><strong>propriam</strong></span> <span class='ocrx_word' id='word_1_361' title='bbox 2560 2616 2682 2686; x_wconf 85' lang='lat' dir='ltr'><strong>ejus</strong></span> <span class='ocrx_word' id='word_1_362' title='bbox 2703 2657 2717 2682; x_wconf 88' lang='lat'><strong>,</strong></span> <span class='ocrx_word' id='word_1_363' title='bbox 2757 2623 2918 2684; x_wconf 86' lang='lat' dir='ltr'><strong>atque</strong></span> <span class='ocrx_word' id='word_1_364' title='bbox 2946 2613 3091 2668; x_wconf 87' lang='lat' dir='ltr'><strong>arcis</strong></span> <span class='ocrx_word' id='word_1_365' title='bbox 3123 2613 3177 2667; x_wconf 89' lang='lat' dir='ltr'><strong>in</strong></span> <span class='ocrx_word' id='word_1_366' title='bbox 3207 2626 3314 2680; x_wconf 86' lang='lat' dir='ltr'><strong>qua</strong></span> <span class='ocrx_word' id='word_1_367' title='bbox 3348 2617 3506 2666; x_wconf 89' lang='lat' dir='ltr'><strong>erant</strong></span> <span class='ocrx_word' id='word_1_368' title='bbox 3539 2606 3690 2664; x_wconf 85' lang='lat' dir='ltr'><strong>dedi-</strong></span> 
     </span>
    </p>
   </div>
   <div class='ocr_carea' id='block_1_54' title="bbox 2109 2697 3693 2775">
    <p class='ocr_par' dir='ltr' id='par_1_54' title="bbox 2109 2697 3693 2775">
     <span class='ocr_line' id='line_1_54' title="bbox 2109 2697 3693 2775; baseline -0.006 -13"><span class='ocrx_word' id='word_1_369' title='bbox 2109 2709 2257 2763; x_wconf 91' lang='lat' dir='ltr'><strong>tione</strong></span> <span class='ocrx_word' id='word_1_370' title='bbox 2286 2708 2353 2763; x_wconf 89' lang='lat' dir='ltr'><strong>ab</strong></span> <span class='ocrx_word' id='word_1_371' title='bbox 2381 2707 2696 2763; x_wconf 87' lang='lat' dir='ltr'><strong>Andronico</strong></span> <span class='ocrx_word' id='word_1_372' title='bbox 2730 2704 3154 2775; x_wconf 81' lang='lat' dir='ltr'><strong>paciscentibus.</strong></span> <span class='ocrx_word' id='word_1_373' title='bbox 3206 2701 3387 2756; x_wconf 78' lang='lat' dir='ltr'><strong>Missis</strong></span> <span class='ocrx_word' id='word_1_374' title='bbox 3421 2701 3588 2771; x_wconf 75' lang='lat' dir='ltr'><strong>igitur</strong></span> <span class='ocrx_word' id='word_1_375' title='bbox 3622 2697 3693 2753; x_wconf 90' lang='lat' dir='ltr'><strong>ab</strong></span> 
     </span>
    </p>
   </div>
   <div class='ocr_carea' id='block_1_55' title="bbox 2107 2790 3692 2867">
    <p class='ocr_par' dir='ltr' id='par_1_55' title="bbox 2107 2790 3692 2867">
     <span class='ocr_line' id='line_1_55' title="bbox 2107 2790 3692 2867; baseline -0.008 -13"><span class='ocrx_word' id='word_1_376' title='bbox 2107 2800 2421 2854; x_wconf 83' lang='lat' dir='ltr'><strong>Andronico</strong></span> <span class='ocrx_word' id='word_1_377' title='bbox 2451 2797 2519 2853; x_wconf 88' lang='lat' dir='ltr'><strong>ad</strong></span> <span class='ocrx_word' id='word_1_378' title='bbox 2547 2797 2868 2867; x_wconf 76' lang='lat' dir='ltr'><strong>exigendam</strong></span> <span class='ocrx_word' id='word_1_379' title='bbox 2901 2804 3184 2865; x_wconf 86' lang='lat' dir='ltr'><strong>pactorum</strong></span> <span class='ocrx_word' id='word_1_380' title='bbox 3230 2792 3389 2847; x_wconf 81' lang='lat' dir='ltr'><strong>[idem</strong></span> <span class='ocrx_word' id='word_1_381' title='bbox 3434 2790 3692 2845; x_wconf 85' lang='lat' dir='ltr'><strong>admissis</strong></span> 
     </span>
    </p>
   </div>
   <div class='ocr_carea' id='block_1_56' title="bbox 2110 2885 3693 2958">
    <p class='ocr_par' dir='ltr' id='par_1_56' title="bbox 2110 2885 3693 2958">
     <span class='ocr_line' id='line_1_56' title="bbox 2110 2885 3693 2958; baseline -0.006 -13"><span class='ocrx_word' id='word_1_382' title='bbox 2110 2892 2165 2957; x_wconf 77' lang='lat' dir='ltr'><strong>in</strong></span> <span class='ocrx_word' id='word_1_383' title='bbox 2199 2905 2380 2946; x_wconf 84' lang='lat' dir='ltr'><strong>arcem</strong></span> <span class='ocrx_word' id='word_1_384' title='bbox 2405 2931 2421 2958; x_wconf 92' lang='lat'><strong>,</strong></span> <span class='ocrx_word' id='word_1_385' title='bbox 2465 2888 2683 2946; x_wconf 85' lang='lat' dir='ltr'><strong>deditus</strong></span> <span class='ocrx_word' id='word_1_386' title='bbox 2718 2888 2987 2958; x_wconf 82' lang='lat' dir='ltr'><strong>Diogenes</strong></span> <span class='ocrx_word' id='word_1_387' title='bbox 3018 2886 3088 2941; x_wconf 90' lang='lat' dir='ltr'><strong>ab</strong></span> <span class='ocrx_word' id='word_1_388' title='bbox 3122 2885 3189 2940; x_wconf 90' lang='lat' dir='ltr'><strong>iis</strong></span> <span class='ocrx_word' id='word_1_389' title='bbox 3220 2898 3463 2955; x_wconf 87' lang='lat' dir='ltr'><strong>purpura</strong></span> <span class='ocrx_word' id='word_1_390' title='bbox 3495 2892 3693 2938; x_wconf 79' lang='lat' dir='ltr'><strong>exutus</strong></span> 
     </span>
    </p>
   </div>
   <div class='ocr_carea' id='block_1_57' title="bbox 2112 2978 3691 3050">
    <p class='ocr_par' dir='ltr' id='par_1_57' title="bbox 2112 2978 3691 3050">
     <span class='ocr_line' id='line_1_57' title="bbox 2112 2978 3691 3050; baseline -0.006 -11"><span class='ocrx_word' id='word_1_391' title='bbox 2112 2985 2418 3039; x_wconf 82' lang='lat' dir='ltr'><strong>monastieo</strong></span> <span class='ocrx_word' id='word_1_392' title='bbox 2456 2990 2608 3039; x_wconf 84' lang='lat' dir='ltr'><strong>veste</strong></span> <span class='ocrx_word' id='word_1_393' title='bbox 2658 2980 3010 3050; x_wconf 80' lang='lat' dir='ltr'><strong>contegitur,</strong></span> <span class='ocrx_word' id='word_1_394' title='bbox 3063 2978 3254 3048; x_wconf 89' lang='lat' dir='ltr'><strong>sicque</strong></span> <span class='ocrx_word' id='word_1_395' title='bbox 3303 2979 3533 3031; x_wconf 82' lang='lat' dir='ltr'><strong>eductus</strong></span> <span class='ocrx_word' id='word_1_396' title='bbox 3564 2990 3691 3031; x_wconf 87' lang='lat' dir='ltr'><strong>arce</strong></span> 
     </span>
    </p>
   </div>
   <div class='ocr_carea' id='block_1_58' title="bbox 2112 3068 3693 3150">
    <p class='ocr_par' dir='ltr' id='par_1_58' title="bbox 2112 3068 3693 3150">
     <span class='ocr_line' id='line_1_58' title="bbox 2112 3068 3693 3150; baseline -0.008 -18"><span class='ocrx_word' id='word_1_397' title='bbox 2112 3075 2422 3132; x_wconf 74' lang='lat' dir='ltr'><strong>Andronico</strong></span> <span class='ocrx_word' id='word_1_398' title='bbox 2467 3074 2704 3138; x_wconf 85' lang='lat' dir='ltr'><strong>sistitur,</strong></span> <span class='ocrx_word' id='word_1_399' title='bbox 2752 3072 3012 3142; x_wconf 77' lang='lat' dir='ltr'><strong>gaudium</strong></span> <span class='ocrx_word' id='word_1_400' title='bbox 3062 3079 3226 3125; x_wconf 68' lang='lat' dir='ltr'><strong>tantm</strong></span> <span class='ocrx_word' id='word_1_401' title='bbox 3270 3068 3548 3150; x_wconf 71' lang='lat' dir='ltr'><strong>victorim,</strong></span> <span class='ocrx_word' id='word_1_402' title='bbox 3585 3080 3693 3134; x_wconf 90' lang='lat' dir='ltr'><strong>quo</strong></span> 
     </span>
    </p>
   </div>
   <div class='ocr_carea' id='block_1_59' title="bbox 436 3156 2006 3248">
    <p class='ocr_par' dir='ltr' id='par_1_59' title="bbox 436 3160 2006 3233">
     <span class='ocr_line' id='line_1_59' title="bbox 436 3160 2006 3233; baseline 0 -18"><span class='ocrx_word' id='word_1_403' title='bbox 436 3160 501 3215; x_wconf 83' lang='grc' dir='ltr'>Ὀ</span> <span class='ocrx_word' id='word_1_404' title='bbox 531 3161 589 3214; x_wconf 80' lang='grc' dir='ltr'>δὲ</span> <span class='ocrx_word' id='word_1_405' title='bbox 605 3163 700 3231; x_wconf 79' lang='grc' dir='ltr'>τῆς</span> <span class='ocrx_word' id='word_1_406' title='bbox 725 3161 894 3233; x_wconf 88' lang='grc' dir='ltr'>τύχης</span> <span class='ocrx_word' id='word_1_407' title='bbox 912 3161 1077 3214; x_wconf 75' lang='grc' dir='ltr'>αὑτὸν</span> <span class='ocrx_word' id='word_1_408' title='bbox 1101 3161 1380 3232; x_wconf 82' lang='grc' dir='ltr'>οἰκτείρας</span> <span class='ocrx_word' id='word_1_409' title='bbox 1410 3161 1679 3230; x_wconf 81' lang='grc' dir='ltr'>ἐδάκρυσε</span> <span class='ocrx_word' id='word_1_410' title='bbox 1706 3162 1800 3216; x_wconf 75' lang='grc' dir='ltr'>καὶ</span> <span class='ocrx_word' id='word_1_411' title='bbox 1822 3160 2006 3228; x_wconf 78' lang='grc' dir='ltr'>δεξιὰν</span> 
     </span>
    </p>
   </div>
   <div class='ocr_carea' id='block_1_60' title="bbox 2109 3156 3665 3248">
    <p class='ocr_par' dir='ltr' id='par_1_60' title="bbox 2112 3156 3665 3238">
     <span class='ocr_line' id='line_1_60' title="bbox 2112 3156 3665 3238; baseline -0.008 -16"><span class='ocrx_word' id='word_1_412' title='bbox 2112 3167 2316 3238; x_wconf 85' lang='lat' dir='ltr'><strong>passim</strong></span> <span class='ocrx_word' id='word_1_413' title='bbox 2353 3163 2700 3221; x_wconf 84' lang='lat' dir='ltr'><strong>exsultabant</strong></span> <span class='ocrx_word' id='word_1_414' title='bbox 2751 3161 2982 3224; x_wconf 87' lang='lat' dir='ltr'><strong>milites,</strong></span> <span class='ocrx_word' id='word_1_415' title='bbox 3041 3160 3286 3215; x_wconf 88' lang='lat' dir='ltr'><strong>modesta</strong></span> <span class='ocrx_word' id='word_1_416' title='bbox 3337 3156 3665 3213; x_wconf 82' lang='lat' dir='ltr'><strong>eonunisera</strong></span> 
     </span>
    </p>
   </div>
   <div class='ocr_carea' id='block_1_61' title="bbox 419 3250 2008 3333">
    <p class='ocr_par' dir='ltr' id='par_1_61' title="bbox 419 3250 2008 3333">
     <span class='ocr_line' id='line_1_61' title="bbox 419 3250 2008 3333; baseline 0.002 -29"><span class='ocrx_word' id='word_1_417' title='bbox 419 3251 688 3333; x_wconf 69' lang='grc' dir='ltr'>ἐμϐαλὼν</span> <span class='ocrx_word' id='word_1_418' title='bbox 712 3254 788 3316; x_wconf 87' lang='grc' dir='ltr'><strong>είς</strong></span> <span class='ocrx_word' id='word_1_419' title='bbox 806 3252 905 3323; x_wconf 79' lang='grc' dir='ltr'>τὴν</span> <span class='ocrx_word' id='word_1_420' title='bbox 921 3251 1118 3306; x_wconf 77' lang='grc' dir='ltr'>ἑαυτοῦ</span> <span class='ocrx_word' id='word_1_421' title='bbox 1136 3252 1342 3319; x_wconf 84' lang='grc' dir='ltr'>ἀπάγει</span> <span class='ocrx_word' id='word_1_422' title='bbox 1366 3252 1572 3321; x_wconf 82' lang='grc' dir='ltr'>σκηνὴν</span> <span class='ocrx_word' id='word_1_423' title='bbox 1601 3253 1696 3306; x_wconf 80' lang='grc' dir='ltr'>καὶ</span> <span class='ocrx_word' id='word_1_424' title='bbox 1722 3250 2008 3324; x_wconf 74' lang='grc' dir='ltr'>τραπέζης</span> 
     </span>
    </p>
   </div>
   <div class='ocr_carea' id='block_1_62' title="bbox 420 3337 2010 3413">
    <p class='ocr_par' dir='ltr' id='par_1_62' title="bbox 420 3337 2010 3413">
     <span class='ocr_line' id='line_1_62' title="bbox 420 3337 2010 3413; baseline -0.001 -16"><span class='ocrx_word' id='word_1_425' title='bbox 420 3340 583 3413; x_wconf 73' lang='grc' dir='ltr'>αὐτῷ</span> <span class='ocrx_word' id='word_1_426' title='bbox 609 3344 872 3396; x_wconf 86' lang='grc' dir='ltr'>κοινωνεῖ.</span> <span class='ocrx_word' id='word_1_427' title='bbox 890 3337 1001 3396; x_wconf 81' lang='grc' dir='ltr'>Ἦν</span> <span class='ocrx_word' id='word_1_428' title='bbox 1032 3338 1124 3396; x_wconf 77' lang='grc' dir='ltr'>οὖν</span> <span class='ocrx_word' id='word_1_429' title='bbox 1150 3342 1371 3411; x_wconf 77' lang='grc' dir='ltr'>ἄμεινον</span> <span class='ocrx_word' id='word_1_430' title='bbox 1407 3341 1564 3412; x_wconf 86' lang='grc' dir='ltr'>μέχρι</span> <span class='ocrx_word' id='word_1_431' title='bbox 1591 3340 1783 3394; x_wconf 88' lang='grc' dir='ltr'>τούτου</span> <span class='ocrx_word' id='word_1_432' title='bbox 1816 3342 2010 3410; x_wconf 79' lang='grc' dir='ltr'>στῆναι</span> 
     </span>
    </p>
   </div>
   <div class='ocr_carea' id='block_1_63' title="bbox 421 3428 2011 3505">
    <p class='ocr_par' dir='ltr' id='par_1_63' title="bbox 421 3428 2011 3505">
     <span class='ocr_line' id='line_1_63' title="bbox 421 3428 2011 3505; baseline -0.003 -14"><span class='ocrx_word' id='word_1_433' title='bbox 421 3435 507 3505; x_wconf 64' lang='grc' dir='ltr'><strong>τ’ζ)</strong></span> <span class='ocrx_word' id='word_1_434' title='bbox 537 3435 692 3505; x_wconf 72' lang='grc' dir='ltr'>ἀνδρὶ</span> <span class='ocrx_word' id='word_1_435' title='bbox 715 3435 782 3489; x_wconf 70' lang='grc' dir='ltr'><strong>τὰ</strong></span> <span class='ocrx_word' id='word_1_436' title='bbox 818 3435 915 3504; x_wconf 78' lang='grc' dir='ltr'>τῆς</span> <span class='ocrx_word' id='word_1_437' title='bbox 950 3434 1274 3503; x_wconf 82' lang='grc' dir='ltr'>δυστυχίας·</span> <span class='ocrx_word' id='word_1_438' title='bbox 1313 3433 1426 3495; x_wconf 58' lang='grc' dir='ltr'>ἀλλῗ</span> <span class='ocrx_word' id='word_1_439' title='bbox 1458 3435 1559 3487; x_wconf 82' lang='grc' dir='ltr'>οὐκ</span> <span class='ocrx_word' id='word_1_440' title='bbox 1592 3428 1659 3504; x_wconf 78' lang='grc' dir='ltr'>ἦν</span> <span class='ocrx_word' id='word_1_441' title='bbox 1702 3433 1851 3503; x_wconf 73' lang='grc' dir='ltr'><strong>αὖτῷ</strong></span> <span class='ocrx_word' id='word_1_442' title='bbox 1891 3434 2011 3486; x_wconf 85' lang='grc' dir='ltr'>δια-</span> 
     </span>
    </p>
   </div>
   <div class='ocr_carea' id='block_1_64' title="bbox 419 3524 2012 3597">
    <p class='ocr_par' dir='ltr' id='par_1_64' title="bbox 419 3524 2012 3597">
     <span class='ocr_line' id='line_1_64' title="bbox 419 3524 2012 3597; baseline -0.003 -16"><span class='ocrx_word' id='word_1_443' title='bbox 419 3529 623 3597; x_wconf 71' lang='grc' dir='ltr'>δρᾶναι</span> <span class='ocrx_word' id='word_1_444' title='bbox 651 3525 746 3579; x_wconf 75' lang='grc' dir='ltr'><strong>τοῦ</strong></span> <span class='ocrx_word' id='word_1_445' title='bbox 779 3525 978 3593; x_wconf 80' lang='grc' dir='ltr'>φθόνου</span> <span class='ocrx_word' id='word_1_446' title='bbox 1009 3527 1077 3579; x_wconf 72' lang='grc' dir='ltr'><strong>τὰ</strong></span> <span class='ocrx_word' id='word_1_447' title='bbox 1111 3526 1368 3596; x_wconf 83' lang='grc' dir='ltr'>βέλεμνα.</span> <span class='ocrx_word' id='word_1_448' title='bbox 1403 3527 1466 3580; x_wconf 79' lang='lat' dir='ltr'><strong>0i</strong></span> <span class='ocrx_word' id='word_1_449' title='bbox 1495 3526 1604 3595; x_wconf 73' lang='grc' dir='ltr'><strong>γὰρ</strong></span> <span class='ocrx_word' id='word_1_450' title='bbox 1638 3525 1768 3595; x_wconf 82' lang='grc' dir='ltr'>περὶ</span> <span class='ocrx_word' id='word_1_451' title='bbox 1796 3524 1887 3578; x_wconf 83' lang='grc' dir='ltr'>τὸν</span> <span class='ocrx_word' id='word_1_452' title='bbox 1915 3524 2012 3595; x_wconf 83' lang='grc' dir='ltr'>βα-</span> 
     </span>
    </p>
   </div>
   <div class='ocr_carea' id='block_1_65' title="bbox 428 3614 2013 3688">
    <p class='ocr_par' dir='ltr' id='par_1_65' title="bbox 428 3614 2013 3688">
     <span class='ocr_line' id='line_1_65' title="bbox 428 3614 2013 3688; baseline -0.002 -17"><span class='ocrx_word' id='word_1_453' title='bbox 428 3619 588 3671; x_wconf 76' lang='grc' dir='ltr'>σιλέα</span> <span class='ocrx_word' id='word_1_454' title='bbox 616 3616 834 3688; x_wconf 78' lang='grc' dir='ltr'>Μιχαὴλ</span> <span class='ocrx_word' id='word_1_455' title='bbox 865 3617 1142 3688; x_wconf 81' lang='grc' dir='ltr'>πρόφασιν</span> <span class='ocrx_word' id='word_1_456' title='bbox 1171 3615 1363 3686; x_wconf 79' lang='grc' dir='ltr'>ὥσπερ</span> <span class='ocrx_word' id='word_1_457' title='bbox 1399 3615 1497 3686; x_wconf 78' lang='grc' dir='ltr'>τῆς</span> <span class='ocrx_word' id='word_1_458' title='bbox 1535 3614 1669 3678; x_wconf 81' lang='grc' dir='ltr'>ἰδίας</span> <span class='ocrx_word' id='word_1_459' title='bbox 1716 3615 2013 3685; x_wconf 78' lang='grc' dir='ltr'>ἐπιθυμίας</span> 
     </span>
    </p>
   </div>
   <div class='ocr_carea' id='block_1_66' title="bbox 424 3706 2013 3778">
    <p class='ocr_par' dir='ltr' id='par_1_66' title="bbox 424 3706 2013 3778">
     <span class='ocr_line' id='line_1_66' title="bbox 424 3706 2013 3778; baseline -0.003 -14"><span class='ocrx_word' id='word_1_460' title='bbox 424 3711 530 3778; x_wconf 72' lang='grc' dir='ltr'>τὴν</span> <span class='ocrx_word' id='word_1_461' title='bbox 567 3708 702 3778; x_wconf 68' lang='grc' dir='ltr'>πρὸς</span> <span class='ocrx_word' id='word_1_462' title='bbox 734 3710 940 3761; x_wconf 60' lang='grc' dir='ltr'>ἐκεῖνον</span> <span class='ocrx_word' id='word_1_463' title='bbox 956 3708 1297 3777; x_wconf 80' lang='grc' dir='ltr'>πλασάμενοι</span> <span class='ocrx_word' id='word_1_464' title='bbox 1332 3706 1568 3773; x_wconf 72' lang='grc' dir='ltr'>εὔνοιαν,</span> <span class='ocrx_word' id='word_1_465' title='bbox 1600 3708 1900 3774; x_wconf 84' lang='grc' dir='ltr'>δείσαντες,</span> <span class='ocrx_word' id='word_1_466' title='bbox 1937 3707 2013 3770; x_wconf 88' lang='grc' dir='ltr'>ὼς</span> 
     </span>
    </p>
   </div>
   <div class='ocr_carea' id='block_1_67' title="bbox 426 3801 2016 3874">
    <p class='ocr_par' dir='ltr' id='par_1_67' title="bbox 426 3801 2016 3874">
     <span class='ocr_line' id='line_1_67' title="bbox 426 3801 2016 3874; baseline -0.004 -15"><span class='ocrx_word' id='word_1_467' title='bbox 426 3806 666 3874; x_wconf 53' lang='grc' dir='ltr'>ἔφησαν,</span> <span class='ocrx_word' id='word_1_468' title='bbox 713 3805 785 3874; x_wconf 86' lang='grc' dir='ltr'>μή</span> <span class='ocrx_word' id='word_1_469' title='bbox 823 3822 879 3858; x_wconf 90' lang='grc' dir='ltr'><strong>τι</strong></span> <span class='ocrx_word' id='word_1_470' title='bbox 909 3804 1003 3857; x_wconf 75' lang='grc' dir='ltr'>καὶ</span> <span class='ocrx_word' id='word_1_471' title='bbox 1040 3804 1512 3874; x_wconf 81' lang='grc' dir='ltr'>διαμηχανήσαιτο</span> <span class='ocrx_word' id='word_1_472' title='bbox 1566 3804 1594 3856; x_wconf 87' lang='lat'><strong>6</strong></span> <span class='ocrx_word' id='word_1_473' title='bbox 1633 3803 1888 3870; x_wconf 76' lang='grc' dir='ltr'>Διογένης</span> <span class='ocrx_word' id='word_1_474' title='bbox 1920 3801 2016 3854; x_wconf 77' lang='grc' dir='ltr'>καὶ</span> 
     </span>
    </p>
   </div>
   <div class='ocr_carea' id='block_1_68' title="bbox 426 3892 2017 3967">
    <p class='ocr_par' dir='ltr' id='par_1_68' title="bbox 426 3892 2017 3967">
     <span class='ocr_line' id='line_1_68' title="bbox 426 3892 2017 3967; baseline -0.004 -15"><span class='ocrx_word' id='word_1_475' title='bbox 426 3899 599 3953; x_wconf 76' lang='grc' dir='ltr'>πάλιν</span> <span class='ocrx_word' id='word_1_476' title='bbox 645 3897 869 3967; x_wconf 68' lang='grc' dir='ltr'>ἀφορμὴ</span> <span class='ocrx_word' id='word_1_477' title='bbox 904 3894 1250 3967; x_wconf 79' lang='grc' dir='ltr'>πραγμάτων</span> <span class='ocrx_word' id='word_1_478' title='bbox 1299 3894 1377 3966; x_wconf 84' lang='grc' dir='ltr'>τῷ</span> <span class='ocrx_word' id='word_1_479' title='bbox 1414 3893 1627 3962; x_wconf 85' lang='grc' dir='ltr'>βασιλεί</span> <span class='ocrx_word' id='word_1_480' title='bbox 1662 3892 1896 3962; x_wconf 81' lang='grc' dir='ltr'>γένοιτο,</span> <span class='ocrx_word' id='word_1_481' title='bbox 1926 3893 2017 3945; x_wconf 80' lang='grc' dir='ltr'><strong>ὲν-</strong></span> 
     </span>
    </p>
   </div>
   <div class='ocr_carea' id='block_1_69' title="bbox 424 3984 2012 4059">
    <p class='ocr_par' dir='ltr' id='par_1_69' title="bbox 424 3984 2012 4059">
     <span class='ocr_line' id='line_1_69' title="bbox 424 3984 2012 4059; baseline -0.006 -12"><span class='ocrx_word' id='word_1_482' title='bbox 424 3989 711 4047; x_wconf 83' lang='grc' dir='ltr'>τέλλονταί</span> <span class='ocrx_word' id='word_1_483' title='bbox 761 4005 866 4043; x_wconf 82' lang='grc' dir='ltr'>τινι</span> <span class='ocrx_word' id='word_1_484' title='bbox 895 3988 983 4042; x_wconf 84' lang='grc' dir='ltr'><strong>διὰ</strong></span> <span class='ocrx_word' id='word_1_485' title='bbox 1019 3987 1368 4059; x_wconf 81' lang='grc' dir='ltr'>γραμμάτων</span> <span class='ocrx_word' id='word_1_486' title='bbox 1398 3986 1494 4039; x_wconf 75' lang='grc' dir='ltr'><strong>ἐπὶ</strong></span> <span class='ocrx_word' id='word_1_487' title='bbox 1536 3984 1633 4039; x_wconf 83' lang='grc' dir='ltr'>τοῦ</span> <span class='ocrx_word' id='word_1_488' title='bbox 1675 3984 1872 4054; x_wconf 77' lang='grc' dir='ltr'>καιροῦ</span> <span class='ocrx_word' id='word_1_489' title='bbox 1919 3985 2012 4038; x_wconf 89' lang='grc' dir='ltr'>δυ-</span> 
     </span>
    </p>
   </div>
   <div class='ocr_carea' id='block_1_70' title="bbox 429 4076 2016 4152">
    <p class='ocr_par' dir='ltr' id='par_1_70' title="bbox 429 4076 2016 4152">
     <span class='ocr_line' id='line_1_70' title="bbox 429 4076 2016 4152; baseline -0.004 -13"><span class='ocrx_word' id='word_1_490' title='bbox 429 4083 755 4139; x_wconf 85' lang='grc' dir='ltr'>ναστεύοντι</span> <span class='ocrx_word' id='word_1_491' title='bbox 788 4081 1022 4151; x_wconf 68' lang='grc' dir='ltr'>ἐκκόψαι</span> <span class='ocrx_word' id='word_1_492' title='bbox 1063 4080 1238 4152; x_wconf 84' lang='grc' dir='ltr'>τούτῳ</span> <span class='ocrx_word' id='word_1_493' title='bbox 1285 4080 1414 4144; x_wconf 81' lang='grc' dir='ltr'>τοὺς</span> <span class='ocrx_word' id='word_1_494' title='bbox 1464 4076 1802 4150; x_wconf 76' lang='grc' dir='ltr'>ὀφθαλμούς.</span> <span class='ocrx_word' id='word_1_495' title='bbox 1837 4080 1904 4131; x_wconf 88' lang='grc' dir='ltr'><strong>Ὃ</strong></span> <span class='ocrx_word' id='word_1_496' title='bbox 1950 4079 2016 4149; x_wconf 85' lang='grc' dir='ltr'>δὴ</span> 
     </span>
    </p>
   </div>
   <div class='ocr_carea' id='block_1_71' title="bbox 430 4168 2018 4243">
    <p class='ocr_par' dir='ltr' id='par_1_71' title="bbox 430 4168 2018 4243">
     <span class='ocr_line' id='line_1_71' title="bbox 430 4168 2018 4243; baseline -0.005 -13"><span class='ocrx_word' id='word_1_497' title='bbox 430 4176 531 4230; x_wconf 78' lang='grc' dir='ltr'>καὶ</span> <span class='ocrx_word' id='word_1_498' title='bbox 559 4172 855 4243; x_wconf 88' lang='grc' dir='ltr'>γενόμενον</span> <span class='ocrx_word' id='word_1_499' title='bbox 886 4170 1138 4241; x_wconf 80' lang='grc' dir='ltr'>μεγάλως</span> <span class='ocrx_word' id='word_1_500' title='bbox 1166 4169 1359 4241; x_wconf 73' lang='grc' dir='ltr'>ἠνίασε</span> <span class='ocrx_word' id='word_1_501' title='bbox 1389 4170 1480 4223; x_wconf 82' lang='grc' dir='ltr'>τὸν</span> <span class='ocrx_word' id='word_1_502' title='bbox 1527 4168 1896 4237; x_wconf 84' lang='grc' dir='ltr'>Ἀνδρόνικον,</span> <span class='ocrx_word' id='word_1_503' title='bbox 1924 4172 2018 4224; x_wconf 84' lang='grc' dir='ltr'>καὶ</span> 
     </span>
    </p>
   </div>
   <div class='ocr_carea' id='block_1_72' title="bbox 433 4261 2016 4338">
    <p class='ocr_par' dir='ltr' id='par_1_72' title="bbox 433 4261 2016 4338">
     <span class='ocr_line' id='line_1_72' title="bbox 433 4261 2016 4338; baseline -0.003 -17"><span class='ocrx_word' id='word_1_504' title='bbox 433 4268 640 4338; x_wconf 72' lang='grc' dir='ltr'>μᾶλλον</span> <span class='ocrx_word' id='word_1_505' title='bbox 678 4267 760 4321; x_wconf 77' lang='grc' dir='ltr'>ὅτι</span> <span class='ocrx_word' id='word_1_506' title='bbox 793 4267 889 4320; x_wconf 80' lang='grc' dir='ltr'>καὶ</span> <span class='ocrx_word' id='word_1_507' title='bbox 938 4264 1258 4335; x_wconf 75' lang='grc' dir='ltr'>πειρασθεὶς</span> <span class='ocrx_word' id='word_1_508' title='bbox 1311 4262 1686 4317; x_wconf 80' lang='grc' dir='ltr'>διασώσασθαι</span> <span class='ocrx_word' id='word_1_509' title='bbox 1730 4261 1922 4316; x_wconf 80' lang='grc' dir='ltr'>τοῦτον</span> <span class='ocrx_word' id='word_1_510' title='bbox 1953 4263 2016 4317; x_wconf 83' lang='grc' dir='ltr'>οὐ</span> 
     </span>
    </p>
   </div>
   <div class='ocr_carea' id='block_1_73' title="bbox 429 4355 2019 4429">
    <p class='ocr_par' dir='ltr' id='par_1_73' title="bbox 429 4355 2019 4429">
     <span class='ocr_line' id='line_1_73' title="bbox 429 4355 2019 4429; baseline -0.003 -15"><span class='ocrx_word' id='word_1_511' title='bbox 429 4359 711 4429; x_wconf 77' lang='grc' dir='ltr'>δεδύνητο.</span> <span class='ocrx_word' id='word_1_512' title='bbox 741 4358 851 4412; x_wconf 88' lang='grc' dir='ltr'><strong>τῶν</strong></span> <span class='ocrx_word' id='word_1_513' title='bbox 880 4359 1009 4427; x_wconf 70' lang='grc' dir='ltr'>περὶ</span> <span class='ocrx_word' id='word_1_514' title='bbox 1036 4358 1129 4411; x_wconf 78' lang='grc' dir='ltr'>τὸν</span> <span class='ocrx_word' id='word_1_515' title='bbox 1169 4357 1395 4426; x_wconf 81' lang='grc' dir='ltr'>βασιλέα</span> <span class='ocrx_word' id='word_1_516' title='bbox 1435 4355 1796 4427; x_wconf 79' lang='grc' dir='ltr'>σφοδρότερον</span> <span class='ocrx_word' id='word_1_517' title='bbox 1831 4358 2019 4423; x_wconf 73' lang='grc' dir='ltr'>ἐγκει-</span> 
     </span>
    </p>
   </div>
   <div class='ocr_carea' id='block_1_74' title="bbox 435 4448 2019 4524">
    <p class='ocr_par' dir='ltr' id='par_1_74' title="bbox 435 4448 2019 4524">
     <span class='ocr_line' id='line_1_74' title="bbox 435 4448 2019 4524; baseline -0.001 -20"><span class='ocrx_word' id='word_1_518' title='bbox 435 4452 635 4524; x_wconf 68' lang='grc' dir='ltr'>μένων.</span> <span class='ocrx_word' id='word_1_519' title='bbox 677 4450 980 4505; x_wconf 84' lang='grc' dir='ltr'>Ἐπέστειλε</span> <span class='ocrx_word' id='word_1_520' title='bbox 1011 4449 1069 4502; x_wconf 80' lang='grc' dir='ltr'>δὲ</span> <span class='ocrx_word' id='word_1_521' title='bbox 1100 4450 1193 4501; x_wconf 75' lang='grc' dir='ltr'>καὶ</span> <span class='ocrx_word' id='word_1_522' title='bbox 1229 4449 1365 4517; x_wconf 71' lang='grc' dir='ltr'>πρὸς</span> <span class='ocrx_word' id='word_1_523' title='bbox 1392 4448 1483 4501; x_wconf 74' lang='grc' dir='ltr'>τὸν</span> <span class='ocrx_word' id='word_1_524' title='bbox 1511 4449 1724 4517; x_wconf 83' lang='grc' dir='ltr'>πατέρα</span> <span class='ocrx_word' id='word_1_525' title='bbox 1758 4449 1847 4502; x_wconf 84' lang='grc' dir='ltr'>τὸν</span> <span class='ocrx_word' id='word_1_526' title='bbox 1877 4450 2019 4502; x_wconf 85' lang='grc' dir='ltr'>Καί-</span> 
     </span>
    </p>
   </div>
   <div class='ocr_carea' id='block_1_75' title="bbox 2116 3248 3698 3329">
    <p class='ocr_par' dir='ltr' id='par_1_75' title="bbox 2116 3248 3698 3329">
     <span class='ocr_line' id='line_1_75' title="bbox 2116 3248 3698 3329; baseline -0.008 -15"><span class='ocrx_word' id='word_1_527' title='bbox 2116 3260 2265 3314; x_wconf 84' lang='lat' dir='ltr'><strong>tione</strong></span> <span class='ocrx_word' id='word_1_528' title='bbox 2288 3257 2555 3329; x_wconf 85' lang='lat' dir='ltr'><strong>prementi</strong></span> <span class='ocrx_word' id='word_1_529' title='bbox 2581 3275 2594 3311; x_wconf 91' lang='lat'><strong>:</strong></span> <span class='ocrx_word' id='word_1_530' title='bbox 2622 3256 2709 3311; x_wconf 91' lang='lat' dir='ltr'><strong>cui</strong></span> <span class='ocrx_word' id='word_1_531' title='bbox 2742 3253 2999 3309; x_wconf 85' lang='lat' dir='ltr'><strong>laudabili</strong></span> <span class='ocrx_word' id='word_1_532' title='bbox 3032 3252 3246 3308; x_wconf 62' lang='lat' dir='ltr'><strong>alie-elui</strong></span> <span class='ocrx_word' id='word_1_533' title='bbox 3278 3261 3487 3307; x_wconf 76' lang='lat' dir='ltr'><strong>tantum</strong></span> <span class='ocrx_word' id='word_1_534' title='bbox 3521 3248 3698 3304; x_wconf 86' lang='lat' dir='ltr'><strong>indul-</strong></span> 
     </span>
    </p>
   </div>
   <div class='ocr_carea' id='block_1_76' title="bbox 2113 3341 3700 3415">
    <p class='ocr_par' dir='ltr' id='par_1_76' title="bbox 2113 3341 3700 3415">
     <span class='ocr_line' id='line_1_76' title="bbox 2113 3341 3700 3415; baseline -0.008 -9"><span class='ocrx_word' id='word_1_535' title='bbox 2113 3351 2187 3407; x_wconf 91' lang='lat' dir='ltr'><strong>sit</strong></span> <span class='ocrx_word' id='word_1_536' title='bbox 2214 3359 2276 3405; x_wconf 90' lang='lat' dir='ltr'><strong>ut</strong></span> <span class='ocrx_word' id='word_1_537' title='bbox 2302 3350 2466 3404; x_wconf 91' lang='lat' dir='ltr'><strong>etiam</strong></span> <span class='ocrx_word' id='word_1_538' title='bbox 2496 3347 2801 3403; x_wconf 78' lang='lat' dir='ltr'><strong>infortunio</strong></span> <span class='ocrx_word' id='word_1_539' title='bbox 2836 3345 3172 3400; x_wconf 77' lang='lat' dir='ltr'><strong>exauctorati</strong></span> <span class='ocrx_word' id='word_1_540' title='bbox 3202 3342 3514 3415; x_wconf 87' lang='lat' dir='ltr'><strong>captivique</strong></span> <span class='ocrx_word' id='word_1_541' title='bbox 3548 3341 3700 3411; x_wconf 83' lang='lat' dir='ltr'><strong>prin—</strong></span> 
     </span>
    </p>
   </div>
   <div class='ocr_carea' id='block_1_77' title="bbox 2115 3432 3699 3512">
    <p class='ocr_par' dir='ltr' id='par_1_77' title="bbox 2115 3432 3699 3512">
     <span class='ocr_line' id='line_1_77' title="bbox 2115 3432 3699 3512; baseline -0.008 -15"><span class='ocrx_word' id='word_1_542' title='bbox 2115 3442 2254 3512; x_wconf 91' lang='lat' dir='ltr'><strong>cipis</strong></span> <span class='ocrx_word' id='word_1_543' title='bbox 2307 3441 2578 3512; x_wconf 82' lang='lat' dir='ltr'><strong>lacrymas</strong></span> <span class='ocrx_word' id='word_1_544' title='bbox 2633 3440 2847 3495; x_wconf 85' lang='lat' dir='ltr'><strong>dederit</strong></span> <span class='ocrx_word' id='word_1_545' title='bbox 2891 3456 2908 3493; x_wconf 91' lang='lat'><strong>:</strong></span> <span class='ocrx_word' id='word_1_546' title='bbox 2963 3446 3301 3505; x_wconf 75' lang='lat' dir='ltr'><strong>congruente</strong></span> <span class='ocrx_word' id='word_1_547' title='bbox 3357 3432 3699 3489; x_wconf 87' lang='lat' dir='ltr'><strong>humanitate</strong></span> 
     </span>
    </p>
   </div>
   <div class='ocr_carea' id='block_1_78' title="bbox 2114 3525 3698 3605">
    <p class='ocr_par' dir='ltr' id='par_1_78' title="bbox 2114 3525 3698 3605">
     <span class='ocr_line' id='line_1_78' title="bbox 2114 3525 3698 3605; baseline -0.008 -15"><span class='ocrx_word' id='word_1_548' title='bbox 2114 3542 2335 3601; x_wconf 63' lang='lat' dir='ltr'><strong>caetera,</strong></span> <span class='ocrx_word' id='word_1_549' title='bbox 2368 3549 2476 3605; x_wconf 89' lang='lat' dir='ltr'><strong>qua</strong></span> <span class='ocrx_word' id='word_1_550' title='bbox 2525 3533 2795 3587; x_wconf 87' lang='lat' dir='ltr'><strong>illustrem</strong></span> <span class='ocrx_word' id='word_1_551' title='bbox 2832 3525 3118 3602; x_wconf 58' lang='lat' dir='ltr'><strong>captivum</strong></span> <span class='ocrx_word' id='word_1_552' title='bbox 3154 3528 3405 3600; x_wconf 79' lang='lat' dir='ltr'><strong>amplexu</strong></span> <span class='ocrx_word' id='word_1_553' title='bbox 3437 3527 3698 3595; x_wconf 73' lang='lat' dir='ltr'><strong>dignatus</strong></span> 
     </span>
    </p>
   </div>
   <div class='ocr_carea' id='block_1_79' title="bbox 2118 3615 3701 3696">
    <p class='ocr_par' dir='ltr' id='par_1_79' title="bbox 2118 3615 3701 3696">
     <span class='ocr_line' id='line_1_79' title="bbox 2118 3615 3701 3696; baseline -0.009 -14"><span class='ocrx_word' id='word_1_554' title='bbox 2118 3626 2472 3682; x_wconf 88' lang='lat' dir='ltr'><strong>tabernaculo</strong></span> <span class='ocrx_word' id='word_1_555' title='bbox 2506 3624 2722 3696; x_wconf 86' lang='lat' dir='ltr'><strong>excepit</strong></span> <span class='ocrx_word' id='word_1_556' title='bbox 2754 3624 2947 3680; x_wconf 88' lang='lat' dir='ltr'><strong>eodem</strong></span> <span class='ocrx_word' id='word_1_557' title='bbox 2985 3637 3173 3678; x_wconf 86' lang='lat' dir='ltr'><strong>secum</strong></span> <span class='ocrx_word' id='word_1_558' title='bbox 3210 3634 3520 3688; x_wconf 73' lang='lat' dir='ltr'><strong>mensaeque</strong></span> <span class='ocrx_word' id='word_1_559' title='bbox 3544 3615 3701 3670; x_wconf 81' lang='lat' dir='ltr'><strong>adhi—</strong></span> 
     </span>
    </p>
   </div>
   <div class='ocr_carea' id='block_1_80' title="bbox 2118 3710 3698 3786">
    <p class='ocr_par' dir='ltr' id='par_1_80' title="bbox 2118 3710 3698 3786">
     <span class='ocr_line' id='line_1_80' title="bbox 2118 3710 3698 3786; baseline -0.007 -11"><span class='ocrx_word' id='word_1_560' title='bbox 2118 3720 2258 3775; x_wconf 89' lang='lat' dir='ltr'><strong>buit.</strong></span> <span class='ocrx_word' id='word_1_561' title='bbox 2293 3717 2450 3774; x_wconf 80' lang='lat' dir='ltr'><strong>Hunc</strong></span> <span class='ocrx_word' id='word_1_562' title='bbox 2478 3723 2794 3786; x_wconf 74' lang='lat' dir='ltr'><strong>oportuerat</strong></span> <span class='ocrx_word' id='word_1_563' title='bbox 2825 3715 2985 3770; x_wconf 81' lang='lat' dir='ltr'><strong>ﬁnem</strong></span> <span class='ocrx_word' id='word_1_564' title='bbox 3011 3730 3133 3770; x_wconf 90' lang='lat' dir='ltr'><strong>esse</strong></span> <span class='ocrx_word' id='word_1_565' title='bbox 3155 3713 3360 3768; x_wconf 83' lang='lat' dir='ltr'><strong>misero</strong></span> <span class='ocrx_word' id='word_1_566' title='bbox 3388 3710 3656 3764; x_wconf 85' lang='lat' dir='ltr'><strong>malorum</strong></span> <span class='ocrx_word' id='word_1_567' title='bbox 3683 3726 3698 3764; x_wconf 89' lang='lat'><strong>:</strong></span> 
     </span>
    </p>
   </div>
   <div class='ocr_carea' id='block_1_81' title="bbox 2117 3803 3699 3878">
    <p class='ocr_par' dir='ltr' id='par_1_81' title="bbox 2117 3803 3699 3878">
     <span class='ocr_line' id='line_1_81' title="bbox 2117 3803 3699 3878; baseline -0.012 -11"><span class='ocrx_word' id='word_1_568' title='bbox 2117 3811 2213 3869; x_wconf 88' lang='lat' dir='ltr'><strong>sed</strong></span> <span class='ocrx_word' id='word_1_569' title='bbox 2246 3808 2465 3864; x_wconf 65' lang='lat' dir='ltr'><strong>invidiae</strong></span> <span class='ocrx_word' id='word_1_570' title='bbox 2491 3807 2653 3878; x_wconf 80' lang='lat' dir='ltr'><strong>longe</strong></span> <span class='ocrx_word' id='word_1_571' title='bbox 2680 3805 2977 3876; x_wconf 70' lang='lat' dir='ltr'><strong>iaculantis</strong></span> <span class='ocrx_word' id='word_1_572' title='bbox 3002 3803 3239 3873; x_wconf 76' lang='lat' dir='ltr'><strong>eﬂ‘ugere</strong></span> <span class='ocrx_word' id='word_1_573' title='bbox 3274 3804 3414 3856; x_wconf 87' lang='lat' dir='ltr'><strong>ictus</strong></span> <span class='ocrx_word' id='word_1_574' title='bbox 3456 3814 3560 3853; x_wconf 89' lang='lat' dir='ltr'><strong>non</strong></span> <span class='ocrx_word' id='word_1_575' title='bbox 3596 3812 3699 3866; x_wconf 77' lang='lat' dir='ltr'><strong>po-</strong></span> 
     </span>
    </p>
   </div>
   <div class='ocr_carea' id='block_1_82' title="bbox 2120 3890 3700 3967">
    <p class='ocr_par' dir='ltr' id='par_1_82' title="bbox 2120 3890 3700 3967">
     <span class='ocr_line' id='line_1_82' title="bbox 2120 3890 3700 3967; baseline -0.009 -8"><span class='ocrx_word' id='word_1_576' title='bbox 2120 3902 2245 3959; x_wconf 89' lang='lat' dir='ltr'><strong>tuit.</strong></span> <span class='ocrx_word' id='word_1_577' title='bbox 2281 3899 2523 3955; x_wconf 84' lang='lat' dir='ltr'><strong>Fuerunt</strong></span> <span class='ocrx_word' id='word_1_578' title='bbox 2548 3899 2695 3954; x_wconf 90' lang='lat' dir='ltr'><strong>enim</strong></span> <span class='ocrx_word' id='word_1_579' title='bbox 2722 3898 2777 3951; x_wconf 89' lang='lat' dir='ltr'><strong>in</strong></span> <span class='ocrx_word' id='word_1_580' title='bbox 2806 3897 2928 3951; x_wconf 87' lang='lat' dir='ltr'><strong>aula</strong></span> <span class='ocrx_word' id='word_1_581' title='bbox 2961 3896 3055 3967; x_wconf 91' lang='lat' dir='ltr'><strong>qui</strong></span> <span class='ocrx_word' id='word_1_582' title='bbox 3092 3894 3220 3949; x_wconf 90' lang='lat' dir='ltr'><strong>odio</strong></span> <span class='ocrx_word' id='word_1_583' title='bbox 3240 3901 3336 3947; x_wconf 85' lang='lat' dir='ltr'><strong>aut</strong></span> <span class='ocrx_word' id='word_1_584' title='bbox 3365 3890 3546 3948; x_wconf 81' lang='lat' dir='ltr'><strong>timori</strong></span> <span class='ocrx_word' id='word_1_585' title='bbox 3575 3905 3700 3959; x_wconf 88' lang='lat' dir='ltr'><strong>pro-</strong></span> 
     </span>
    </p>
   </div>
   <div class='ocr_carea' id='block_1_83' title="bbox 2120 3980 3699 4067">
    <p class='ocr_par' dir='ltr' id='par_1_83' title="bbox 2120 3980 3699 4067">
     <span class='ocr_line' id='line_1_83' title="bbox 2120 3980 3699 4067; baseline -0.011 -15"><span class='ocrx_word' id='word_1_586' title='bbox 2120 3997 2241 4067; x_wconf 85' lang='lat' dir='ltr'><strong>prio</strong></span> <span class='ocrx_word' id='word_1_587' title='bbox 2285 3994 2539 4050; x_wconf 77' lang='lat' dir='ltr'><strong>allectum</strong></span> <span class='ocrx_word' id='word_1_588' title='bbox 2590 3992 2645 4045; x_wconf 93' lang='lat' dir='ltr'><strong>in</strong></span> <span class='ocrx_word' id='word_1_589' title='bbox 2693 3990 2993 4061; x_wconf 87' lang='lat' dir='ltr'><strong>principem</strong></span> <span class='ocrx_word' id='word_1_590' title='bbox 3045 3994 3400 4057; x_wconf 79' lang='lat' dir='ltr'><strong>praetexentes</strong></span> <span class='ocrx_word' id='word_1_591' title='bbox 3446 3980 3699 4036; x_wconf 73' lang='lat' dir='ltr'><strong>Michaeli</strong></span> 
     </span>
    </p>
   </div>
   <div class='ocr_carea' id='block_1_84' title="bbox 2121 4072 3702 4161">
    <p class='ocr_par' dir='ltr' id='par_1_84' title="bbox 2121 4072 3702 4161">
     <span class='ocr_line' id='line_1_84' title="bbox 2121 4072 3702 4161; baseline -0.011 -16"><span class='ocrx_word' id='word_1_592' title='bbox 2121 4095 2535 4161; x_wconf 78' lang='lat' dir='ltr'><strong>suggesserunt,</strong></span> <span class='ocrx_word' id='word_1_593' title='bbox 2570 4098 2850 4154; x_wconf 83' lang='lat' dir='ltr'><strong>nunquam</strong></span> <span class='ocrx_word' id='word_1_594' title='bbox 2912 4081 2986 4135; x_wconf 85' lang='lat' dir='ltr'><strong>illi</strong></span> <span class='ocrx_word' id='word_1_595' title='bbox 3041 4077 3442 4148; x_wconf 73' lang='lat' dir='ltr'><strong>pOSSessionem</strong></span> <span class='ocrx_word' id='word_1_596' title='bbox 3489 4072 3702 4140; x_wconf 80' lang='lat' dir='ltr'><strong>imperii</strong></span> 
     </span>
    </p>
   </div>
   <div class='ocr_carea' id='block_1_85' title="bbox 2124 4166 3705 4247">
    <p class='ocr_par' dir='ltr' id='par_1_85' title="bbox 2124 4166 3705 4247">
     <span class='ocr_line' id='line_1_85' title="bbox 2124 4166 3705 4247; baseline -0.013 -11"><span class='ocrx_word' id='word_1_597' title='bbox 2124 4180 2239 4236; x_wconf 85' lang='lat' dir='ltr'><strong>lore</strong></span> <span class='ocrx_word' id='word_1_598' title='bbox 2267 4188 2507 4243; x_wconf 89' lang='lat' dir='ltr'><strong>certam,</strong></span> <span class='ocrx_word' id='word_1_599' title='bbox 2540 4176 2718 4247; x_wconf 86' lang='lat' dir='ltr'><strong>quoad</strong></span> <span class='ocrx_word' id='word_1_600' title='bbox 2767 4175 2972 4230; x_wconf 88' lang='lat' dir='ltr'><strong>valeret</strong></span> <span class='ocrx_word' id='word_1_601' title='bbox 3020 4173 3307 4241; x_wconf 77' lang='lat' dir='ltr'><strong>Diogenes.</strong></span> <span class='ocrx_word' id='word_1_602' title='bbox 3338 4166 3616 4238; x_wconf 83' lang='lat' dir='ltr'><strong>Siquidem</strong></span> <span class='ocrx_word' id='word_1_603' title='bbox 3649 4175 3705 4229; x_wconf 62' lang='grc' dir='ltr'>α</span> 
     </span>
    </p>
   </div>
   <div class='ocr_carea' id='block_1_86' title="bbox 2122 4257 3702 4343">
    <p class='ocr_par' dir='ltr' id='par_1_86' title="bbox 2122 4257 3702 4343">
     <span class='ocr_line' id='line_1_86' title="bbox 2122 4257 3702 4343; baseline -0.011 -16"><span class='ocrx_word' id='word_1_604' title='bbox 2122 4273 2300 4343; x_wconf 89' lang='lat' dir='ltr'><strong>ipsum</strong></span> <span class='ocrx_word' id='word_1_605' title='bbox 2334 4270 2701 4339; x_wconf 80' lang='lat' dir='ltr'><strong>cogitaturum</strong></span> <span class='ocrx_word' id='word_1_606' title='bbox 2747 4265 2953 4335; x_wconf 85' lang='lat' dir='ltr'><strong>aliquid</strong></span> <span class='ocrx_word' id='word_1_607' title='bbox 2996 4274 3052 4318; x_wconf 90' lang='lat' dir='ltr'><strong>et</strong></span> <span class='ocrx_word' id='word_1_608' title='bbox 3085 4263 3219 4316; x_wconf 83' lang='lat' dir='ltr'><strong>alios</strong></span> <span class='ocrx_word' id='word_1_609' title='bbox 3249 4274 3510 4314; x_wconf 87' lang='lat' dir='ltr'><strong>novarum</strong></span> <span class='ocrx_word' id='word_1_610' title='bbox 3549 4257 3702 4326; x_wconf 64' lang='lat' dir='ltr'><strong>cupi.</strong></span> 
     </span>
    </p>
   </div>
   <div class='ocr_carea' id='block_1_87' title="bbox 2123 4349 3707 4420">
    <p class='ocr_par' dir='ltr' id='par_1_87' title="bbox 2123 4349 3707 4420">
     <span class='ocr_line' id='line_1_87' title="bbox 2123 4349 3707 4420; baseline -0.012 0"><span class='ocrx_word' id='word_1_611' title='bbox 2123 4366 2223 4420; x_wconf 85' lang='lat' dir='ltr'><strong>dos</strong></span> <span class='ocrx_word' id='word_1_612' title='bbox 2258 4378 2440 4417; x_wconf 86' lang='lat' dir='ltr'><strong>rerum</strong></span> <span class='ocrx_word' id='word_1_613' title='bbox 2470 4362 2593 4414; x_wconf 92' lang='lat' dir='ltr'><strong>hinc</strong></span> <span class='ocrx_word' id='word_1_614' title='bbox 2619 4358 2872 4414; x_wconf 83' lang='lat' dir='ltr'><strong>turbandi</strong></span> <span class='ocrx_word' id='word_1_615' title='bbox 2901 4370 3127 4412; x_wconf 85' lang='lat' dir='ltr'><strong>causam</strong></span> <span class='ocrx_word' id='word_1_616' title='bbox 3168 4353 3452 4420; x_wconf 81' lang='lat' dir='ltr'><strong>petituros.</strong></span> <span class='ocrx_word' id='word_1_617' title='bbox 3491 4349 3582 4404; x_wconf 88' lang='lat' dir='ltr'><strong>Sic</strong></span> <span class='ocrx_word' id='word_1_618' title='bbox 3611 4364 3707 4402; x_wconf 84' lang='lat' dir='ltr'><strong>ex-</strong></span> 
     </span>
    </p>
   </div>
   <div class='ocr_carea' id='block_1_88' title="bbox 2124 4441 3702 4524">
    <p class='ocr_par' dir='ltr' id='par_1_88' title="bbox 2124 4441 3702 4524">
     <span class='ocr_line' id='line_1_88' title="bbox 2124 4441 3702 4524; baseline -0.011 -18"><span class='ocrx_word' id='word_1_619' title='bbox 2124 4468 2313 4524; x_wconf 87' lang='lat' dir='ltr'><strong>presso</strong></span> <span class='ocrx_word' id='word_1_620' title='bbox 2343 4450 2449 4521; x_wconf 80' lang='lat'><strong>55</strong></span> <span class='ocrx_word' id='word_1_621' title='bbox 2478 4464 2707 4504; x_wconf 85' lang='lat' dir='ltr'><strong>assensu</strong></span> <span class='ocrx_word' id='word_1_622' title='bbox 2755 4446 2951 4516; x_wconf 90' lang='lat' dir='ltr'><strong>cupide</strong></span> <span class='ocrx_word' id='word_1_623' title='bbox 2998 4445 3248 4498; x_wconf 88' lang='lat' dir='ltr'><strong>scribunt</strong></span> <span class='ocrx_word' id='word_1_624' title='bbox 3293 4441 3358 4494; x_wconf 91' lang='lat' dir='ltr'><strong>ad</strong></span> <span class='ocrx_word' id='word_1_625' title='bbox 3409 4443 3702 4509; x_wconf 79' lang='lat' dir='ltr'><strong>quemdam</strong></span> 
     </span>
    </p>
   </div>
   <div class='ocr_carea' id='block_1_89' title="bbox 433 4530 2006 4618">
    <p class='ocr_par' dir='ltr' id='par_1_89' title="bbox 433 4539 2006 4618">
     <span class='ocr_line' id='line_1_89' title="bbox 433 4539 2006 4618; baseline -0.002 -19"><span class='ocrx_word' id='word_1_626' title='bbox 433 4563 606 4618; x_wconf 82' lang='grc' dir='ltr'>σαρα,</span> <span class='ocrx_word' id='word_1_627' title='bbox 642 4542 978 4615; x_wconf 84' lang='grc' dir='ltr'>παρακαλῶν</span> <span class='ocrx_word' id='word_1_628' title='bbox 1008 4540 1172 4595; x_wconf 78' lang='grc' dir='ltr'>αὐτὸν</span> <span class='ocrx_word' id='word_1_629' title='bbox 1200 4539 1274 4610; x_wconf 83' lang='grc' dir='ltr'>μὴ</span> <span class='ocrx_word' id='word_1_630' title='bbox 1308 4541 1666 4611; x_wconf 78' lang='grc' dir='ltr'>συγχωρῆσαι</span> <span class='ocrx_word' id='word_1_631' title='bbox 1694 4542 2006 4612; x_wconf 85' lang='grc' dir='ltr'>τελεσθῆναι</span> 
     </span>
    </p>
   </div>
   <div class='ocr_carea' id='block_1_90' title="bbox 2109 4530 3706 4618">
    <p class='ocr_par' dir='ltr' id='par_1_90' title="bbox 2124 4533 3706 4608">
     <span class='ocr_line' id='line_1_90' title="bbox 2124 4533 3706 4608; baseline -0.009 -9"><span class='ocrx_word' id='word_1_632' title='bbox 2124 4552 2238 4599; x_wconf 91' lang='lat' dir='ltr'><strong>tum</strong></span> <span class='ocrx_word' id='word_1_633' title='bbox 2272 4543 2328 4598; x_wconf 90' lang='lat' dir='ltr'><strong>in</strong></span> <span class='ocrx_word' id='word_1_634' title='bbox 2356 4543 2600 4597; x_wconf 78' lang='lat' dir='ltr'><strong>exercitu</strong></span> <span class='ocrx_word' id='word_1_635' title='bbox 2627 4540 2922 4608; x_wconf 85' lang='lat' dir='ltr'><strong>plurimum</strong></span> <span class='ocrx_word' id='word_1_636' title='bbox 2940 4545 3252 4607; x_wconf 83' lang='lat' dir='ltr'><strong>potentem,</strong></span> <span class='ocrx_word' id='word_1_637' title='bbox 3277 4544 3493 4587; x_wconf 86' lang='lat' dir='ltr'><strong>erueret.</strong></span> <span class='ocrx_word' id='word_1_638' title='bbox 3518 4533 3706 4585; x_wconf 82' lang='lat' dir='ltr'><strong>oculos</strong></span> 
     </span>
    </p>
   </div>
   <div class='ocr_carea' id='block_1_91' title="bbox 429 4628 2016 4704">
    <p class='ocr_par' dir='ltr' id='par_1_91' title="bbox 429 4628 2016 4704">
     <span class='ocr_line' id='line_1_91' title="bbox 429 4628 2016 4704; baseline -0.004 -12"><span class='ocrx_word' id='word_1_639' title='bbox 429 4636 679 4692; x_wconf 83' lang='grc' dir='ltr'>τοιοῦτον</span> <span class='ocrx_word' id='word_1_640' title='bbox 713 4635 1146 4704; x_wconf 75' lang='grc' dir='ltr'>ἀνοσιούργημα,</span> <span class='ocrx_word' id='word_1_641' title='bbox 1172 4628 1208 4703; x_wconf 85' lang='grc' dir='ltr'><strong>ἦ</strong></span> <span class='ocrx_word' id='word_1_642' title='bbox 1243 4633 1350 4703; x_wconf 80' lang='grc' dir='ltr'>μὴν</span> <span class='ocrx_word' id='word_1_643' title='bbox 1377 4634 1476 4701; x_wconf 81' lang='grc' dir='ltr'>τῆς</span> <span class='ocrx_word' id='word_1_644' title='bbox 1506 4631 1659 4696; x_wconf 84' lang='grc' dir='ltr'>θείας</span> <span class='ocrx_word' id='word_1_645' title='bbox 1693 4634 2016 4703; x_wconf 79' lang='grc' dir='ltr'>ἐκδέχεσθαι</span> 
     </span>
    </p>
   </div>
   <div class='ocr_carea' id='block_1_92' title="bbox 431 4725 2017 4800">
    <p class='ocr_par' dir='ltr' id='par_1_92' title="bbox 431 4725 2017 4800">
     <span class='ocr_line' id='line_1_92' title="bbox 431 4725 2017 4800; baseline -0.02 4"><span class='ocrx_word' id='word_1_646' title='bbox 431 4730 595 4800; x_wconf 76' lang='grc' dir='ltr'>δίκης</span> <span class='ocrx_word' id='word_1_647' title='bbox 622 4727 721 4799; x_wconf 70' lang='grc' dir='ltr'><strong>τὴν</strong></span> <span class='ocrx_word' id='word_1_648' title='bbox 749 4726 933 4797; x_wconf 68' lang='grc' dir='ltr'>ψῆφον</span> <span class='ocrx_word' id='word_1_649' title='bbox 954 4725 1055 4779; x_wconf 68' lang='grc' dir='ltr'>οὐκ</span> <span class='ocrx_word' id='word_1_650' title='bbox 1085 4726 1163 4786; x_wconf 72' lang='grc' dir='ltr'>εἰς</span> <span class='ocrx_word' id='word_1_651' title='bbox 1204 4725 1425 4795; x_wconf 65' lang='grc' dir='ltr'>μακρὰν</span> <span class='ocrx_word' id='word_1_652' title='bbox 1456 4725 1905 4794; x_wconf 81' lang='grc' dir='ltr'>ἀπαντήσουσαν.</span> <span class='ocrx_word' id='word_1_653' title='bbox 1957 4726 2017 4779; x_wconf 86' lang='lat'><strong>&#39;0</strong></span> 
     </span>
    </p>
   </div>
   <div class='ocr_carea' id='block_1_93' title="bbox 437 4813 2021 4892">
    <p class='ocr_par' dir='ltr' id='par_1_93' title="bbox 437 4813 2021 4892">
     <span class='ocr_line' id='line_1_93' title="bbox 437 4813 2021 4892; baseline -0.005 -19"><span class='ocrx_word' id='word_1_654' title='bbox 437 4822 539 4892; x_wconf 80' lang='grc' dir='ltr'>μὲν</span> <span class='ocrx_word' id='word_1_655' title='bbox 572 4814 668 4872; x_wconf 81' lang='grc' dir='ltr'>οὖν</span> <span class='ocrx_word' id='word_1_656' title='bbox 688 4817 884 4880; x_wconf 83' lang='grc' dir='ltr'>ταῦτα,</span> <span class='ocrx_word' id='word_1_657' title='bbox 921 4817 971 4868; x_wconf 85' lang='grc' dir='ltr'>οἱ</span> <span class='ocrx_word' id='word_1_658' title='bbox 995 4815 1053 4868; x_wconf 84' lang='grc' dir='ltr'>δὲ</span> <span class='ocrx_word' id='word_1_659' title='bbox 1083 4813 1152 4867; x_wconf 85' lang='grc' dir='ltr'><strong>τὰ</strong></span> <span class='ocrx_word' id='word_1_660' title='bbox 1182 4815 1487 4883; x_wconf 85' lang='grc' dir='ltr'>γράμματα</span> <span class='ocrx_word' id='word_1_661' title='bbox 1532 4813 1822 4883; x_wconf 78' lang='grc' dir='ltr'>δεξάμενοι</span> <span class='ocrx_word' id='word_1_662' title='bbox 1855 4815 2021 4867; x_wconf 80' lang='grc' dir='ltr'>ὲκτυ-</span> 
     </span>
    </p>
   </div>
   <div class='ocr_carea' id='block_1_94' title="bbox 434 4902 2016 4978">
    <p class='ocr_par' dir='ltr' id='par_1_94' title="bbox 434 4902 2016 4978">
     <span class='ocr_line' id='line_1_94' title="bbox 434 4902 2016 4978; baseline -0.005 -15"><span class='ocrx_word' id='word_1_663' title='bbox 434 4908 634 4978; x_wconf 77' lang='grc' dir='ltr'>φλοῦσί</span> <span class='ocrx_word' id='word_1_664' title='bbox 672 4924 734 4960; x_wconf 87' lang='grc' dir='ltr'><strong>τε</strong></span> <span class='ocrx_word' id='word_1_665' title='bbox 759 4905 970 4967; x_wconf 77' lang='grc' dir='ltr'>τοῦτον,</span> <span class='ocrx_word' id='word_1_666' title='bbox 1002 4903 1098 4957; x_wconf 74' lang='grc' dir='ltr'>καὶ</span> <span class='ocrx_word' id='word_1_667' title='bbox 1128 4904 1209 4966; x_wconf 85' lang='grc' dir='ltr'><strong>είς</strong></span> <span class='ocrx_word' id='word_1_668' title='bbox 1240 4902 1268 4955; x_wconf 82' lang='grc' dir='ltr'>ὃ</span> <span class='ocrx_word' id='word_1_669' title='bbox 1306 4902 1562 4971; x_wconf 80' lang='grc' dir='ltr'>ἱδρύσατο</span> <span class='ocrx_word' id='word_1_670' title='bbox 1593 4903 2016 4973; x_wconf 81' lang='grc' dir='ltr'>φροντιστήριον</span> 
     </span>
    </p>
   </div>
   <div class='ocr_carea' id='block_1_95' title="bbox 435 4994 2023 5075">
    <p class='ocr_par' dir='ltr' id='par_1_95' title="bbox 435 4994 2023 5075">
     <span class='ocr_line' id='line_1_95' title="bbox 435 4994 2023 5075; baseline -0.007 -15"><span class='ocrx_word' id='word_1_671' title='bbox 435 5007 499 5059; x_wconf 76' lang='grc' dir='ltr'>ὲν</span> <span class='ocrx_word' id='word_1_672' title='bbox 529 5006 598 5075; x_wconf 78' lang='grc' dir='ltr'><strong>τῇ</strong></span> <span class='ocrx_word' id='word_1_673' title='bbox 624 5003 769 5072; x_wconf 78' lang='grc' dir='ltr'>νήσῳ</span> <span class='ocrx_word' id='word_1_674' title='bbox 788 4999 986 5071; x_wconf 83' lang='grc' dir='ltr'><strong>[Ιρὼτῃ</strong></span> <span class='ocrx_word' id='word_1_675' title='bbox 1006 4998 1375 5068; x_wconf 71' lang='grc' dir='ltr'>ἐκπέμπουσι.</span> <span class='ocrx_word' id='word_1_676' title='bbox 1396 4996 1576 5066; x_wconf 75' lang='grc' dir='ltr'>Βραχὺ</span> <span class='ocrx_word' id='word_1_677' title='bbox 1600 4994 1656 5049; x_wconf 80' lang='grc' dir='ltr'><strong>δέ</strong></span> <span class='ocrx_word' id='word_1_678' title='bbox 1692 5012 1745 5049; x_wconf 85' lang='grc' dir='ltr'><strong>τι</strong></span> <span class='ocrx_word' id='word_1_679' title='bbox 1771 4996 2023 5060; x_wconf 76' lang='grc' dir='ltr'>ἐπιϐιοὺς</span> 
     </span>
    </p>
   </div>
   <div class='ocr_carea' id='block_1_96' title="bbox 438 5088 2022 5169">
    <p class='ocr_par' dir='ltr' id='par_1_96' title="bbox 438 5088 2022 5169">
     <span class='ocr_line' id='line_1_96' title="bbox 438 5088 2022 5169; baseline -0.002 -23"><span class='ocrx_word' id='word_1_680' title='bbox 438 5097 583 5169; x_wconf 61' lang='grc' dir='ltr'>μετὰ</span> <span class='ocrx_word' id='word_1_681' title='bbox 614 5095 713 5165; x_wconf 80' lang='grc' dir='ltr'>τὴν</span> <span class='ocrx_word' id='word_1_682' title='bbox 749 5094 861 5146; x_wconf 88' lang='grc' dir='ltr'><strong>τῶν</strong></span> <span class='ocrx_word' id='word_1_683' title='bbox 894 5091 1190 5162; x_wconf 77' lang='grc' dir='ltr'>ὀφθαλμῶν</span> <span class='ocrx_word' id='word_1_684' title='bbox 1222 5094 1480 5162; x_wconf 80' lang='grc' dir='ltr'>στέρησιν</span> <span class='ocrx_word' id='word_1_685' title='bbox 1509 5088 1887 5159; x_wconf 72' lang='grc' dir='ltr'>ἐτελεύτησεν,</span> <span class='ocrx_word' id='word_1_686' title='bbox 1924 5089 2022 5143; x_wconf 74' lang='grc' dir='ltr'><strong>ἐπὶ</strong></span> 
     </span>
    </p>
   </div>
   <div class='ocr_carea' id='block_1_97' title="bbox 434 5179 2020 5255">
    <p class='ocr_par' dir='ltr' id='par_1_97' title="bbox 434 5179 2020 5255">
     <span class='ocr_line' id='line_1_97' title="bbox 434 5179 2020 5255; baseline -0.003 -15"><span class='ocrx_word' id='word_1_687' title='bbox 434 5185 616 5255; x_wconf 80' lang='grc' dir='ltr'>τρισὶν</span> <span class='ocrx_word' id='word_1_688' title='bbox 637 5184 782 5238; x_wconf 74' lang='grc' dir='ltr'>ἔτεσι</span> <span class='ocrx_word' id='word_1_689' title='bbox 797 5184 897 5253; x_wconf 81' lang='grc' dir='ltr'><strong>τὴν</strong></span> <span class='ocrx_word' id='word_1_690' title='bbox 916 5179 1195 5251; x_wconf 80' lang='grc' dir='ltr'>βασιλείαν</span> <span class='ocrx_word' id='word_1_691' title='bbox 1224 5179 1511 5250; x_wconf 82' lang='grc' dir='ltr'>Ῥωμαίων</span> <span class='ocrx_word' id='word_1_692' title='bbox 1532 5180 1740 5244; x_wconf 80' lang='grc' dir='ltr'>ίθύνας.</span> <span class='ocrx_word' id='word_1_693' title='bbox 1763 5179 2020 5239; x_wconf 84' lang='grc' dir='ltr'>Τοιοῦτον</span> 
     </span>
    </p>
   </div>
   <div class='ocr_carea' id='block_1_98' title="bbox 436 5272 1450 5350">
    <p class='ocr_par' dir='ltr' id='par_1_98' title="bbox 436 5272 1450 5350">
     <span class='ocr_line' id='line_1_98' title="bbox 436 5272 1450 5350; baseline -0.007 -17"><span class='ocrx_word' id='word_1_694' title='bbox 436 5280 567 5350; x_wconf 75' lang='grc' dir='ltr'>ἔσχε</span> <span class='ocrx_word' id='word_1_695' title='bbox 599 5276 752 5340; x_wconf 84' lang='grc' dir='ltr'>τέλος</span> <span class='ocrx_word' id='word_1_696' title='bbox 784 5274 856 5328; x_wconf 80' lang='grc' dir='ltr'>τὰ</span> <span class='ocrx_word' id='word_1_697' title='bbox 883 5274 1024 5328; x_wconf 84' lang='grc' dir='ltr'>κατὰ</span> <span class='ocrx_word' id='word_1_698' title='bbox 1050 5273 1143 5328; x_wconf 81' lang='grc' dir='ltr'>τὸν</span> <span class='ocrx_word' id='word_1_699' title='bbox 1172 5272 1450 5344; x_wconf 81' lang='grc' dir='ltr'>Διογένην.</span> 
     </span>
    </p>
   </div>
   <div class='ocr_carea' id='block_1_99' title="bbox 2127 4625 3705 4705">
    <p class='ocr_par' dir='ltr' id='par_1_99' title="bbox 2127 4625 3705 4705">
     <span class='ocr_line' id='line_1_99' title="bbox 2127 4625 3705 4705; baseline -0.008 -18"><span class='ocrx_word' id='word_1_700' title='bbox 2127 4633 2375 4705; x_wconf 83' lang='lat' dir='ltr'><strong>Diogeni.</strong></span> <span class='ocrx_word' id='word_1_701' title='bbox 2410 4630 2566 4698; x_wconf 87' lang='lat' dir='ltr'><strong>Quod</strong></span> <span class='ocrx_word' id='word_1_702' title='bbox 2606 4630 2812 4686; x_wconf 79' lang='lat' dir='ltr'><strong>factum</strong></span> <span class='ocrx_word' id='word_1_703' title='bbox 2858 4628 3206 4697; x_wconf 81' lang='lat' dir='ltr'><strong>iniquissime</strong></span> <span class='ocrx_word' id='word_1_704' title='bbox 3236 4625 3586 4678; x_wconf 83' lang='lat' dir='ltr'><strong>Andronicus</strong></span> <span class='ocrx_word' id='word_1_705' title='bbox 3617 4634 3705 4676; x_wconf 90' lang='lat' dir='ltr'><strong>tu-</strong></span> 
     </span>
    </p>
   </div>
   <div class='ocr_carea' id='block_1_100' title="bbox 2118 4710 3705 4794">
    <p class='ocr_par' dir='ltr' id='par_1_100' title="bbox 2118 4710 3705 4794">
     <span class='ocr_line' id='line_1_100' title="bbox 2118 4710 3705 4794; baseline -0.011 -14"><span class='ocrx_word' id='word_1_706' title='bbox 2118 4725 2181 4780; x_wconf 83' lang='lat' dir='ltr'><strong>lit</strong></span> <span class='ocrx_word' id='word_1_707' title='bbox 2213 4744 2225 4779; x_wconf 90' lang='lat'>:</span> <span class='ocrx_word' id='word_1_708' title='bbox 2259 4724 2562 4794; x_wconf 65' lang='lat' dir='ltr'><strong>praesertim</strong></span> <span class='ocrx_word' id='word_1_709' title='bbox 2597 4726 2742 4789; x_wconf 88' lang='lat' dir='ltr'><strong>quod</strong></span> <span class='ocrx_word' id='word_1_710' title='bbox 2772 4719 3033 4786; x_wconf 85' lang='lat' dir='ltr'><strong>impedire</strong></span> <span class='ocrx_word' id='word_1_711' title='bbox 3074 4725 3304 4771; x_wconf 84' lang='lat' dir='ltr'><strong>conatus</strong></span> <span class='ocrx_word' id='word_1_712' title='bbox 3353 4714 3488 4767; x_wconf 85' lang='lat' dir='ltr'><strong>nihil</strong></span> <span class='ocrx_word' id='word_1_713' title='bbox 3530 4710 3705 4781; x_wconf 81' lang='lat' dir='ltr'><strong>profe-</strong></span> 
     </span>
    </p>
   </div>
   <div class='ocr_carea' id='block_1_101' title="bbox 2120 4805 3709 4884">
    <p class='ocr_par' dir='ltr' id='par_1_101' title="bbox 2120 4805 3709 4884">
     <span class='ocr_line' id='line_1_101' title="bbox 2120 4805 3709 4884; baseline -0.01 -12"><span class='ocrx_word' id='word_1_714' title='bbox 2120 4826 2293 4879; x_wconf 86' lang='lat' dir='ltr'><strong>cerat,</strong></span> <span class='ocrx_word' id='word_1_715' title='bbox 2324 4817 2393 4870; x_wconf 90' lang='lat' dir='ltr'><strong>iis</strong></span> <span class='ocrx_word' id='word_1_716' title='bbox 2418 4815 2511 4884; x_wconf 89' lang='lat' dir='ltr'><strong>qui</strong></span> <span class='ocrx_word' id='word_1_717' title='bbox 2544 4814 2860 4869; x_wconf 81' lang='lat' dir='ltr'><strong>facilitatem</strong></span> <span class='ocrx_word' id='word_1_718' title='bbox 2891 4807 3171 4864; x_wconf 78' lang='lat' dir='ltr'><strong>Michaelis</strong></span> <span class='ocrx_word' id='word_1_719' title='bbox 3208 4821 3274 4861; x_wconf 89' lang='lat' dir='ltr'><strong>eo</strong></span> <span class='ocrx_word' id='word_1_720' title='bbox 3307 4805 3572 4859; x_wconf 83' lang='lat' dir='ltr'><strong>inclinare</strong></span> <span class='ocrx_word' id='word_1_721' title='bbox 3597 4816 3709 4856; x_wconf 76' lang='lat' dir='ltr'><strong>cm—</strong></span> 
     </span>
    </p>
   </div>
   <div class='ocr_carea' id='block_1_102' title="bbox 2121 4893 3712 4980">
    <p class='ocr_par' dir='ltr' id='par_1_102' title="bbox 2121 4893 3712 4980">
     <span class='ocr_line' id='line_1_102' title="bbox 2121 4893 3712 4980; baseline -0.012 -16"><span class='ocrx_word' id='word_1_722' title='bbox 2121 4917 2316 4980; x_wconf 84' lang='lat' dir='ltr'><strong>peraut</strong></span> <span class='ocrx_word' id='word_1_723' title='bbox 2347 4908 2523 4978; x_wconf 75' lang='lat' dir='ltr'><strong>magis</strong></span> <span class='ocrx_word' id='word_1_724' title='bbox 2562 4922 2627 4960; x_wconf 85' lang='lat' dir='ltr'><strong>ac</strong></span> <span class='ocrx_word' id='word_1_725' title='bbox 2673 4904 2847 4973; x_wconf 81' lang='lat' dir='ltr'><strong>magis</strong></span> <span class='ocrx_word' id='word_1_726' title='bbox 2888 4910 3127 4969; x_wconf 71' lang='lat' dir='ltr'><strong>emptum</strong></span> <span class='ocrx_word' id='word_1_727' title='bbox 3174 4897 3527 4968; x_wconf 80' lang='lat' dir='ltr'><strong>urgentibus.</strong></span> <span class='ocrx_word' id='word_1_728' title='bbox 3558 4893 3712 4949; x_wconf 76' lang='lat' dir='ltr'><strong>Scri—</strong></span> 
     </span>
    </p>
   </div>
   <div class='ocr_carea' id='block_1_103' title="bbox 2129 4991 3713 5072">
    <p class='ocr_par' dir='ltr' id='par_1_103' title="bbox 2129 4991 3713 5072">
     <span class='ocr_line' id='line_1_103' title="bbox 2129 4991 3713 5072; baseline -0.013 -15"><span class='ocrx_word' id='word_1_729' title='bbox 2129 5011 2314 5072; x_wconf 88' lang='lat' dir='ltr'><strong>pserat</strong></span> <span class='ocrx_word' id='word_1_730' title='bbox 2344 5007 2524 5055; x_wconf 85' lang='lat' dir='ltr'><strong>autem</strong></span> <span class='ocrx_word' id='word_1_731' title='bbox 2566 5014 2628 5052; x_wconf 86' lang='lat' dir='ltr'><strong>ea</strong></span> <span class='ocrx_word' id='word_1_732' title='bbox 2660 4997 2728 5051; x_wconf 89' lang='lat' dir='ltr'><strong>de</strong></span> <span class='ocrx_word' id='word_1_733' title='bbox 2761 5012 2818 5050; x_wconf 86' lang='lat' dir='ltr'><strong>re</strong></span> <span class='ocrx_word' id='word_1_734' title='bbox 2851 4993 3203 5047; x_wconf 83' lang='lat' dir='ltr'><strong>Andronicus</strong></span> <span class='ocrx_word' id='word_1_735' title='bbox 3234 4991 3299 5043; x_wconf 86' lang='lat' dir='ltr'><strong>ad</strong></span> <span class='ocrx_word' id='word_1_736' title='bbox 3339 4998 3546 5059; x_wconf 76' lang='lat' dir='ltr'><strong>patrem</strong></span> <span class='ocrx_word' id='word_1_737' title='bbox 3578 5004 3713 5055; x_wconf 84' lang='lat' dir='ltr'><strong>quo-</strong></span> 
     </span>
    </p>
   </div>
   <div class='ocr_carea' id='block_1_104' title="bbox 2127 5082 3712 5162">
    <p class='ocr_par' dir='ltr' id='par_1_104' title="bbox 2127 5082 3712 5162">
     <span class='ocr_line' id='line_1_104' title="bbox 2127 5082 3712 5162; baseline -0.008 -17"><span class='ocrx_word' id='word_1_738' title='bbox 2127 5107 2236 5162; x_wconf 91' lang='lat' dir='ltr'><strong>que</strong></span> <span class='ocrx_word' id='word_1_739' title='bbox 2267 5107 2425 5147; x_wconf 80' lang='lat' dir='ltr'><strong>suum</strong></span> <span class='ocrx_word' id='word_1_740' title='bbox 2451 5090 2744 5151; x_wconf 72' lang='lat' dir='ltr'><strong>Czcsarem,</strong></span> <span class='ocrx_word' id='word_1_741' title='bbox 2780 5086 3041 5156; x_wconf 81' lang='lat' dir='ltr'><strong>majorem</strong></span> <span class='ocrx_word' id='word_1_742' title='bbox 3071 5085 3124 5138; x_wconf 93' lang='lat' dir='ltr'><strong>in</strong></span> <span class='ocrx_word' id='word_1_743' title='bbox 3157 5082 3378 5138; x_wconf 89' lang='lat' dir='ltr'><strong>modum</strong></span> <span class='ocrx_word' id='word_1_744' title='bbox 3412 5096 3612 5150; x_wconf 80' lang='lat' dir='ltr'><strong>rogans</strong></span> <span class='ocrx_word' id='word_1_745' title='bbox 3645 5095 3712 5133; x_wconf 90' lang='lat' dir='ltr'><strong>ne</strong></span> 
     </span>
    </p>
   </div>
   <div class='ocr_carea' id='block_1_105' title="bbox 2128 5169 3713 5252">
    <p class='ocr_par' dir='ltr' id='par_1_105' title="bbox 2128 5169 3713 5252">
     <span class='ocr_line' id='line_1_105' title="bbox 2128 5169 3713 5252; baseline -0.011 -14"><span class='ocrx_word' id='word_1_746' title='bbox 2128 5184 2275 5238; x_wconf 87' lang='lat' dir='ltr'><strong>istud</strong></span> <span class='ocrx_word' id='word_1_747' title='bbox 2312 5180 2613 5252; x_wconf 89' lang='lat' dir='ltr'><strong>perpetrari</strong></span> <span class='ocrx_word' id='word_1_748' title='bbox 2664 5178 2939 5247; x_wconf 84' lang='lat' dir='ltr'><strong>piaculum</strong></span> <span class='ocrx_word' id='word_1_749' title='bbox 2982 5176 3229 5231; x_wconf 86' lang='lat' dir='ltr'><strong>sineret:</strong></span> <span class='ocrx_word' id='word_1_750' title='bbox 3273 5173 3476 5242; x_wconf 88' lang='lat' dir='ltr'><strong>alioqui</strong></span> <span class='ocrx_word' id='word_1_751' title='bbox 3517 5169 3713 5223; x_wconf 83' lang='lat' dir='ltr'><strong>divinae</strong></span> 
     </span>
    </p>
   </div>
   <div class='ocr_carea' id='block_1_106' title="bbox 2129 5264 3711 5339">
    <p class='ocr_par' dir='ltr' id='par_1_106' title="bbox 2129 5264 3711 5339">
     <span class='ocr_line' id='line_1_106' title="bbox 2129 5264 3711 5339; baseline -0.008 -13"><span class='ocrx_word' id='word_1_752' title='bbox 2129 5275 2236 5329; x_wconf 88' lang='lat' dir='ltr'><strong>vim</strong></span> <span class='ocrx_word' id='word_1_753' title='bbox 2288 5274 2513 5328; x_wconf 87' lang='lat' dir='ltr'><strong>ultionis</strong></span> <span class='ocrx_word' id='word_1_754' title='bbox 2560 5278 2923 5339; x_wconf 78' lang='lat' dir='ltr'><strong>exspectaret,</strong></span> <span class='ocrx_word' id='word_1_755' title='bbox 2960 5281 3287 5338; x_wconf 65' lang='lat' dir='ltr'><strong>poenamque</strong></span> <span class='ocrx_word' id='word_1_756' title='bbox 3335 5277 3444 5319; x_wconf 77' lang='lat' dir='ltr'><strong>non</strong></span> <span class='ocrx_word' id='word_1_757' title='bbox 3486 5264 3711 5333; x_wconf 80' lang='lat' dir='ltr'><strong>longum</strong></span> 
     </span>
    </p>
   </div>
   <div class='ocr_carea' id='block_1_107' title="bbox 436 5361 3689 5440">
    <p class='ocr_par' dir='ltr' id='par_1_107' title="bbox 436 5361 3689 5440">
     <span class='ocr_line' id='line_1_107' title="bbox 436 5361 3689 5440; baseline -0.006 -9"><span class='ocrx_word' id='word_1_758' title='bbox 436 5383 802 5432; x_wconf 72' lang='lat' dir='ltr'><strong>moraturae).</strong></span> <span class='ocrx_word' id='word_1_759' title='bbox 860 5367 940 5425; x_wconf 83' lang='lat' dir='ltr'><strong>Ea</strong></span> <span class='ocrx_word' id='word_1_760' title='bbox 995 5369 1086 5425; x_wconf 83' lang='lat' dir='ltr'><strong>illo</strong></span> <span class='ocrx_word' id='word_1_761' title='bbox 1131 5368 1497 5440; x_wconf 88' lang='lat' dir='ltr'><strong>nequidquam</strong></span> <span class='ocrx_word' id='word_1_762' title='bbox 1529 5368 1807 5435; x_wconf 84' lang='lat' dir='ltr'><strong>moliente,</strong></span> <span class='ocrx_word' id='word_1_763' title='bbox 1869 5368 1961 5438; x_wconf 90' lang='lat' dir='ltr'><strong>qui</strong></span> <span class='ocrx_word' id='word_1_764' title='bbox 1995 5369 2209 5426; x_wconf 86' lang='lat' dir='ltr'><strong>litteras</strong></span> <span class='ocrx_word' id='word_1_765' title='bbox 2276 5376 2603 5439; x_wconf 81' lang='lat' dir='ltr'><strong>acceperant</strong></span> <span class='ocrx_word' id='word_1_766' title='bbox 2664 5365 2957 5438; x_wconf 76' lang='lat' dir='ltr'><strong>Diogenem</strong></span> <span class='ocrx_word' id='word_1_767' title='bbox 3007 5372 3288 5420; x_wconf 64' lang='lat' dir='ltr'><strong>excazcant</strong></span> <span class='ocrx_word' id='word_1_768' title='bbox 3331 5369 3385 5417; x_wconf 89' lang='lat' dir='ltr'><strong>et</strong></span> <span class='ocrx_word' id='word_1_769' title='bbox 3432 5361 3484 5414; x_wconf 92' lang='lat' dir='ltr'><strong>in</strong></span> <span class='ocrx_word' id='word_1_770' title='bbox 3528 5371 3689 5412; x_wconf 86' lang='lat' dir='ltr'><strong>mona</strong></span> 
     </span>
    </p>
   </div>
   <div class='ocr_carea' id='block_1_108' title="bbox 1713 5526 2413 5590">
    <p class='ocr_par' dir='ltr' id='par_1_108' title="bbox 1713 5526 2413 5590">
     <span class='ocr_line' id='line_1_108' title="bbox 1713 5526 2413 5590; baseline -0.003 -1"><span class='ocrx_word' id='word_1_771' title='bbox 1713 5526 1883 5589; x_wconf 85' lang='lat' dir='ltr'><strong>Petri</strong></span> <span class='ocrx_word' id='word_1_772' title='bbox 1923 5526 2176 5590; x_wconf 86' lang='lat' dir='ltr'><strong>Possini</strong></span> <span class='ocrx_word' id='word_1_773' title='bbox 2224 5532 2413 5588; x_wconf 74' lang='lat' dir='ltr'><strong>notae.</strong></span> 
     </span>
    </p>
   </div>
   <div class='ocr_carea' id='block_1_109' title="bbox 512 5698 2017 5775">
    <p class='ocr_par' dir='ltr' id='par_1_109' title="bbox 512 5698 2017 5775">
     <span class='ocr_line' id='line_1_109' title="bbox 512 5698 2017 5775; baseline -0.004 -16"><span class='ocrx_word' id='word_1_774' title='bbox 512 5704 587 5773; x_wconf 83' lang='lat' dir='ltr'><strong>(It)</strong></span> <span class='ocrx_word' id='word_1_775' title='bbox 617 5702 827 5775; x_wconf 80' lang='grc' dir='ltr'>Θαῦμα</span> <span class='ocrx_word' id='word_1_776' title='bbox 861 5701 989 5768; x_wconf 80' lang='grc' dir='ltr'>τοῖς</span> <span class='ocrx_word' id='word_1_777' title='bbox 1023 5700 1246 5775; x_wconf 78' lang='grc' dir='ltr'>δρῶσιν</span> <span class='ocrx_word' id='word_1_778' title='bbox 1273 5698 1467 5775; x_wconf 55' lang='grc' dir='ltr'><strong>Δἰδεῖν.</strong></span> <span class='ocrx_word' id='word_1_779' title='bbox 1496 5698 1633 5775; x_wconf 66' lang='lat' dir='ltr'><strong>Cod.</strong></span> <span class='ocrx_word' id='word_1_780' title='bbox 1661 5715 1768 5775; x_wconf 69' lang='lat' dir='ltr'><strong>tus.</strong></span> <span class='ocrx_word' id='word_1_781' title='bbox 1807 5699 2017 5775; x_wconf 74' lang='lat' dir='ltr'><strong>legebat</strong></span> 
     </span>
    </p>
   </div>
   <div class='ocr_carea' id='block_1_110' title="bbox 442 5768 2021 5849">
    <p class='ocr_par' dir='ltr' id='par_1_110' title="bbox 442 5768 2021 5849">
     <span class='ocr_line' id='line_1_110' title="bbox 442 5768 2021 5849; baseline -0.004 -22"><span class='ocrx_word' id='word_1_782' title='bbox 442 5768 645 5849; x_wconf 73' lang='grc' dir='ltr'>θέαμα,</span> <span class='ocrx_word' id='word_1_783' title='bbox 682 5768 871 5849; x_wconf 63' lang='lat' dir='ltr'><strong>minus</strong></span> <span class='ocrx_word' id='word_1_784' title='bbox 909 5768 1204 5841; x_wconf 49' lang='lat' dir='ltr'><strong>apte&#39;sine</strong></span> <span class='ocrx_word' id='word_1_785' title='bbox 1253 5773 1547 5849; x_wconf 42' lang='lat' dir='ltr'><strong>dnbin,_ut-</strong></span> <span class='ocrx_word' id='word_1_786' title='bbox 1574 5768 1730 5825; x_wconf 78' lang='lat' dir='ltr'><strong>facile</strong></span> <span class='ocrx_word' id='word_1_787' title='bbox 1783 5768 2021 5824; x_wconf 83' lang='lat' dir='ltr'><strong>sentient</strong></span> 
     </span>
    </p>
   </div>
   <div class='ocr_carea' id='block_1_111' title="bbox 442 5840 2019 5917">
    <p class='ocr_par' dir='ltr' id='par_1_111' title="bbox 442 5840 2019 5917">
     <span class='ocr_line' id='line_1_111' title="bbox 442 5840 2019 5917; baseline -0.005 -18"><span class='ocrx_word' id='word_1_788' title='bbox 442 5840 562 5917; x_wconf 52' lang='lat' dir='ltr'><strong>qui&#39;</strong></span> <span class='ocrx_word' id='word_1_789' title='bbox 590 5845 786 5899; x_wconf 83' lang='lat' dir='ltr'><strong>harum</strong></span> <span class='ocrx_word' id='word_1_790' title='bbox 838 5840 1144 5899; x_wconf 68' lang='lat' dir='ltr'><strong>litterarum</strong></span> <span class='ocrx_word' id='word_1_791' title='bbox 1190 5850 1408 5913; x_wconf 80' lang='lat' dir='ltr'><strong>gustum</strong></span> <span class='ocrx_word' id='word_1_792' title='bbox 1461 5840 1663 5895; x_wconf 88' lang='lat' dir='ltr'><strong>habent</strong></span> <span class='ocrx_word' id='word_1_793' title='bbox 1712 5858 1725 5895; x_wconf 92' lang='lat'><strong>:</strong></span> <span class='ocrx_word' id='word_1_794' title='bbox 1783 5854 2019 5909; x_wconf 88' lang='lat' dir='ltr'><strong>quorum</strong></span> 
     </span>
    </p>
   </div>
   <div class='ocr_carea' id='block_1_112' title="bbox 2121 5693 3709 5771">
    <p class='ocr_par' dir='ltr' id='par_1_112' title="bbox 2121 5693 3709 5771">
     <span class='ocr_line' id='line_1_112' title="bbox 2121 5693 3709 5771; baseline -0.011 -14"><span class='ocrx_word' id='word_1_795' title='bbox 2121 5700 2314 5771; x_wconf 85' lang='lat' dir='ltr'><strong>judieii</strong></span> <span class='ocrx_word' id='word_1_796' title='bbox 2371 5697 2564 5753; x_wconf 78' lang='lat' dir='ltr'><strong>fiducia</strong></span> <span class='ocrx_word' id='word_1_797' title='bbox 2622 5713 2821 5753; x_wconf 86' lang='lat' dir='ltr'><strong>causas</strong></span> <span class='ocrx_word' id='word_1_798' title='bbox 2868 5696 3332 5771; x_wconf 72' lang='lat' dir='ltr'><strong>emendationem</strong></span> <span class='ocrx_word' id='word_1_799' title='bbox 3392 5693 3709 5743; x_wconf 86' lang='lat' dir='ltr'><strong>nostrarum</strong></span> 
     </span>
    </p>
   </div>
   <div class='ocr_carea' id='block_1_113' title="bbox 2126 5769 3028 5839">
    <p class='ocr_par' dir='ltr' id='par_1_113' title="bbox 2126 5769 3028 5839">
     <span class='ocr_line' id='line_1_113' title="bbox 2126 5769 3028 5839; baseline -0.008 -11"><span class='ocrx_word' id='word_1_800' title='bbox 2126 5769 2475 5829; x_wconf 83' lang='lat' dir='ltr'><strong>enucleatius</strong></span> <span class='ocrx_word' id='word_1_801' title='bbox 2511 5785 2619 5826; x_wconf 90' lang='lat' dir='ltr'><strong>non</strong></span> <span class='ocrx_word' id='word_1_802' title='bbox 2654 5769 3028 5839; x_wconf 75' lang='lat' dir='ltr'><strong>exscquiniur.</strong></span> 
     </span>
    </p>
   </div>
  </div>
