4154 6436
500 387 608 460 103

1704 382 2129 446 NICEPHORI
2170 381 2478 445 BRYENN
2490 381 2553 442 ιι

3655 377 3767 446 104

502 504 769 566 accedere
798 516 975 559 ausus
997 509 1117 558 erat
1139 514 1344 571 magno
1373 497 1545 555 hastae
1576 497 1688 554 ictu
1724 499 2083 558 interfecisset

2190 499 2321 564 τοὺς
2345 499 2645 569 πολεμίους
2672 499 2769 554 ιιαῖ⁸
2799 497 2881 570 τῷ
2924 496 3113 569 δόρατι
3158 495 3371 567 πλήξας
3398 495 3491 550 τὸν
3538 497 3762 555 ἐπιόντα

499 600 922 667 stravissetque.
961 592 1325 650 Circumfnsis
1371 591 1567 646 deinde
1611 591 1853 662 undique
1885 592 2079 648 Turcis

499 700 621 747 tnta
652 689 803 744 illum
840 686 1056 742 eminus
1079 684 1414 754 iaculatione
1456 681 1842 737 infestantibus
1877 683 2080 738 illa'sus

498 782 684 836 divina
715 779 903 848 utique
952 792 1117 831 manu
1155 784 1403 830 senatus
1446 782 1528 827 cst
1577 776 1692 843 ipse
1738 776 1977 845 quidem.
2028 787 2082 829 et

499 885 678 941 equus
711 882 820 938 quo
853 867 1158 921 vehebatur
1205 868 1389 921 multis
1435 866 1732 920 transﬁxus
1774 865 1989 936 sagittis
2023 883 2081 922 se

499 972 889 1029 vectoremque
920 974 1082 1013 suum
1115 957 1307 1013 effudit
1334 958 1387 1012 in
1425 968 1648 1013 terram.
1682 956 1804 1024 Quo
1838 969 2082 1027 tempore

500 1053 731 1108 comites
753 1051 896 1120 ejus,
921 1050 1122 1119 quibus
1150 1058 1269 1103 erat
1293 1049 1653 1104 charissimus
1681 1057 1871 1118 utpote
1893 1064 2084 1104 amore

500 1141 860 1211 dignissimus
884 1140 1160 1203 omnium,
1187 1139 1508 1194 exsilientes
1545 1153 1608 1192 ex
1645 1139 1805 1207 equis
1851 1141 1917 1193 ad
1955 1155 2081 1193 eum

500 1244 868 1289 Cucurrerunt
898 1233 1314 1299 ambientesque
1345 1230 1525 1300 ipsum
1563 1238 1619 1283 et
1648 1246 1771 1283 cum
1802 1244 1870 1284 eo
1898 1229 2082 1283 fortis-

501 1327 639 1378 sime
673 1333 981 1393 pugnantes
1022 1322 1266 1391 periculo
1300 1321 1516 1373 tandem
1562 1330 1887 1375 exemerunt
1931 1335 2080 1375 eum.

502 1416 831 1481 Quindecim
878 1424 1036 1468 erant
1061 1428 1271 1475 omnes,
1303 1429 1333 1467 e
1368 1412 1569 1481 quibus
1596 1412 1841 1482 quinque
1868 1422 2080 1467 tantum

502 1510 557 1560 in
594 1517 772 1561 castra
806 1505 941 1559 salvi
973 1519 1097 1558 curn
1146 1506 1334 1557 Alexio
1375 1505 1678 1565 redierunt,
1712 1505 1923 1559 caeteris
1950 1520 2080 1575 par-

503 1603 596 1653 tim
644 1599 840 1653 occisis
873 1598 1072 1667 partim
1120 1597 1316 1664 captis.
1362 1595 1550 1650 Rednx
1602 1610 1767 1665 porro
1814 1610 1846 1650 e
1899 1596 2085 1652 labore

504 1699 658 1743 tanto
713 1705 820 1741 non
876 1704 935 1742 se
989 1688 1103 1741 otio
1140 1688 1326 1754 dedit,
1379 1688 1472 1742 sed
1522 1696 1702 1741 castra
1752 1688 2083 1745 circumiens

501 1780 899 1838 corroborabat
953 1782 1167 1834 animos
1216 1780 1454 1833 militum
1502 1793 1831 1849 magnopere
1881 1780 2082 1835 adhor-

2186 591 2422 664 πρώτως
2468 590 2566 646 καὶ
2613 590 2807 662 νεκρὸν
2853 590 3017 653 εὐθὺς
3070 587 3385 653 ἀποδείξας,
3422 587 3612 660 ἐπειδὴ
3657 590 3764 644 ὑπὸ

2184 682 2393 737 τούτων
2408 680 2727 736 κεκύκλωτο
2744 682 2840 736 καὶ
2864 683 2934 736 τὰ
2958 681 3091 752 βέλη
3112 679 3456 750 πανταχόθεν
3482 680 3765 750 ἐπέμπετο

2186 772 2309 827 κατ’
2347 770 2540 833 αὐτοῦ,
2571 771 2734 835 αὐτὸς
2758 771 2952 842 ἀσινὴς
2993 770 3099 823 ὑπὸ
3132 770 3231 841 τῆς
3260 768 3472 824 ἀνωθεν
3497 773 3766 840 τετήρητο

2184 864 2391 929 δεξιᾶς,
2424 864 2453 917 6
2475 862 2532 916 δὲ
2566 863 2735 928 ἵππος
2762 855 2808 931 ᾧ
2840 862 3109 932 ἐπωχεῖτο
3139 861 3209 915 τά
3254 861 3486 915 πλεῖστα
3527 860 3636 914 τῶν
3677 860 3766 931 βε-

2186 956 2300 1008 λῶν
2330 954 2627 1025 ὑπεδέχετο
2658 953 2868 1031 καιείς
2909 953 3015 1022 γῆν
3053 955 3152 1007 σὺν
3203 953 3283 1023 τῷ
3331 953 3568 1024 ἐπιϐάτῃ
3636 971 3767 1006 κατ-

2189 1046 2412 1099 έπεσεν.
2464 1045 2612 1099 Ἀλλ’
2646 1046 2697 1098 οἱ
2747 1044 2879 1115 περὶ
2915 1044 3101 1111 αὐτὸν,
3150 1043 3434 1113 φιλοῦντες
3460 1045 3623 1099 αὐτὸν
3676 1040 3766 1099 οἷα

2188 1138 2463 1207 φιλήσεως
2496 1135 2669 1202 ἀξιον,
2725 1136 2836 1189 τῶν
2887 1135 3074 1189 ἵππων
3129 1136 3618 1207 καταπηδήσαντες
3671 1137 3769 1191 καὶ

2189 1228 2454 1296 γενναίως
2516 1226 2611 1291 ξὺν
2676 1225 2874 1296 ἐκείνῳ
2922 1228 3331 1297 ἀγωνισάμενοι
3382 1226 3478 1281 τοῦ
3517 1228 3767 1282 κινδύνου

2188 1318 2379 1370 τοῦτον
2406 1317 2728 1389 ἐρρύσαντο·
2758 1317 3153 1371 πεντεκαίδεκα
3173 1317 3403 1373 δ’δντων
3437 1318 3767 1389 ξυμπάντων

2192 1408 2354 1462 πέντε
2393 1409 2547 1478 μόνοι
2601 1411 2683 1472 είς
2720 1407 2781 1460 τὸ
2819 1408 3189 1480 στρατόπεδον
3246 1408 3340 1472 ξὺν
3388 1408 3536 1480 αὐτῷ
3576 1410 3769 1464 διεσώο

2191 1499 2386 1568 θησαν,
2435 1499 2543 1553 τῶν
2594 1500 2650 1552 δὲ
2700 1499 2902 1552 λοιπῶν
2937 1500 2991 1553 oi
3053 1500 3155 1568 μὲν
3219 1499 3566 1571 ἀνῃρέθησαν
3605 1501 3659 1553 οἱ
3711 1502 3770 1555 δέ

2190 1591 2458 1645 ἑάλωσαν.
2518 1588 2819 1653 Διασωθεὶς
2880 1589 2938 1643 δέ
2999 1592 3081 1654 είς
3133 1591 3194 1644 τὸ
3248 1593 3611 1661 στρατόπεδον
3668 1596 3770 1648 οἱκ

2190 1683 2499 1754 ἠρέμησεν,
2532 1681 2670 1736 ἀλλὰ
2709 1680 2897 1753 κύκλῳ
2947 1683 3225 1754 περιθέων
3263 1685 3357 1737 τοῦ
3411 1687 3652 1756 χάρακος
3700 1688 3772 1741 τά

2190 1775 2519 1846 φρονήματα
2546 1772 2654 1827 τῶν
2705 1774 3062 1844 στρατιωτῶν
3091 1774 3492 1845 ἐπερρώννυεν,
3529 1778 3605 1840 ὡς
3664 1795 3767 1848 μη·

505 1885 649 1937 tans,
690 1889 757 1926 ne
790 1872 918 1942 quid
958 1871 1201 1923 Romana
1239 1871 1608 1939 generositate
1640 1870 1922 1939 indignum
1949 1884 2083 1924 con-

2190 1866 2277 1919 δέν
2311 1883 2364 1943 τι
2395 1864 2495 1934 τῆς
2560 1864 2876 1934 Ῥωμαῖκῆς
2935 1867 3319 1936 γενναιότητος
3353 1868 3504 1933 ἀξιον
3544 1884 3770 1939 πεπραο

505 1965 822 2018 scisi-erent.
868 1964 949 2017 llli
987 1963 1163 2031 quoad
1195 1962 1313 2039 dies
1343 1961 1446 2015 fuit
1480 1962 1532 2014 in
1563 1962 1667 2032 61
1708 1962 1829 2015 loco
1872 1970 2086 2031 persta-

504 2055 635 2109 bant
691 2054 1054 2116 admirantes,
1112 2054 1245 2121 quin
1301 2054 1464 2106 etiam
1524 2053 1821 2107 laudabant
1866 2052 2085 2121 juvenis

506 2147 775 2211 animum,
802 2145 1187 2215 supplicesque
1219 2145 1502 2198 tendentes
1529 2160 1725 2199 manus
1752 2130 2081 2199 salvatorem

503 2254 631 2292 eum
661 2248 715 2291 et
752 2238 1154 2292 benefactorcm
1184 2237 1580 2291 acclamabaut.
1614 2238 1781 2306 Euge,
1814 2239 2083 2305 dicentes,

504 2348 534 2384 o
568 2333 912 2395 adolescens,
969 2346 1001 2383 ο
1056 2331 1318 2391 salvator,
1363 2344 1397 2383 ο
1444 2330 1794 2399 gubernator,
1839 2345 1873 2385 ο
1923 2331 2086 2401 hujus

506 2425 643 2475 mire
692 2424 892 2476 εει-νειιὶ
946 2422 1178 2475 Romani
1221 2423 1498 2475 exercitus
1528 2420 1805 2475 liberator.
1838 2418 2014 2489 Euge,
2051 2439 2085 2476 ο

503 2514 751 2581 corporis
798 2512 1245 2582 impedimentum
1300 2513 1353 2565 in
1408 2526 1641 2581 corpore
1674 2513 1760 2565 vix
1818 2514 2082 2568 sentiens.

505 2600 778 2656 Fruamur
810 2602 1027 2671 longum
1078 2601 1313 2656 heroicis
1345 2599 1684 2655 facinoribus
1733 2602 1855 2656 istis
1901 2617 2089 2657 serve-

505 2692 689 2760 tisque
736 2695 943 2746 utinam
994 2693 1151 2746 nobis
1197 2692 1249 2745 in
1295 2692 1614 2762 longissima
1660 2704 1903 2762 tempore
1935 2708 2087 2747 com-

503 2801 667 2838 mune
698 2785 869 2839 decus
898 2786 1326 2854 praesidiumque
1355 2785 1586 2854 publica:
1615 2785 1712 2839 rei.
1744 2785 1839 2842 llis
1864 2787 2090 2857 applau-

503 2877 659 2929 sihns
711 2877 837 2930 novi
897 2878 1055 2930 ducis
1108 2878 1529 2946 generositatem
1587 2889 1889 2947 augentes,
1955 2877 2086 2931 dum

502 2967 851 3020 celebrabant
906 2969 1132 3032 milites,
1187 2983 1309 3023 sese
1364 2969 1505 3023 vallo
1556 2969 1944 3034 continebant,
1994 2969 2089 3024 illo

505 3058 738 3112 subinde
791 3056 938 3113 foras
988 3070 1343 3128 procurreute
1407 3077 1472 3115 ac
1520 3062 1719 3115 multos
1766 3062 2088 3117 irruentiqu

504 3150 741 3203 liestium
788 3152 1093 3216 occidente,
1142 3153 1280 3206 alios
1313 3151 1557 3222 fugante.
1604 3152 1706 3208 Ubi
1759 3164 1938 3209 autem
1976 3170 2083 3210 nox

502 3236 669 3298 venit,
729 3251 855 3289 cum
903 3239 1367 3294 animadverteret
1400 3240 1625 3296 Alexius
1654 3257 1848 3298 omnes
1880 3244 2083 3300 milites

503 3341 699 3394 parare
731 3328 935 3396 passim
968 3344 1026 3383 se
1070 3341 1235 3397 atque
1273 3331 1533 3400 expedire
1568 3347 1665 3402 pro
1701 3350 1759 3389 se
1785 3350 2081 3406 quemque,

2185 1959 2362 2028 χέναι.
2400 1957 2547 2019 Ἕως
2580 1956 2682 2027 μὲν
2714 1951 2810 2008 οὖν
2854 1957 3034 2029 ἡμέρα
3068 1951 3160 2026 ἦν,
3189 1958 3522 2027 ἐκαρτέρουν
3574 1957 3672 2011 καὶ
3706 1959 3770 2012 τὸ

2185 2050 2435 2118 γενναῖον
2459 2047 2556 2100 τοῦ
2590 2047 2714 2100 νέου
2747 2046 3124 2117 θαυμάζοντες
3174 2048 3410 2119 ἐπῄνουν
3442 2050 3536 2103 καὶ
3578 2053 3770 2120 χεῖρας

2180 2145 2426 2209 ίκέτιδας
2463 2144 2835 2207 ἀνατείνοντες
2864 2146 3112 2216 -σωτῆρα
3169 2152 3263 2200 καὶ
3307 2147 3607 2217 εὐεργέτην
3640 2148 3774 2203 ἐκά-

2186 2235 2336 2300 λουν,
2376 2253 2395 2287 ι
2432 2230 2596 2303 Εὖγε,
2640 2253 2659 2286 ι
2698 2234 2970 2302 λέγοντες,
3024 2253 3041 2284 ι
3089 2229 3133 2287 ὧ
3175 2237 3385 2301 νεανία,
3427 2237 3456 2288 6
3509 2237 3712 2307 σωτὴρ.
3745 2240 3775 2291 6

2187 2327 2551 2397 κυϐερνήτης,
2602 2327 2630 2379 6
2663 2328 2754 2396 τῆς
2789 2327 3191 2395 περισωθείσης
3245 2328 3414 2397 τῆσδε
3456 2328 3774 2399 Ῥωμαϊκῆς

2191 2421 2451 2490 στρατιᾶς
2487 2418 2711 2489 ῥύστης.
2755 2414 2895 2487 Εὖγε
2946 2421 2975 2473 6
3005 2419 3299 2488 ἀσώματος
3331 2422 3534 2492 μικροῦ
3561 2423 3673 2475 δεῖν
3709 2425 3772 2475 ἐν

2189 2514 2424 2584 σώματι.
2488 2515 2785 2585 Ὀναίμεθά
2820 2532 2912 2567 σου
2941 2515 3050 2567 τῶν
3085 2514 3615 2585 ἀνδραγαθημάτων,
3673 2517 3774 2570 καὶ

2186 2607 2487 2677 τηρηθείης
2514 2609 2645 2677 ήμῖν
2664 2609 2744 2670 είς
2779 2608 3007 2678 χρόνους
3038 2609 3282 2677 μακροὺς
3304 2607 3484 2662 κοινὸν
3500 2606 3714 2676 ὄφελος.
3746 2628 3767 2659 ι

2191 2699 2415 2762 Τούτοις
2463 2698 2895 2769 ἐπιρῤωννύντες
2928 2698 3021 2752 τοῦ
3059 2699 3179 2752 νέου
3214 2699 3521 2771 στρατηγοῦ
3557 2699 3618 2755 τὸ
3644 2717 3771 2767 γεν-

2188 2792 2336 2843 ναῖον
2372 2789 2564 2858 έμενον
2590 2792 2646 2842 ἐν
2665 2790 2741 2862 τῷ
2772 2790 3142 2863 στρατοπέδῳ,
3170 2791 3380 2844 ἐκείνου
3408 2790 3502 2844 τοῦ
3531 2793 3774 2861 χάρακος

2190 2880 2583 2952 προεκθέοντος
2620 2882 2717 2935 καὶ
2771 2880 3002 2943 πολλοὺς
3035 2882 3143 2935 τῶν
3178 2883 3446 2936 ἐπιόντων
3490 2883 3773 2953 πολεμίων

2189 2972 2568 3042 ἀναιροῦντος,
2599 2976 2725 3036 τοὺς
2759 2974 2816 3026 δέ
2842 2978 2934 3027 καὶ
2978 2973 3400 3037 ἀποσοϐοῦντος.
3433 2976 3544 3047 Τῆς
3575 2974 3774 3039 νυκτὸς

2188 3062 2246 3114 δέ
2279 3062 2722 3133 καταλαϐούσης,
2772 3064 2895 3116 ἐπεὶ
2941 3062 3091 3133 ἐώρα
3146 3062 3470 3135 ξύμπαντας
3517 3065 3774 3136 εὐτρεπι-

2191 3154 2483 3223 ξομένους,¹
2512 3154 2700 3226 ἔχαιρέ
2759 3171 2840 3219 τε,
2873 3155 2948 3218 ὼς
2990 3158 3161 3218 εἰκὸς,
3215 3158 3461 3231 οἰόμενος
3510 3157 3586 3221 ὡς
3633 3156 3775 3228 πρὸς

2194 3244 2376 3314 μάχην
2405 3243 2606 3307 αὐτοὺς
2656 3244 3100 3314 εὐτρεπίζεσθαι,
3147 3248 3244 3302 καὶ
3295 3250 3409 3312 τοῖς
3440 3246 3795 3319 θεράπουσιν,

2191 3334 2471 3388 ἐκοινοῦτο
2497 3334 2568 3388 τά
2607 3333 2880 3406 δρώμενα.

504 3430 818 3491 pergratum
859 3420 910 3474 id
947 3421 1048 3491 ipsi
1120 3422 1245 3489 fuit,
1281 3427 1427 3493 quod
1477 3440 1536 3480 se
1570 3425 1719 3495 ipsos
1765 3432 1833 3482 ad
1878 3444 2113 3498 pugnant
2190 3442 2514 3498 Comparare
2568 3426 2849 3495 crederet,
2901 3429 3232 3502 famulisque
3289 3448 3355 3489 ac
3406 3432 3775 3493 familiaribus

503 3510 619 3567 suis
658 3528 779 3582 qua:
817 3514 1009 3567 fierent
1045 3514 1326 3570 indicavit.

577 3605 630 3660 6.
666 3607 745 3657 Ad
779 3605 884 3659 tale
928 3608 1186 3661 indicium
1230 3610 1463 3665 silebant
1510 3613 1728 3681 quidem
1762 3614 1891 3680 alii;
1940 3631 2084 3672 unus

501 3716 633 3754 vero
665 3700 881 3753 illorum
916 3716 1078 3754 manu
1117 3712 1376 3759 strenuus
1409 3716 1461 3759 et
1492 3722 1592 3761 usu
1631 3723 1810 3762 rerum
1845 3712 2085 3777 pruden-

506 3793 692 3862 tiaque
745 3794 934 3847 multis
991 3806 1263 3862 praestans
1314 3794 1628 3853 Theodotus
1693 3801 1911 3855 nomine
1975 3816 2084 3856 non

505 3884 748 3937 faustum
786 3882 925 3937 dixit
957 3884 1127 3938 videri
1162 3887 1454 3956 augurium
1494 3888 1704 3957 accingi
1749 3891 1952 3944 miltes
1980 3891 2085 3945 im-

504 3972 747 4026 minente
781 3981 941 4026 nocte
982 3970 1256 4042 fugituros
1306 3990 1468 4040 mox,
1511 3992 1707 4046 nempe
1752 3990 1811 4032 ut
1844 3980 2080 4049 primum

502 4074 620 4121 tuto
671 4075 929 4135 poterunt
978 4066 1388 4121 intendentibus
1436 4080 1495 4121 se
1545 4069 1803 4124 tenebris.
1835 4071 1911 4124 Ad
1940 4070 2084 4126 hanc

488 4148 696 4214 'vocem
766 4158 974 4229 ingenti
1029 4157 1220 4213 dolore
1273 4173 1375 4214 suo
1447 4158 1716 4216 intellexit
1770 4162 2092 4220 adolescens

503 4249 861 4303 vehementer
889 4262 1113 4304 errasse
1139 4263 1221 4312 se,
1257 4249 1353 4321 qui
1380 4265 1446 4305 ex
1486 4253 1821 4308 conscientia
1863 4270 2091 4326 genero-

502 4341 687 4395 sitatis
734 4342 974 4411 propriaa
1019 4339 1090 4395 de
1132 4340 1250 4396 suis
1282 4342 1552 4397 militibus
1584 4344 1931 4403 astimasset.
1984 4348 2089 4403 Re-

502 4431 649 4500 cepit
676 4444 737 4484 se
771 4439 952 4484 tamen
986 4429 1042 4483 in
1079 4431 1497 4485 tabernaculum
1528 4443 1869 4499 ctenaturus,
1915 4444 2087 4491 totum

2263 3614 2348 3688 [P.
2381 3612 2478 3686 Η]
2516 3612 2604 3678 ς’.
2646 3613 2710 3666 Οί
2743 3613 2843 3684 μὶν
2874 3610 2968 3667 οὖν
3011 3613 3165 3668 ἄλλοι
3216 3614 3451 3683 ἐσίγων
3490 3612 3572 3680 εἷς
3599 3616 3655 3671 δέ
3685 3635 3774 3685 τις

2187 3708 2398 3760 τούτων
2429 3705 2676 3773 γενναῖος
2693 3702 2770 3758 ὣν
2789 3705 2931 3758 κατὰ
2962 3708 3120 3775 χεῖρα
3141 3704 3234 3758 καὶ
3268 3706 3434 3776 πείρᾳ
3455 3705 3565 3760 τῶν
3591 3707 3773 3762 ἀλλων

2187 3799 2488 3870 διαφέρων,
2540 3797 2796 3861 Θεόδοτος
2845 3795 3110 3868 τοῦνομα,
3155 3798 3258 3851 ούκ
3309 3798 3517 3867 ἀγαθὸν
3577 3801 3771 3853 οἰωνὸν

2188 3892 2293 3960 ἔφη
2370 3892 2440 3944 τὰ
2502 3889 2855 3960 πραττόμενα
2922 3885 3061 3944 εἶναι
3088 3904 3104 3920 ο
3176 3890 3396 3944 ἐπειδὰν
3437 3891 3546 3962 γάρ
3592 3891 3627 3962 ή
3671 3891 3773 3958 νὺξ

2190 3980 2454 4055 προέλθῃ,
2511 3982 2716 4036 αὐτίκα
2776 3980 2840 4051 δὴ
2951 3980 3098 4050 μάλα
3175 3981 3484 4048 φεύξονται.
3561 3981 3767 4035 Τούτου

2187 4075 2476 4145 λεχθέντος
2501 4073 2677 4144 λύπης
2706 4075 2733 4126 6
2764 4072 2985 4136 νεανίας
3031 4073 3365 4144 πεπλήρωτο
3419 4086 3433 4102 ’
3490 4073 3629 4145 ᾤετο
3658 4075 3769 4146 γὰρ

2189 4167 2513 4238 ξύμπαντας
2542 4164 2682 4221 εἶναι
2716 4167 2816 4238 τῆς
2850 4164 3018 4220 αὐτοῦ
3042 4166 3444 4236 γενναιότητος.
3485 4166 3683 4238 ’Λπῄει
3720 4168 3769 4221 δ’

2187 4261 2341 4330 ὅμως
2389 4261 2485 4313 ἐπὶ
2524 4259 2624 4330 τὴν
2670 4258 2878 4327 σκηνὴν
2914 4257 3226 4326 δειπνήσων
3251 4273 3266 4287 ⁸
3321 4260 3507 4342 ἄσιτος
3544 4261 3654 4331 γὰρ
3705 4260 3772 4314 τὸ

2187 4352 2456 4421 παράπαν
2481 4350 2743 4423 διέμεινε.
2785 4349 2898 4402 Καὶ
2931 4351 2960 4402 6
3012 4351 3112 4419 μὲν
3159 4350 3242 4403 ἐτι
3282 4351 3772 4422 τεθωρακισμένος

2188 4444 2266 4499 ὢν
2318 4443 2579 4508 ἐδείπνει,
2642 4443 2692 4496 oi
2747 4441 2805 4494 δὲ
2849 4440 3027 4510 λάθρα
3063 4439 3159 4494 τοῦ
3222 4441 3471 4513 χάρακος
3530 4443 3771 4509 ἐξιόντες

500 4522 649 4577 enim
682 4521 825 4575 diem
855 4522 976 4577 sine
1000 4520 1123 4576 cibo
1156 4529 1517 4592 transegerat.
1555 4524 1633 4578 Eo
1662 4538 1828 4594 porro
1851 4526 2082 4582 loricato

2188 4536 2444 4605 ἔφευγον.
2498 4535 2587 4597 Ὠς
2617 4533 2663 4588 δ’
2692 4532 2985 4603 ἀπηγγέλη
3032 4531 3210 4603 τούτῳ
3237 4534 3465 4602 φεύγειν
3505 4535 3655 4590 ἀπαν
3706 4535 3771 4589 τὸ

506 4619 583 4670 uti
614 4624 738 4671 erat
764 4622 1024 4670 comante
1062 4614 1266 4672 milites
1308 4615 1448 4670 clam
1478 4616 1624 4671 vallo
1661 4619 1865 4689 egressi
1906 4618 2082 4690 fugie-

506 4710 661 4767 bant.
702 4707 783 4762 Ad
813 4698 1245 4775 enm‘trepidum
1275 4708 1529 4790 nuntium
1568 4708 1778 4779 impetu
1821 4711 2082 4780 sequendi

504 4802 851 4870 sistendique
886 4799 1110 4867 fugaces
1151 4806 1335 4869 capto,
1383 4815 1510 4855 cum
1553 4815 1731 4872 equus
1776 4803 2083 4874 postulatus

505 4905 616 4944 non
648 4890 874 4944 daretur
906 4888 996 4942 vix
1027 4889 1245 4944 inventa
1278 4888 1450 4955 mula,
1479 4888 1703 4946 Alexius
1742 4890 1996 4948 inseensa
2026 4891 2083 4947 in

504 4996 626 5036 eam
656 4991 903 5049 partem,
939 4980 1049 5051 62
1089 4996 1197 5050 qua
1242 4982 1494 5037 exibatur
1541 4981 1671 5048 ruit,
1723 4992 1779 5037 et
1823 4997 2083 5041 revocare

503 5073 617 5143 jam
665 5086 918 5142 egressos
973 5084 1028 5127 et
1078 5072 1315 5129 retinere
1357 5075 1540 5130 adhuc
1578 5074 1721 5129 intra
1754 5075 1955 5131 vallum
1997 5090 2085 5130 re.

506 5168 691 5229 pertus
729 5160 979 5231 cupiens.
1014 5159 1121 5215 Sed
1147 5161 1262 5231 jam
1309 5163 1556 5219 exierant
1586 5178 1726 5235 pene
1757 5179 1949 5221 Omnes
1994 5165 2082 5220 fn-

504 5261 744 5317 gamque
766 5249 1138 5305 maturabant.
1156 5250 1304 5304 Exiit
1319 5250 1486 5320 igitur
1511 5262 1565 5306 et
1590 5254 1727 5322 ipse,
1746 5254 1859 5325 jam
1886 5254 2084 5311 Turcis

507 5338 771 5393 furtivum
819 5338 1196 5395 Romanorum
1236 5341 1443 5397 abitum
1476 5345 1838 5402 sentientibus
1881 5342 1937 5402 et
1973 5348 2082 5403 im-

504 5442 632 5503 petu
673 5447 836 5502 quam
885 5434 1366 5490 vehementissimo
1407 5452 1684 5509 manuque
1727 5440 1905 5494 valida
1946 5455 2083 5494 con-

504 5525 857 5580 tendentibus
905 5527 1125 5597 asseqni
1178 5525 1469 5598 fugientes.
1525 5528 1714 5601 Itaque
1766 5531 1927 5586 vitari
1971 5546 2081 5587 non

506 5628 723 5687 peierat
776 5620 911 5690 quin
969 5630 1255 5691 caperetur
1293 5624 1539 5689 Alexius,
1586 5625 1690 5679 nisi
1741 5623 2079 5693 Theodotus,

508 5708 670 5776 cujus
712 5711 874 5765 modo
928 5713 1311 5778 meminimus,
1356 5715 1541 5769 audito
1585 5715 1813 5784 strepitu
1850 5730 2085 5785 sequen-

509 5801 649 5854 tium
675 5815 941 5872 eqnorum
963 5812 1017 5860 et
1041 5804 1316 5863 intellecto
1343 5806 1470 5863 inde
1489 5804 1795 5864 Turcorum
1824 5826 2076 5884 magnam

2189 4627 2509 4699 στράτευμα
2547 4625 2645 4681 καὶ
2672 4626 2833 4696 μόνον
2871 4622 3036 4677 αὐτὸν
3077 4624 3173 4689 ξὺν
3216 4624 3422 4695 ὀλίγοις
3451 4627 3767 4697 περιλελεί-

2188 4718 2344 4788 φθαι,
2381 4720 2548 4771 ἵππον
2575 4718 2807 4788 αἰτήσας
2843 4716 3071 4769 ἔσπευδε
3103 4715 3321 4787 βοηθεῖν
3359 4718 3454 4771 καὶ
3487 4717 3761 4790 ξυνέχειν.

2182 4810 2355 4874 Μόλις
2379 4808 2472 4863 οὖν
2495 4809 2722 4879 ήμίονον
2751 4807 3004 4878 εὑρηκὼς
3037 4808 3448 4879 ἐπαναϐεϐήκει
3484 4812 3583 4867 καὶ
3629 4812 3767 4883 πρὸς

2186 4901 2288 4973 τήν
2315 4900 2495 4965 ἔξοδον
2525 4898 2713 4969 ὥρμα,
2743 4899 3068 4969 βουλόμενος
3112 4901 3283 4972 αὐτὴν
3315 4904 3612 4972 κατασχεῖν
3666 4907 3766 4957 καὶ

2186 4994 2313 5056 τοὺς
2345 4991 2794 5064 περιλειφθέντας
2834 4990 2985 5054 ἐντὸς
3020 4992 3339 5059 συγκλεῖσαι
3358 4992 3453 5044 τοῦ
3498 4993 3760 5063 χάρακος.

2186 5083 2328 5137 Ἀλλ’
2359 5083 2603 5151 ἔφθασαν
2652 5081 2852 5155 μικροῦ
2885 5082 2997 5135 δεῖν
3048 5085 3241 5150 φυγεῖν
3287 5081 3552 5147 ἅπαντες.
3582 5085 3764 5155 Ἰιῖξῄκ

2182 5174 2278 5230 οῦν
2307 5175 2405 5229 καὶ
2432 5174 2594 5236 αὐτὸς
2641 5173 2743 5245 ήδη
2781 5174 2891 5228 τῶν
2957 5174 3221 5244 Τούρκων
3277 5174 3625 5244 αἰσθομένων
3669 5176 3764 5229 τὸν

2182 5266 2293 5319 τῶν
2330 5264 2620 5333 Ῥωμαίων
2640 5265 2883 5337 δρασμὸν
2900 5266 2996 5318 καὶ
3025 5265 3166 5333 μετά
3196 5264 3377 5336 ῥύμης
3392 5267 3474 5318 ὅτι
3500 5265 3762 5337 πλείστης

2183 5358 2279 5410 καὶ
2337 5355 2619 5426 δυνάμεως
2659 5358 2886 5427 ίσχυρᾶς
2944 5358 3323 5427 ἐπειγομένων
3379 5357 3585 5427 φθάσαι
3633 5358 3760 5422 τοὺς

2184 5449 2512 5517 φεύγοντας,
2543 5448 2639 5501 καὶ
2663 5448 2835 5513 ἐάλω,
2875 5448 2926 5501 εἰ
2959 5450 3035 5518 μὴ
3071 5451 3102 5503 6
3129 5449 3407 5514 Θεόδοτος,
3435 5443 3498 5503 οὗ
3522 5449 3760 5520 πρόσθεν

2181 5544 2208 5593 6
2240 5540 2396 5608 λόγος
2420 5540 2688 5611 ἐμνήσθη,
2726 5541 2820 5593 τοῦ
2851 5543 3049 5612 κρότου
3088 5541 3197 5594 τῶν
3224 5541 3407 5595 ἵππων
3436 5542 3759 5611 αἰσθόμενος

2182 5633 2277 5686 καὶ
2310 5632 2563 5700 διαγνοὺς
2585 5631 2662 5696 ὡς
2693 5632 2896 5703 πλῆθος
2919 5632 3179 5705 Τούρκων
3213 5634 3348 5688 πολὺ
3404 5635 3525 5688 κατ’
3573 5634 3757 5688 αὐτῶν

2180 5718 2413 5787 ἔπεισιν,
2446 5720 2749 5774 ἀπονεῡσαι
2785 5720 2979 5776 τοῦτον
3029 5723 3224 5794 μικρόν
3254 5740 3309 5777 τι
3340 5725 3440 5796 τῆς
3464 5724 3586 5779 ὁδοῦ
3608 5742 3757 5796 παρ-

2181 5811 2468 5868 εσκεύασε.
2534 5810 2913 5878 Ἑκκλίναντες
2953 5814 3013 5870 δέ
3085 5817 3186 5888 τῆς
3246 5816 3367 5872 ὁδοῦ
3428 5816 3523 5872 καὶ
3560 5816 3654 5871 ἐπί
3702 5831 3756 5870 τι
