4154 6484
564 398 662 464 107

1773 400 2192 461 NICEPHORI
2234 403 2605 464 BRYENNH

3719 404 3814 470 108

551 512 773 583 quidem
829 521 880 568 et
932 512 1116 565 animo
1155 509 1412 580 concepit
1465 526 1723 583 magnum
1778 524 1830 568 et
1883 516 2144 584 lacrymis
2186 518 2329 572 veris
2401 519 2762 590 suspiriisque
2791 527 3020 576 testatus
3054 528 3160 576 est.
3201 518 3320 576 Non
3384 528 3564 576 tamen
3594 520 3698 577 iter
3726 537 3820 578 ne-

551 611 863 663 cessarium
900 605 1047 660 luctu
1080 602 1375 673 interrupit
1408 614 1504 658 aut
1538 606 1852 661 retardavit.

629 700 682 752 8.
721 697 969 752 Perlatus
993 712 1123 767 ergo
1154 699 1430 768 Ancyram
1463 697 1674 752 dimisit
1709 699 1894 752 statim
1922 713 2136 767 quoque

2320 697 2388 768 η’.
2429 699 2568 751 Ἀλλ’
2603 702 2660 753 ἐν
2711 702 2958 772 ’Δγκύρα
3000 702 3292 773 γενόμενος
3328 703 3665 776 διεπέμπετο
3693 729 3821 765 παν·

557 806 776 846 versum
811 789 905 858 qui
938 789 1291 858 explorarent
1338 789 1406 844 de
1452 788 1622 842 fratre
1673 798 1819 842 certa
1852 787 2147 843 referrent-

558 899 684 952 que,
717 896 745 932 e
775 881 976 951 quibus
1009 897 1134 935 cum
1181 881 1542 951 comperisset
1584 881 1848 936 barbaros
1886 880 2005 949 ejus
2050 880 2146 934 dc-

561 985 802 1026 tentores
861 981 1084 1042 paratos
1141 987 1266 1028 esse
1324 973 1702 1027 liberationem
1773 971 1894 1040 ejus
1956 970 2146 1026 multis

558 1079 852 1119 aureorum
905 1065 1149 1120 millibus
1213 1064 1487 1130 vendere,
1547 1065 1820 1134 respirare
1872 1064 2036 1133 etepit
2077 1063 2144 1117 ad

559 1159 722 1213 talem
764 1158 1039 1223 nuntium,
1074 1166 1129 1213 et
1175 1157 1242 1211 ad
1293 1156 1531 1211 oblatam
1586 1155 1943 1225 recuperandi
1991 1154 2144 1209 chari

558 1250 756 1318 capitis
785 1248 1100 1304 facultatem
1131 1262 1326 1319 magna
1358 1246 1612 1302 mosi-oris
1637 1262 1702 1301 ex
1731 1247 1902 1315 ipsius
1926 1246 2142 1316 jactura

556 1345 661 1398 orti
713 1349 870 1413 parte
921 1342 1128 1396 levatus
1175 1339 1451 1396 curriculo
1481 1355 1540 1394 se
1577 1340 1807 1394 contulit
1853 1339 1908 1393 in
1951 1339 2139 1394 urbem

559 1439 767 1508 regiam
802 1437 1064 1506 pecunias
1111 1434 1236 1489 inde
1271 1442 1626 1502 sumpturus,
1679 1432 1878 1502 quibus
1921 1429 2140 1486 fratrem

563 1531 874 1586 redimeret.
939 1526 1140 1582 Paucis
1191 1525 1319 1580 inde
1371 1526 1568 1581 diebus
1619 1529 1835 1594 negotio
1889 1524 2141 1580 confecto

559 1638 683 1676 cum
724 1621 1000 1690 Ancyram
1044 1616 1330 1672 festinaret
1359 1616 1613 1685 diemque
1647 1630 1711 1669 ac
1746 1625 1956 1668 noctem
2005 1630 2141 1669 con-

557 1713 772 1766 tinuato
825 1710 1023 1764 itinere
1079 1708 1281 1771 fessus,
1329 1707 1534 1761 clausis
1582 1707 1691 1774 jam
1746 1705 1899 1760 urbis
1945 1707 2134 1775 portis,

558 1805 761 1873 quippe
792 1810 953 1857 nocte
981 1801 1250 1857 concubia
1281 1798 1636 1869 pervenisset,
1665 1797 1880 1852 sublato
1902 1798 2142 1853 clamore

559 1895 818 1963 poscebat
847 1893 1053 1962 aperiri
1105 1891 1210 1947 sibi
1240 1891 1462 1960 januas.
1495 1879 1565 1943 'ltl
1608 1888 1787 1943 facere
1825 1891 2140 1946 verentibus

557 1983 901 2044 custodibus,
937 1981 1082 2052 quod
1113 1981 1168 2034 in
1208 1980 1406 2036 vicinia
1448 1979 1752 2032 Turcorum
1797 1987 1979 2033 castra
2029 1994 2137 2032 non

2247 790 2478 859 ταχόθεν
2515 793 2710 860 μαθεῖν
2745 811 2798 845 τι
2846 794 3026 857 πλέον,
3073 795 3166 846 καὶ
3222 795 3297 857 ὡς
3341 796 3617 865 βούλοιντο
3647 802 3696 855 οί
3733 804 3825 858 τὸν

2247 882 2480 951 ἀδελφὸν
2520 885 2892 966 κατασχόντες
2937 885 3237 939 ἀποδύσθαι
3285 888 3456 957 τιμῆς
3478 892 3704 960 χρυσίου
3744 913 3824 964 χι-

2246 973 2447 1028 λιάδων
2481 975 2692 1044 συχνῶν
2745 976 2994 1044 ἠκηκόει.
3052 977 3274 1029 Τούτων
3323 979 3533 1042 ἐκεῖνος
3583 984 3824 1049 ἀκούσας

2246 1067 2360 1118 τῶν
2389 1067 2565 1133 λόγων
2609 1067 2931 1138 ἀπήλλακτό
2959 1085 3016 1121 τε
3043 1068 3141 1137 τῆς
3173 1069 3372 1139 πολλῆς
3421 1072 3677 1142 ἀθυμίας,
3731 1079 3826 1129 καὶ

2247 1159 2383 1229 πρὸς
2430 1160 2528 1229 τὴν
2577 1159 2823 1228 βασιλίδα
2854 1160 2964 1212 τῶν
2997 1160 3206 1214 πόλεων
3243 1160 3504 1216 ἔσπευδεν
3551 1167 3639 1234 ἐφ’
3679 1161 3725 1236 ᾧ
3763 1169 3825 1222 τὸ

2245 1249 2470 1320 χρυσίον
2497 1249 2788 1304 ἀναλαϐεῖν
2815 1249 2898 1322 [Ρ.
2927 1250 3024 1323 46]
3042 1253 3136 1305 καὶ
3165 1253 3258 1306 τὸν
3275 1253 3502 1324 ἀδελφὸν
3525 1257 3818 1326 πρίασθαι.

2259 1339 2524 1412 Ἡμέραις
2581 1341 2676 1395 οὖν
2713 1341 2924 1410 ὀλίγαις
2955 1343 3114 1396 τοῦτο
3166 1346 3492 1414 συναγαγὼν
3545 1348 3715 1419 ἀπῄει
3748 1353 3825 1412 ὡς

2244 1432 2338 1485 ini.
2378 1434 2685 1503 Ἄγκυραν,
2723 1433 2818 1487 καὶ
2850 1433 3099 1487 σπεύδων
3150 1435 3362 1504 ταχέως
3391 1438 3722 1492 καταλαϐεῖν
3762 1441 3827 1493 τό

2241 1540 2303 1576 τε
2338 1523 2594 1576 πλεῖστον
2650 1525 2751 1595 τῆς
2784 1524 2979 1587 νυκτὸς
3029 1525 3126 1577 καὶ
3177 1526 3277 1594 τῆς
3333 1528 3550 1599 ἡμέρας
3597 1533 3659 1582 τὸ
3713 1534 3824 1584 πᾶν

2243 1615 2465 1685 ἦλαυνε.
2506 1616 2641 1686 Περὶ
2696 1617 2940 1687 ἑσπέραν
2968 1616 3024 1669 δὲ
3078 1617 3302 1685 βαθεῖαν
3338 1619 3551 1688 φθάσας
3603 1624 3683 1684 είς
3725 1623 3824 1692 τὴν

2250 1707 2537 1776 Ἀγκυραν
2570 1707 2667 1759 καὶ
2702 1707 2800 1770 τάς
2821 1709 2923 1776 τῆς
2950 1706 3159 1769 πόλεως
3183 1707 3358 1771 πύλας
3386 1708 3562 1778 εὑρὼν
3608 1711 3822 1763 κεκλει-

2243 1793 2452 1863 σμένας
2490 1795 2676 1863 ἐζήτει
2722 1795 2930 1859 ταύτας
2984 1796 3305 1866 ἀνοιχθῆναι
3359 1799 3428 1854 οί.
3471 1801 3532 1852 Οἱ
3587 1800 3631 1851 δ’
3670 1801 3825 1861 ἐντὸς

2243 1885 2339 1938 τοῦ
2377 1887 2570 1950 ἄστεος
2596 1887 2830 1951 δεδιότες
2855 1889 2928 1959 μή
2959 1905 3076 1950 πως
3099 1889 3191 1941 ὑπ’
3219 1889 3434 1960 ἐχθρῶν
3455 1889 3826 1962 ὲνεδρεύοιντο

2239 1976 2328 2031 διὰ
2362 1979 2422 2031 τὸ
2450 1978 2526 2050 μὴ
2549 1978 2690 2034 πάνυ
2721 1997 2774 2033 τι
2804 1981 2994 2050 πόρῤω
3015 1982 3142 2043 τοὺς
3171 1979 3448 2051 Τούρκους
3483 1981 3564 2034 ἔτι
3597 1999 3830 2053 στρατο-

557 2075 748 2145 procul
777 2074 929 2128 illinc
955 2072 1273 2128 habentium
1310 2070 1618 2142 periculose
1651 2069 1700 2124 id
1734 2069 1827 2122 tali
1858 2070 1991 2123 hora
2021 2069 2136 2124 fieri

2243 2069 2494 2123 πεδεύειν
2520 2070 2764 2142 ἀπῄτουν
2794 2071 2990 2135 οἵτινες
3043 2069 3153 2126 εἷεν
3183 2074 3381 2130 εἰπεῖν.
3443 2075 3555 2128 Καὶ
3596 2076 3646 2127 ol
3694 2078 3828 2148 περὶ

554 2168 856 2232 videretur,
887 2164 997 2237 65
1019 2180 1086 2220 ac
1117 2161 1563 2234 percontantibus
1609 2161 1871 2225 viciséim,
1913 2161 2136 2231 quinam

555 2259 776 2314 demum
809 2266 997 2312 essent
1030 2257 1123 2326 qui
1166 2255 1292 2309 talia
1325 2262 1609 2324 peterent,
1641 2253 2038 2322 proclamatum
2069 2251 2140 2306 ab

553 2351 730 2405 Alexii
788 2349 1051 2404 comitatu
1108 2355 1191 2403 est
1244 2346 1437 2401 adesse
1490 2345 1692 2415 ipsum,
1735 2359 1898 2414 quam
1949 2360 2136 2398 vocem

546 2440 1010 2510 jucundissimam
1047 2437 1410 2510 praesentibus
1443 2435 1623 2490 eﬂecit
1666 2451 1830 2490 casus
1875 2447 1986 2489 tum
2017 2435 2140 2505 qui-

554 2539 679 2592 dam
705 2537 867 2592 hodie
893 2551 1112 2606 quoque
1141 2549 1248 2590 non
1276 2534 1395 2589 sine
1419 2532 1695 2602 voluptate
1727 2532 2137 2587 memorandus.

551 2629 819 2685 Nimirum
860 2627 1080 2682 interim
1139 2626 1270 2681 dttm
1333 2623 1688 2681 confecturus
1737 2625 1970 2694 pretium
2026 2624 2139 2678 fra-

553 2735 721 2776 terna:
754 2719 1145 2790 redemptionis
1182 2725 1503 2772 excurrerat
1546 2717 1597 2769 in
1649 2717 1840 2770 urbem
1889 2715 2135 2781 Alexius,

536 2813 820 2869 .Isaacium
853 2811 1135 2880 captivum
1167 2823 1256 2862 res
1284 2823 1416 2863 suas
1442 2816 1780 2876 reputantem
1811 2821 1940 2860 cura
1972 2793 2139 2879 subiit

473 2950 477 2954 .
551 2904 833 2959 vitandum
866 2901 913 2958 si
948 2915 1058 2972 qua
1089 2909 1274 2971 posset
1311 2900 1414 2956 sibi
1448 2914 1592 2964 esse,
1636 2914 1702 2952 ne
1745 2908 2037 2968 antequam
2070 2897 2138 2953 de

551 2997 879 3052 liberatione
908 2991 1009 3050 sua
1042 3001 1388 3049 transactum
1423 3000 1571 3047 esset
1602 2989 1886 3062 quidpiam
1919 2990 2138 3062 longius

548 3103 581 3142 a
641 3087 903 3144 Romana:
962 3086 1190 3143 ditionis
1242 3085 1447 3140 ﬁnibus
1505 3082 1828 3138 recederent
1886 3083 2136 3151 barbari;

549 3188 684 3234 tunc
706 3179 852 3235 enim
878 3175 1155 3233 difﬁcilius
1187 3175 1471 3246 negotium
1504 3172 1644 3228 fore.
1675 3170 1856 3228 Missis
1888 3173 2052 3243 igitur
2081 3173 2134 3227 in

550 3273 762 3325 vicinas
792 3269 1046 3324 civitates
1085 3266 1318 3332 nuntiis,
1353 3279 1480 3319 cum
1527 3278 1648 3318 sese
1678 3271 1899 3332 captum
1944 3272 1998 3318 et
2043 3265 2136 3318 dc-

551 3371 800 3419 tentores
836 3358 1125 3431 pecuniam
1169 3371 1269 3428 pro
1308 3371 1411 3412 suo
1449 3355 1628 3425 capite
1667 3355 1869 3424 pacisci
1913 3368 2132 3425 paratos

522 3472 528 3504 :
552 3453 830 3509 docuisset
862 3449 1326 3521 postulassetque,
1353 3457 1413 3502 ut
1436 3456 1704 3518 quantum
1738 3451 1972 3517 quisque
1998 3447 2135 3500 ami-

552 3555 746 3594 eorum
788 3545 972 3606 posset
1011 3536 1264 3593 conferre
1309 3538 1554 3606 pecunia:
1603 3537 1669 3591 ad
1719 3538 1804 3592 sui
1857 3537 2135 3592 liberatio—

552 3648 678 3687 nem
707 3646 775 3686 ne
814 3640 1181 3702 gravarentur
1215 3628 1536 3699 priusquam
1574 3629 1790 3700 longius
1825 3644 1854 3682 a
1887 3628 2134 3683 Romano

558 3725 735 3778 limite
765 3720 1126 3777 abscederent
1150 3719 1400 3784 Barbari,
1441 3731 1628 3775 sancte
1655 3719 1914 3786 pollicens
1939 3729 2134 3775 cuncta

548 3817 686 3887 ipsis
715 3816 825 3871 cito
860 3831 984 3870 cum
1020 3828 1187 3868 usura
1227 3813 1558 3884 reponenda,
1601 3812 1668 3866 ad
1696 3827 1816 3866 eam
1849 3811 2130 3866 invitatio-

549 3923 674 3962 nem
715 3907 1084 3978 locupletibus
1122 3905 1310 3960 multis
1337 3905 1456 3959 auri
1488 3919 1741 3975 magnam
1777 3904 1886 3957 vim
1917 3906 2136 3958 mitten-

549 4000 720 4066 tibus,
743 3999 904 4069 pretii
927 3997 1071 4068 quod
1095 3999 1354 4067 petebant
1378 3995 1542 4050 Turci
1568 4004 1774 4065 partem
1803 3995 2131 4061 numeravit,

547 4104 650 4152 pro
684 4098 839 4158 parte
868 4088 1076 4156 reliqua
1111 4088 1256 4143 datis
1283 4087 1569 4142 obsidibus
1597 4085 1760 4151 cavit,
1785 4087 1975 4156 sicque
1997 4085 2135 4140 liber

550 4181 703 4235 abire
739 4180 1045 4250 permissus
1093 4179 1362 4249 Ancyram
1407 4180 1656 4234 eamdem
1690 4178 1866 4247 ipsam
1910 4175 2135 4231 Galata-

552 4288 677 4326 rum
734 4271 1081 4342 metropolim
1140 4271 1330 4326 eadem
1392 4271 1480 4324 illa
1535 4269 1882 4325 commodum
1939 4283 1998 4325 se
2047 4268 2135 4323 die

551 4363 824 4428 contulit,
883 4377 988 4430 qua
1047 4361 1302 4416 reducem
1353 4360 1829 4431 Constantinopoli
1881 4360 2131 4415 Alexium

553 4454 745 4509 eodem
781 4453 1098 4523 pervenisse
1126 4452 1239 4522 jam
1288 4452 1547 4506 diximus.
1581 4453 1848 4506 Cancrum
1895 4451 2134 4506 Isaacius

553 4549 712 4618 prius
749 4543 1120 4624 ingressusiin
1155 4544 1395 4613 quodam
1433 4543 1714 4598 domicilio
1749 4557 1915 4612 supra
1946 4552 2133 4611 portas

552 4644 659 4697 sito
691 4641 1119 4710 conquiescebat
1169 4640 1441 4695 obseratis
1487 4640 1693 4710 portis,
1743 4653 1976 4708 quarum
2019 4637 2134 4706 ipse

2243 2161 2335 2214 τὸν
2359 2161 2598 2227 Ἀλέξιον
2631 2162 2793 2225 εὐθὺς
2810 2163 2958 2226 ὅστις
2996 2163 3080 2234 εῐη
3111 2163 3480 2219 ἀνεδίδασκον.
3513 2165 3830 2220 Κάντεῦθεν

2246 2257 2458 2327 συνέϐη
2493 2275 2547 2311 τι
2580 2259 2776 2330 ἡδονὴν
2799 2258 3039 2328 παρέχον
3068 2261 3180 2322 τοῖς
3226 2261 3688 2331 φιλακροάμοσιν,
3723 2261 3830 2313 οὐκ

2242 2349 2484 2411 ἐκείνοις
2512 2352 2634 2402 τότε
2664 2352 2854 2420 μόνον,
2890 2351 3025 2404 ἀλλά
3059 2351 3154 2404 καὶ
3181 2352 3294 2404 νῦν.
3354 2353 3443 2404 Ἐν
3495 2353 3606 2422 ὅσῳ
3643 2352 3754 2422 γὰρ
3799 2354 3830 2404 ὁ

2241 2444 2528 2512 Κομνηνὸς
2552 2443 2720 2514 ἀπῄει
2758 2442 2994 2509 Ἀλέξιος
3014 2445 3113 2515 τὴν
3135 2445 3301 2514 τιμὴν
3317 2446 3460 2511 ἀξων
3479 2447 3552 2517 τῷ
3582 2449 3826 2519 ἀδελφῷ,

2240 2533 2429 2597 δείσας
2462 2537 2490 2587 ὁ
2544 2535 2832 2606 Κομνηνδς
2875 2537 3144 2598 Ἰσαάκιος
3191 2537 3266 2608 μὴ
3317 2521 3650 2610 πόρῤωίτῶν
3689 2541 3832 2594 Ῥω-

2246 2625 2458 2695 μαῖκῶν
2487 2626 2652 2696 ὁρίων
2687 2627 2980 2696 γενόμενος
3005 2627 3432 2700 δυσχερέστερον
3463 2631 3562 2700 τῆς
3615 2632 3831 2700 αἰχμα-

2241 2716 2444 2778 λωσίας
2494 2717 2863 2788 ἀπαλλαγείη,
2915 2718 3051 2788 πρὸς
3099 2719 3198 2782 τάς
3238 2719 3423 2790 κύκλῳ
3483 2720 3832 2792 διεπέμπετο

2240 2807 2427 2869 πόλεις
2463 2809 2563 2860 καὶ
2591 2808 2656 2861 τὰ
2682 2811 2804 2862 κατ’
2840 2809 3004 2862 αὑτὸν
3031 2809 3380 2865 ἀνεδίδασκεν
3411 2812 3486 2876 ὡς
3541 2814 3690 2885 ἁλῴη
3723 2815 3830 2869 καὶ

2241 2899 2315 2960 ὡς
2356 2897 2633 2967 βούλοιντο
2665 2898 2832 2970 τιμῆς
2871 2899 3036 2952 αὑτὸν
3073 2899 3386 2954 ἀποδιδόναι
3442 2903 3492 2954 οἱ
3530 2902 3829 2974 βάρϐαροι,

2237 2988 2389 3059 ἠξίου
2425 3005 2487 3043 τε
2509 2989 2608 3059 τῆς
2636 2990 2805 3060 τιμῆς
2844 2991 3096 3060 κομίζειν
3123 2992 3322 3047 ὁπόσον
3345 2993 3576 3058 ἕκαστος
3602 2994 3832 3050 δύναιτο

2239 3079 2348 3151 πρὸ
2385 3080 2481 3133 τοῦ
2521 3081 2714 3151 πόρρω
2780 3083 2906 3144 τοὺς
2965 3081 3279 3152 βαρϐάρους
3337 3084 3445 3138 τῶν
3494 3085 3834 3156 Ῥωμαϊκῶν

2238 3172 2404 3243 ὁρίων
2457 3172 2738 3241 γενέσθαι,
2794 3173 2889 3228 καὶ
2930 3175 3243 3243 ὑπισχνεῖτο
3306 3177 3486 3230 πάντα
3527 3179 3622 3232 σὺν
3672 3179 3836 3248 τόκῳ

2237 3263 2530 3317 ἀποδοῦναι
2561 3263 2712 3331 σφίσι
2743 3263 2810 3317 τὰ
2834 3263 3305 3334 κομισθησόμενα.
3340 3265 3531 3320 Πολλοὶ
3556 3265 3686 3335 γοῦν
3709 3269 3836 3320 τῶν

2240 3355 2492 3425 εὐπόρων
2543 3355 2768 3426 χρυσίον
2818 3357 3172 3426 πεπόμφασιν
3231 3357 3406 3426 αύτῷ,
3460 3359 3554 3411 καὶ
3601 3359 3662 3410 τὸ
3715 3360 3834 3429 μὲν

2239 3447 2466 3501 ἀπέδοτο
2497 3447 2591 3501 τοῦ
2623 3450 2958 3518 τιμήματος,
3018 3449 3112 3502 τοῦ
3144 3450 3335 3504 λοιποῦ
3381 3451 3438 3504 δὲ
3480 3450 3640 3521 χάριν
3674 3452 3830 3521 ὁμήο

2240 3557 2366 3610 ρους
2401 3539 2722 3594 καταλιπὼν
2753 3543 2864 3594 τῶν
2886 3541 3102 3612 δεσμῶν
3125 3543 3427 3596 ἀπολέλυτο
3458 3544 3548 3597 καὶ
3577 3543 3676 3614 τὴν
3705 3544 3837 3597 τῶν

2238 3632 2498 3686 Γαλατῶν
2523 3633 2864 3703 μητρόπολιν
2882 3634 3183 3689 κατέλαϐεν
3213 3636 3516 3705 Ἄγκυραν.
3541 3633 3837 3690 Ξυνέπεσε

2237 3719 2369 3788 γοῦν
2395 3720 2564 3789 ἀμφω
2589 3720 2668 3788 τὼ
2699 3720 2914 3790 ἀδελφὼ
2958 3724 3039 3785 εις
3073 3723 3207 3792 μίαν
3257 3725 3473 3794 ἡμέραν
3531 3724 3630 3794 τὴν
3663 3724 3837 3780 πόλιν

2238 3813 2593 3866 καταλαϐεῖν.
2631 3812 2774 3866 Ἀλλ’
2804 3814 3011 3877 ἐκεῖνος
3044 3814 3144 3884 μὲν
3183 3817 3508 3886 προφθάσας
3548 3817 3641 3869 ὲπί
3671 3833 3837 3879 τινος

2237 3903 2542 3973 οἰκήματος
2582 3903 2690 3957 τῶν
2717 3904 2902 3958 πυλῶν
2937 3904 3092 3968 ὄντος
3123 3907 3330 3960 ἀνωθεν
3359 3907 3686 3973 ἀνεπαύετο,
3717 3923 3837 3973 τας

2237 3995 2416 4058 πύλας
2447 3995 2672 4059 κλείσας
2704 3995 2919 4060 καὶτὰς
2961 3996 3112 4061 κλεῖς
3153 3998 3399 4068 κατέχων
3423 4000 3606 4062 αὐτός.
3656 3999 3751 4062 Ὣς
3783 4001 3839 4053 δ’

2235 4087 2469 4159 ἠκηκόει
2505 4086 2601 4140 τοῦ
2655 4089 2888 4158 ἀδελφοῦ
2939 4090 3252 4158 φωνοῦντος
3311 4091 3534 4157 ἔξωθεν,
3582 4092 3840 4162 ἀνήλατό

2235 4195 2295 4230 τε
2338 4178 2440 4248 τῆς
2476 4177 2662 4248 κλίνης
2696 4177 2792 4230 καὶ
2821 4177 2921 4241 τὰς
2959 4179 3104 4241 κλεῖς
3129 4178 3312 4232 λαϐὼν
3348 4180 3441 4231 ἐπὶ
3495 4178 3597 4242 τὰς
3641 4177 3842 4242 πύλας

2235 4268 2406 4322 ἔθεεν.
2434 4268 2678 4332 Ἀνοίξας
2708 4267 2802 4321 οὗν
2822 4271 3014 4339 εἰσῆγε
3040 4269 3254 4333 πάντας
3285 4270 3434 4322 ἔνδον
3453 4270 3552 4340 τῆς
3586 4271 3837 4334 πόλεως.

2248 4360 2307 4414 Ὀ
2337 4360 2395 4412 δὲ
2417 4360 2875 4431 θαυμασιώτατος
2923 4362 3160 4426 Ἀλέξιος
3192 4363 3356 4417 αὑτὸν
3391 4363 3841 4432 ἀπροσδοκήτως

2237 4452 2574 4522 θεασάμενος
2605 4451 2780 4523 (οῠπω
2810 4453 2918 4522 γὰρ
2966 4456 3216 4509 πέπυστο
3273 4457 3404 4525 περὶ
3435 4455 3622 4524 αὑτοῦ)
3660 4472 3838 4510 κατε-

2237 4541 2447 4614 πήδησέ
2471 4559 2532 4595 τε
2566 4542 2660 4595 τοῦ
2697 4544 2866 4596 ἵππου
2895 4546 2988 4597 καὶ
3017 4546 3384 4614 περιπλακεὶς
3408 4546 3836 4616 κατησπὲιζετυ.

2236 4635 2516 4704 Θυμηδίας
2552 4630 2645 4688 οὖν
2684 4636 2768 4688 ὅτι
2789 4635 3054 4704 πλείστης
3089 4639 3428 4706 πλησθέντες
3475 4639 3711 4710 ἀνῄεσαν
3741 4639 3842 4699 ὡς

541 4735 735 4808 claves
766 4734 1105 4788 asservabat.
1145 4731 1214 4787 Ut
1244 4742 1426 4804 autem
1465 4746 1652 4787 vocem
1686 4731 1870 4785 fratris
1893 4731 2128 4784 exterius

2241 4729 2329 4781 ἐπὶ
2356 4727 2416 4780 τὸ
2447 4727 2740 4797 δωμάτιον.
2776 4729 2888 4782 Καὶ
2917 4732 2944 4782 ὁ
2977 4731 3075 4800 μὲν
3123 4730 3359 4783 ἐδείπνει
3416 4731 3598 4794 ἄσιτος
3647 4731 3724 4782 ῶν
3766 4734 3846 4786 τὸ

533 4825 841 4879 (latitantis
898 4824 1144 4889 audivit,
1205 4825 1406 4878 exsiliit
1459 4838 1489 4876 e
1541 4831 1712 4875 strato
1774 4822 2129 4891 clavibusque

549 4918 785 4986 sumptis
837 4918 903 4970 ad
957 4926 1141 4986 portas
1186 4915 1422 4971 accurrit
1468 4914 1780 4983 apertisque
1830 4914 1898 4967 iis
1937 4928 2130 4968 onmes

552 5009 861 5062 introduxit
891 5009 944 5060 in
982 5009 1279 5062 civitatem.
1307 5009 1371 5060 At
1391 5007 1684 5074 praeclarus
1703 5005 1924 5058 Alexius
1951 5007 2129 5074 ipsum

2240 4822 2528 4891 παράπαν,
2553 4823 2580 4873 ὁ
2605 4820 2660 4872 δὲ
2689 4821 2724 4874 ἀ
2746 4821 2908 4875 πάθοι
2932 4823 3072 4876 κατὰ
3095 4824 3194 4892 τὴν
3227 4823 3608 4892 αἰχμαλωσίαν
3639 4825 3756 4893 ἀπή
3769 4843 3845 4889 γ-

2239 4914 2408 4980 γειλε.
2434 4913 2546 4966 Καὶ
2579 4909 2646 4982 ἦν
2687 4913 2715 4966 ὁ
2759 4913 2974 4978 δεῖπνος
3025 4916 3257 4978 ἐκείνοις
3297 4918 3435 4984 μετὰ
3469 4916 3664 4983 ἡδονῆς
3724 4921 3848 4972 καὶ

2238 5003 2512 5076 δακρύων.

549 5099 997 5168 inopinatissime
1029 5114 1260 5154 cernens
1303 5098 1457 5168 (nihil
1491 5099 1638 5168 enim
1711 5097 1892 5152 adhuc
1929 5096 1996 5150 de
2060 5096 2207 5150 illius
2245 5096 2570 5151 liberatione
2619 5096 2888 5166 audierat)
2941 5095 3162 5151 desiluit
3206 5095 3318 5166 66
3361 5110 3428 5148 ex
3485 5109 3627 5162 equo
3665 5108 3851 5148 cum-

548 5198 819 5268 plenique
856 5208 1020 5264 atque
1068 5194 1256 5249 osmlo
1305 5193 1561 5248 salutavit
1634 5192 1857 5247 fratrem
1881 5231 1900 5261 ,
1951 5192 2171 5262 quando
2245 5191 2551 5247 incredibili
2587 5200 2818 5261 uterque
2856 5191 3064 5262 perfusi
3096 5186 3294 5260 gaudio
3326 5190 3382 5244 in
3411 5189 3486 5254 id,
3532 5189 3674 5257 quod
3709 5188 3851 5244 dixi

550 5293 899 5350 ccenaculum
922 5291 1325 5356 ascenderunt,
1365 5291 1455 5343 ubi
1517 5299 1771 5344 comante
1818 5289 2032 5353 Alexio,
2074 5289 2168 5358 qui
2209 5288 2346 5343 nihil
2382 5287 2564 5343 adhuc
2593 5302 2659 5342 eo
2689 5287 2776 5342 die
2799 5295 3135 5359 gustaverat,
3171 5285 3412 5339 Isaacius
3476 5298 3597 5352 quae
3623 5295 3856 5350 passus

555 5402 700 5446 esset
732 5391 783 5443 in
825 5389 1142 5458 captivitate
1172 5387 1450 5440 narrabat.
1486 5387 1673 5456 Itaque
1719 5403 1825 5440 non
1860 5387 1980 5441 sine
2029 5385 2285 5441 dulcibus
2313 5386 2576 5455 utrinque
2607 5387 2864 5458 lacrymis
2900 5392 3175 5439 transacta
3214 5397 3369 5437 coma
3405 5391 3509 5434 est.

625 5490 680 5543 9.
714 5485 856 5541 Hinc
880 5483 1072 5537 triduo
1121 5480 1380 5536 curandis
1415 5480 1695 5534 hominum
1731 5479 2136 5547 jumentorum-

2312 5477 2378 5532 θ’.
2412 5479 2604 5546 Τρισὶν
2633 5475 2727 5532 οὖν
2761 5478 3002 5549 ἡμέραις
3032 5473 3448 5535 ἀναπαύσαντες
3501 5474 3724 5536 ἑαυτούς
3768 5493 3854 5529 τε

554 5597 661 5652 que
691 5576 1023 5648 corporibus
1052 5576 1202 5638 dato,
1237 5574 1326 5627 ubi
1355 5573 1580 5626 audiere
1606 5573 1897 5626 recessisse
1927 5569 2136 5627 Turcos

2241 5572 2329 5622 iui.
2354 5572 2422 5623 τά
2459 5571 2752 5640 ὑποζύγια,
2801 5571 2924 5624 ἐπεὶ
2964 5569 3096 5638 περὶ
3127 5567 3234 5620 τῶν
3268 5566 3529 5637 Τούρκων
3557 5567 3861 5624 ἐπύθοντο

545 5669 746 5743 procul
780 5684 807 5720 a
838 5665 1102 5721 Romanis
1134 5665 1358 5726 finibus,
1402 5671 1589 5732 coepto
1625 5663 1724 5731 ipsi
1748 5661 2127 5717 Constantino-

2241 5662 2309 5724 ὡς
2338 5664 2530 5734 πόρρω
2559 5665 2806 5731 γένοιντο
2851 5663 2960 5714 τῶν
2987 5659 3074 5732 [Ρ.
3107 5658 3203 5727 47]
3273 5656 3602 5726 Ῥωμαϊκῶν
3634 5657 3858 5728 ὁρίων,

551 5761 721 5832 polim
750 5772 942 5814 versus
965 5757 1161 5811 itinere
1185 5772 1309 5812 cum
1340 5763 1460 5825 post
1490 5755 1777 5824 trajectum
1810 5755 2136 5825 Sangarium

2241 5755 2472 5825 ἄραντες
2508 5756 2720 5808 ἐκεῖθεν
2758 5753 2852 5806 ἐπὶ
2895 5755 2994 5823 τὴν
3031 5749 3280 5822 βασιλίδα
3311 5749 3420 5802 τῶν
3453 5750 3662 5803 πόλεων
3687 5750 3862 5805 ἐπο-

552 5849 926 5909 Nicomediam
978 5856 1272 5921 peterent,
1345 5863 1472 5907 ecce
1523 5849 1978 5917 praetereuntibus
2033 5849 2136 5904 illis

2241 5849 2487 5920 ρεύοντο.
2528 5846 2939 5918 Περαιωθέντες
2980 5847 3036 5899 δὲ
3071 5844 3161 5899 τὸν
3191 5843 3498 5912 Σαγγάριον
3525 5845 3622 5912 τὴν
3651 5842 3866 5897 Νικο-
