4154 6470
314 504 409 566 1οθ

1526 499 2077 560 IIISTORIARUM
2118 497 2245 558 LIB
2308 498 2391 558 ΙΙ.

3480 499 3579 562 illi

319 600 515 696 μήδούς
550 621 897 676 καταλαϐεῖν
922 622 1232 692 ἠπείγοντο.
1267 620 1473 675 Διιοῦσι
1509 620 1567 675 δὲ
1618 620 1826 683 τούτοις
1848 619 1907 672 τὸ

2034 617 2272 687 ippidum
2334 632 2441 671 non
2491 632 2748 689 magnum
2804 620 3001 674 Decten
3048 631 3299 675 vocatum
3341 625 3585 677 occurrit

317 716 513 787 χωρίον
544 715 574 767 ὅ
613 715 801 786 Δέκτη
856 715 1127 780 καλεῖται,
1185 714 1294 767 τῶν
1328 712 1579 783 συνήθων
1608 729 1694 773 τις
1735 712 1903 778 ὐπην⁸

316 806 471 868 τίαζε
500 805 595 857 καὶ
621 804 935 873 παρεκάλει
970 804 1121 873 παρά
1153 806 1219 873 τῇ
1251 803 1403 874 οἰκίᾳ
1427 802 1619 857 τούτου
1648 800 1905 869 γενέσθαι

316 898 414 950 καὶ
452 893 685 956 ἑαυτοὺς
728 892 906 963 βραχύ
948 910 999 945 τι
1051 892 1447 947 διαναπαῦσαι.
1506 891 1766 956 Εἵξαντες
1810 889 1905 943 οὖν

316 988 439 1050 ταῖς
472 986 568 1039 τοῦ
615 984 813 1054 ἀνδρὸς
873 983 1285 1055 παρακλήσεων
1338 982 1610 1053 ἀπῄεσαν,
1648 983 1742 1036 καὶ
1797 980 1907 1035 τῶν

320 1080 507 1133 ῑππων
532 1077 841 1137 ἀποϐάντες
866 1076 1103 1146 ἀνῄεσαν
1132 1078 1226 1129 ἐπὶ
1276 1076 1337 1130 τὸ
1364 1076 1659 1145 δωμάτιον.
1718 1073 1831 1127 Καὶ
1855 1076 1908 1126 οἱ

325 1172 429 1240 μὲν
462 1168 825 1233 ἀνεπαύοντο,
854 1170 884 1220 ό
933 1167 979 1221 δ’
1010 1168 1285 1238 ἑστιάτωρ
1319 1169 1380 1220 τὸ
1431 1168 1650 1221 δεῖπνον
1708 1165 1908 1237 ηὐτρέ-

322 1262 455 1325 πιζε
490 1262 634 1330 μάλα
670 1260 946 1329 ἀσμένως,
971 1260 1055 1311 ὅτι
1077 1259 1353 1322 τοιούτους
1393 1259 1693 1325 ὑπεδέξατο
1724 1257 1909 1311 δαιτυ-

325 1354 521 1421 μόνας.
553 1354 644 1405 Ἐν
684 1352 793 1420 ὅσῳ
822 1350 881 1403 δὲ
928 1350 1103 1404 ταῦτα
1144 1353 1464 1422 ἐπράττετο,
1510 1350 1706 1420 ξυνέϐη
1742 1349 1914 1420 Τούρ-

324 1461 461 1506 κους
497 1444 625 1513 περί
651 1459 753 1495 που
794 1441 1105 1505 διακοσίους
1133 1445 1380 1495 κατιέναι
1416 1444 1510 1497 ἐπὶ
1561 1444 1830 1512 προνομῇ,
1861 1441 1912 1495 οἳ

326 1535 423 1586 καὶ
449 1530 703 1584 διώδευον
731 1532 828 1600 τὴν
852 1531 971 1583 ὁδὸν
998 1533 1093 1584 ἐπὶ
1125 1534 1193 1585 τὰ
1226 1534 1414 1602 πρόσω
1463 1533 1787 1596 σπεύδοντες
1816 1532 1914 1585 καὶ

328 1623 543 1691 μηδένα
576 1624 734 1690 λόγον
765 1622 875 1675 τῶν
912 1623 1055 1676 κατὰ
1093 1624 1331 1694 πάροδον
1382 1623 1672 1694 Ῥωμαίων
1724 1623 1914 1679 ποιού-

327 1732 512 1783 μενοι.
546 1714 830 1784 Ἀγρώτης
856 1714 915 1767 δέ
938 1733 1022 1780 τις
1046 1717 1321 1787 ἀροτριῶν
1352 1718 1554 1780 αὐτοὺς
1581 1717 1916 1785 θεασάμενος

327 1808 427 1858 καὶ
462 1806 671 1876 οἰηθεὶς
717 1807 812 1860 τοῦ
866 1808 1073 1878 μέρους
1122 1803 1265 1861 εἶναι
1316 1808 1425 1861 τῶν
1474 1808 1917 1878 προκληθέντων,

326 1895 535 1963 ἐφώνει
568 1896 664 1948 καὶ
695 1897 893 1958 αὐτοὺς
924 1897 1109 1950 ἐκάλει
1141 1897 1347 1951 καὶτὸν
1385 1899 1561 1966 μέγαν
1591 1898 1916 1967 δομέστικον

2008 712 2090 764 vir
2140 710 2268 764 olim
2321 720 2485 765 notus
2524 725 2623 779 pro
2665 710 3038 767 familiaritate
3082 729 3312 786 rogans,
3359 716 3582 770 domum

2007 810 2069 856 ut
2092 800 2160 856 ad
2200 817 2353 856 suam
2382 802 2437 856 in
2466 803 2720 871 proximo
2760 804 2922 858 sitam
2953 805 3285 860 diverterent
3314 807 3585 862 modicum

2008 892 2120 947 illic
2150 892 2415 962 quieturi.
2462 890 2604 948 Victi
2653 894 2911 963 precibus
2960 896 3291 965 omissisque
3335 897 3492 968 equis
3531 898 3585 953 in

2012 983 2268 1039 cubiculo
2317 983 2592 1054 superiori
2644 985 3029 1053 quiescebant,
3084 986 3303 1056 hospite
3369 988 3586 1043 interim

2010 1084 2280 1145 occupato
2331 1076 2385 1129 in
2445 1074 2691 1145 parando
2742 1076 2974 1146 prandio
3028 1076 3438 1149 plurimumque
3484 1081 3590 1135 sibi

2012 1167 2337 1237 gratulante,
2374 1167 2531 1242 quod
2584 1168 2721 1223 tales
2761 1167 2907 1237 apud
2939 1182 2999 1223 se
3030 1169 3588 1227 convivascerneret.

2014 1258 2220 1313 Verum
2253 1259 2458 1314 interea
2489 1258 2630 1314 forte
2664 1260 2894 1330 contigit
2918 1260 3190 1318 ducentos
3218 1262 3427 1319 Turcos
3452 1278 3592 1332 prm-

2014 1349 2177 1403 dandi
2212 1362 2379 1404 causa
2432 1358 2693 1419 vagantes
2736 1351 2863 1406 illac
2915 1351 3268 1418 descendere,
3320 1353 3416 1422 qui
3468 1369 3593 1410 cum

2016 1441 2239 1496 innoxie
2284 1442 2586 1496 transirent
2630 1442 2971 1512 ulteriusque
3021 1445 3249 1498 omnino
3280 1446 3498 1502 animos
3532 1461 3599 1501 ac

2017 1545 2143 1601 spes
2195 1531 2557 1596 intenderent,
2607 1533 2847 1588 rusticus
2880 1548 2976 1588 eos
3021 1544 3208 1589 arator
3243 1537 3597 1605 conspicatus

2019 1637 2085 1677 ac
2129 1622 2233 1677 sibi
2268 1625 2604 1692 persuadens
2636 1638 2758 1679 esse
2803 1625 2925 1681 illos
2962 1641 2993 1680 e
3041 1627 3304 1681 comitatu
3368 1628 3601 1684 Comne-

2020 1730 2236 1780 norum,
2294 1730 2431 1783 quos
2492 1716 2655 1769 modo
2706 1726 3058 1774 transeuntes
3115 1720 3347 1783 viderat,
3400 1736 3598 1791 magna

2019 1804 2357 1874 compellatis
2384 1819 2516 1859 voce
2540 1805 2680 1859 dixit
2706 1821 2828 1861 sese
2857 1807 2925 1862 iis
2952 1816 3311 1863 ostensurum
3343 1810 3431 1864 ubi
3454 1820 3611 1866 esset

2024 1912 2251 1967 magnus
2290 1897 2647 1952 domesticus.
2679 1896 2760 1952 Illi
2796 1899 2861 1953 ad
2898 1899 3175 1954 hominem
3208 1909 3471 1955 coeuntes
3507 1902 3599 1956 ubi

329 1986 698 2038 ἐπιδεικνύειν
723 1986 1116 2056 ἐπηγγέλλετο.
1149 1988 1214 2039 Οἱ
1248 1987 1305 2040 δὲ
1337 1987 1474 2056 πρὸς
1525 1988 1687 2041 αὐτὸν
1717 1990 1912 2056 ἀφικό-

2034 2004 2081 2043 ex
2107 1989 2226 2056 ipso
2251 1998 2625 2058 cognoverunt
2648 2001 2939 2060 exceptum
2960 1990 3322 2047 domesticum
3356 1992 3603 2063 hospitio

332 2093 493 2145 μενοι
524 2077 824 2148 ἐπειδήπερ
856 2077 1163 2147 ἐμάνθανον
1203 2077 1298 2142 ξὺν
1345 2077 1548 2146 ὀλίγοις
1574 2078 1767 2132 τοῦτον
1797 2080 1919 2133 ἐπι-

335 2168 676 2235 ξενίζεσθαι,
707 2169 1065 2233 ἐξελάσαντες
1094 2170 1194 2239 τὴν
1221 2170 1400 2223 οὶκίαν
1428 2186 1490 2222 τε
1522 2170 1787 2223 ἐκύκλουν
1818 2172 1916 2225 καὶ

332 2263 436 2323 τὰς
460 2261 731 2326 διεξόδους
770 2262 1024 2331 ἐτήρουν.
1062 2262 1289 2332 Πορθεῖν
1321 2260 1380 2314 δὲ
1404 2260 1610 2331 ταύτην
1654 2261 1755 2314 οὐκ
1785 2263 1919 2315 ἐπε-

332 2354 563 2423 χείρουν
609 2354 841 2417 δεδιότες
891 2354 1021 2417 τοὺς
1058 2354 1282 2407 ἔσωθεν.
1341 2353 1432 2415 Ὣς
1466 2352 1511 2404 δ’
1549 2352 1799 2420 ἐγνώσθη
1852 2353 1922 2409 τά

335 2446 630 2515 συμϐάντα
659 2448 770 2509 τοῖς
797 2446 1029 2511 ἔσωθεν,
1061 2448 1110 2500 οἱ
1142 2447 1243 2516 μὲν
1260 2445 1468 2498 τούτων
1487 2439 1628 2514 ἦσαν
1649 2447 1707 2499 ἐν
1736 2445 1922 2509 ὅπλοις

334 2536 505 2601 εὐθὺς
560 2538 675 2591 ὅσοι
739 2539 1108 2605 γενναιότατοι
1167 2537 1262 2590 καὶ
1315 2535 1712 2602 ἀλκιμώτατοι,
1769 2538 1819 2589 οἱ
1863 2537 1923 2590 δὲ

338 2630 482 2698 πρὸς
522 2628 768 2699 δρασμὸν
801 2630 1047 2699 ἐχώρουν
1084 2628 1182 2682 ἆτε
1213 2627 1417 2696 πλῆθος
1435 2626 1589 2691 ὅντες
1615 2627 1924 2700 σύμμικτον

340 2718 443 2770 καὶ
471 2717 695 2786 θητικὸν
730 2719 791 2771 τὸ
819 2719 1027 2784 πλεῖον,
1058 2720 1173 2781 τοῖς
1210 2718 1267 2771 δὲ
1302 2717 1479 2771 ἐδόκει
1507 2717 1738 2787 βέλτιον,
1761 2720 1809 2773 οἳ
1832 2720 1924 2775 καὶ

342 2807 571 2878 μεγέθει
605 2811 875 2878 σωμάτων
911 2808 1023 2862 τῶν
1042 2808 1221 2862 ἄλλων
1250 2808 1504 2879 διέφερον
1538 2808 1636 2861 καὶ
1670 2809 1925 2879 μεγάλως

340 2899 549 2969 ηὔχουν
582 2900 675 2953 ἐπὶ
698 2900 955 2970 στρατὸν,
994 2898 1262 2970 μηδαμῶς
1292 2902 1375 2964 είς
1406 2903 1600 2970 χεῖρας
1646 2901 1783 2956 ἱέναι
1811 2903 1926 2965 τοῖς

344 2989 659 3058 πολεμίοις,
691 2991 830 3045 ἀλλά
861 2993 928 3045 τὰ
952 2991 1091 3044 ὅπλα
1110 2991 1374 3061 ῥίψαντας
1401 2991 1773 3061 αὐτομολῆσαι
1798 2992 1926 3056 τούς

343 3081 683 3151 βαρϐάρους,
710 3084 873 3151 ὅρκια
892 3083 1159 3147 λαθόντας
1204 3083 1418 3136 ἐκεῖθεν
1445 3082 1585 3137 ὥστε
1612 3085 1690 3153 μὴ
1722 3084 1923 3140 θανεῖν.

342 3173 522 3243 Θροῦς
557 3169 649 3227 οὖν
684 3176 778 3228 ἐπὶ
811 3176 889 3246 τῷ
915 3176 1058 3247 λόγῳ
1117 3175 1259 3248 ἤρθη
1280 3176 1468 3242 πολὺς,
1501 3177 1608 3231 τῶν
1639 3177 1740 3246 μὲν
1766 3178 1927 3230 ἐπαισ-

2019 2097 2142 2136 cum
2174 2082 2362 2150 paucis
2394 2083 2448 2135 in
2481 2082 2704 2136 domum
2736 2083 2871 2152 ipsis
2902 2094 3205 2151 (mensam,
3250 2100 3369 2139 eam
3415 2086 3601 2141 statim

2021 2175 2360 2229 obsederunt
2408 2175 2651 2245 undique
2689 2190 2990 2245 omnesque
3036 2178 3220 2232 exitus
3259 2179 3368 2249 67
3410 2179 3606 2249 praesi-

2023 2266 2130 2321 diis
2185 2268 2547 2321 munierunt:
2584 2267 2635 2320 vi
2695 2275 2885 2336 aperta
2938 2267 3259 2324 abstinuere
3314 2270 3603 2339 tantisper,

2022 2359 2166 2429 quod
2194 2374 2351 2414 acres
2379 2359 2733 2414 obsessorum
2761 2358 2997 2427 impetus
3027 2359 3072 2413 si
3107 2360 3284 2429 palam
3326 2376 3610 2431 oppugna—

2027 2459 2214 2504 rentur
2266 2459 2563 2519 erupturos
2600 2458 2928 2505 metuerent.
2980 2448 3054 2504 Ut
3102 2466 3232 2506 vero
3273 2453 3607 2507 intellectum

2025 2541 2334 2611 periculum
2383 2543 2533 2606 intus
2561 2551 2646 2597 est
2678 2551 2902 2611 repente
2935 2543 3138 2613 quibus
3168 2543 3340 2598 animi
3376 2553 3431 2597 ct
3463 2545 3614 2599 vires

2026 2633 2092 2686 ad
2149 2648 2303 2687 arma
2359 2644 2718 2687 concurrunt.
2788 2632 3061 2704 Pleraque
3122 2642 3310 2690 autem
3378 2635 3613 2690 imbellis

2027 2724 2191 2778 mista
2233 2739 2265 2778 e
2297 2725 2656 2779 mercenariis
2681 2725 2845 2779 turba
2874 2724 3362 2794 circumspiciebat
3402 2724 3610 2795 fugam.

2026 2814 2368 2881 Quibusdam
2411 2814 2576 2869 etiam
2627 2814 2835 2884 alioqui
2887 2814 3310 2885 praevalentibus
3359 2823 3414 2869 et
3458 2823 3614 2869 vasto

2033 2920 2263 2976 corpore
2300 2906 2472 2960 multa
2517 2921 2639 2961 sese
2670 2909 2725 2961 in
2774 2907 3024 2963 exercitu
3056 2906 3399 2962 fortitudinis
3425 2914 3614 2962 osten-

2032 3001 2240 3054 tatione
2260 3000 2472 3069 jactare
2503 3000 2678 3054 solitis
2723 3000 3141 3071 ignavissimum
3171 3001 3470 3056 consilium
3499 3001 3618 3069 pla-

2028 3092 2207 3153 cebat,
2238 3106 2585 3161 nequaquam
2624 3092 2898 3149 aientibus
2939 3097 3257 3147 tcntandam
3305 3092 3411 3147 sibi
3439 3092 3617 3150 videri

2028 3197 2225 3254 pugnae
2266 3197 2391 3237 cum
2434 3181 2631 3237 Turcis
2665 3183 2864 3249 aleam,
2912 3184 3005 3238 sed
3044 3183 3272 3253 abjectis
3312 3183 3485 3237 armis
3527 3182 3620 3237 de-

344 3265 589 3319 νούντων
616 3267 679 3318 τὸ
704 3266 883 3337 δόγμα
907 3268 1017 3321 τῶν
1047 3267 1091 3320 δ’
1131 3267 1447 3338 ἀμφιϐόλως
1475 3270 1727 3337 ἐχόντων.
1774 3268 1832 3322 Ὀ
1868 3268 1927 3321 δὲ

2035 3272 2300 3327 ditionem
2368 3271 2675 3327 faciendam
2732 3272 2840 3327 tide
2889 3272 3290 3328 incolumitatis
3344 3272 3498 3341 prius
3548 3270 3617 3323 ab

343 3358 601 3422 γενναῖος
640 3356 880 3422 Ἀλέξιπ
908 3360 1286 3429 κατασιγάσας
1315 3359 1408 3413 τὸν
1451 3359 1681 3428 θόρυϐον
1708 3360 1930 3415 τοιῶνδε

346 3448 489 3518 πρὸς
516 3450 719 3513 αὐτοὺς
749 3452 949 3521 ἤρχετο
978 3451 1154 3519 λόγων
1173 3470 1188 3483 ·

2037 3363 2415 3418 obsidentibus
2459 3372 2705 3432 accepta.
2755 3362 2833 3417 Ad
2863 3378 2983 3418 eam
3014 3378 3204 3419 vocem
3256 3376 3504 3417 murmur
3533 3376 3622 3413 or-

2042 3463 2158 3510 tum
2182 3463 2266 3510 est
2280 3455 2493 3509 varium
2526 3455 2889 3524 quorumdam
2925 3455 3265 3510 laudantium
3290 3453 3620 3510 sententiam

346 3543 593 3597 aliorum
625 3544 763 3598 inter
795 3556 1094 3614 utrumque
1162 3544 1557 3599 dubitantium.
1587 3544 1655 3599 At
1714 3560 2013 3615 generosus
2050 3547 2275 3603 Alexius
2326 3548 2561 3602 tumultu
2611 3549 2677 3603 ad
2724 3548 2887 3604 breve
2924 3549 3202 3603 silentium
3241 3545 3430 3601 sedato
3479 3544 3623 3598 banc

347 3650 372 3691 ε
385 3638 660 3691 rationem
701 3651 930 3692 exorsus
965 3645 1050 3691 est
1070 3653 1085 3689 :

430 3750 449 3783 ι
481 3731 538 3785 l'.
572 3730 725 3801 Ἐμοὶ
757 3731 879 3800 μὲν,
903 3724 1181 3800 ῶᾶνδρες,
1217 3731 1277 3784 τὺ
1308 3732 1433 3802 μηδ’
1466 3733 1605 3797 ὅλως
1630 3731 1932 3801 ἀποπειρᾶ-

357 3824 491 3877 σθαι
518 3822 630 3875 τῶν
661 3821 951 3893 πολεμίων,
990 3821 1127 3875 ἀλλά
1176 3825 1317 3890 σφᾶς
1361 3823 1556 3887 αὐτοὺς
1583 3825 1662 3887 είς
1691 3823 1937 3876 δουλείαν

352 3913 654 3984 προδοῦναι
702 3912 799 3964 καὶ
831 3913 1110 3981 προῦπτον
1159 3912 1406 3966 κίνδυνον
1463 3914 1601 3982 πρὸς
1629 3914 1691 3966 τὸ
1737 3913 1940 3975 δειλίας

352 4006 613 4075 ἔγκλημα
638 4004 823 4075 φέρειν
864 4003 960 4057 καὶ
992 4005 1179 4074 πάσης
1200 4004 1452 4074 εὐηθείας
1474 4005 1621 4057 δοκεῖ
1645 4000 1785 4058 εἶναι
1841 4021 1938 4073 με-

354 4097 505 4149 στόν.
526 4092 696 4164 Οἶμαι
716 4094 825 4165 γάρ
867 4095 943 4164 μὴ
972 4094 1137 4162 ὅτιγε
1185 4094 1491 4162 Ῥωμαίους
1526 4094 1725 4163 ἄνδρας
1744 4094 1853 4147 τῶν
1878 4088 1937 4146 εὖ

354 4188 667 4256 γεγονότων
698 4186 858 4239 τοῦτο
883 4184 1079 4256 δρᾶσαί
1111 4202 1265 4251 ποτε,
1288 4185 1403 4238 ἀλλ’
1420 4187 1540 4239 οὐδὲ
1568 4187 1830 4253 γυναῖκας
1848 4185 1939 4237 εὐ-

353 4280 536 4347 γενεῖς
572 4294 633 4329 τε
670 4278 764 4329 καὶ
804 4276 1111 4347 σώφρονας.
1131 4276 1275 4348 Πρὸς
1309 4276 1417 4344 γὰρ
1444 4278 1504 4330 τὸ
1555 4277 1704 4331 δεινὰ
1748 4276 1943 4329 παθεῖν

353 4371 453 4423 καὶ
483 4368 578 4420 τὸν
615 4366 763 4421 ἔλεον
808 4367 919 4420 τῶν
950 4366 1254 4437 ἀνθρώπων
1302 4368 1395 4436 ἀφ’
1426 4366 1584 4437 ἡμῶν
1628 4366 1946 4421 ἀποκλείσο-

361 4480 467 4530 μεν
496 4461 595 4512 καί
624 4460 735 4512 τῶν
757 4460 838 4523 εἰς
862 4459 924 4511 τὸ
953 4459 1149 4526 μέλλον
1191 4460 1483 4530 ἐγκωμίων
1514 4457 1944 4527 ἀποτευξόμεθα,

357 4555 393 4608 ε
422 4555 540 4615 τοῖς
571 4551 838 4619 γενναίως
869 4551 1307 4621 ἀγωνισαμένοις
1333 4551 1429 4605 καὶ
1458 4550 1623 4616 ἀξίως
1656 4549 1755 4617 τῆς
1798 4547 1947 4617 σφῶν

2111 3729 2202 3783 10.
2246 3746 2263 3779 ι
2302 3727 2431 3781 Mihi
2463 3726 2704 3797 quidem,
2732 3740 2765 3779 ο
2799 3724 2919 3787 viri,
2955 3740 3057 3781 nos
3089 3726 3210 3782 visu
3242 3727 3360 3781 solo
3387 3727 3626 3783 debella-

2042 3828 2127 3875 tos
2156 3820 2394 3875 hostium
2427 3834 2525 3873 nec
2552 3820 2660 3871 vim
2696 3826 2950 3886 expertos
2978 3817 3145 3870 ullam
3177 3817 3325 3871 ultro
3349 3819 3403 3873 iu
3430 3821 3623 3876 volun-

2039 3913 2236 3967 tariam
2275 3913 2593 3965 servitutem
2630 3924 2693 3961 ac
2723 3922 2965 3977 praesens
3023 3909 3326 3976 periculum
3362 3924 3461 3967 nos
3488 3925 3624 3965 con-

2039 4004 2209 4074 jicere
2273 4010 2469 4071 praeter
2542 3997 2995 4067 vituperationem
3084 3999 3314 4068 ignavia:
3383 4000 3627 4055 stultitia

2045 4109 2263 4164 quoque
2295 4091 2779 4148 inconsultissimte
2814 4089 3028 4144 videtur
3066 4090 3465 4158 plenissimum.
3503 4089 3630 4147 Exi-

2043 4186 2207 4240 stimo
2263 4186 2452 4248 enim,
2520 4198 2629 4236 non
2675 4182 2853 4239 dicam
2923 4180 3198 4235 Romanos
3283 4182 3423 4237 ullos
3481 4182 3629 4235 \iros

2041 4274 2291 4344 ingenuis
2352 4282 2503 4329 ortos
2540 4273 2847 4328 “natalibus
2922 4287 3200 4342 nunquam
3259 4273 3387 4342 quid
3448 4273 3637 4327 simile

2044 4368 2260 4431 fecisse,
2290 4370 2384 4421 sed
2411 4381 2481 4420 ne
2508 4364 2763 4419 mulieres
2808 4365 3030 4434 quidem
3075 4364 3288 4419 nobiles
3321 4376 3374 4418 et
3401 4366 3629 4434 pudicas

2044 4460 2096 4514 id
2126 4458 2368 4512 facturas
2416 4469 2679 4524 unquam.
2711 4454 2769 4508 In
2812 4467 2878 4509 eo
2912 4454 3115 4524 quippe
3142 4455 3192 4507 id
3219 4454 3457 4523 agimus,
3484 4445 3545 4506 ut
3573 4454 3626 4505 in

2046 4548 2335 4604 servilibus
2366 4544 2699 4600 cruciatibus
2731 4545 3069 4615 reliquisque
3102 4544 3435 4613 captivitatis
3470 4544 3630 4597 malis

356 4646 449 4716 [Ρ.
472 4642 568 4713 48]
598 4643 943 4709 εὐγενείας...
969 4642 1219 4707 θανόντες
1236 4642 1509 4721 ἐλεοῦνται
1533 4641 1631 4712 μὲν
1650 4640 1782 4710 παρ’
1807 4640 1921 4694 ἰδιω

2057 4639 2263 4693 nullum
2322 4636 2479 4692 nobis
2534 4635 2791 4697 solatium
2838 4635 2923 4689 vel
2964 4649 2996 4689 a
3042 4634 3415 4690 misericordia
3470 4637 3554 4689 vel
3602 4650 3634 4689 a

359 4736 497 4791 τῶν.
534 4733 885 4786 ἐπαινοῦνται
917 4733 975 4785 δὲ
1026 4732 1176 4803 παρὰ
1219 4733 1416 4803 σοφῶν,
1463 4730 1857 4802 μακαρίζονται
1885 4729 1942 4782 δὲ

365 4824 523 4895 παρὰ
554 4824 791 4876 πάντων.
811 4822 875 4875 Οἱ
904 4822 961 4876 δὲ
994 4823 1132 4891 σφᾶς
1158 4822 1354 4884 αὐτοὺς
1388 4822 1676 4893 προδόντες
1705 4821 1785 4882 εἰς
1816 4818 1941 4871 δου-

367 4917 526 4970 λείαν
578 4914 613 4984 ἢ
661 4915 905 4967 κίνδυνον
940 4915 1122 4983 πάσης
1155 4913 1487 4981 συγγνώμης
1520 4910 1707 4981 πόρρω
1736 4907 1941 4978 τυγχά-

368 5025 548 5070 νουσι,
595 5005 973 5069 ταὶ-ανίζονται
1009 5005 1065 5057 δὲ
1100 5004 1254 5074 παρὰ
1290 5005 1507 5058 πάντων
1544 5001 1641 5069 τῆς
1692 4998 1944 5066 ἀθλιότη-

365 5118 478 5165 τος.
514 5099 658 5151 Ἀλλ’
682 5098 715 5167 ἢ
735 5096 914 5159 καλῶς
941 5097 1041 5167 ζῇν
1066 5095 1098 5164 ἢ
1124 5095 1301 5158 καλῶς
1344 5094 1665 5162 τεθνηκέναι
1686 5092 1803 5146 δὲον
1824 5107 1948 5143 67.0-

366 5196 517 5259 πεῖν,
536 5190 696 5244 τοῦτο
722 5190 786 5260 δὴ
809 5191 868 5242 τὸ
890 5188 983 5241 τοῦ
1009 5188 1190 5255 λόγου.
1217 5185 1285 5239 Εἴ
1310 5204 1361 5239 τι
1396 5185 1489 5238 οὖν
1515 5185 1641 5253 ἐμοὶ
1671 5182 1949 5246 πείθεσθε,

366 5288 514 5346 ὅσοις
553 5283 654 5353 μὲν
690 5282 830 5335 ὅπλα
856 5280 1149 5350 ἀγχέμαχα
1179 5278 1458 5347 πρόσεστι,
1485 5274 1738 5338 λαϐόντες
1770 5271 1947 5326 ταῦτα

370 5378 508 5446 πρὸς
540 5378 607 5445 τῇ
644 5374 808 5443 ἐξόδῳ
844 5373 1080 5442 στῶμεν,
1115 5373 1262 5433 ὅσοις
1291 5369 1347 5422 δὲ
1378 5368 1507 5432 τόξα
1545 5368 1640 5421 καὶ
1683 5366 1810 5437 βέλη
1860 5366 1952 5417 ἐπὶ

370 5470 496 5531 τοὺς
552 5465 782 5537 ὀρόφους
842 5463 1134 5517 ἀνίτωσαν.
1175 5462 1248 5514 Τὸ
1298 5461 1355 5514 δὲ
1405 5458 1622 5529 θητικὸν
1673 5458 1818 5511 ἅπαν
1860 5458 1954 5509 καὶ

373 5561 672 5629 ἀπόλεμον,
711 5557 809 5611 καὶ
867 5557 985 5610 ὅσοι
1038 5552 1323 5624 πολεμικοὶ
1359 5552 1460 5622 μέν
1504 5550 1639 5602 εἰσιν
1686 5549 1867 5602 ἵππων
1910 5547 1954 5600 δ’

374 5648 640 5722 ἀποροῦσι
709 5649 805 5702 καὶ
884 5646 971 5715 ἐφ’
1020 5644 1261 5715 ἡμιόνων
1330 5640 1606 5712 ὀχοῦνται,
1676 5639 1958 5709 στήτωσαν

374 5744 534 5813 ἡμῶν
558 5742 805 5796 δπισθεν.
827 5736 965 5793 Εἶτα
1002 5738 1051 5788 οἱ
1098 5736 1197 5805 μὲν
1222 5733 1428 5791 ἀνωθεν
1462 5732 1532 5787 τά
1563 5730 1691 5801 βέλη
1741 5731 1957 5816 πεμπὲ-

377 5848 557 5886 τωσαν
586 5832 677 5885 ἐπὶ
708 5831 840 5893 τοὺς
882 5828 1203 5896 πολεμίους,
1224 5826 1381 5879 αὐτοὶ
1417 5824 1475 5878 δὲ
1501 5823 1600 5883 τὰς
1630 5820 1804 5884 πύλας
1832 5823 1962 5873 ἀνα-

380 5923 715 5986 πετάσαντες
750 5918 1036 5993 χωρῶμεν
1066 5916 1187 5971 κατ’
1230 5915 1411 5975 αὐτῶν
1447 5913 1783 5984 σφοδροτάτῃ
1815 5912 1961 5982 ῥύμη

2046 4731 2206 4785 laude
2228 4743 2295 4784 ac
2318 4727 2700 4797 praedicatione
2740 4727 3018 4782 hominum
3047 4725 3314 4781 faciamus
3340 4726 3630 4792 reliquum.

2048 4822 2341 4876 Enimvero
2370 4820 2464 4889 qui
2517 4818 2685 4873 nobili
2732 4817 3013 4873 exantlato
3065 4818 3360 4872 certamine
3413 4817 3634 4871 fortuna

2049 4913 2178 4967 belli
2216 4912 2441 4964 adversa
2480 4908 2886 4972 succutnbunt,
2939 4908 3320 4975 generositatis
3368 4909 3482 4979 68
3524 4923 3637 4963 suae

2050 5002 2289 5057 fructum
2344 5001 2495 5054 illum
2551 4999 2817 5063 referunt,
2853 5006 2913 5052 ut
2941 4988 3419 5056 commiseratione
3453 5000 3522 5053 ab
3554 5001 3637 5053 itt-

2051 5095 2248 5157 doctis,
2282 5093 2441 5149 laude
2465 5106 2493 5145 a
2521 5090 2862 5158 sapientibus
2904 5089 3052 5160 digni
3082 5090 3414 5159 judicentur,
3451 5091 3636 5149 felices

2053 5201 2184 5248 vero
2211 5185 2571 5255 praedicentur
2594 5183 2663 5237 ab
2688 5182 2960 5236 omnibus.
2987 5183 3162 5252 Atqui
3190 5198 3249 5238 se
3272 5184 3422 5254 ipsos
3446 5186 3640 5256 ignave

2055 5274 2259 5332 dedunt
2289 5275 2343 5329 in
2380 5275 2693 5329 servitutem
2725 5283 2817 5328 aut
2849 5274 3149 5344 periculum
3210 5278 3389 5331 omnis
3414 5279 3516 5333 sibi
3552 5294 3642 5331 vo-

2056 5369 2160 5424 niaz
2183 5381 2332 5437 spem
2366 5366 2688 5435 praecidunt,
2740 5367 3093 5437 illaudatique
3121 5383 3184 5424 ac
3213 5369 3395 5425 miseri
3428 5372 3639 5437 publica

2059 5455 2356 5528 ignominia
2439 5454 2822 5509 traducuntur.
2902 5455 3202 5513 Videndum
3262 5460 3426 5527 igitur
3486 5460 3643 5517 nobis

2061 5562 2280 5617 quoque
2304 5545 2489 5610 fuerit,
2521 5555 2682 5616 prout
2708 5562 2829 5602 csse
2862 5549 2916 5602 in
2948 5564 3043 5604 ore
3070 5550 3421 5606 honestorum
3460 5550 3641 5609 bomie

2060 5654 2192 5692 num
2254 5637 2411 5703 solet,
2454 5647 2515 5691 ut
2560 5648 2654 5691 aut
2686 5638 2913 5693 honeste
2980 5641 3231 5694 vivamus
3271 5650 3365 5692 aut
3419 5640 3642 5692 honeste

2063 5729 2384 5784 moriamur.
2428 5727 2484 5782 Si
2539 5729 2669 5798 quid
2730 5731 2895 5799 igitur
2957 5730 3089 5784 mibi
3142 5730 3384 5794 creditis,
3440 5729 3642 5796 quibus

2066 5821 2233 5876 hastae
2250 5836 2314 5874 ac
2326 5820 2488 5889 gladii
2508 5819 2575 5874 ad
2600 5836 2818 5875 manum
2840 5832 2988 5886 sunt,
3008 5822 3075 5876 iis
3093 5823 3320 5890 arreptis
3343 5821 3405 5875 ad
3420 5820 3641 5888 januant

2065 5921 2306 5982 stemus;
2370 5912 2463 5981 qui
2520 5911 2758 5968 arcubus
2817 5914 3137 5985 sagittisque
3206 5921 3333 5969 sunt
3391 5911 3641 5965 instructi
