4154 6446
565 400 659 466 111
1798 392 2220 458 NICEPHOPJ
2260 393 2632 456 BRYENNII

3727 392 3830 455 112

571 525 774 569 tet-tum
805 509 1194 569 conscendant.
1220 507 1462 564 lmbellis
1483 521 1614 563 vero
1641 506 1797 562 turba
1822 507 2152 561 rusticorum

2267 502 2377 554 τῶν
2441 502 2638 555 ἵππων.
2686 501 2939 554 Ἐπειδὰν
2983 501 3029 554 δ’
3063 502 3260 555 ἐκεῖνοι
3301 501 3594 570 φεύγοντες
3642 501 3829 574 esset.»

570 617 666 660 aut
701 606 1047 670 l'a-nulorum,
1090 603 1291 673 quique
1335 602 1537 671 alioqui
1567 601 1830 654 militares
1877 597 2033 666 equis
2061 611 2150 650 cae

570 710 693 753 rent
747 697 910 752 mulis
963 694 1281 751 conscensis
1329 703 1473 748 retro
1529 693 1688 747 nobis
1741 691 1974 745 adstent.
2009 688 2146 741 Tum

569 785 662 855 q'ui
696 793 896 839 tectum
925 782 1296 838 inscenderint
1324 779 1427 835 tela
1456 778 1584 833 inde
1611 779 1666 831 in
1692 778 1874 832 hostes
1909 776 2150 829 mittant.

566 875 678 930 Nos
705 883 882 929 autem
915 874 1085 927 valvis
1113 871 1398 942 patefactis
1429 871 1482 924 in
1515 869 1663 939 ipsos
1685 869 1958 921 irruamus
1985 880 2150 934 quam

568 966 1248 1034 iueitatissimo'equorum
1281 963 1508 1032 impetu.
1538 961 1831 1029 Postquam
1859 968 2040 1011 autem
2074 956 2152 1010 illi

569 1056 838 1127 fugientes
871 1057 1026 1124 longe
1051 1071 1079 1108 a
1111 1055 1194 1108 via
1224 1070 1329 1123 qua
1365 1054 1522 1108 nobis
1569 1052 1695 1105 hinc
1730 1053 1918 1104 urbem
1954 1063 2147 1102 versus

559 1146 810 1202 eundum
839 1153 927 1200 est
953 1143 1298 1208 recesserint,
1351 1142 1686 1196 descendant
1711 1155 1740 1194 e
1775 1150 1916 1193 tecto
1935 1139 2150 1208 jacula-

571 1251 717 1294 tores
785 1237 1159 1307 iumentisque
1237 1234 1554 1290 conscensis
1623 1234 1888 1302 prodeant
1955 1240 2149 1284 caetera

572 1324 924 1379 multitudine
977 1331 1256 1392 sequente.
1318 1321 1601 1375 Intervalla
1659 1335 1823 1389 porro
1892 1322 2030 1374 inter
2089 1334 2148 1373 se

573 1416 931 1483 ordinemque
983 1415 1037 1467 in
1092 1413 1176 1466 via
1235 1422 1473 1479 servent,
1548 1421 1708 1481 prout
1777 1427 1915 1480 opus
1965 1412 2156 1466 estad

572 1508 858 1579 phalangis
918 1506 1170 1560 tuendam
1225 1508 1482 1576 figuram,
1535 1507 1860 1574 cnnc1isque
1908 1506 2159 1558 maxima:

2251 593 2362 646 τῶν
2407 593 2657 656 διεξόδων
2705 594 2988 661 γένωνται,
3033 595 3088 646 οῖ
3123 611 3180 646 τε
3220 593 3426 647 ἀνωθεν
3476 594 3626 655 ὄντες
3667 610 3833 647 κατα-

2255 684 2453 745 ϐάντες
2514 689 2610 736 καὶ
2674 685 3051 753 ἱππασάμενοι
3105 685 3374 748 ἐξίτωσαν
3429 684 3617 738 καὶτὸ
3649 685 3832 737 λοιπὸν

2260 773 2687 827 συνεπέσθωσαν
2722 777 2945 844 πλῆθος.
2999 777 3350 830 Ἀπέστωσαν
3374 778 3428 829 δὲ
3475 777 3574 846 τῆς
3622 776 3743 830 ὁδοῦ
3771 777 3832 829 ἐν

2255 867 2407 932 τάξει
2453 868 2732 936 φάλαγγος
2781 869 3193 939 καθιστάμενοι.
3243 870 3389 940 Πλὴν
3439 870 3644 922 ἅπασιν
3692 869 3834 921 ἔστω

2259 959 2462 1021 σκοπὸς
2488 954 2567 1023 εἷς
2598 959 2672 1028 μὴ
2711 960 2961 1013 διαλῦσαι
2999 961 3099 1030 τὴν
3135 958 3289 1026 τάξιν
3369 961 3507 1031 μηδέ
3555 960 3834 1014 διασκεδα-

2259 1048 2479 1116 σθῆναι.
2507 1049 2649 1100 Ἀλλ’
2675 1049 2894 1102 ἐπειδὰν
2925 1053 3086 1120 ἡμεῖς
3118 1053 3257 1104 κατὰ
3289 1052 3399 1104 τῶν
3428 1053 3702 1122 πολεμίων
3719 1069 3831 1122 χω-

2261 1139 2466 1210 ρῶμεν,
2490 1139 2586 1192 οἵδ’
2619 1142 2904 1195 ἀπίτωσαν
2937 1143 3122 1212 βάδην,
3159 1145 3384 1197 ἐπειδὰν
3415 1143 3463 1196 δ’
3491 1145 3540 1198 ol
3583 1144 3833 1212 πολέμιοι

2255 1233 2378 1286 καθ’
2437 1235 2598 1304 ἡμῶν
2655 1234 3055 1305 ἐξορμήσωσιν,
3110 1238 3509 1302 ἐστηγέτωσαν.
3545 1236 3745 1304 Ἐγγὺς
3777 1237 3834 1287 δὲ

2258 1325 2436 1377 δντων
2472 1331 2576 1379 τῶν
2613 1328 2927 1390 στενωπῶν,
2969 1329 3188 1380 ἐπειδὰν
3231 1331 3289 1382 ἐν
3323 1331 3516 1391 αὐταῖς
3548 1327 3835 1398 γενώμεθα

2258 1414 2480 1476 πάντες,
2505 1415 2615 1466 τῶν
2641 1417 2824 1469 ἵππων
2855 1418 3284 1488 ἁποῦησώμεθα.
3309 1421 3417 1472 Καὶ
3450 1419 3709 1487 πείθομαι
3757 1417 3836 1486 μὴ

2260 1505 2326 1556 ἂν
2356 1508 2481 1569 τοὺς
2523 1507 2819 1578 πολεμίους
2845 1510 3255 1580 κατατολμῆσαι
3287 1508 3516 1578 πλησίον
3553 1507 3707 1577 ἡμῶν
3737 1521 3832 1573 γε·

573 1598 627 1653 id
657 1613 800 1652 cura:
831 1596 900 1650 sit
930 1611 996 1650 ne
1023 1596 1181 1665 culpa
1230 1597 1550 1664 cujusquam
1597 1594 1732 1649 solvi
1779 1593 2002 1647 ordines
2050 1594 2164 1646 dis-
2261 1595 2466 1650 νὲσθαι.
2498 1616 2517 1648 ι

573 1687 850 1756 siparique
879 1701 944 1740 ac
972 1686 1210 1754 dispergi
1241 1687 1413 1738 aciem
1452 1685 1758 1753 contingat.
1799 1682 1904 1737 Sed
1936 1683 2153 1735 interim
2197 1681 2328 1738 dum
2361 1702 2461 1741 nos
2498 1688 2551 1741 in
2622 1689 2809 1746 hostes
2852 1691 3144 1745 irrruimus
3170 1729 3186 1754 ,
3234 1692 3531 1760 procedant
3561 1689 3635 1744 illi
3667 1689 3838 1760 pede-

575 1779 792 1833 tentim.
831 1775 934 1830 Ubi
963 1792 1091 1831 vero
1138 1774 1382 1829 vicissim
1447 1773 1632 1828 hostes
1667 1775 1719 1826 iu
1779 1787 1878 1827 nos
1929 1771 2191 1842 impetum
2232 1773 2482 1843 fecerint,
2537 1787 2683 1834 stent
2708 1781 2760 1834 in
2789 1782 3036 1851 vestigio.
3064 1784 3200 1837 Cum
3243 1798 3371 1836 vero
3399 1783 3465 1835 ad
3497 1790 3676 1836 arctas
3717 1780 3837 1832 via-

573 1888 694 1926 rum
729 1869 917 1926 fauces
947 1868 1364 1931 accesserimus,
1392 1869 1609 1937 .pariter
1633 1883 1824 1922 omnes
1848 1868 2242 1924 exsccndemus
2277 1873 2472 1940 equis:
2507 1886 2560 1928 et
2590 1875 2830 1944 polliceri
2866 1877 3042 1931 ausim
3075 1892 3419 1947 nequaquam
3463 1890 3699 1930 ausuros
3737 1876 3839 1928 ho-

575 1973 688 2019 stes
720 1963 1014 2017 admovere
1043 1975 1102 2015 se
1128 1959 1288 2013 nobis
1325 1958 1567 2027 propius.
1600 1975 1619 2008 ι

639 2055 851 2127 69H.
874 2055 996 2108 Haec
1014 2053 1217 2108 dixitet
1234 2051 1501 2123 probavit.
1520 2050 1787 2106 Omnibus
1815 2051 2156 2122 singulisque

2333 2059 2421 2105 ια’,
2461 2051 2626 2104 Ταῦτ’
2655 2047 2776 2105 εῐπε
2809 2053 2903 2106 καὶ
2933 2053 3134 2115 πάντες
3174 2052 3471 2106 ἐπείθοντο.
3499 2054 3608 2107 Καὶ
3637 2057 3687 2109 ol
3740 2058 3846 2126 μὲν

571 2162 670 2216 pro
697 2162 757 2200 se
787 2159 1006 2214 quoque
1039 2143 1107 2198 ad
1144 2151 1325 2212 partes
1363 2141 1467 2196 sibi
1511 2140 1814 2210 descriptas
1865 2141 2157 2216 euntibus,

572 2238 665 2293 alii
718 2245 858 2291 tecto
911 2248 1211 2291 conscenso
1265 2233 1390 2287 inde
1419 2233 1826 2302 jaculabantur,
1862 2226 1952 2286 alii
1991 2233 2161 2301 portis

571 2331 856 2404 patefactis
917 2329 1119 2396 ingenti
1151 2328 1201 2381 vi
1233 2338 1424 2383 contra
1473 2327 1658 2382 hostes
1706 2325 2039 2390 ferebantur,
2067 2324 2157 2394 qui

573 2440 642 2478 eo
679 2422 897 2491 gemino
952 2421 1134 2474 subito
1181 2419 1402 2472 admoto
1455 2417 1690 2486 perculsi
1747 2425 1895 2470 metu
1955 2415 2158 2470 ferocia

572 2518 775 2568 omissa
816 2512 869 2566 in
905 2511 1085 2582 fugam
1136 2508 1277 2562 versi
1313 2516 1461 2562 sunt.
1501 2506 1651 2561 Unde
1685 2506 1912 2560 audacia
1945 2514 2157 2574 sumpta

572 2605 666 2676 qui
695 2612 849 2658 erant
882 2604 1030 2657 intus
1053 2601 1314 2657 exierunt
1350 2600 1589 2654 universi
1631 2600 1883 2668 viamque
1921 2599 2160 2653 inierunt

573 2697 628 2748 in
662 2695 890 2748 formam
925 2691 1209 2763 phalangis
1237 2691 1543 2744 militariter
1571 2690 1844 2752 instructi,
1877 2689 1978 2744 nisi
2011 2688 2157 2758 quod

574 2786 921 2842 festinantius
973 2782 1303 2838 lncedebant
1346 2781 1530 2851 paulo,
1571 2796 1733 2851 quam
1765 2781 2066 2850 disciplina:
2095 2795 2160 2835 ac

576 2879 806 2948 periculi
839 2891 975 2932 usus
1000 2875 1285 2946 poscebat.
1317 2871 1584 2927 Cet-terum
1610 2873 1663 2926 in
1693 2883 1868 2928 tutum
1904 2873 2156 2926 subducti

574 2969 796 3024 Barbari
874 2967 1056 3038 fugant
1117 2965 1442 3021 incusabant
1508 2979 1664 3020 suam
1737 2974 2040 3033 mutuoque
2099 2979 2158 3018 se

573 3058 848 3113 adhortati
883 3069 939 3110 ιιι
975 3057 1317 3110 insecutores
1349 3069 1478 3108 suos
1511 3051 1748 3106 vicissim
1800 3052 2160 3120 insequeren-

575 3161 663 3204 ται-
725 3149 977 3203 feruntur
1007 3149 1060 3199 in
1110 3154 1330 3200 nostros
1389 3158 1600 3205 rursus,
1649 3150 1704 3195 et
1727 3145 1871 3210 quod
1923 3156 2016 3195 ens
2049 3155 2157 3193 non

581 3243 768 3309 plures
819 3237 1004 3306 viginti
1055 3249 1180 3289 esse
1225 3234 1501 3296 videbant,
1556 3232 1952 3286 circumvenire
1997 3241 2159 3300 atque

2265 2143 2356 2194 ἐπὶ
2388 2144 2514 2204 τοὺς
2540 2143 2771 2213 ὀρόφους
2798 2145 3034 2215 ἀνῄεσαν
3065 2146 3158 2198 καὶ
3181 2144 3250 2198 τὰ
3285 2145 3412 2215 βέλη
3450 2148 3841 2216 προέπεμπον,

2261 2233 2312 2285 oi
2349 2234 2406 2286 δέ
2437 2233 2536 2298 τὰς
2568 2235 2744 2298 πύλας
2773 2237 3169 2290 ἀνεπετάννυω
3213 2239 3306 2290 καὶ
3353 2239 3559 2310 σφοδρᾷ
3587 2241 3652 2308 τῇ
3688 2241 3843 2311 ῥύμῃ

2262 2327 2404 2380 κατὰ
2430 2327 2538 2380 τῶν
2585 2329 2860 2399 πολεμίων
2910 2331 3174 2400 ἐπῄεσαν.
3215 2331 3278 2384 Οἱ
3320 2328 3412 2382 οὖν
3463 2330 3715 2400 πολέμιοι
3763 2331 3848 2402 τῷ

2262 2419 2514 2490 αἰφνιδίῳ
2584 2421 3028 2489 καταπλαγέντες
3100 2421 3275 2491 ἀλκῆς
3349 2422 3675 2476 ἐπελάθοντο
3745 2425 3848 2476 καὶ

2249 2510 2399 2579 ’πρὸς
2438 2511 2616 2581 φυγὴν
2662 2511 2986 2582 ἐτράποντο.
3047 2513 3251 2576 Ἀδείας
3286 2512 3380 2567 οῦν
3424 2513 3755 2585 δραξάμενοι
3793 2515 3847 2568 οἱ

2262 2603 2411 2665 ἐντδς
2441 2602 2679 2666 ἅπαντες
2709 2603 2939 2674 ἐξῄεσάν
2967 2622 3027 2658 τε
3058 2607 3154 2658 καὶ
3193 2605 3296 2674 τῆς
3326 2605 3448 2659 ὀδοῦ
3479 2607 3736 2677 ἥπτοντο,
3762 2607 3850 2670 εἰς

2262 2693 2415 2759 τάξιν
2448 2695 2546 2762 μὲν
2573 2693 2638 2764 δὴ
2671 2695 2949 2762 φάλαγγος
2988 2696 3401 2766 καθιστάμενοι,
3449 2698 3758 2767 ταχυτέραν
3787 2697 3847 2750 δὲ

2262 2784 2294 2853 ἢ
2326 2785 2492 2854 ἐχρῆν
2523 2785 2623 2854 τὴν
2654 2787 2882 2855 πορείαν
2931 2786 3264 2857 ποιούμενοι.
3321 2787 3525 2842 Ἀλλ⁹οί
3561 2787 3850 2858 Βάρδαροι

2263 2879 2452 2947 πόρρω
2477 2876 2571 2931 τοῦ
2603 2879 2851 2932 κινδύνου
2900 2881 3185 2951 γενόμενοι
3221 2882 3391 2951 ἀλκῆς
3419 2899 3476 2936 τε
3509 2878 3668 2946 αὖθις
3710 2882 3852 2953 ἐμέ·

2266 2985 2468 3039 μνηντο
2508 2972 2604 3023 καὶ
2657 2973 3019 3044 προύπεμπον
3064 2976 3328 3045 ἀλλήλους
3373 2977 3736 3049 ὑποστρέφειν
3783 2993 3852 3030 τε

2265 3061 2358 3114 καὶ
2391 3063 2531 3115 κατὰ
2563 3063 2673 3116 τῶν
2701 3064 2944 3119 διωκτῶν
2972 3070 3191 3138 χωρεῖν,
3223 3070 3318 3122 καὶ
3364 3069 3581 3139 μάλισθ’
3620 3071 3701 3123 ὅτι
3735 3069 3851 3123 ἐώ-

2268 3166 2375 3219 ρων
2406 3153 2468 3204 ού
2510 3154 2782 3226 πλείουςῆ
2813 3157 2984 3211 εἴκοσι
3016 3159 3197 3222 ὄντας.
3238 3161 3703 3233 ’Υποστρέφοντες
3747 3163 3853 3217 οὖν

2263 3242 2498 3296 κυκλοῦν
2527 3247 2728 3310 αὐτοὺς
2746 3247 3022 3304 ἔσπευδον.
3048 3253 3110 3304 Οί
3132 3251 3188 3304 δὲ
3209 3254 3818 3322 προτροπάδην“φεύγον
3835 3284 3851 3294 ο

575 3333 722 3384 omni
764 3337 1010 3396 exparte
1044 3326 1299 3381 claudere
1337 3325 1701 3379 conabantur.
1765 3323 1840 3377 llli
1886 3323 2158 3378 concitato

2265 3333 2350 3397 τές
2389 3352 2447 3387 τε
2476 3337 2568 3388 καὶ
2604 3339 3016 3406 ἀπιόντες,ὲπεὶ
3046 3343 3213 3410 ἐγγὺς
3252 3345 3358 3396 τῶν
3395 3345 3540 3398 ίδίων
3572 3345 3854 3412 ἐγένοντο,

576 3439 741 3479 cursu
781 3425 904 3492 fuga
958 3436 1145 3473 versus
1182 3433 1407 3472 suorum
1457 3417 1778 3486 phalangem
1820 3417 1950 3470 inita
1993 3416 2156 3470 simul

2265 3426 2502 3496 ἐπῄεσαν
2550 3423 2707 3492 αὖθις
2758 3433 2965 3504 σφοδρᾷ
3010 3435 3284 3506 τῇρύμῃ,
3329 3438 3422 3489 καὶ
3473 3437 3523 3489 oi
3566 3409 3856 3508 Βάρϐαροι

576 3534 642 3570 eo
701 3520 1058 3582 pervenerant
1119 3511 1346 3565 collecta
1407 3525 1600 3566 rursus
1661 3524 1825 3561 manu
1887 3509 2163 3577 versiSqne

577 3606 824 3660 animose
867 3601 1140 3656 frontibus
1189 3603 1242 3654 in
1289 3597 1496 3652 Turcos
1542 3599 1710 3662 ibant,
1775 3598 2164 3665 l'ugiebantquc

582 3712 704 3751 mox
764 3696 1028 3759 Barbari,
1088 3692 1264 3762 quoad
1315 3694 1431 3745 suis
1477 3699 1531 3743 et
1572 3690 1673 3758 ipsi
1729 3690 1874 3742 misti
1947 3704 2163 3743 l‘lll'allll

562 3789 834 3850 .cedentes
887 3798 1146 3855 urgerent
1190 3791 1432 3839 nostros.
1482 3780 1583 3834 Per
1622 3781 1722 3833 has
1775 3781 2040 3848 sequendi
2083 3779 2168 3833 fu-

580 3882 868 3952 giendique
899 3880 1045 3934 vices
1075 3892 1198 3933 cum
1223 3877 1449 3930 multum
1482 3881 1628 3928 esset
1655 3872 1812 3940 spatii
1853 3871 2162 3925 confectum

579 3973 741 4028 'fttrci
777 3971 1052 4028 astimato
1101 3966 1419 4039 diligentius
1450 3965 1618 4018 totius
1649 3971 1958 4016 nostrorum
1994 3960 2165 4029 agmi-

579 4067 664 4120 nis
697 4079 948 4127 numero,
974 4078 1097 4117 cum
1129 4075 1187 4116 se
1215 4059 1375 4128 longe
1426 4057 1614 4126 plures
1645 4069 1767 4109 esse
1817 4053 2166 4106 animadver-

581 4158 774 4212 tissent
817 4156 966 4224 (nam
1010 4155 1164 4206 turba
1219 4151 1308 4205 illa
1355 4163 1477 4218 quae
1533 4146 1820 4218 phalangis
1873 4146 2165 4200 exhibebat

576 4244 813 4314 speciem
863 4241 1259 4312 quinquaginta
1315 4239 1560 4307 equitum
1595 4250 1867 4292 summam
1915 4250 2022 4289 non
2071 4251 2164 4288 ex-

579 4338 806 4406 plebat),
833 4334 1058 4390 omissis
1083 4332 1151 4387 iis
1177 4339 1368 4386 contra
1396 4344 1536 4399 quos
1577 4329 1944 4397 nequidquam
1979 4326 2166 4380 hacte-

577 4448 682 4484 nus
739 4428 941 4482 velitati
992 4434 1170 4490 erant,
1232 4424 1285 4478 in
1346 4423 1666 4492 phalangem
1727 4422 1900 4488 ipsam
1968 4432 2166 4486 magno

577 4528 780 4594 impetu
819 4523 1138 4590 magnisque
1169 4517 1503 4572 clamoribus
1536 4531 1600 4568 ac
1628 4515 1796 4567 densa
1839 4513 2159 4580 sagittarum

577 4616 918 4686 inunissione
976 4611 1244 4665 feruntur.
1280 4607 1379 4662 llic
1422 4606 1597 4660 nostri
1652 4607 1901 4659 servandi
1955 4604 2163 4658 ordinis

2263 3518 2515 3586 ἔφευγον.
2539 3519 2703 3585 Αὖθις
2725 3516 2872 3577 οὗτοι
2905 3525 3270 3596 ὑπέστρεφον.
3311 3530 3419 3581 Καὶ
3465 3527 3607 3581 οὕτω
3636 3527 3720 3599 [Ρ.
3748 3527 3854 3602 49]

2268 3609 2430 3680 μέχρι
2455 3611 2646 3665 πολλοῦ
2681 3615 2924 3686 ἀλλήλων
2963 3618 3359 3689 ἀπεπειρῶντο.
3400 3621 3537 3674 Ἀλλ’
3569 3621 3619 3672 οἱ
3666 3619 3778 3672 Τοῦ
3793 3638 3858 3689 ρ-

2267 3717 2353 3752 κοι
2408 3703 2615 3766 πάντας
2660 3705 2876 3772 ὀλίγους
2945 3710 3197 3780 δρῶντες,
3245 3713 3384 3778 σφᾶς
3420 3710 3478 3764 δὲ
3533 3711 3860 3763 πολλαπλαο

2270 3792 2415 3855 σίους
2443 3792 2534 3863 (ἦν
2562 3796 2672 3866 γὰρ
2703 3798 2798 3850 καὶ
2834 3799 2892 3851 τὸ
2924 3802 3003 3862 είς
3031 3801 3307 3868 φάλαγγος
3332 3802 3484 3868 τάξιν
3509 3803 3853 3870 καθιστάμε-

2266 3901 2356 3936 νον
2416 3887 2595 3938 ἐνδέον
2653 3889 2865 3942 ἱππέων
2913 3894 3301 3960 πεντήκοντα),
3340 3895 3563 3957 τούτους
3613 3894 3860 3962 ἀφέντες

2269 3975 2389 4026 κατ’
2419 3977 2644 4028 ἐκείνων
2673 3979 2936 4048 ἐχώρουν,
2956 3982 3049 4033 καὶ
3101 3983 3436 4052 βαρϐαρικὸν
3475 3984 3858 4050 ἀλαλάξαντες

2266 4062 2562 4127 ἐξήλαυνον
2597 4080 2655 4116 τε
2685 4069 2780 4118 καὶ
2807 4068 3136 4138 τοξεύμασιν
3162 4072 3406 4126 ἔϐαλλον.
3428 4073 3713 4133 Δείσαντες
3752 4073 3861 4126 οὖν

2265 4151 2361 4221 τὴν
2401 4152 2551 4216 τάξιν
2594 4155 2832 4208 διαλύειν
2867 4153 3019 4224 εἷξάν
3044 4176 3102 4211 τε
3140 4164 3232 4213 καὶ
3271 4162 3404 4231 πρὸς
3458 4162 3636 4232 φυγὴν
3671 4159 3860 4231 ἐξώρο

2269 4260 2384 4312 μων
2426 4245 2548 4314 ἠδη,
2585 4248 2678 4298 καὶ
2727 4248 2943 4312 πάντως
2994 4252 3274 4305 ἀπώλοντο
3327 4252 3394 4304 ἂν
3433 4253 3588 4322 εἰμὴ
3636 4251 3862 4318 ταχέως

2264 4335 2432 4402 ἄμφω
2460 4337 2537 4388 τὼ
2566 4338 2780 4407 ἀδελφὼ
2809 4340 2904 4406 ξὺν
2954 4341 3156 4410 ὀλίγοις
3203 4343 3650 4412 καταδραμόντες
3683 4341 3864 4410 ἐσοήω

2264 4425 2388 4477 bow
2422 4426 2516 4496 ὅλῃ
2564 4431 2708 4498 χειρὶ
2741 4432 2832 4483 καὶ
2861 4433 2986 4494 τοὺς
3017 4434 3153 4502 πρὸς
3183 4437 3360 4502 φυγὴν
3389 4433 3697 4504 τραπέντας
3724 4433 3863 4486 ἀνε-

2264 4516 2550 4581 καλοῦντο,
2573 4521 2767 4589 στῆναι
2817 4523 3132 4586 κελεύοντες
3160 4527 3209 4576 εί
3243 4528 3319 4595 μὴ
3353 4527 3627 4596 βούλοιντο
3673 4541 3863 4577 κατα-

2263 4607 2545 4678 λειφθῆναι
2573 4611 2663 4664 ὑπ’
2694 4614 2874 4666 αὐτῶν
2912 4613 3227 4685 ρὄήθητοι.

576 4722 720 4760 cura
756 4717 903 4762 metu
951 4705 1178 4769 omissa,
1207 4702 1470 4757 cedebant
1511 4699 1624 4768 jam
1657 4697 1799 4751 haud
1857 4698 2019 4750 dubie
2059 4697 2112 4750 in
2156 4699 2450 4770 fugamque
2479 4719 2603 4758 eum
2629 4715 2773 4759 certa
2821 4710 3065 4762 omnium
3109 4709 3345 4779 pernicie
3388 4710 3701 4779 vergebant,
3744 4710 3864 4763 nisi

580 4802 829 4855 celeriter
898 4799 1061 4852 ambo
1115 4795 1312 4850 fratres
1369 4789 1496 4848 cum
1545 4793 1734 4860 paucis
1797 4801 2144 4842 aceurrentes
2185 4796 2649 4861 Opportunissima
2687 4799 2796 4868 70
2837 4811 3035 4869 praesto
3069 4802 3276 4856 auxilio
3349 4801 3579 4856 fuissent
3628 4801 3867 4870 jamque

582 4896 874 4949 i-uelina'os
923 4896 976 4946 in
1035 4891 1218 4960 fugam
1278 4897 1629 4944 revocassent
1703 4889 2358 4953 36512161111οι’(›,1ι151
2419 4893 2715 4947 condonari
2779 4895 2947 4948 furori
3017 4897 3255 4950 hostium
3318 4895 3584 4952 indefensi
3626 4895 3864 4968 vellent,

578 4991 894 5060 jussissent.

650 5083 737 5137 ιε,
780 5081 950 5135 Porro
998 5089 1128 5134 tunc
1158 5079 1385 5148 contigit
1437 5075 1687 5130 mirabile
1739 5075 2038 5144 quidpiam.
2079 5072 2172 5128 Vir
2201 5083 2250 5142 ι)

579 5177 724 5231 enim
764 5181 882 5227 erat
914 5181 1138 5227 statura:
1184 5168 1515 5239 proceritate
1559 5175 1892 5235 congruente
1921 5164 2172 5219 crassitie

582 5267 979 5324 membrorum,
1005 5265 1210 5317 robore
1239 5263 1466 5328 insuper
1505 5267 1721 5312 artuum
1755 5271 1818 5309 ac
1846 5257 2169 5309 lacertorum

2353 5072 2440 5142 ιβ’.
2463 5075 2595 5127 Τότε
2627 5077 2806 5129 τοίνυν
2825 5076 3018 5148 ξυνέϐη
3050 5079 3144 5129 καὶ
3175 5075 3426 5145 γενέσθαι
3449 5093 3501 5129 τι
3525 5075 3866 5146 Θαυμάσιον.

2287 5168 2454 5236 Ἀνὴρ
2489 5166 2598 5236 γάρ
2637 5184 2719 5230 τις
2755 5169 2927 5237 μέγας
2957 5169 3052 5221 καὶ
3089 5169 3304 5237 ἰσχυρὸς
3331 5171 3442 5229 τοῖς
3473 5169 3531 5219 ἐν
3556 5173 3667 5230 τοῖς
3698 5169 3868 5237 βασι-

2271 5258 2435 5320 λείοις
2458 5259 2741 5326 ὲκτομὶαις
2770 5260 3049 5329 ὁρώμενος
3072 5259 3430 5329 ἐθαυμάζετο.
3475 5260 3725 5312 Ἐπειδὰν
3742 5261 3872 5332 γὰρ

582 5361 725 5413 inter
756 5366 1004 5410 exsectos
1059 5355 1328 5422 palatinos
1379 5350 1614 5419 spectari
1647 5363 1709 5401 ac
1737 5349 1938 5416 suspici
1981 5346 2161 5400 solitus

2270 5349 2440 5417 ὁρῷεν
2455 5349 2640 5411 αὑτὸν,
2662 5349 2858 5417 ἐφώνει
2873 5351 3056 5420 ἓτερος
3075 5353 3210 5417 πρὸς
3228 5355 3318 5402 τὸν
3337 5351 3422 5402 ἓτε
3432 5368 3522 5420 ρον
3543 5352 3613 5412 ὡς
3631 5353 3738 5420 ἄρα
3757 5353 3871 5416 Τις

584 5453 721 5504 adeo
778 5449 1023 5518 quidem,
1061 5455 1118 5498 ut
1145 5445 1264 5498 visu
1304 5444 1481 5510 primo
1515 5443 1787 5493 intuentes
1836 5437 2168 5503 pet‘cellet‘et,

588 5543 973 5608 subigeretque
1032 5536 1394 5591 admiratione
1449 5537 1622 5586 victos
1667 5532 1847 5584 dicere
1877 5531 1943 5582 ad
1991 5531 2176 5598 proxi-

585 5648 734 5686 mum
787 5645 1106 5699 quemque:
1153 5628 1291 5693 Quis
1339 5627 1617 5680 enimvero
1667 5633 1776 5676 tam
1823 5624 2004 5676 animo
2035 5637 2168 5676 con-

587 5736 736 5777 stans
780 5733 888 5774 tam
940 5722 1148 5773 mribus
1217 5720 1454 5772 invictus
1513 5719 1684 5770 hostis
1757 5715 1918 5782 hujus
1979 5726 2168 5767 CUIIll'tl

585 5815 796 5867 mentis
843 5811 1110 5864 snstincre
1143 5827 1245 5863 vnn
1286 5824 1522 5878 unquam
1559 5805 1796 5875 poterit?
1841 5804 1970 5855 Solo
1997 5806 2165 5866 enim,

2274 5442 2544 5512 ὑποσταίη
2585 5442 2861 5512 πολεμίων
2901 5445 3071 5511 ἀλκὴν
3099 5445 3305 5496 τοιοῦδε
3336 5447 3529 5513 ἀνδρός
3558 5460 3573 5509 ;
3606 5444 3710 5514 θέᾳ
3740 5447 3874 5513 γὰρ

2285 5534 2420 5605 μόνῃ
2437 5536 2529 5585 καὶ
2559 5534 2726 5604 βρυχὴ
2738 5552 2867 5604 ματι
2888 5534 3174 5602 φεύξονται
3207 5536 3467 5599 ἅπαντες.
3501 5535 3704 5588 Τοῦτον
3727 5549 3854 5587 συνι

2282 5628 2377 5692 s61;-
2415 5625 2535 5676 τότε
2587 5629 2844 5695 παρεῖναι
2869 5627 3008 5695 μετὰ
3036 5626 3143 5678 τῶν
3174 5629 3250 5688 εἰς
3276 5626 3373 5694 τὴν
3399 5628 3675 5695 φάλαγγος
3696 5627 3878 5691 τάξιν

2281 5717 2724 5785 καθισταμένων,
2781 5719 3018 5783 ὁπηνίκα
3072 5719 3194 5771 κατ’
3237 5720 3463 5771 ἐκείνων
3519 5720 3567 5770 οἱ
3617 5716 3878 5786 Τοῦρκοι

2280 5809 2625 5875 ἐξώρμησαν.
2675 5809 2764 5868 Εἰς
2801 5809 2978 5876 φυγὴν
3025 5807 3118 5861 οὖν
3167 5811 3422 5863 ἁπάντων
3468 5811 3875 5879 ὁρμησάντων,
