4154 6432
360 412 462 477 ιιι

1571 369 2130 475 Htsromsnun
2151 415 2300 478 LIB.
2342 388 2446 478 II.’

3514 341 3616 473 iu

354 521 470 576 ἐπεὶ
498 512 654 582 οὗτος
704 532 882 589 μεγας
938 535 1000 572 τε
1031 511 1098 590 ἦν
1128 515 1223 572 καὶ
1263 515 1487 590 θώρακα
1520 519 1930 590 περιεϐέϐλητο,

2044 533 2094 578 ιιι
2144 525 2358 580 videtur
2423 519 2707 578 conterriti
2777 519 2897 590 ejus
2946 524 3193 590 aspectu,
3253 515 3402 571 vocis
3450 516 3616 570 etiam

354 613 684 682 ἀγανακτεῖν
715 611 937 664 ἐπενόει
972 611 1063 665 τὸν
1091 610 1256 666 ἵππον
1285 611 1382 664 καὶ
1419 611 1577 678 μόνος
1614 609 1724 664 τῶν
1753 610 1931 664 ἄλλων

353 703 577 760 ϐπισθεν
633 703 1044 773 περιλέλειπτο.
1087 702 1178 766 Ὦς
1225 701 1356 772 γοῦν
1395 701 1552 766 αὖθις
1589 705 1642 756 οἱ
1695 703 1931 770 Τοῦρκοι

355 797 595 870 ἐπῄεσαν
620 796 717 849 καὶ
751 795 804 847 οἱ
839 793 972 864 περὶ
1008 793 1099 846 τδν
1151 793 1419 848 Ἰσαάκιον
1457 794 1551 847 καὶ
1583 793 1676 846 τὸν
1726 794 1934 847 κλεινὸν

366 887 602 952 Ἀλὲξιον
624 884 842 955 βοηθεῖν
862 883 1205 953 ἐπεχείρουν,
1251 883 1414 946 αὐτὸς
1443 884 1501 950 ἐξ
1549 883 1810 952 ὀνόματος
1842 883 1934 936 τὸν

353 978 568 1031 κλεινὸν
597 975 784 1030 ἐκάλει
819 973 1058 1039 Ἀλέξιον
1091 973 1190 1028 καὶ
1236 973 1450 1045 βοηθεῖν
1512 974 1838 1044 παρεκάλει.
1876 971 1934 1026 ’0

350 1068 400 1121 δ’
423 1067 627 1129 saeta»;
667 1067 1015 1136 ὑποστρέψας
1046 1066 1140 1120 καὶ
1183 1065 1312 1128 τοὺς
1356 1066 1711 1135 ἐπιτυχόντας
1737 1063 1936 1129 διώξας

351 1157 452 1211 τού
480 1159 728 1210 κινδύνου
768 1155 956 1210 τοῦτον
986 1155 1279 1226 ἐρρύσατο,
1309 1155 1525 1221 διδάξας
1555 1155 1720 1211 αὐτόν
1745 1173 1805 1209 τε
1838 1155 1936 1209 καὶ

352 1249 485 1310 τοὺς
511 1247 702 1300 τοῦτον
737 1246 1119 1315 θαυμάζοντας
1151 1247 1227 1310 ὡς
1254 1248 1364 1318 ἄρα
1390 1247 1453 1299 οὐ
1487 1247 1716 1317 μέγεθος
1745 1246 1934 1317 σῶμα·

353 1356 450 1400 τῆς
483 1338 606 1391 οὐδὲ
641 1337 796 1409 ῥώμη
829 1339 1114 1409 δυνάμεως
1146 1338 1266 1392 οὐδὲ
1303 1337 1490 1405 φωνῆς
1527 1337 1804 1409 τραχύτης
1837 1339 1934 1391 καὶ

357 1431 532 1499 βάρος
579 1428 670 1482 τὸν
710 1431 932 1500 ἄριστον
994 1429 1336 1500 στρατιώτην
1385 1429 1744 1496 δεικνύουσιν,
1797 1429 1937 1483 ἀλλά

353 1521 539 1591 ψυχῆς
558 1521 872 1590 γενναιότης
897 1521 1040 1591 καὶὴ
1067 1522 1202 1592 πρὸς
1215 1522 1284 1576 τὰ
1300 1521 1446 1576 δεινά
1465 1523 1754 1592 καρτερία.
1791 1521 1938 1590 Ἀλλῖ

355 1614 387 1666 6
413 1613 513 1682 μὲν
539 1613 725 1665 τοῦτον
745 1614 1022 1680 διέσωσεν,
1059 1613 1275 1676 Ἀλανός
1302 1614 1360 1668 δέ
1376 1631 1459 1676 τις
1502 1615 1611 1666 τῶν
1632 1614 1725 1666 ἐπὶ
1761 1612 1938 1682 μισθῷ

358 1704 629 1759 συνόντων
650 1704 728 1773 τῷ
756 1705 991 1775 γενναίῳ
1028 1705 1307 1774 Ἰσαακίῳ,
1338 1705 1642 1776 ’Δραϐἀτης
1665 1705 1724 1757 τὸ
1744 1705 1913 1774 ὄνομα
1921 1744 1936 1770 ,

354 1796 457 1866 τὴν
481 1795 660 1866 ὁρμὴν
685 1795 766 1848 ὃτι
797 1795 1056 1866 πλείστην
1105 1796 1444 1865 θεασάμενος
1481 1795 1590 1848 τῶν
1636 1794 1938 1865 Βαρϐάρων

2037 617 2175 671 forte
2198 615 2489 670 accedente
2515 613 2716 669 tonitru
2747 611 2906 680 plane
2939 608 3153 664 attoniti
3184 606 3616 664 consternabun-

2038 715 2124 758 tur
2161 705 2214 758 in
2251 704 2432 774 fugam
2466 718 2676 760 omnes.
2714 700 2869 756 Hunc
2908 700 3136 771 contigit
3175 700 3366 754 adesse
3394 707 3523 752 tunc
3559 697 3615 750 in

2037 795 2127 848 illo
2157 809 2389 849 numero
2439 793 2724 864 phalangis
2761 791 3052 862 quamdam
3092 790 3330 858 speciem
3373 789 3617 842 referen-

2037 885 2193 951 tium,
2226 900 2348 938 cttm
2375 883 2427 938 in
2454 899 2550 938 eos
2586 885 2863 938 irruerunt
2892 880 3080 936 Turci.
3107 879 3290 935 Versis
3319 895 3447 950 ergo
3476 893 3615 932 cun-

2036 973 2139 1029 ctis
2189 974 2244 1028 in
2287 973 2494 1043 fugam,
2532 973 2620 1028 hic.
2662 981 2858 1043 praeter
2911 971 3107 1027 molem
3158 970 3402 1039 corporis
3449 970 3616 1024 lorica

2037 1067 2220 1137 gravis
2250 1081 2453 1136 equum
2495 1066 2634 1122 adeo
2685 1064 3025 1136 fatigaverat,
3055 1071 3116 1118 ut
3142 1063 3187 1118 is
3216 1064 3402 1133 aliquo
3451 1064 3620 1118 inter-

2037 1159 2180 1214 vallo
2211 1169 2336 1229 post
2380 1173 2572 1214 omnes
2625 1157 2762 1212 alios
2815 1173 2957 1226 pone
3013 1157 3233 1234 relictus
3272 1165 3614 1225 sequeretur.
3656 1222 3668 1233 _

2037 1249 2094 1305 1d
2129 1250 2292 1305 Terei
2321 1248 2619 1320 conspicati
2643 1249 3037 1304 circumvenire
3065 1249 3371 1319 sejunctum
3399 1266 3428 1304 a
3453 1250 3618 1305 sociis

2039 1342 2460 1402 contendebant.
2501 1341 2710 1396 Isaacio
2771 1339 3072 1410 Alexioque
3127 1341 3379 1396 auxiliari
3431 1348 3618 1396 contra

2040 1431 2383 1487 conantibus.
2425 1429 2539 1484 Nec
2585 1431 2700 1499 ipse
2743 1430 3054 1500 periclitans
3099 1431 3201 1485 sibi
3249 1429 3444 1493 defuit,
3485 1430 3616 1499 quin

2041 1523 2300 1592 inclytum
2333 1521 2579 1576 Alexium
2609 1520 2863 1577 confesso
2919 1522 3097 1591 palam
3163 1532 3305 1576 metu
3360 1523 3620 1576 invocans

2042 1613 2127 1667 sui
2176 1621 2236 1666 ut
2285 1612 2636 1666 misereretur
2684 1619 2886 1666 oraret.
2938 1611 3041 1678 Qui
3093 1613 3274 1667 statim
3319 1625 3620 1667 conversus

2041 1705 2289 1760 hostibus
2317 1705 2412 1774 qui
2438 1719 2496 1758 se
2525 1703 2686 1774 primi
2721 1703 2984 1759 dederunt
3031 1704 3220 1759 obvios
3253 1704 3437 1772 fugere
3476 1702 3620 1756 illico

2041 1795 2363 1864 compulsis,
2412 1795 2687 1850 hominem
2743 1794 2988 1865 periculo
3036 1795 3237 1851 exemit
3289 1795 3621 1850 documento

353 1888 456 1940 καὶ
654 1887 792 1957 μετά
858 1865 1094 1958 σφοδρᾶς
1138 1889 1236 1958 τῆς
1284 1886 1464 1957 ῥύμης
1533 1887 1772 1959 ἐπῄεσαν
1843 1887 1938 1940 καὶ

2044 1886 2104 1940 ad
2127 1901 2255 1940 eum
2282 1886 2510 1956 ejusque
2541 1885 2899 1942 admiratores
2933 1886 3293 1947 memorabili.
3328 1901 3396 1940 ne
3421 1885 3624 1952 magni-

357 1978 488 2038 τοὺς
519 1977 781 2044 ἀδελφοὺς
807 1977 890 2029 ὅτι
923 1976 1072 2046 μόνοι
1098 1976 1557 2030 διακινδυνεύουσι
1589 1977 1686 2030 σὺν
1707 1976 1936 2044 ὀλίγοις,

355 2067 545 2129 δείσας
577 2069 650 2136 μή
672 2085 725 2119 τι
739 2067 848 2120 τῶν
869 2067 1183 2137 ἀνηκέστων
1204 2067 1411 2121 τούτων
1431 2067 1674 2138 συμϐαίη
1703 2069 1940 2131 τινὶ,τδν

357 2159 577 2228 ἑταῖρον
607 2150 654 2225 ᾧ
682 2157 978 2227 Χασκάρης
997 2157 1168 2227 ὄνομα
1188 2157 1294 2211 ὑπὸ
1310 2159 1386 2228 τῷ
1412 2158 1685 2229 Κομνηνῷ
1717 2158 1940 2228 Ἀλεξίῳ

351 2249 690 2318 ταττόμενον
715 2249 1016 2318 παρεκάλει
1035 2248 1127 2314 ξὺν
1149 2248 1297 2318 αὐτῷ
1327 2249 1602 2318 γενέσθαι,
1628 2248 1714 2320 [Ρ.
1733 2250 1826 2321 50]
1849 2251 1942 2303 καὶ

353 2341 528 2409 ἄμφω
571 2342 681 2394 τῶν
727 2341 910 2395 ἵππων
955 2341 1224 2410 ἀποϐῆναι
1271 2341 1368 2395 καὶ
1415 2341 1660 2409 τοξεύειν
1692 2343 1786 2396 ἐπὶ
1814 2343 1942 2406 τοὺς

354 2432 676 2503 πολεμίους.
704 2433 932 2504 Δίσχρδν
956 2433 1085 2504 γὰρ,
1117 2433 1340 2503 ἔφησεν,
1362 2435 1412 2488 εί
1435 2433 1672 2488 Ἀλανῶν
1706 2435 1944 2489 ἐνταῦθα

356 2524 647 2593 παρόντων
679 2522 1236 2594 παρακινδυνεύουσιν
1274 2522 1468 2594 ἄνδρες
1501 2525 1740 2592 εὐγενεῖς
1767 2541 1825 2578 τε
1849 2525 1942 2578 καὶ

359 2614 832 2686 ἀριστοιοόνειδος
867 2615 975 2686 γὰρ
1020 2613 1087 2668 ἂν
1131 2613 1274 2668 οὕτω
1323 2603 1487 2669 ἅπαν
1526 2615 1638 2680 ἔξει
1679 2616 1741 2670 τὸ
1783 2617 1942 2684 γένος

355 2709 472 2762 τῶν
520 2706 785 2760 Ἀλανῶν.
831 2705 991 2759 Οὕτω
1028 2708 1126 2776 μὲν
1157 2701 1251 2760 οὖν
1284 2708 1490 2771 ἐκεῖνος
1525 2705 1652 2777 ἔφη,
1681 2710 1708 2762 6
1747 2708 1802 2761 δὲ
1842 2710 1942 2780 τὴν

359 2799 562 2870 βουλὴν
590 2799 946 2868 ἀπεπέμπετο
986 2797 1062 2862 ὡς
1083 2799 1144 2851 οὐ
1193 2799 1419 2870 συνετὴν
1449 2799 1649 2868 μᾶλλον
1677 2800 1708 2870 ἦ
1738 2800 1941 2872 τολμη-

357 2893 487 2962 ράν·
536 2891 730 2953 αὐτούς
783 2907 844 2943 τε
890 2889 1003 2960 γὰρ
1049 2889 1394 2946 κινδυνεῦσαι
1446 2890 1590 2944 οὕτω
1636 2892 1942 2961 δράσαντας

358 2982 650 3046 κάκείνους
713 2981 880 3053 μηδὲν
929 2999 982 3035 τι
1032 2985 1097 3035 ὲκ
1147 2982 1340 3036 τούτου
1394 2985 1794 3054 προσεφευρεῖν
1843 2983 1940 3038 τοῦ

356 3075 684 3146 ὀνήσασθαι,
707 3075 802 3128 ἅτε
831 3072 1037 3142 ὁμαλοῦ
1073 3073 1226 3136 ὄντος
1255 3072 1350 3126 τοῦ
1379 3074 1546 3127 τόπου
1583 3075 1677 3128 καὶ
1698 3074 1937 3129 πεδινοῦ.

365 3186 390 3218 ι
447 3165 595 3219 Ἀλλ’
625 3165 678 3218 εί
701 3165 754 3218 τί
791 3182 879 3235 μοι
913 3163 1101 3237 πείθῃ,
1133 3183 1154 3216 ι
1190 3165 1377 3236 φησὶν,
1407 3185 1426 3216 ι
1454 3165 1579 3220 ἐπεὶ
1620 3166 1788 3234 ἐγγύς
1835 3184 1939 3219 που
1968 3203 2012 3260 c

356 3259 476 3314 τῶν
508 3259 800 3311 στενωπῶν
833 3258 933 3328 ήδη
980 3258 1310 3328 γεγόναμεν,
1337 3258 1558 3311 ἐπειδὰν
1593 3260 1771 3312 ἐκεῖσε
1803 3260 1940 3326 φθά-

359 3369 573 3422 σωμεν,
595 3349 1003 3422 ἀποϐησώμεθα
1031 3351 1138 3404 τῶν
1171 3352 1355 3405 ἵππων
1384 3353 1479 3405 καὶ
1509 3352 1773 3420 γενναίως
1797 3353 1943 3420 ἀγω-

359 3445 616 3500 νίσασθαι
669 3446 1023 3517 σπεύσωμεν,
1039 3445 1132 3498 καὶ
1159 3443 1300 3496 οὕτω
1327 3444 1388 3496 τό
1425 3460 1485 3495 τε
1515 3443 1670 3510 γένος
1714 3443 1943 3514 τιμήσο-

360 3555 468 3608 μεν
496 3538 592 3590 καὶ
621 3539 746 3601 τοὺς
774 3537 1044 3599 δεσπότας
1069 3536 1354 3606 όνήσομεν.
1389 3553 1408 3586 ι

2042 1979 2228 2034 tudine
2269 1978 2533 2047 corporis,
2576 1993 2674 2032 nec
2698 1978 3012 2047 asperitate,
3059 1993 3124 2033 ac
3168 1979 3435 2049 gravitate
3471 1978 3624 2032 vocis

2041 2068 2307 2124 contineri
2357 2069 2614 2124 virtutem
2652 2066 2840 2123 militis
2869 2069 3100 2130 strenui,
3135 2069 3230 2122 sed
3263 2067 3626 2138 generositate

2041 2160 2208 2216 animi
2235 2168 2288 2214 et
2313 2159 2438 2214 forti
2476 2159 2761 2213 tolerantia
2787 2174 2971 2215 rerum
3011 2158 3351 2214 accrbarum.
3381 2158 3478 2212 Hic
3502 2159 3626 2228 qui—

2041 2255 2162 2310 dem
2192 2253 2270 2307 sic
2298 2251 2367 2306 ab
2391 2251 2582 2306 Alexio
2636 2257 2880 2306 servatus
2921 2258 3023 2305 est.
3071 2249 3275 2306 Alanus
3305 2250 3408 2320 71
3443 2258 3623 2304 autem

2041 2345 2265 2415 quidam
2306 2358 2374 2396 ex
2437 2341 2796 2397 familiaribus
2852 2341 3061 2408 lsaaeii,
3111 2341 3376 2397 Arabatcs
3423 2341 3624 2406 dictus,

2041 2437 2416 2492 vehementem
2460 2443 2515 2489 et
2557 2434 2891 2504 pertinacem
2941 2435 3200 2500 impetum
3258 2432 3622 2486 Barbarorum

2043 2543 2298 2594 cernens,
2325 2527 2414 2582 cui
2443 2527 2533 2582 vix
2563 2526 2757 2592 majori
2805 2541 3036 2583 numero
3080 2523 3348 2579 tolerabili
3376 2524 3486 2578 duo
3525 2524 3628 2578 soli

2042 2639 2166 2679 cum
2185 2620 2386 2692 oppido
2403 2619 2592 2690 paucis
2609 2616 2876 2674 Comneni
2897 2618 3089 2672 fratres
3116 2617 3459 2681 obsisterent,
3485 2615 3628 2670 veri—

2042 2725 2132 2770 tus
2163 2730 2230 2769 ne
2252 2714 2379 2784 quis
2410 2728 2572 2769 casus
2617 2712 2870 2767 acerbior
2917 2710 3162 2764 alterutri
3201 2724 3390 2763 eorum
3425 2708 3632 2762 incide-

2043 2813 2146 2868 ret,
2171 2804 2402 2867 socium,
2425 2803 2509 2857 cui
2533 2801 2837 2856 Cbascarcs
2857 2813 3056 2854 nomen
3082 2797 3204 2860 fuit,
3229 2799 3332 2852 sub
3352 2799 3629 2852 Cumnrno

2040 2897 2232 2952 Alexio
2285 2902 2581 2950 merentem
2633 2893 2884 2963 rogavit,
2945 2891 3136 2946 adesse
3183 2900 3243 2945 ut
3292 2889 3396 2944 sibi
3444 2890 3628 2953 vellet,

2043 2986 2371 3054 omissisque
2432 2984 2594 3039 ambo
2649 2983 2806 3049 equis
2865 2982 2918 3034 in
2979 2983 3163 3035 hostes
3233 2981 3626 3049 iacularentur.

2043 3079 2225 3146 Turpe
2272 3076 2566 3146 siquidem,
2620 3074 2818 3140 aiebat,
2863 3072 3027 3128 fuerit
3071 3072 3189 3141 ejus
3229 3072 3525 3129 nobilitatis
3574 3082 3630 3126 et

2044 3167 2379 3224 fortitudinis
2407 3171 2552 3223 viros
2586 3167 2776 3221 Alanis
2805 3165 2892 3220 hic
2917 3165 3275 3236 praesentibus
3307 3165 3627 3235 periclitari.

2044 3261 2231 3332 Neque
2262 3263 2316 3316 in
2345 3276 2442 3316 nos
2469 3261 2668 3324 solum,
2691 3274 2877 3313 verum
2903 3269 2956 3312 et
2987 3258 3038 3311 in
3072 3257 3386 3311 universam
3423 3255 3630 3311 Alano-

2045 3369 2166 3409 rum
2215 3364 2428 3422 gentcm
2464 3367 2526 3405 ac
2558 3352 2754 3404 famam
2786 3349 2839 3402 id
2871 3348 3109 3404 dedecus
3160 3348 3503 3404 redundabit.
3538 3347 3634 3410 Sic

2045 3443 2282 3499 Arabate
2329 3441 2533 3504 locuto,
2581 3437 2840 3492 refutavit
2892 3436 3182 3492 consilium
3237 3437 3538 3490 Chascares
3573 3443 3634 3489 ut

2044 3541 2100 3588 et
2145 3533 2323 3586 audax
2382 3531 2612 3584 nimium
2643 3539 2701 3584 et
2730 3543 2920 3598 parum
2977 3529 3234 3597 prudens.
3292 3525 3424 3580 Nam
3471 3537 3524 3579 et
3574 3541 3634 3580 se

359 3631 514 3698 ipsos
570 3628 1052 3698 praesentissimum
1113 3628 1359 3683 adituros
1412 3626 1708 3683 discrimen
1751 3626 1800 3682 si
1844 3627 1947 3680 hoc
1984 3625 2247 3684 facerent,
2293 3631 2345 3678 et
2432 3633 2612 3677 tamen
2659 3622 2727 3677 iis
2803 3635 2942 3690 quos
2995 3629 3270 3674 servatum
3315 3620 3452 3673 irent
3499 3608 3634 3672 nihil

357 3721 705 3791 profuturos,
751 3721 948 3789 quippe
974 3735 1099 3774 cum
1171 3719 1225 3773 in
1259 3734 1415 3788 aequa
1481 3718 1796 3788 patentique
1859 3717 2102 3786 planitie,
2127 3729 2185 3771 ut
2210 3725 2324 3770 tum
2395 3721 2571 3777 erant,
2609 3712 2800 3782 positis
2826 3711 3100 3781 peditibus
3125 3709 3387 3766 adversus
3417 3710 3630 3781 equites

355 3817 594 3887 iaculari
645 3815 789 3870 haud
840 3824 984 3870 esset
1019 3814 1352 3869 consultum.
1396 3813 1502 3869 Sed
1548 3814 1595 3870 si
1640 3813 1770 3882 quid
1811 3814 1947 3868 mihi
2018 3811 2220 3876 credis,
2251 3810 2348 3874 ait,
2385 3807 2604 3878 quando
2673 3821 2782 3860 non
2835 3806 2995 3876 longe
3019 3804 3088 3859 ab
3116 3803 3224 3859 illis
3268 3819 3408 3872 quas
3454 3803 3632 3857 cernis

359 3912 466 3965 via:
526 3911 794 3979 angustiis
847 3909 1135 3974 distamus,
1184 3924 1249 3963 eo
1292 3909 1459 3964 simul
1535 3909 1977 3978 pervenerimus,
2051 3906 2449 3963 exscendemus
2479 3918 2544 3957 ex
2570 3902 2726 3972 equis
2769 3899 3092 3971 fortiterque
3149 3899 3536 3970 pugnabimus,
3570 3913 3633 3952 ac

360 4009 467 4066 sic,
515 4015 568 4059 et
616 4005 806 4058 honori
859 4005 1036 4074 gentis
1085 4013 1140 4058 et
1186 4004 1347 4059 saluti
1399 4004 1747 4059 dominorum
1788 4005 1956 4060 simul
1989 4003 2362 4061 consulemus.

435 4095 528 4162 ιγ’.
560 4091 747 4146 Ταῦτα
773 4095 801 4144 6
831 4093 1128 4163 Χαεκάρης
1177 4092 1384 4160 ἔλεγεν.
1420 4091 1480 4144 Ὀ
1525 4092 1583 4145 δὲ
1644 4092 1943 4164 ’Δραϐἀτης

2122 4093 2212 4148 13.
2243 4090 2392 4146 Talia
2436 4088 2759 4144 Chascares.
2793 4087 2864 4141 At
2891 4086 3153 4141 Arahates
3195 4084 3482 4141 barbarico
3506 4102 3631 4143 cum

364 4184 727 4257 βαρϐαρικῶς
753 4185 832 4247 είς
867 4183 1030 4236 αὐτὸν
1061 4183 1356 4253 ἐξυϐρίσας
1409 4183 1575 4247 εὐθὺς
1627 4184 1723 4236 τοῦ
1774 4185 1943 4238 ἵππου

2048 4185 2296 4244 convicio
2324 4182 2576 4252 rejiciens
2602 4180 2798 4250 raptim
2831 4193 2972 4249 equo
3001 4177 3225 4243 desiliit,
3244 4185 3298 4232 et
3320 4177 3410 4232 ubi
3435 4175 3632 4246 ﬂagelli

361 4279 569 4345 ἀπέϐη,
602 4277 694 4329 καὶ
710 4279 776 4347 τῇ
812 4279 1038 4346 μάστιγι
1076 4277 1264 4330 τοῦτον
1295 4277 1504 4347 πλήξας
1529 4275 1672 4329 ὥστε
1714 4276 1943 4332 ἕπεσθαι

2046 4277 2270 4330 verbere
2321 4271 2672 4340 contemptim
2720 4257 3093 4324 admonuisset
3145 4268 3499 4331 Chascarem,
3528 4267 3633 4322 iret

360 4373 481 4433 τοῖς
512 4369 791 4433 ἀπιοῦσιν,
840 4370 1002 4431 αὐτὸς
1045 4369 1250 4439 ἤμυνεν
1285 4369 1342 4421 ὲν
1371 4371 1436 4438 τῇ
1486 4369 1720 4423 πεδιάδι.
1768 4371 1832 4422 Oi.
1885 4369 1943 4422 δὲ

2045 4368 2090 4423 si
2136 4365 2292 4419 vellet
2334 4379 2460 4418 cum
2520 4362 2876 4432 fugientibus,
2913 4360 3027 4430 ipse
3075 4375 3317 4430 pugnare
3357 4375 3421 4414 ex
3471 4360 3634 4428 plano

361 4461 602 4529 Τοὗρκοι
632 4458 710 4530 τῷ
742 4460 1026 4530 παραδόξῳ
1054 4460 1155 4528 τῆς
1179 4459 1308 4522 θέας
1332 4459 1777 4530 καταπλαγέντες
1806 4459 1943 4528 ἡπό-

2052 4455 2346 4528 jaeulando
2375 4454 2557 4524 coepit.
2588 4452 2824 4508 Perculit
2852 4452 3130 4522 inopinata
3161 4451 3371 4521 species
3398 4450 3628 4514 Turcos,

372 4570 503 4620 ρουν
529 4553 556 4605 ὃ
583 4568 638 4602 τι
671 4551 763 4603 καὶ
808 4549 892 4620 εἴη
927 4551 989 4602 τὸ
1038 4549 1339 4620 δρώμενον.
1385 4550 1570 4620 Βραχὺ
1617 4551 1746 4618 γνῠν
1791 4549 1943 4619 βέλος

2055 4561 2111 4605 ut
2143 4549 2436 4619 aliquando
2472 4548 2739 4602 haererent
2764 4545 2934 4616 ignari
2972 4544 3099 4614 quid
3129 4559 3214 4599 res
3243 4553 3415 4599 esset:
3451 4552 3630 4598 stante

363 4640 516 4713 εἶχεν
540 4645 600 4696 ἐν
624 4645 691 4714 τῇ
726 4642 889 4713 χειρί.
919 4643 1024 4695 Τὸν
1050 4641 1180 4708 γοῦν
1206 4641 1440 4712 πρώτως
1495 4642 1724 4696 ἐπιόντα
1762 4640 1949 4712 βάλλει

365 4733 514 4784 κατᾶ
544 4730 655 4782 τῶν
681 4732 918 4800 στέρνων
947 4729 1024 4799 τῷ
1053 4729 1218 4800 όῖστῷ
1247 4730 1343 4782 καὶ
1367 4730 1529 4792 εὐθὺς
1558 4731 1750 4783 τοῦτον
1779 4745 1952 4783 κατα-

366 4822 558 4875 ϐαλλει
585 4819 679 4873 τοῦ
707 4821 895 4874 ίππου.
930 4820 1115 4888 Ἀφεὶς
1141 4819 1197 4871 δέ
1226 4836 1310 4882 τις
1336 4819 1486 4888 βέλος
1536 4819 1721 4888 βάλλει
1756 4820 1948 4872 τούτου

363 4916 468 4983 τὴν
525 4912 707 4977 δεξιάν
747 4928 762 4940 ·
797 4913 826 4965 ό
873 4911 918 4964 δ’
971 4910 1180 4963 ἐκεῖθεν
1207 4910 1268 4962 τὸ
1298 4909 1452 4980 βέλος
1501 4910 1742 4974 ἑλκύσας
1795 4911 1946 4981 αὐτῷ

362 5006 544 5076 τούτῳ
584 5005 675 5058 τὸν
727 5004 1021 5076 βάρϐαρον,
1071 5001 1322 5072 καθάπερ
1365 5004 1392 5055 6
1439 5003 1704 5073 Βρασίδας
1753 5001 1946 5066 πάλαι,

359 5098 636 5170 ἠμύνατο.
657 5097 721 5151 Οί
745 5097 872 5165 γοῦν
918 5095 1194 5166 Βάρϐαροι
1225 5095 1503 5158 δείσαντες
1527 5085 1697 5148 αὐτού
1719 5094 1781 5148 τὸ
1818 5112 1946 5164 γεν-

360 5193 516 5245 ναῖον
540 5188 717 5260 βραχύ
749 5206 801 5241 τι
830 5189 1022 5242 τούτου
1056 5188 1366 5257 διέστησαν.
1397 5185 1457 5238 '0
1482 5185 1528 5237 δ’
1562 5185 1747 5249 ἀδείας
1790 5185 1951 5238 λαϐό-

368 5301 536 5355 μενος
586 5284 681 5335 ὲπί
727 5299 779 5334 τι
831 5280 1103 5350 δωμάτιον
1151 5277 1404 5332 ἀνέϐαινε
1445 5277 1700 5329 κάκεῖθεν
1749 5276 1950 5339 αὐτοὺς

363 5381 477 5438 τοῖς
516 5375 838 5445 τοξεύμασιν
865 5373 1078 5452 ἔϐαλλε,
1102 5372 1200 5425 καὶ
1231 5370 1359 5432 τοὺς
1391 5369 1611 5432 λοιποὺς
1655 5364 1802 5438 εἶχον
1849 5369 1950 5439 ήδη

364 5469 438 5520 τὰ
470 5465 720 5518 στενωπᾶ
757 5463 869 5516 τῶν
898 5462 1133 5533 χωρίων.
1173 5460 1581 5522 Καταλιπόντες
1614 5460 1706 5514 οὖν
1744 5462 1950 5514 ἐκεῖνον

364 5561 416 5611 οἱ
446 5556 720 5626 Βάρϐαροι
749 5555 891 5625 μετὰ
927 5553 1297 5624 σφοδροτάτης
1323 5553 1503 5622 ῥύμης
1533 5553 1762 5614 ἐκείνοις
1792 5551 1950 5623 ἐπῄε-

369 5666 492 5703 σαν.
525 5647 583 5700 Ὀ
613 5648 671 5700 δὲ
716 5647 1002 5716 Κομνηνὸς
1045 5644 1280 5709 Ἀλέξιος
1332 5642 1678 5712 ὑποστρέψας
1711 5643 1805 5707 ξὺν
1838 5643 1950 5695 ἁλί-ς

368 5757 488 5807 γοις
524 5739 630 5792 τῶν
665 5737 805 5806 ἀμφ’
835 5737 1000 5789 αὐτὸν
1029 5735 1242 5806 πρῶτος
1272 5735 1368 5787 ἕνα
1408 5733 1616 5787 τούτων
1658 5735 1945 5789 κατέϐαλε.

371 5832 466 5884 Κα’
508 5832 535 5884 ὀ
558 5830 884 5900 Χασκὰρης,
913 5827 975 5881 οὗ
1005 5826 1218 5898 πρῶτον
1248 5828 1276 5878 ὁ
1304 5826 1459 5893 λόγος
1493 5825 1760 5896 ἐμνήσθη,
1807 5824 1949 5880 κατὰ

2052 4645 2288 4699 Arabate
2310 4657 2374 4696 ac
2399 4642 2561 4696 breve
2581 4639 2748 4696 telum
2781 4653 2944 4693 manu
2982 4647 3219 4700 tenente,
3243 4652 3352 4708 quo
3371 4638 3632 4691 audacter

2055 4750 2187 4790 usus
2233 4737 2287 4786 in
2341 4732 2447 4802 72
2499 4731 2734 4800 primum
2789 4729 3028 4797 equitem
3087 4728 3382 4782 irruentem
3438 4733 3628 4780 contra

2052 4841 2174 4880 eum
2208 4831 2425 4892 pectore
2457 4820 2778 4876 transfixum
2811 4835 2877 4872 ex
2899 4833 3040 4888 equo
3071 4817 3274 4887 dejicit.
3312 4815 3408 4871 Hic
3433 4817 3630 4886 aliquis

2054 4913 2210 4966 Alani
2239 4912 2518 4966 dexteram
2555 4909 2739 4977 jaculo
2789 4905 3010 4974 trajicit.
3045 4907 3114 4959 At
3141 4905 3230 4960 ille
3266 4914 3568 4960 extractum
3600 4921 3632 4961 θ

2053 5004 2276 5056 vulnere
2332 5001 2495 5054 telum
2527 5001 2581 5053 in
2612 4995 3117 5064 auctoremfrejicit
3144 5004 3197 5049 et
3222 4997 3514 5051 barbarum
3543 4998 3632 5067 ja-

2053 5095 2350 5148 culatorem
2392 5106 2489 5146 sua
2539 5089 2725 5158 ipsius-
2764 5087 3008 5156 cuspide,
3057 5094 3116 5140 ut
3169 5085 3426 5142 Brasidas
3464 5087 3630 5154 olim,

2054 5196 2318 5253 generose
2361 5182 2507 5234 ultus
2532 5187 2630 5234 est.
2663 5176 2759 5232 His
2797 5177 3183 5246 experimentis
3220 5187 3502 5248 perspecta
3530 5178 3632 5232 viri

2055 5273 2372 5331 fortitudine
2405 5271 2624 5338 paulum
2655 5269 2722 5323 ab
2751 5279 3222 5324 eorecesserunt.
3256 5271 3322 5322 At
3359 5271 3405 5324 is
3434 5285 3634 5340 oppor-

2056 5365 2284 5419 tunitate
2334 5363 2510 5417 oblata
2558 5377 2749 5416 secure
2800 5374 2930 5414 usus
2967 5359 3020 5412 in
3056 5359 3442 5415 dumunculam
3491 5361 3633 5416 forte

2053 5460 2358 5526 proximam
2411 5452 2726 5508 conscendit
2747 5464 2800 5504 et
2823 5450 2947 5503 inde
2978 5450 3097 5503 loco
3132 5450 3379 5519 superior
3411 5449 3630 5504 certiori

2050 5547 2380 5618 jaculatione
2430 5544 2638 5599 Turcos
2687 5541 2996 5597 infestabat.
3032 5540 3136 5593 Alii
3174 5543 3285 5609 jam
3329 5541 3544 5593 interim
3575 5540 3630 5593 in

2056 5640 2335 5709 angustias
2389 5645 2692 5700 evaserant,
2726 5651 2895 5705 quare
2926 5634 3087 5687 Turri
3131 5633 3232 5688 hoc
3269 5633 3497 5695 omisso,
3530 5636 3630 5686 im-

2054 5740 2180 5800 petu
2220 5729 2523 5785 vehementi
2570 5729 2624 5782 in
2672 5743 2766 5782 eos
2816 5726 3114 5779 irruerunt.
3175 5723 3277 5777 Sed
3317 5721 3631 5779 Cotnnenus

2055 5821 2276 5881 Alexius
2307 5820 2538 5877 obverso
2573 5819 2629 5874 in
2660 5833 2754 5876 eos
2783 5817 2930 5872 vultu
2961 5831 3082 5871 cum
3115 5811 3460 5870 familiarium
3494 5829 3628 5883 pau-

2587 5905 2600 5931 \
