4154 6438
563 385 669 466 ιιε

1760 402 2182 463 NICEPHOR‘I
2225 404 2596 464 BRYENNII

3713 407 3816 473 lib

557 517 639 573 cis
664 515 874 586 primus
907 528 972 570 ex
1007 527 1064 570 ..s
1092 527 1258 569 unum
1300 512 1518 583 dejecit,
1539 522 1595 568 et
1616 514 1942 582 Chascares,
1983 517 2142 586 cujus

2260 517 2353 569 τῶν
2384 515 2740 586 μεταφρένων
2769 517 3005 586 ετρωσεν
3031 517 3237 587 ιτερον.
3266 517 3421 588 Φόϐῳ
3447 512 3542 572 οὖν
3597 522 3821 591 μεγάλῳ

562 610 726 662 modo
759 605 1130 672 meminimus,
1170 605 1428 676 fugientis
1456 604 1679 662 alterius
1714 617 1862 678 terga
1899 609 2141 664 conlixit-

563 702 700 757 Ilinc
746 716 943 769 magno
996 709 1259 770 concepto
1313 709 1457 756 metu
1499 703 1743 758 dimissis
1792 703 1926 772 ipsis
1975 701 2140 756 'l'urci

561 794 904 849 recedebant.
936 791 1115 849 Nostri
1151 808 1277 847 vero
1305 794 1646 863 aliquantum
1703 794 1980 864 progressi
2001 793 2147 848 desi-

560 885 750 939 lientes
771 900 833 938 ex
859 889 1016 954 equis
1045 884 1098 938 in
1127 885 1246 938 loco
1274 894 1470 939 natura
1497 885 1708 939 munito
1730 885 2141 940 tabernaculum

563 977 752 1046 figunt.
791 975 976 1046 quue
1001 975 1116 1045 jam
1149 985 1309 1032 nocte
1356 976 1637 1048 ingruente
1663 978 1755 1045 qui
1789 975 2144 1030 esseenderat

559 1082 702 1137 equo
752 1066 960 1122 Alanus
1002 1081 1123 1122 sese
1176 1067 1361 1122 salvus
1415 1067 1633 1137 recepit.
1695 1065 1896 1136 Sicque
1951 1079 2146 1120 omnes

561 1159 764 1226 pariter
797 1158 996 1213 servati
1036 1167 1187 1220 sunt,
1224 1157 1374 1212 nullo
1413 1171 1588 1228 neque
1635 1166 1794 1225 capto
1833 1169 2012 1226 neque
2055 1170 2148 1210 oe-

560 1247 695 1313 ciso,
737 1247 933 1304 salutis
973 1248 1213 1303 universi
1245 1262 1310 1302 ac
1343 1245 1541 1317 singuli
1587 1247 1818 1318 propria:
1862 1257 2142 1301 auctorem

562 1354 629 1394 ac
666 1341 1001 1410 provisoretn
1055 1338 1460 1394 eonelamantes
1499 1352 1827 1409 generosum
1869 1337 2140 1392 Alexium.

563 1430 694 1484 Inde
718 1439 914 1499 quarta
938 1429 1025 1483 die
1063 1429 1114 1482 in
1144 1428 1332 1483 urbem
1377 1428 1583 1498 regiam
1620 1427 1995 1498 pervenientes
2023 1441 2147 1496 quae

561 1520 905 1590 contigerant
944 1534 1040 1589 per
1071 1518 1350 1574 civitatem
1379 1517 1672 1588 vulgarunt
1725 1515 2143 1587 gratulationem

561 1612 852 1682 insperatae
877 1610 1207 1667 liberationis
1224 1625 1337 1665 sum
1358 1625 1481 1665 cum
1506 1610 1738 1666 summis
1760 1609 2147 1678 aureijuvenis

560 1706 734 1761 Alexii
766 1706 1018 1762 laudibus
1067 1706 1383 1772 miscentes,
1423 1704 1512 1759 cui
1537 1719 1656 1758 eam
1693 1704 1745 1758 in
1778 1703 2014 1758 solidum
2076 1703 2409 1758 tribuebant.
2445 1703 2605 1760 Unde
2671 1704 2876 1759 factum
2931 1713 3014 1769 ut,

2247 606 2622 676 συσχεθέντες,
2651 607 2879 676 ἀφέντες
2913 607 3112 670 αὐτοὺς
3167 607 3496 678 ἀνεχώρουν.
3530 610 3593 663 01
3615 610 3672 662 δὲ
3704 611 3804 663 ὀλί-

2243 714 2339 765 γον
2393 697 2732 767 βαδίσαντες,
2785 697 3090 760 ἀποϐάντες
3145 700 3254 752 τῶν
3308 699 3493 754 ἵππων
3531 701 3592 753 ὲν
3634 701 3822 774 όχυρῷ

2241 790 2426 860 χωρίῳ
2459 790 2742 858 ἐσκήνουν.
2774 789 2988 852 Νυκτὸς
3013 790 3058 842 δ’
3080 791 3470 861 ἐπιγενομένης
3508 793 3600 845 καὶ
3630 792 3658 844 6
3685 795 3822 863 πρὶν

2241 881 2452 944 ἀποϐὰς
2485 881 2575 934 τοῦ
2602 882 2769 935 ῐππου
2800 883 3019 946 ’Λλανδς
3049 882 3184 953 πρὸς
3202 883 3400 946 αὐτοὺς
3416 883 3819 953 κατελάμϐανε.

2244 970 2354 1025 Καὶ
2385 971 2583 1034 πάντες
2632 973 2767 1042 ὁμοῦ
2811 972 3171 1042 διεσώθησαν,
3224 973 3351 1043 μήθ’
3407 973 3631 1037 ἁλόντος
3685 977 3826 1045 μήτε

2243 1064 2495 1127 θανόντος
2526 1063 2690 1125 τινός.
2715 1066 2778 1116 Ol
2811 1064 2870 1117 δὲ
2901 1064 3166 1127 σωθέντες
3200 1064 3443 1127 ἅπαντες
3475 1065 3696 1135 σωτῆρα
3726 1069 3827 1120 καὶ

2245 1156 2520 1227 κηδεμόνα
2546 1155 2640 1209 τὸν
2674 1155 2840 1210 καλὸν
2869 1157 3226 1226 ἑπευφήμουν
3261 1155 3520 1219 Ἀλέξων.
3565 1155 3659 1208 Ἐκ
3691 1158 3830 1225 τῆσ-

2248 1246 2305 1299 δε
2332 1241 2428 1300 οὖν
2455 1246 2760 1316 τεταρταῖοι
2793 1245 2892 1316 τὴν
2914 1244 3159 1315 βασιλίδα
3180 1245 3267 1316 [Ρ.
3295 1245 3388 1317 5|]
3421 1244 3831 1308 καταλαϐόντες

2244 1337 2312 1390 τὰ
2339 1335 2623 1406 συμϐάντα
2644 1337 2819 1390 πάντα
2844 1338 2957 1398 τοῖς
2985 1336 3044 1388 έν
3068 1337 3135 1406 τῇ
3163 1335 3321 1388 πόλει
3351 1336 3697 1406 ἀπήγγειλαν
3728 1337 3830 1388 καὶ

2245 1429 2322 1490 ὼς
2349 1427 2571 1480 πάντων
2606 1425 2789 1497 σωτὴρ
2834 1425 3047 1495 γένοιτο
3079 1426 3110 1478 6
3135 1424 3370 1496 χρυσοῦς
3419 1425 3638 1488 νεανίας
3671 1426 3830 1478 Ἀλέ-

2249 1518 2379 1582 ξιος.
2421 1517 2531 1572 Kal
2566 1517 2787 1571 tman
2817 1516 3056 1588 περιῄει,
3102 1517 3358 1570 συνέθεον
3389 1518 3628 1581 ἅπαντες
3671 1532 3831 1587 σκιρ-

2246 1609 2448 1672 τῶντες
2477 1609 2662 1680 ὥσπερ
2691 1609 2787 1662 ἐπὶ
2815 1611 2930 1672 τοις
2959 1607 3151 1662 τούτου
3181 1607 3640 1678 πλεονεκτήμασι.

3085 1717 3210 1759 cum
3250 1705 3363 1773 ipse
3395 1718 3516 1758 mox
3549 1719 3608 1759 se
3643 1703 3834 1758 viden-

561 1801 692 1856 dum
758 1802 1006 1871 przebuit,
1078 1809 1466 1855 concurrerent
1531 1799 1734 1868 passim
1783 1813 1976 1851 omnes
2041 1799 2404 1853 exsultatione
2439 1799 2595 1863 mira,
2667 1813 2766 1853 nec
2836 1797 3042 1867 expleri
3089 1799 3291 1852 tuendo
3344 1807 3399 1853 et
3450 1797 3834 1867 applandundo

564 1902 790 1962 possent
826 1901 1016 1947 :tanta
1051 1900 1208 1945 erant
1241 1889 1603 1945 admiratione
1635 1887 1775 1958 capti
1810 1889 2044 1942 heroicae
2073 1888 2271 1943 indolis
2314 1890 2748 1959 eximiarumque
2775 1888 3142 1943 adolescentis
3175 1889 3366 1959 optimi
3411 1890 3625 1943 dotum.

633 2079 739 2150 73
781 2079 863 2134 ﬂ.
894 2077 1018 2133 llaec
1055 2076 1272 2147 quidem
1299 2077 1352 2129 in
1390 2077 1536 2130 hunc
1569 2076 1788 2129 modum
1833 2084 1952 2128 acta
1983 2082 2135 2128 sunt.
2189 2082 2230 2138 Β

567 2173 635 2224 At
666 2169 912 2225 Urselius
963 2169 1163 2222 fiducia
1210 2177 1425 2236 sumpta
1467 2165 1781 2230 infestabat,
1835 2180 1956 2234 quae
2010 2167 2151 2218 inter

568 2257 836 2314 Galatiam
899 2267 954 2312 et
985 2256 1311 2327 Lycaoniam
1356 2257 1474 2310 sitae
1511 2257 1672 2310 urbes
1713 2270 1776 2308 ac
1809 2269 1998 2324 pagos,
2051 2255 2151 2309 has

569 2352 790 2420 quidem
823 2349 874 2404 vi
911 2360 1153 2413 vastans,
1189 2348 1326 2401 alias
1345 2346 1703 2402 suasionibus
1736 2346 1789 2398 in
1810 2345 2146 2399 deditionem

572 2442 818 2506 trahens,
860 2440 1154 2494 nonnullas
1209 2447 1357 2493 certa
1405 2437 1634 2507 pecunia
1701 2435 1903 2502 pacisci
1963 2450 2147 2490 secum

571 2546 725 2588 metu
775 2532 946 2588 cladis
997 2547 1062 2586 ac
1115 2531 1433 2600 rapinarum
1490 2543 1713 2598 cogens.
1754 2527 2151 2595 Crescebatqne

571 2625 940 2691 successibus,
965 2625 1155 2692 utjam
1201 2621 1420 2676 tolerari
1447 2636 1511 2675 ae
1541 2620 1713 2674 teneri
1748 2619 1832 2673 vis
1874 2620 1994 2689 ejus
2025 2634 2143 2671 am-

569 2717 714 2787 plitts
763 2715 1032 2783 nequiret.
1081 2711 1253 2766 Porro
1305 2711 1408 2766 sub
1441 2709 1603 2765 finem
1649 2709 1842 2763 hiemis
1865 2709 2050 2763 Caesar
2084 2725 2149 2762 ex

569 2808 700 2862 Asia
740 2808 794 2862 in
842 2807 1022 2863 aulam
1058 2807 1467 2874 imperatoriam
1523 2804 1685 2859 rediit
1737 2813 1792 2858 et
1830 2803 2148 2874 imperatori

571 2899 819 2956 assidens
861 2899 1065 2953 utiliter
1093 2898 1278 2952 aderat
1301 2899 1505 2967 optima
1537 2912 1766 2966 quaeque
1796 2896 2037 2950 suadens
2083 2894 2151 2947 ad

573 3002 774 3046 rectam
811 2990 1124 3060 reipublicae
1155 2988 1608 3058 gubernationem
1647 3006 1658 3042 :
1694 3003 1759 3042 ac
1812 2988 1906 3042 ubi
1957 3001 2154 3041 causas

571 3091 964 3155 cognosceret,
999 3081 1328 3136 sententiam
1367 3081 1484 3150 ipse
1520 3080 1848 3149 suggerebat
1879 3077 2152 3133 defectum

572 3174 839 3244 principis
881 3172 1025 3242 juris
1053 3171 1228 3240 ignari
1285 3170 1571 3240 suppletis.
1632 3168 1834 3224 Verum
1869 3170 1971 3224 boc
2002 3169 2154 3238 logo-

573 3266 740 3319 theta;
789 3278 898 3317 non
937 3262 1206 3332 placebat.
1253 3260 1435 3327 Quare
1459 3275 1675 3315 omnem
1707 3260 1916 3325 funem,
1939 3276 2155 3315 omnem

575 3353 814 3424 lapidem
847 3352 1102 3407 movebat
1135 3351 1200 3405 ad
1232 3367 1357 3406 eum
1399 3367 1728 3422 quacunque
1762 3353 1970 3406 ratione
1992 3365 2155 3421 quam

2335 2077 2415 2128 ιδ’.
2453 2075 2637 2128 Ταῦτα
2708 2075 2810 2145 μὲν
2850 2073 3038 2127 τοῦτον
3072 2073 3325 2144 ἐπράχθη
3355 2072 3446 2126 τὸν
3469 2073 3690 2144 τρόπον·
3715 2075 3744 2125 6
3772 2073 3835 2126 δὲ

2251 2170 2325 2223 Οὐ
2333 2171 2541 2239 ρσέλιος
2560 2169 2740 2232 ἀδείας
2757 2169 3053 2239 λαϐόμενος
3071 2168 3285 2240 περιῄει
3304 2168 3404 2230 τάς
3425 2167 3628 2237 μεταξὺ
3656 2167 3836 2222 Γαλα-

2250 2262 2368 2324 τίας
2400 2263 2494 2315 καὶ
2521 2260 2830 2323 Λυκαονίας
2862 2259 3056 2329 κώμας
3103 2262 3199 2313 καὶ
3233 2258 3440 2324 πόλεις,
3473 2262 3566 2313 καὶ
3595 2260 3695 2324 τὰς
3729 2262 3838 2331 μὲν

2251 2353 2495 2424 ἐπόρθει,
2532 2355 2631 2416 τὰς
2667 2354 2725 2406 δὲ
2765 2351 2947 2405 πειθοῖ
2983 2352 3164 2423 ἑαυτῷ
3209 2353 3473 2422 παρίστα,
3524 2353 3589 2404 ὲκ
3631 2353 3687 2404 δὲ
3721 2353 3840 2404 τῶν

2251 2447 2510 2516 χρήματα
2557 2445 2942 2514 είσπράττετο.
3000 2445 3113 2498 Kal
3152 2443 3318 2506 πολὺς
3351 2439 3420 2513 ἦν
3449 2444 3549 2514 ἤδη
3605 2444 3702 2496 καὶ
3733 2445 3842 2514 τὴν

2250 2538 2426 2607 ὁρμὴν
2466 2536 2860 2605 ἀκατάσχετος.
2908 2537 3070 2607 Ἀρτι
3111 2535 3168 2588 δὲ
3215 2535 3307 2588 τοῦ
3347 2535 3616 2605 χειμῶνος
3637 2535 3842 2604 λήξαν-

2251 2646 2342 2690 τος
2392 2627 2487 2681 καὶ
2528 2629 2556 2681 6
2621 2628 2839 2698 Καῖσαρ
2881 2628 2944 2679 ἐκ
3000 2627 3100 2696 τῆς
3131 2626 3320 2689 Ἀσίας
3361 2627 3536 2696 είτῄει
3588 2627 3722 2698 πρδς
3766 2628 3840 2681 τὰ

2256 2719 2503 2789 βασίλεια
2537 2758 2552 2783 ,
2614 2718 2706 2770 καὶ
2758 2717 2835 2786 τῷ
2885 2715 3099 2786 βασιλεῖ
3149 2717 3486 2787 συνεδρεύων
3538 2716 3735 2786 ὡμίλει
3773 2734 3839 2770 τε

2254 2810 2576 2880 πρεπόντως
2623 2811 2718 2862 καὶ
2775 2809 2844 2862 τά
2889 2809 3044 2863 κοινὰ
3109 2809 3416 2880 συνδιώκει.
3462 2810 3570 2862 Καὶ
3617 2809 3843 2862 ἐπειδὰν

2253 2903 2517 2968 δικάσειε,
2542 2903 2642 2966 τὰς
2671 2901 2886 2972 ψήφους
2917 2903 3126 2964 ἐκεῖνος
3152 2902 3400 2970 ἀπέφηνε
3429 2901 3532 2970 τῆς
3569 2901 3844 2970 βασιλέως

2257 2995 2513 3064 ἀπειρίας
2559 2994 2622 3046 τὸ
2655 2993 2831 3046 ἐνδέον
2880 2993 3228 3062 ἀναπληρῶν.
3287 2993 3429 3045 Ἀλλ’
3475 2993 3575 3044 οὐκ
3627 2994 3840 3063 ἤρεσκε

2255 3086 2414 3140 τοῦτο
2454 3087 2532 3154 τῷ
2553 3085 2833 3156 λογοθέτῃ.
2867 3085 3052 3154 Ταύτη
3075 3101 3157 3137 τοι
3183 3085 3278 3138 καὶ
3303 3086 3480 3138 πάντα
3514 3086 3714 3155 τρόπον
3734 3089 3845 3138 έπ-

2258 3183 2459 3233 ενοεῖτο
2484 3181 2578 3232 καὶ
2611 3179 2789 3231 πάντα
2823 3176 3006 3230 κάλων
3046 3176 3222 3230 ἐκίνει
3254 3179 3405 3242 ὅπως
3434 3177 3622 3232 τοῦτον
3639 3176 3845 3230 θᾶττον

2259 3271 2734 3342 ἀποσκευάσηται.
2791 3269 2945 3322 Ἐπεὶ
2978 3269 3034 3322 δὲ
3089 3269 3192 3322 οὐκ
3225 3265 3294 3340 ἦν
3337 3270 3560 3340 εὐχερὲς
3591 3269 3739 3338 αὖτῷ
3777 3269 3846 3322 τὸ

2259 3363 2532 3434 βούλημα,
2573 3362 2709 3430 μετά
2740 3359 2848 3412 τῶν
2879 3360 3049 3428 φίλων
3085 3359 3560 3424 συνδιεσκέπτετο,
3591 3358 3684 3411 τὸν
3711 3375 3845 3412 και-

575 3445 816 3512 primum
852 3444 978 3498 inde
1022 3443 1412 3498 amovendum.
1465 3444 1737 3510 Quoniam
1773 3453 1952 3498 autem
2004 3445 2156 3499 solus

2266 3455 2357 3525 ρδν
2387 3454 2433 3508 δ’
2459 3452 2602 3523 ὁρῶν
2636 3452 2716 3506 ἔτι
2750 3453 3076 3523 τριϐόμενον
3119 3452 3414 3524 διεπρίετο·
3449 3451 3701 3505 ἐϐούλετο
3727 3453 3848 3520 γὰρ

577 3540 692 3605 ipse
709 3553 804 3605 per
832 3551 890 3590 se
919 3535 1140 3590 modum
1166 3533 1516 3589 conﬁcienda:
1549 3535 1623 3588 rei
1663 3548 1773 3588 non
1806 3533 2151 3602 expediebat,

581 3641 708 3681 cum
771 3627 965 3680 amicis
1015 3625 1365 3679 consultabat
1416 3624 1546 3694 quid
1593 3633 1737 3678 esset
1788 3638 1925 3693 opus
1976 3623 2162 3678 facto?-

580 3721 730 3786 Quas
756 3719 898 3773 inter
922 3732 1106 3773 moras
1137 3716 1355 3770 efﬂuere
1391 3727 1605 3784 tempus
1629 3724 1682 3770 et
1726 3717 1865 3770 elabi
1911 3717 2158 3772 occasio-

583 3826 709 3865 nem
762 3809 953 3864 videns
1009 3809 1346 3879 ringehatur.
1393 3805 1540 3862 Nihil
1593 3809 1736 3862 enim
1780 3808 2160 3861 vehementius

583 3904 828 3970 optabat,
858 3916 1022 3972 quam
1055 3901 1266 3956 solutus
1294 3908 1438 3954 metu
1467 3899 1680 3952 molesti
1719 3898 1912 3952 arbitri
1949 3897 2161 3968 simpli-

584 3994 746 4048 citate
780 3991 1126 4063 imperatoris
1160 3992 1226 4045 ad
1258 4007 1417 4046 suum
1449 4000 1718 4061 quastum
1755 4005 1946 4045 secure
1981 3990 2156 4044 abuti.

585 4086 667 4139 Ad
721 4095 1028 4140 extremum
1060 4099 1183 4137 cum
1233 4084 1338 4136 alia
1389 4082 1596 4136 frustra
1642 4083 1825 4136 Omnia
1873 4091 2159 4146 tentasset,

588 4187 823 4232 mentem
852 4175 1078 4245 appellit
1134 4175 1200 4229 ad
1238 4175 1525 4229 consilium
1576 4190 1680 4228 non
1711 4184 1950 4229 astutum
1990 4173 2162 4244 magis

587 4284 751 4338 quam
789 4266 1120 4337 profundum
1145 4275 1199 4319 et
1233 4265 1560 4334 improbum.
1593 4263 1840 4319 lnsinuat
1868 4282 1925 4319 se
1960 4265 2026 4319 ad
2076 4266 2162 4317 in-

589 4370 809 4416 cautum
833 4367 887 4414 et
913 4359 1076 4412 ductu
1102 4357 1315 4410 facilem
1349 4357 1647 4426 principem
1676 4358 1835 4425 eique
1857 4358 2161 4424 persuadet,

591 4463 650 4507 ut
681 4461 932 4522 patruum
959 4450 1230 4504 Caesarem
1273 4449 1342 4503 ab
1389 4463 1490 4503 suo
1524 4450 1692 4502 latere
1718 4449 2012 4503 amoliatur
2046 4463 2165 4503 mo-

590 4549 832 4613 dumque
890 4543 940 4597 id
997 4542 1362 4610 plausibiliter
1399 4541 1630 4596 faciendi
1683 4542 1944 4611 subjicit,
2004 4542 2051 4596 si
2116 4543 2165 4596 ei

593 4635 948 4708 persuadeat,
981 4643 1042 4688 ut
1099 4635 1499 4703 expeditionem
1557 4633 1823 4688 adversus
1855 4633 2164 4697 Urselium,

592 4746 704 4784 rem
734 4727 981 4784 videlicet
1010 4727 1110 4796 ipsi
1135 4726 1445 4796 gloriosam,
1474 4726 1757 4794 suscipiat.
1786 4723 1924 4791 Quid
1949 4725 2169 4794 postea?

2259 3543 2352 3597 τοῦ
2405 3543 2463 3608 ἐξ
2503 3543 2716 3597 ἐκείνου
2760 3543 2916 3606 δέους
2968 3543 3356 3612 ἀπαλλαγῆναι
3407 3543 3504 3596 καὶ
3544 3543 3689 3596 οὕτω
3739 3546 3847 3612 τῆς

2261 3632 2526 3702 βασιλέως
2554 3631 2885 3700 ἀϐελτηρίας
2913 3633 3273 3702 κατατρυφᾷν
3300 3632 3492 3695 ἀδεῶς.
3531 3633 3844 3702 Ἀπορήσας

2258 3724 2314 3776 δὲ
2349 3723 2612 3776 πάντοθεν
2643 3722 2838 3793 βουλὴν
2873 3722 3189 3792 βουλεύεται
3219 3723 3280 3776 οὐ
3311 3724 3541 3792 συνετὴν
3582 3723 3782 3793 μᾶλλον
3804 3723 3844 3791 ἦ

2263 3813 2486 3883 βαθεῖαν
2516 3813 2611 3864 καὶ
2647 3811 2917 3883 πονηράν.
2969 3813 3390 3882 ’Υπεισέρχεται
3432 3811 3590 3875 αὖθις
3610 3813 3709 3882 τὴν
3737 3811 3844 3881 βα-

2267 3905 2462 3967 σιλέως
2488 3904 2792 3972 ἁπλότητα,
2826 3904 2924 3958 καὶ
2968 3903 3146 3956 πείθει
3175 3903 3366 3956 τοῦτον
3399 3903 3491 3956 τὸν
3531 3905 3674 3957 θεῖον
3702 3905 3846 3956 ἀπο-

2266 3995 2640 4050 σκευάσασθαι
2668 3996 2950 4064 Καίσαρα,
2991 3998 3085 4048 καὶ
3113 3996 3206 4048 τδν
3237 3996 3436 4060 τρόπον
3457 3996 3620 4048 αὐτὸν
3651 3995 3844 4047 ὑποτί-

2265 4090 2390 4158 θησι
2411 4091 2595 4154 πεῖσαι
2610 4086 2796 4140 τοῦτον
2814 4086 3140 4158 «pars-321a:
3162 4089 3301 4140 κατὰ
3329 4089 3422 4139 τοῦ
3447 4085 3846 4156 ΟὑρσελίουΤΞ

2265 4181 2326 4234 τὸ
2351 4179 2638 4247 ἐντεῦθενς
2665 4179 2916 4233 πείθεται
2937 4182 3050 4243 τοῖς
3069 4181 3260 4233 τούτου
3291 4181 3470 4247 λόγοις
3500 4183 3527 4233 ὁ
3549 4180 3841 4250 βασιλεὺς,

2270 4274 2658 4343 μετακαλεῖται
2707 4273 2798 4326 τὸν
2830 4272 2995 4336 θεῖον,
3031 4272 3094 4325 τὸ
3124 4271 3436 4343 ἀπόρρητον
3479 4270 3846 4339 καταγγέλλει

2269 4363 2499 4434 βραχείᾳ
2527 4366 2622 4416 καὶ
2656 4363 3064 4434 διακεκομμένῃ
3096 4365 3269 4432 φωνῇ·
3315 4362 3458 4415 οὕτω
3487 4364 3595 4431 γὰρ
3635 4362 3842 4431 ὁμιλεῖ-ι

2268 4455 2449 4507 εἰώθει
2501 4454 2912 4525 βραδύγλωςσος
2972 4453 3068 4508 ὧν.
3138 4455 3196 4506 '0
3241 4455 3297 4507 δὲ
3359 4455 3448 4506 τὸν
3503 4454 3717 4524 ,τρόπον
3769 4454 3848 4523 μὴ

2272 4545 2566 4612 ἀγνοήσας,
2604 4543 2759 4607 εἰδὼς
2797 4543 2855 4595 δὲ
2909 4545 3110 4612 μᾶλλον
3160 4543 3254 4596 τοῦ
3297 4563 3358 4596 τε
3416 4545 3754 4614 ὑποθεμένου
3781 4547 3845 4597 τὸ

2271 4636 2576 4704 δύστροπον
2643 4635 2737 4687 καὶ
2777 4633 2872 4685 τοῦ
2907 4634 3226 4696 πεισθέντος
3273 4635 3334 4688 τὸ
3376 4634 3618 4699 εὔκολον,
3651 4635 3848 4705 πρῶτα

2277 4727 2378 4795 μὲν
2415 4727 2529 4777 υἱον
2573 4724 2881 4794 ἐκπέμπειν
2938 4725 3276 4795 Ἀνδρόνικον
3308 4727 3450 4780 κατά
3482 4726 3576 4779 τοῦ
3606 4727 3853 4780 ἀποστά-

594 4822 893 4874 Persuasus
957 4817 1246 4887 logOtheta:
1302 4817 1484 4871 verbis
1543 4816 1841 4884 imperator
1911 4829 2156 4886 patruum

2278 4834 2371 4870 του
2399 4815 2802 4869 συνεϐούλευεν.
2842 4815 2933 4876 Ὠς
2965 4814 3010 4868 δ’
3034 4817 3386 4884 ἐνιστάμενον
3432 4811 3538 4868 εἶδε
3567 4817 3657 4868 τὸν
3693 4815 3852 4884 βασι-

592 4919 750 4964 vocat
794 4910 954 4978 eique
986 4923 1250 4961 arcanum
1287 4906 1461 4976 aperit
1491 4906 1642 4962 brevi
1687 4918 1741 4960 et
1788 4907 1962 4962 incisa
2012 4922 2164 4970 voce,

594 5003 673 5056 sic
717 5001 861 5056 enim
916 5001 1065 5070 loqui
1117 5006 1479 5055 consueverat
1511 4999 1676 5052 homo
1706 4998 1889 5068 lingua
1953 5000 2164 5053 tardus.

595 5091 688 5146 llle
725 5101 904 5145 autem
934 5089 1395 5143 machinationem
1423 5087 1533 5160 7E.
1569 5089 1879 5159 intelligens
1909 5100 1965 5144 et
1983 5092 2166 5144 aemuli

596 5179 990 5236 machinatoris
1050 5179 1223 5234 malas
1277 5188 1421 5232 artes
1456 5180 1681 5249 ejusque
1732 5180 1826 5248 qui
1872 5194 2168 5248 persuasus

597 5274 666 5325 al)
697 5271 785 5324 illo
849 5280 962 5324 erat
1007 5270 1283 5323 incautam
1336 5269 1670 5332 facilitatem,
1717 5271 1914 5324 institit
1962 5271 2168 5338 primo,

598 5375 656 5416 nt
683 5361 1049 5415 Andronicum
1087 5361 1270 5430 potius
1302 5361 1469 5414 (ilium
1499 5362 1552 5414 in
1607 5363 1858 5416 rebellent
1895 5368 2167 5425 mitteret;

597 5466 656 5510 ut
713 5464 895 5507 autem
943 5453 1110 5507 fixum
1160 5453 1214 5506 in
1272 5447 1553 5522 proposito
1603 5455 1986 5523 imperatorem
2040 5455 2174 5508 vidit

597 5546 910 5616 audivitque
962 5546 1028 5600 ad
1075 5556 1378 5600 extremum
1435 5546 1699 5601 dicentem
1741 5566 1754 5601 :
1789 5549 1894 5602 Aut
1925 5563 2010 5601 me
2075 5548 2160 5601 isti

597 5641 739 5693 bello
769 5653 1003 5708 praeesse
1020 5647 1231 5708 oportet
1260 5646 1354 5691 aut
1381 5647 1453 5702 te,
1479 5639 1730 5693 assentiri
1762 5649 1844 5693 est
1876 5647 2104 5694 coactus
2120 5647 2173 5692 ct

601 5732 652 5781 in
699 5737 1018 5799 apparatum
1051 5728 1394 5783 demandatae
1425 5727 1788 5796 expeditionis
1820 5728 2158 5781 incumbere.

596 5820 678 5876 Ad
706 5836 868 5889 quam
907 5828 964 5875 ut
1004 5820 1137 5876 satis
1175 5820 1482 5876 instructus
1517 5819 1666 5875 visus
1700 5828 1801 5886 est,
1860 5820 2059 5888 trajicit
2113 5820 2166 5872 in

2276 4908 2392 4970 λέα,
2426 4908 2518 4959 καὶ
2549 4905 2704 4958 τοῦτο
2747 4904 2897 4966 τέλος
2923 4905 3146 4958 εἰπόντα
3175 4906 3249 4967 ώς
3282 4907 3439 4957 Ἤτοι
3466 4905 3562 4974 ἐμὲ
3597 4906 3702 4976 χρὴ
3727 4907 3851 4957 κατ’

2276 4998 2486 5050 ἐκείνου
2526 4996 2842 5066 στρατεύειν
2883 4995 2914 5066 ἢ
2948 4995 3026 5060 σὲ,
3066 4995 3312 5048 ἐπείθετό
3351 5012 3412 5048 τε
3461 4996 3556 5048 καὶ
3611 4999 3680 5047 τὰ
3712 4997 3852 5065 πρὸς

2275 5089 2376 5160 τὴν
2408 5089 2764 5157 ἐκστρατείαν
2816 5088 2984 5140 αὐτοῦ
3029 5086 3411 5156 ηὐτρεπίζετο.
3449 5087 3604 5140 Ἐπεὶ
3650 5086 3857 5139 δ’ἀποο

2280 5181 2535 5251 χρώντως
2593 5175 2706 5248 εἶχε
2749 5179 2923 5248 τούτῳ
2972 5179 3041 5230 τὰ
3090 5179 3188 5246 τῆς
3240 5181 3620 5247 παρασκευῆς,
3659 5179 3848 5230 διεπε-

2282 5271 2500 5341 ραιοῦτο
2535 5271 2670 5340 πρὸς
2701 5270 2799 5340 τὴν
2836 5270 3022 5322 Ἀσίαν
3058 5269 3151 5321 καὶ
3179 5270 3274 5332 τὰς
3307 5270 3567 5337 δυνάμεις
3603 5269 3854 5335 συνάγων

2279 5362 2504 5432 ἐξώρμα
2536 5361 2671 5432 πρὸς
2717 5361 2995 5430 πολέμιον.
3025 5359 3229 5422 Διαϐὰς
3267 5360 3324 5412 δὲ
3354 5361 3423 5412 τά
3455 5361 3697 5412 Βιθυνῶν
3724 5361 3856 5430 ὅρη,

2279 5453 2468 5521 ἐπειδὴ
2514 5451 2786 5520 ἐμάνθανε
2829 5451 3020 5503 τοῦτον
3057 5450 3188 5519 περὶ
3220 5449 3316 5512 τὰς
3352 5451 3535 5517 πηγὰς
3577 5449 3669 5501 τοῦ
3704 5449 3857 5518 Σαγ-

2278 5542 2472 5612 γαρίου
2515 5541 2991 5608 στρατοπεδεύειν,
3039 5542 3098 5592 τὸ
3125 5541 3418 5610 Δορύλαιον
3448 5541 3656 5594 διελθὸν
3688 5541 3855 5609 ἠπεί-

2277 5651 2404 5702 γετο
2437 5633 2572 5702 πρὸς
2604 5634 2672 5686 τὰ
2702 5633 2904 5703 πρόσω.
2937 5632 3142 5685 Μαθὼν
3170 5633 3226 5686 δὲ
3259 5632 3353 5684 καὶ
3387 5633 3414 5683 ὁ
3448 5632 3722 5701 βάρόαρος
3749 5633 3858 5702 τὴν

2275 5727 2467 5779 τούτου
2500 5725 2708 5794 ἔφοδον,
2746 5724 2912 5777 ἐκίνει
2937 5725 3030 5777 καὶ
3063 5725 3221 5784 αὐτὸς
3247 5724 3346 5786 τὰς
3375 5724 3634 5791 δυνάμεις
3658 5722 3853 5777 αὑτοῦ.

2290 5818 2743 5881 ’Υπαντιάζουτιν
2799 5815 2894 5871 οἷν
2955 5819 3120 5889 ἄμφω
3175 5820 3298 5888 περέ
3325 5818 3410 5890 [Ρ.
3451 5816 3672 5889 ΰ21τὴν
3704 5817 3853 5888 Ζόμ-
