4154 6460
367 403 472 477 117

1581 411 2125 476 HISTORIARUM
2164 416 2316 480 LIB.
2359 417 2447 480 ΙῙ.

3534 420 3634 489 118

367 539 472 575 που
505 517 618 592 (3|)
652 518 1004 593 καλουμένην
1053 519 1299 592 γέφυραν
1323 562 1337 588 ,
1405 523 1498 576 καὶ
1549 523 1947 594 στρατοπεδευ-

2062 527 2244 583 Asiam
2283 536 2338 585 et
2362 528 2546 600 copias
2599 537 2910 588 contractas
2946 531 2998 587 in
3057 532 3273 589 hostem
3307 531 3478 588 ducit.
3522 531 3628 588 Su-

371 614 602 683 σάμενοι
635 611 704 668 τά
749 612 892 684 πρὸς
933 613 1028 668 τὸν
1060 613 1296 684 πόλεμον
1332 612 1678 683 ἐξηρτύοντο.
1707 614 1859 684 ’Ἅμα
1893 615 1950 668 δὲ

369 708 440 777 τῇ
488 704 602 775 Ἕῳ
673 703 776 768 τὰς
817 704 1082 777 δυνάμεις
1137 705 1332 774 ἐξῆγον
1398 705 1494 758 xui.
1547 709 1952 775 παρετάττοντο

371 798 524 852 τόνδε
553 797 644 852 τὸν
671 796 900 870 τρόπον.
940 798 1002 853 Ὀ
1036 798 1137 869 μὲν
1158 800 1377 868 Καῖσαρ
1409 797 1470 850 τὸ
1509 798 1674 868 μέσον
1711 795 1824 868 εἶχε
1852 802 1952 870 τῆς

385 890 714 961 Ῥωμαῖκῆς
754 890 966 956 τάξεως
1000 891 1140 961 ἔχων
1174 891 1296 960 μεθ’
1328 889 1526 945 ἑαυτοῦ
1567 890 1696 954 τοὺς
1719 891 1952 962 ἀσπιδη-

371 981 576 1051 φόρους
645 983 742 1037 καὶ
792 983 1207 1054 πελεκηφόρους
1247 983 1590 1054 Βαρϐάρους,
1643 978 1723 1047 οἷς
1773 986 1806 1053 ή
1846 985 1954 1036 τῶν

373 1074 669 1142 βασιλείων
698 1075 924 1143 ἄνωθενζ
945 1077 1278 1130 πεπίστευτο
1311 1076 1552 1146 φυλακή⁶
1588 1075 1650 1129 τὸ
1695 1074 1868 1142 δεξιὸν
1895 1076 1954 1131 δὲ

372 1165 549 1234 κέρας
581 1165 634 1219 οἱ
667 1159 988 1237 μισθοφόροι
1007 1169 1262 1238 κατεῖχον
1294 1167 1514 1234 Κελτοὶ,
1545 1160 1622 1236 ὧν
1656 1167 1956 1237 προῖστατό

369 1273 459 1320 τις
505 1257 711 1321 Κελτὸς
738 1250 782 1325 ᾧ
814 1257 987 1328 ὄνομα
1016 1260 1234 1323 Πάπαςο
1265 1258 1361 1312 τοῦ
1386 1257 1669 1328 εὐωνύμου
1699 1259 1755 1312 δὲ
1781 1261 1952 1327 κέρα-

370 1366 468 1412 τος
497 1351 530 1402 6
563 1351 884 1420 δομέστικος
911 1351 1024 1405 τῶν
1064 1352 1272 1422 σχολῶν
1302 1354 1558 1422 κατεῖχεν
1590 1352 1951 1423 Ἀνδρόνικος⁹

372 1441 637 1508 ούραγεῖν
684 1442 734 1495 δ’
780 1445 808 1495 6
865 1444 1234 1515 Βοτανειάτης
1282 1445 1515 1498 τέτακτο
1557 1445 1895 1515 Νικηφόρος,
1928 1446 1957 1497 6

375 1529 636 1598 βασιλεὺς
677 1533 972 1602 Ῥωμαίων
1017 1535 1075 1596 ἐς
1129 1532 1378 1604 ὕστερον.
1425 1533 1563 1603 ἔχων
1615 1532 1733 1603 μεθ’
1762 1533 1956 1586 ἑαυτοῦ

373 1623 481 1692 τὴν
522 1623 631 1678 τῶν
669 1625 900 1695 Φρυγῶν
934 1626 1031 1679 καὶ
1073 1626 1184 1678 τῶν
1237 1627 1528 1680 Λυκαόνων
1566 1625 1845 1695 φάλαγγα,
1877 1627 1958 1680 ἔτι

373 1714 553 1766 δὲκαὶ
583 1714 684 1784 τὴν
712 1715 822 1768 τῶν
844 1715 1136 1770 Ἀσιανῶν.
1178 1715 1239 1769 '0
1283 1715 1339 1768 δὲ
1369 1715 1660 1784 Ούρσέλιος
1722 1715 1974 1769 κατιδὼν

375 1801 526 1858 οὕτω
558 1803 870 1876 ταξαμένην
891 1807 991 1875 τὴν
1036 1805 1354 1875 Ῥωμαῖκὴν
1389 1805 1672 1874 φάλαγγα,
1709 1805 1832 1875 διχῆ
1864 1806 1958 1859 καὶ

2056 619 2258 688 peratis
2284 629 2464 675 autem
2492 620 2736 694 Bithynis
2767 624 3064 690 montibus,
3091 623 3185 679 ubi
3232 623 3485 694 cognovit
3505 640 3632 680 eum

2056 709 2124 764 ad
2177 710 2425 782 Sangarii
2487 712 2666 768 fontes
2725 724 2906 769 castra
2963 723 3266 780 metatum,
3327 714 3630 786 Dorylieum

2056 814 2433 874 transgressus
2460 805 2692 862 ulterius
2742 807 3092 876 properabat.
3127 806 3298 874 Cujus
3344 806 3542 862 infesto
3576 807 3630 861 in

2056 909 2114 949 se
2145 895 2380 950 adventu
2426 896 2692 952 barbarus
2723 899 2976 966 cognito,
3003 898 3172 951 movit
3202 905 3255 950 et
3291 895 3407 966 ipse
3440 895 3631 950 contra

2057 987 2262 1056 copias.
2315 987 2628 1044 Occurrunt
2682 989 2847 1059 igitur
2893 988 2998 1042 sibi
3057 987 3218 1042 ambo
3280 982 3346 1040 ad
3411 994 3630 1057 pontem

2058 1077 2248 1148 Zompi
2284 1080 2512 1134 dictum.
2544 1077 2647 1135 Ubi
2678 1078 2904 1134 munitis
2936 1094 3035 1148 pro
3082 1093 3142 1134 se
3171 1077 3405 1148 quisque
3439 1076 3634 1132 castris

2059 1171 2125 1227 ad
2164 1173 2408 1241 praelium
2449 1173 2892 1240 accingebantur.
2946 1171 3218 1227 Postridie
3249 1171 3426 1240 primo
3475 1185 3634 1224 mane

2058 1263 2243 1330 copias
2280 1263 2520 1318 educunt
2563 1264 2928 1333 ordinantque
2972 1262 3145 1318 aciem
3203 1263 3351 1315 hunc
3392 1260 3632 1314 maxime

2058 1354 2112 1406 in
2152 1354 2394 1409 modum.
2429 1354 2612 1408 Caesar
2662 1354 2882 1423 quidem
2917 1353 3152 1408 mediam
3199 1350 3436 1406 obtinuit
3461 1349 3632 1403 aciem

2061 1443 2360 1499 Romanam
2401 1446 2611 1500 habens
2678 1461 2864 1500 secum
2918 1453 3160 1499 cetratos
3209 1451 3263 1498 et
3292 1441 3636 1511 securigeros

2061 1535 2346 1600 barbaros,
2379 1537 2579 1606 quibus
2600 1537 2786 1606 palatii
2811 1537 2924 1606 jam
2954 1536 3085 1590 olim
3136 1533 3343 1589 credita
3377 1532 3631 1587 custodia

2060 1635 2163 1683 est.
2198 1626 2452 1680 Dextrum
2477 1642 2650 1682 cornu
2685 1625 3034 1695 stipendariis
3064 1623 3232 1680 Gallis
3268 1623 3627 1678 commissum

2060 1728 2198 1784 erat,
2229 1719 2429 1786 quibus
2465 1727 2696 1786 praeerat
2722 1716 2909 1772 Gallus
2953 1716 3173 1786 quidam
3211 1714 3434 1769 nomine
3463 1711 3631 1781 Papa.

2065 1811 2298 1866 Siuistro
2331 1810 2521 1864 cornui
2561 1809 2895 1864 domesticus
2941 1807 3250 1863 scholarum
3301 1805 3628 1878 praesidebat

378 1894 548 1958 αύτὲς
573 1896 671 1959 τὰς
698 1897 958 1966 δυνάμεις
982 1898 1168 1962 διεῖλε,
1199 1899 1294 1951 καὶ
1318 1898 1381 1950 τὺ
1409 1899 1510 1968 μὲν
1543 1899 1640 1968 τῆς
1673 1897 1954 1966 φάλαγγος

2062 1901 2427 1955 Andronicus.
2484 1897 2750 1955 Postremi
2812 1898 3042 1968 agminis
3103 1895 3426 1967 praefectura
3482 1892 3640 1953 Nice-

376 1986 545 2050 αὐτὸς
573 1987 863 2043 ἀναλαϐὼν
921 1989 1106 2043 εἵπετο
1140 1989 1330 2059 βάδην,
1372 1989 1433 2042 τὸ
1466 1988 1513 2041 δ’
1559 1988 1689 2042 εὐθὺ
1737 1989 1956 2042 ἀπιέναι

376 2078 480 2146 τῆς
526 2078 664 2150 πρὸς
692 2081 818 2144 τοὺς
863 2081 1103 2143 Κελτοὺς
1139 2080 1506 2153 μισθοφόρους
1555 2079 1954 2150 παρήγγειλεν.

390 2171 548 2224 Ἐπεὶ
571 2171 616 2224 δ’
635 2173 697 2226 ού
728 2173 920 2244 πόρῤω
957 2173 1201 2243 ἀλλήλων
1233 2169 1395 2245 ἦσαν,
1426 2174 1529 2242 ἤδη
1589 2174 1646 2226 οἴ
1678 2191 1738 2226 τε
1771 2173 1958 2243 μισθο-

373 2261 540 2330 φόροι
592 2264 686 2315 καὶ
735 2263 784 2315 οἱ
831 2263 1083 2334 πολέμιοι
1122 2264 1331 2333 ὁμιλεῖν
1377 2264 1514 2334 πρὸς
1558 2263 1822 2334 ἀλλήλους
1852 2264 1955 2334 ἧρ-

376 2368 561 2418 χοντοο
591 2353 690 2406 καὶ
716 2354 880 2417 εὐθὺς
924 2354 1392 2425 προσκεχώρηκεν
1424 2353 1570 2408 ἆπαν
1599 2354 1660 2407 τὸ
1700 2357 1829 2426 περὶ
1865 2355 1956 2408 τὸν

375 2440 580 2492 Πάπαν
607 2442 936 2514 μισθοφόρον
968 2445 1080 2506 τοῖς
1119 2443 1424 2514 πολεμίοις,
1465 2443 1557 2496 καὶ
1595 2443 1958 2508 ξυνασπίσαν-

375 2549 474 2594 τες
487 2534 656 2603 ἄμφω
676 2535 980 2605 ἐπειρῶντο
1009 2534 1245 2592 κυκλοῦν
1269 2537 1397 2600 τοὺς
1415 2554 1483 2590 πε
1493 2537 1545 2606 pi.
1566 2536 1658 2590 τὸν
1681 2537 1958 2609 Καίσαρα.

375 2622 492 2674 Καὶ
515 2623 546 2674 6
581 2623 872 2693 Ούρσέλιος
907 2625 965 2678 δὲ
992 2625 1281 2680 ὲπίλεκτον
1309 2625 1451 2696 ἔχων
1473 2626 1573 2696 τῆς
1604 2627 1957 2696 φάλαγγος...

377 2712 721 2768 ἐπιστάντων
749 2715 860 2768 τῶν
892 2717 1195 2790 Βαρϐάρων
1228 2719 1330 2788 τὴν
1359 2715 1546 2786 ἔφοδον
1576 2720 1769 2786 γέγονε
1806 2718 1955 2789 μάχη

376 2805 647 2876 καρτερά,
677 2807 772 2860 καὶ
825 2809 1088 2862 πίπτουσι
1120 2809 1308 2880 συχνοὶ
1337 2810 1701 2880 ἑκατέρωθεν,
1749 2811 1859 2863 τῶν
1899 2811 1958 2865 δὲ

375 2895 620 2965 δοράτων
646 2898 973 2972 ἀμφοτέρων
1012 2901 1412 2970 θραυσθέντων,
1451 2902 1520 2954 τὰ
1567 2901 1695 2973 ξίφη
1730 2901 1957 2974 γυμνώ-

378 3003 578 3054 σαντες
615 2992 948 3064 ἀγχεμάχως
985 2993 1248 3064 ἀλλήλους
1277 2994 1634 3064 ἐτίτρωσκον.

2062 1993 2235 2061 phoro
2273 1991 2567 2046 Botaniata:
2589 1992 2635 2046 ei
2668 1989 2759 2059 qui
2783 1997 2968 2056 postea
3002 1988 3286 2057 imperavit
3311 1983 3637 2042 demandata

2060 2093 2144 2140 est
2171 2085 2392 2139 habenti
2427 2099 2610 2139 secum
2647 2081 2918 2152 Phrygum
2965 2090 3020 2136 et
3056 2079 3367 2151 Lycaonum
3401 2079 3633 2148 phalan-

2061 2192 2179 2246 gem
2198 2186 2250 2230 et
2277 2186 2541 2246 praeterea
2570 2175 2924 2230 Asianorum.
2945 2175 3012 2226 At
3050 2171 3296 2228 Urselius
3327 2169 3518 2225 videns
3548 2169 3630 2223 sic

2062 2268 2385 2323 instructam
2417 2267 2588 2322 aciem
2617 2265 2923 2320 Romanam
2954 2263 3208 2319 bifariam
3233 2271 3286 2316 et
3314 2262 3430 2331 ipse
3455 2261 3639 2314 divisit

2061 2358 2386 2422 exercitum,
2423 2363 2477 2412 et
2515 2355 2841 2426 phalangem
2870 2353 2976 2424 75
2999 2353 3219 2423 quidem
3256 2351 3372 2422 ipse
3406 2350 3510 2407 sibi
3546 2365 3639 2402 as-

2061 2464 2284 2505 sumens
2315 2448 2648 2519 sequebatur
2690 2445 2972 2500 moderato
3003 2460 3188 2514 passu.
3237 2443 3498 2511 Reliquas
3545 2456 3640 2496 co-

2061 2540 2181 2610 pias
2216 2539 2397 2594 statim
2421 2536 2702 2593 admoveri
2729 2534 2902 2607 Gallis
2937 2535 3310 2608 stipendiariis
3339 2533 3528 2606 jussit,
3569 2532 3638 2586 ad

2063 2647 2204 2702 quos
2249 2640 2307 2685 ut
2363 2640 2446 2686 est
2494 2631 2720 2701 propius
2763 2636 3004 2694 ventum,
3056 2626 3305 2683 conferre
3359 2638 3644 2680 sermones

2065 2724 2208 2777 inter
2241 2737 2300 2777 se
2329 2731 2615 2792 coeperunt
2637 2731 2904 2793 pactaque
2934 2719 3095 2775 facile
3125 2718 3438 2788 proditione
3480 2715 3641 2786 quid-

2066 2811 2196 2880 quid
2226 2809 2570 2880 stipendiarii
2601 2811 2792 2865 militis
2827 2810 2930 2864 sub
2969 2808 3106 2863 duce
3145 2807 3292 2876 Papa
3308 2805 3412 2859 fuit
3451 2805 3638 2858 statim

2064 2905 2131 2960 ad
2160 2903 2358 2959 Urselii
2405 2913 2592 2974 partes
2623 2905 2856 2959 transiit.
2904 2901 3163 2972 Mistique
3211 2900 3493 2956 communi
3523 2899 3635 2968 jam

2065 2997 2296 3052 consilio
2326 2997 2666 3052 conabantur
2699 2993 3103 3051 circumvenire
3131 3001 3186 3047 et
3213 2990 3456 3060 undique
3480 2991 3640 3044 clau-

375 3080 512 3136 dere
539 3082 776 3153 reliquas
803 3098 996 3141 omnes
1032 3083 1265 3142 Caesaris
1301 3085 1511 3155 copias.
1541 3084 1791 3143 Urselius
1818 3103 1948 3142 vero
1989 3089 2106 3160 ipse
2137 3105 2323 3146 secum
2399 3091 2604 3145 ducens
2654 3088 2796 3159 quod
2852 3085 3004 3141 floris
3047 3094 3101 3140 et
3160 3083 3379 3140 roboris
3421 3083 3476 3136 in
3507 3083 3641 3152 pha-

374 3175 542 3247 lange
573 3177 747 3247 ipsius
783 3187 904 3233 erat
940 3187 1052 3234 toto
1097 3179 1301 3250 impetu
1335 3182 1388 3235 in
1442 3181 1678 3236 mediam
1760 3182 1993 3239 Caesaris
2067 3187 2239 3241 aciem
2296 3186 2462 3257 coepit
2507 3185 2712 3241 invehi.
2755 3183 3016 3239 Barbaris
3075 3197 3242 3252 porro
3305 3177 3639 3238 Caesarianis

375 3263 640 3325 hostilem
693 3272 957 3342 impetum
1027 3274 1246 3330 fortiter
1310 3275 1712 3344 excipientibus
1793 3279 2153 3335 committitur
2215 3291 2372 3336 atrox
2438 3296 2661 3351 pugna,
2716 3279 2901 3334 multis
2963 3276 3223 3348 utrinque
3280 3272 3636 3330 cadentibus.

373 3362 614 3434 Jamque
667 3365 839 3420 hastis
889 3367 1149 3436 utrinque
1183 3367 1372 3425 fractis
1425 3371 1647 3429 strictos
1704 3373 1946 3444 undique
2003 3376 2300 3433 versabant
2377 3391 2539 3432 enses
2594 3392 2764 3447 seque
2834 3375 3068 3430 invicem
3127 3373 3379 3430 cominus
3426 3367 3635 3424 mutuis

375 3459 703 3516 vulneribus
733 3462 1038 3518 caedebant.

457 3558 541 3606 ιε’.
591 3554 732 3607 ’Δλλ’
762 3556 821 3608 ὲν
875 3558 986 3628 ὅσῳ
1026 3556 1201 3613 ταῦτα
1247 3560 1572 3630 ἐπράττετο,
1608 3562 1636 3614 6
1669 3561 1769 3634 τὴν
1797 3563 1958 3633 οὐρα-

2139 3561 2227 3616 15.
2275 3561 2416 3617 Dum
2455 3561 2574 3617 haec
2613 3562 2849 3616 maxime
2877 3561 3087 3626 fierent,
3123 3558 3168 3614 is
3190 3562 3277 3614 cui
3310 3570 3645 3628 postremum

378 3647 515 3714 γὶαν
539 3650 971 3720 πεπιστευμένος
995 3653 1123 3715 τοὺς
1153 3653 1517 3724 μισθοφόρους
1551 3654 1827 3726 θεώμενος
1849 3659 1962 3721 τοῖς

381 3740 672 3810 πολεμίοις
721 3745 1226 3815 προσχωρήσαντας
1299 3747 1394 3799 καὶ
1447 3749 1784 3812 σπεύδοντας
1863 3749 1962 3818 τὴν

380 3831 648 3900 φάλαγγα
678 3834 910 3888 κυκλοῦν
941 3830 1008 3906 ἦς
1028 3832 1310 3907 κατῆρχεν
1337 3840 1366 3891 6
1411 3839 1652 3909 Καῖσαρ,
1684 3839 1803 3893 δέον
1835 3840 1964 3911 βοη-

379 3925 520 3987 θεῖν,
556 3927 586 3977 6
620 3925 677 3979 δὲ
704 3927 804 3990 τὰς
829 3927 1091 3996 δυνάμεις
1127 3927 1416 3984 ἀναλαϐὼν
1463 3930 1758 4001 ὑπεχώρει,
1787 3933 1963 3986 καίτοι

379 4015 527 4087 ἀνὴρ
554 4014 632 4072 ὣν
657 4018 900 4088 ἀνδρεῖος
919 4059 934 4083 ,
966 4019 1042 4082 ὡς
1078 4022 1137 4072 έν
1169 4021 1389 4084 πολλοῖς
1420 4021 1677 4092 δέδειχεν.
1714 4024 1778 4076 Οἱ
1810 4024 1961 4095 Βάρ-

379 4109 550 4179 ϐαροι
590 4109 648 4163 δὲ
677 4111 860 4174 ἀδείας
909 4112 1236 4183 δραξάμενοι
1288 4112 1555 4168 ὲκύκλουν
1611 4115 1782 4178 ἀδεῶς
1836 4117 1964 4181 τοὺς

379 4200 519 4270 περὶ
547 4199 640 4252 τὸν
661 4201 934 4271 Καίσαρα.
957 4203 1031 4255 T6
1055 4203 1112 4256 δὲ
1141 4203 1274 4274 περὶ
1307 4204 1472 4258 αὑτὸν
1492 4204 1770 4274 βάρϐαρον
1797 4208 1963 4278 μέχρι

383 4293 492 4362 μέν
518 4311 665 4356 τινος
708 4293 890 4364 ἔμεινε
917 4295 1110 4365 βάλλον
1137 4314 1195 4350 τε
1225 4299 1322 4352 καὶ
1360 4297 1688 4368 βαλλόμενον
1716 4317 1729 4330 ο
1761 4301 1883 4353 ἐπεὶ
1919 4301 1964 4354 δ’

380 4380 497 4440 εἶδε
513 4384 627 4438 τῶν
654 4384 928 4454 πολεμίων
955 4389 1081 4450 τοὺς
1113 4389 1211 4456 μὲν
1259 4387 1400 4442 κατά
1455 4388 1632 4458 στόμα
1677 4389 1964 4443 ἔιπαντῶν⁴

379 4493 489 4540 τας
535 4479 662 4540 τοὺς
713 4479 772 4531 δὲ
815 4479 957 4532 κατὰ
1001 4479 1172 4535 νώτου
1206 4470 1558 4552 γενομένους,
1593 4481 1801 4553 ἀπορία
1859 4483 1964 4554 ήδη

382 4568 684 4640 συνείχετο.
718 4570 861 4623 Ἀλλ’
887 4572 916 4624 6
940 4572 1158 4643 Καῖσαρ
1189 4573 1436 4644 ἀτρέμας
1468 4572 1640 4637 ἑστὼς
1672 4573 1966 4646 ἀπερῥών-

379 4677 478 4713 we
536 4659 606 4713 τὰ
649 4662 977 4731 φρονήματα
1042 4662 1268 4717 τούτων.
1321 4663 1467 4728 Ἕως
1501 4664 1602 4735 μὲν
1658 4658 1753 4718 οὖν
1811 4665 1966 4736 ἰσχὺς

379 4752 574 4814 αὐτοῖς
597 4751 735 4816 ὅλως
774 4753 985 4824 ἔμενον⁹
1023 4753 1147 4808 ἐπεὶ
1180 4754 1238 4808 δὲ
1287 4754 1349 4810 τὸ
1397 4756 1497 4826 μὲν
1541 4758 1966 4828 καταπεπόνητο

379 4845 480 4896 καὶ
503 4845 683 4898 οὐκέθ’
722 4839 826 4899 οἷοί
863 4863 925 4899 τε
961 4842 1108 4917 ἦσαν
1131 4848 1261 4910 τοὺς
1289 4846 1584 4917 βάλλοντας
1619 4846 1961 4918 ἀμύνασθαι,

2065 3667 2261 3725 agmen
2315 3652 2626 3708 ducendum
2682 3651 3004 3716 obvenerat,
3038 3651 3426 3719 stipendiarios
3455 3650 3646 3707 videns

2065 3746 2132 3802 ad
2187 3749 2376 3801 hostes
2404 3755 2780 3816 transgressos
2829 3743 3108 3799 communi
3158 3757 3282 3799 cum
3321 3742 3430 3796 illis
3461 3742 3646 3798 studio

2066 3837 2120 3890 id
2150 3852 2334 3906 agere,
2376 3845 2438 3891 ut
2470 3833 2843 3890 Caesarianam
2876 3835 3050 3890 aciem
3079 3835 3320 3904 undique
3345 3834 3643 3898 ambirent,

2067 3943 2193 3982 cum
2217 3936 2333 3983 toto
2367 3927 2574 3997 impetu
2617 3941 2945 3983 succurrere
2985 3926 3230 3992 deberet,
3281 3941 3312 3981 e
3366 3929 3644 3980 contrario

2065 4016 2350 4072 subductis
2373 4029 2560 4071 secum
2596 4016 2770 4085 copiis
2810 4014 3062 4069 recessit.
3091 4013 3248 4080 Quod
3283 4013 3481 4067 mirum
3513 4027 3646 4068 sane

2065 4107 2172 4164 fuit
2203 4109 2258 4162 in
2289 4109 2408 4164 viro
2449 4109 2656 4179 alioqui
2699 4108 2851 4173 forti,
2897 4108 3114 4178 qualem
3168 4123 3228 4164 se
3289 4108 3476 4163 multis
3508 4107 3646 4162 alias

2064 4203 2450 4272 experimentis
2495 4201 2840 4270 probaverat.
2890 4199 2966 4254 Eo
2999 4199 3111 4268 jam
3145 4198 3394 4255 securius
3425 4199 3645 4253 barbari

2067 4295 2201 4351 aciei
2226 4294 2458 4350 Caesaris
2493 4293 3098 4350 circumfundebantur.
3135 4293 3291 4348 Stetit
3326 4292 3415 4346 illa
3437 4293 3646 4346 nihilo-

2067 4387 2252 4442 minus
2284 4385 2606 4454 aliquandiu
2636 4384 2938 4440 inferendis
2959 4385 3406 4454 excipiendisque
3446 4391 3600 4438 mutu
3615 4399 3670 4438 οι

2066 4479 2262 4550 plagis.
2314 4477 2416 4532 Ubi
2447 4485 2632 4531 autem
2691 4477 2825 4532 vidit
2881 4477 3066 4532 hostes
3121 4476 3314 4544 partim
3379 4490 3408 4529 a
3469 4474 3649 4530 fronte

2069 4568 2359 4631 instantes,
2382 4569 2577 4638 partim
2610 4584 2640 4620 a
2675 4567 3150 4636 tergoxcaadentes,
3182 4565 3489 4621 fluctuabat
3530 4566 3644 4634 jam

2068 4661 2214 4716 haud
2272 4661 2435 4716 dubie
2483 4659 2974 4730 .despondebalque
3033 4658 3301 4713 animum.
3371 4656 3646 4712 Caeterum

2065 4753 2246 4809 Caesar
2268 4753 2470 4808 invicto
2485 4760 2869 4824 pectorestans
2887 4750 2997 4821 76
3015 4749 3372 4805 confirmabat
3401 4749 3647 4804 labantes

2067 4857 2122 4900 et
2175 4844 2345 4899 robur
2369 4843 2634 4914 perculsis
2686 4841 2937 4897 addebat.
2997 4839 3252 4905 Quandiu
3304 4839 3468 4908 igitur
3503 4837 3649 4894 vires

379 4935 570 4988 αὐτῶν
610 4935 668 4989 δὲ
702 4936 764 4989 τὸ
812 4936 1062 4990 πλεῖστον
1089 4937 1357 5009 διεφθάρη
1385 4938 1482 4992 καὶ
1516 4941 1543 4991 6
1575 4940 1795 5008 Καῖσαρ
1835 4937 1958 5008 μηδ’

2070 4935 2420 5001 suffecerunt,
2453 4945 2676 4990 strenue
2717 4947 2806 4987 res
2836 4941 2989 5002 gesta
3020 4939 3124 4987 est.
3153 4929 3257 4985 Ubi
3301 4937 3481 4985 autem
3512 4943 3648 4984 con-

317 5086 320 5093 I
379 5025 524 5090 ὅλως
556 5028 692 5096 πρὸς
747 5026 927 5098 φυγὴν
952 5027 1265 5098 ἐξορμήσας
1311 5027 1476 5081 ἑάλω.
1512 5027 1656 5096 Ἤδη
1689 5027 1745 5079 δὲ
1781 5027 1876 5079 καὶ
1913 5026 1958 5078 oi

2065 5037 2284 5097 sumpto
2333 5028 2445 5097 jam
2492 5027 2687 5080 robore
2744 5021 3052 5078 resistendo
3131 5021 3333 5076 acriter
3393 5019 3649 5076 instanti-

316 5133 320 5137 ‘
378 5119 516 5188 περὶ
549 5119 641 5171 τὸν
687 5118 1030 5189 Ἀνδρόνικον
1083 5117 1168 5190 [Ρ.
1208 5118 1298 5189 55]
1363 5119 1470 5172 ὑπὸ
1519 5117 1630 5172 τῶν
1685 5118 1958 5188 πολεμίων

2065 5119 2166 5176 bus
2190 5133 2351 5189 pares
2398 5133 2503 5172 non
2539 5125 2716 5180 erant,
2761 5114 2920 5170 fracti
2970 5115 3346 5184 prostratique
3396 5112 3648 5184 plerique

378 5210 874 5278 πλεονεκτούμενοι
905 5211 1228 5282 ἐτράπησαν
1261 5209 1400 5280 πρὸς
1436 5211 1498 5264 τὸ
1524 5212 1771 5278 φεύγειν.
1812 5211 1871 5264 '0
1904 5209 1958 5264 δὲ

2063 5219 2366 5266 cesserunt.
2400 5209 2475 5263 Ne
2507 5217 2619 5262 tum
2651 5206 2872 5278 quidem
2901 5203 3083 5260 Caesar
3111 5204 3369 5259 inducere
3397 5204 3643 5259 animum

295 5328 308 5334 θ
379 5299 569 5352 καίτοι
629 5300 996 5363 κατάστικτος
1051 5303 1168 5364 τοῖς
1200 5300 1514 5370 τραύμασιν
1566 5301 1643 5354 ὢν
1678 5301 1958 5372 (ἐϐέϐλητο

2065 5303 2144 5356 ιλιι.
2186 5300 2366 5370 fugam
2411 5300 2606 5369 potuit.
2660 5299 2913 5365 Pugnans
2944 5296 3110 5367 igitur
3144 5306 3228 5353 est
3260 5305 3472 5367 captus.
3522 5295 3650 5350 Pari

376 5390 492 5459 γάρ
524 5389 769 5460 καιρέαις
804 5392 1064 5461 πληγαῖς)
1096 5390 1316 5464 περιῄει
1356 5391 1535 5460 ζητῶν
1575 5391 1668 5446 τὸν
1721 5392 1956 5463 πατέρα.

2068 5394 2230 5448 modo
2273 5393 2365 5462 qui
2428 5407 2552 5446 cum
2594 5389 2906 5444 Andronico
2947 5398 3105 5444 erant
3167 5388 3526 5445 circumventi
3577 5389 3648 5442 ab

1423 5532 1633 5594 Caroli
1672 5534 1771 5594 Du
1803 5535 2044 5595 Fresne
2080 5536 2177 5596 Du
2212 5533 2423 5608 Gange
2455 5539 2644 5592 notae.

459 5679 578 5746 (5|)
632 5683 897 5749 Zciyxov.
958 5679 1156 5736 Eadem
1214 5682 1377 5737 habet
1435 5679 1717 5751 Scylitzes,
1776 5681 1868 5746 qui
1931 5698 1960 5735 a
2073 5680 2694 5751 neciualiis,ubicum
2728 5676 2998 5751 Bryeunio
3021 5676 3312 5744 consentit,
3346 5685 3415 5726 ne
3436 5669 3640 5736 nimius

384 5749 662 5822 Bryeunio
711 5748 985 5822 pleraque
1027 5751 1208 5806 hausit
1253 5769 1375 5822 qua:
1423 5751 1478 5805 in
1511 5748 1786 5806 'lllichaele
1820 5751 1961 5804 Duea
2076 5753 2200 5807 sim.
2236 5752 2288 5806 ld
2316 5751 2451 5806 satis
2479 5749 2580 5804 erit
2611 5748 2778 5804 semel
2815 5749 3111 5802 monuisse.

388 5818 574 5884 refert,
604 5818 764 5886 quem
821 5837 925 5877 nec
975 5819 1075 5877 hoc
1111 5823 1231 5878 loco
1270 5818 1575 5880 exscribere
1614 5831 1693 5876 est
1726 5821 1960 5887 animus,

3463 5909 3568 5925 ⁸--κη
