4154 6430
562 366 675 473 tta
1755 408 2171 469 N‘lCEPHORI
2213 406 2591 468 sarem”
3701 392 3837 464 πεο-

564 518 815 575 hostibus
844 516 985 572 versi
1021 523 1149 572 sunt
1176 517 1230 571 in
1279 517 1489 587 fugam.
1520 516 1639 586 Ipse
1690 519 1886 589 pictius
1917 519 2134 574 cruoris
2161 519 2204 580 Α

2167 519 2209 580 Α
2236 518 2440 574 Μαθὼν
2469 519 2526 577 δὲ
2553 517 2743 573 τοῦτον
2764 519 2989 585 ἁλῶναι,
3027 517 3149 584 ὲξδν
3177 516 3446 583 σώζεσθαι
3469 515 3546 580 ὡς
3571 514 3677 580 ἔξω
3695 517 3807 568 τῶν

560 623 615 664 et
642 610 945 674 vulnerum,
977 609 1177 679 quibus
1228 618 1346 663 erat
1387 609 1644 679 gravibus
1670 608 1980 672 confossus,
2027 610 2135 663 cir-

2237 610 2408 680 βελῶν
2455 612 2548 663 καὶ
2593 612 2688 663 τοῦ
2734 611 2973 682 πολέμου
3035 612 3331 682 γενόμενον
3389 608 3492 680 ἠδη
3513 647 3531 675 ,
3562 611 3590 662 ὁ
3621 608 3678 661 δὲ
3705 608 3809 675 τῆς

561 700 1039 769 ευίῢιιιῖιιιιιειεηε
1065 714 1270 770 patrem
1306 718 1320 754 :
1360 716 1521 771 quem
1557 700 1649 755 ubi
1682 711 1900 771 captum
1926 715 2131 770 cogno-

2238 702 2372 765 ίδίας
2406 703 2679 774 σωτηρίας
2707 702 2802 756 τοῦ
2834 702 3040 774 πατρὸς
3066 699 3555 773 ὐπερκινδυνεῦσαι
3585 698 3810 769 προελό-

562 791 658 856 vit,
712 805 836 845 cum
888 790 1046 845 facile
1085 801 1264 860 posset
1302 792 1552 856 evadere,
1586 792 1785 861 quippe
1840 791 1933 861 qui
1979 799 2131 845 extra

2238 810 2400 861 μενος
2431 793 2736 864 ὑπέστρεψε
2760 794 2855 845 καὶ
2877 796 2956 855 εἰς
2979 791 3146 862 μέσον
3174 792 3368 844 ἑαυτὸν
3387 790 3499 843 τῶν
3530 788 3812 857 πολεμίων

564 883 653 936 teli
677 882 884 951 jactum
918 891 974 936 et
994 883 1048 936 in
1083 899 1281 939 securo
1309 892 1439 939 tunc
1471 893 1634 947 esset,
1666 884 1840 953 patris
1866 883 2137 937 liberatioo

2236 884 2387 949 ὠθεῖ,
2434 884 2527 936 καὶ
2582 882 2812 946 πολλοὺς
2863 883 3071 936 τούτων
3117 881 3195 951 τῷ
3266 881 3411 949 ξίφει
3457 877 3808 944 καταϐαλὼν,

564 988 686 1028 nem
721 972 970 1043 periculo
1028 976 1247 1044 proprio
1302 976 1492 1030 conari
1547 975 1735 1033 maluit
1789 989 1953 1044 quam
2014 974 2137 1028 vim:

2237 975 2427 1044 ἐπειδὴ
2460 975 2689 1045 πλησίον
2730 975 2827 1029 τοῦ
2866 976 3147 1045 Καίσαρος
3167 975 3410 1041 γέγονεν,
3441 972 3625 1026 οὒκέτι
3646 971 3814 1024 καθε-

565 1068 796 1136 propria:
824 1068 1130 1123 consulere.
1166 1068 1415 1124 l'ncitavit
1443 1069 1606 1139 igitur
1644 1084 1843 1139 equum
1873 1083 1980 1139 qua
2004 1067 2134 1122 den-

2239 1065 2367 1127 κτὺς
2404 1061 2507 1135 ἦν,·
2552 1064 2673 1117 οὐδὲ
2705 1062 2866 1135 ἐῴκει
2900 1064 3053 1135 ἀνδρί
3089 1080 3153 1131 γε
3186 1062 3385 1131 θνητῷ,
3416 1062 3534 1116 ἀλλ’
3560 1062 3817 1129 ἀθανάτῳ

564 1157 843 1213 sissitnum
882 1158 1098 1214 videbat
1154 1160 1389 1215 hostium
1432 1160 1653 1231 globum
1717 1159 1970 1230 factaque
2032 1158 2141 1215 sibi

2238 1172 2297 1209 τε
2322 1157 2420 1209 καὶ
2451 1156 2696 1228 ἀσάρκῳ·
2738 1156 3065 1226 βαλλόμενος
3111 1156 3219 1224 γὰρ
3251 1158 3363 1216 ταῖς
3397 1154 3620 1223 δόρασιν
3651 1153 3816 1223 ἄτρε-

566 1248 712 1304 ferro
744 1251 933 1305 multis
961 1251 1182 1320 deiectis
1230 1252 1315 1305 via
1339 1293 1355 1316 ,
1397 1262 1456 1306 ut
1507 1253 1572 1305 ad
1611 1251 1879 1307 (Ia-sarem
1915 1253 2138 1322 propius

2240 1265 2362 1310 στος
2382 1243 2470 1319 ἦν,
2516 1249 2610 1301 καὶ
2646 1248 2714 1300 τὰ
2746 1247 2845 1317 μὲν
2887 1246 3094 1300 τούτων
3126 1248 3475 1311 συγκοπτων,
3503 1246 3572 1297 τὰ
3597 1244 3653 1297 δὲ
3683 1244 3818 1296 διω-

565 1340 821 1404 accessit,
852 1340 1109 1395 sustineri
1139 1341 1372 1418 amplius
1401 1356 1507 1395 non
1542 1349 1774 1410 paterat,
1805 1356 1906 1395 nec
1957 1341 2136 1394 homi-

2240 1337 2504 1407 θούμενος
2541 1339 2798 1407 ἐπειρᾶτο
2827 1335 3079 1405 γενέσθαι
3107 1335 3235 1388 ἔνθα
3263 1337 3311 1387 υί
3345 1337 3372 1388 ὁ
3396 1334 3575 1402 πατὴρ
3610 1332 3818 1385 ἁλώσι-

567 1428 649 1482 nis
663 1438 782 1483 erat
802 1430 1049 1485 mortalis
1074 1431 1292 1497 similis,
1323 1431 1416 1485 sed
1442 1431 1770 1485 immortalis
1794 1438 1849 1485 et
1883 1431 2139 1499 incorpo-

2244 1447 2343 1498 μος
2385 1424 2475 1500 ἦν.
2513 1430 2578 1482 Oi
2607 1429 2664 1483 δὲ
2722 1428 2972 1499 πολέμιοι
3026 1430 3126 1500 τήν
3168 1426 3540 1482 ἀνυπόστατον
3578 1425 3818 1494 ὁρῶντες

568 1521 645 1573 rei
672 1522 957 1591 cujusdam
995 1540 1009 1577 :
1041 1522 1244 1591 petitus
1272 1522 1418 1575 enim
1448 1522 1627 1577 hastis
1649 1523 1886 1592 undique
1910 1521 2138 1589 intrepi-

2239 1522 2415 1591 ὁρμὴν
2452 1521 2703 1575 συνέθεον
2724 1522 2984 1586 ἅπαντες,
3015 1524 3107 1576 καὶ
3141 1522 3192 1573 οι
3225 1519 3324 1588 μὲν
3343 1520 3459 1581 τοῖς
3488 1517 3725 1583 ξυστοῖς,
3757 1516 3814 1567 οι

563 1608 666 1665 dus
702 1611 1114 1680 perstabat,ltas
1134 1613 1412 1682 frangens,
1443 1613 1563 1668 illas
1594 1614 1883 1682 repellens,
1921 1626 2140 1681 semper

2240 1612 2296 1666 δὲ
2346 1614 2459 1676 τοῖς
2489 1611 2711 1681 δόρασιν
2743 1611 2910 1664 ἵππον
2942 1629 3001 1663 τε
3032 1612 3129 1664 καὶ
3171 1607 3335 1663 αὑτὸν
3382 1607 3627 1671 ἔϐαλλον,
3653 1607 3760 1668 ἓως
3789 1607 3822 1657 ὁ

564 1716 631 1756 eo
653 1717 775 1759 sese
821 1704 1049 1759 trudens
1101 1703 1193 1758 ubi
1243 1704 1491 1774 captivus
1539 1714 1657 1758 erat
1725 1715 1898 1774 pater.
1958 1701 2137 1756 Mirati

2243 1704 2411 1767 ἵππος
2448 1702 2738 1773 βαρυνθεὶς
2768 1702 2874 1755 ὑπὸ
2926 1702 3035 1755 τῶν
3067 1703 3398 1773 τραυμάτων
3438 1700 3521 1761 είς
3563 1698 3668 1766 γῆν
3717 1696 3824 1748 σὺν

561 1792 782 1870 juvenis
814 1793 1052 1863 impetus
1085 1794 1322 1855 humana
1371 1794 1422 1848 vi
1475 1794 1708 1862 maiores
1740 1792 1983 1863 undique
2021 1808 2140 1847 om-
2175 1854 2201 1870 ﬁ

2186 1854 2214 1870 η
2240 1796 2319 1867 τῷ
2357 1795 2590 1867 ὲπιϐἀτῃ
2615 1794 2936 1849 κατέπιπτε.
2968 1794 3102 1847 Τότε
3133 1790 3228 1848 οὖν
3257 1795 3307 1846 οί
3353 1791 3629 1863 Βάρϐαροι
3659 1801 3826 1856 περι-

570 1899 670 1948 nes
698 1885 751 1939 in
777 1901 945 1949 unum
977 1887 1194 1941 Larbari
1221 1895 1557 1941 concurrunt
1599 1905 1611 1940 :
1640 1895 1693 1940 et
1727 1886 1782 1940 bi
1807 1887 2026 1956 quidem
2050 1887 2137 1955 ja-
2175 1854 2210 1906 Β

2185 1854 2215 1906 Β
2242 1854 2466 1949 στάντες
2505 1854 2667 1939 αύτδν
2715 1884 2813 1955 τήν
2869 1884 3303 1955 περικεφαλαίαν
3359 1854 3635 1953 περιελεῖν
3667 1854 3825 1930 ἐπει-

566 1973 727 2040 mtlis,
765 1975 818 2029 hi
860 1974 1054 2041 hastis,
1083 1992 1190 2046 qua
1218 1978 1394 2047 ipsum
1432 1993 1539 2047 qua
1580 1978 1700 2045 ejus
1742 1994 1943 2048 equum
1994 1978 2136 2033 assi-

2246 1978 2419 2048 ρῶντο
2470 1978 2566 2031 καὶ
2621 1978 2765 2045 ξίφει
2793 1976 2891 2047 τήν
2933 1976 3027 2029 τοῦ
3060 1976 3309 2043 γενναίου
3350 1974 3543 2045 ἀνδρὸς
3571 1969 3824 2039 κεφαλὴν

565 2067 672 2119 due
715 2068 1079 2134 contundunt,
1127 2069 1300 2123 donec
1359 2069 1673 2125 debilitatus
1728 2070 1906 2141 plagis
1957 2086 2135 2139 equus

2244 2073 2516 2141 ἐκτεμεῖν.
2560 2070 2701 2123 Ἀλλ’
2738 2072 2766 2123 ὁ
2806 2071 3024 2139 Καῖσαρ
3054 2068 3294 2137 διασχὼν
3320 2067 3446 2129 τοὺς
3484 2064 3823 2133 κατέχοντας

567 2155 722 2215 humi
763 2172 888 2214 cum
938 2158 1173 2225 sessore‘,
1196 2167 1502 2229 prostratus
1559 2169 1665 2215 est.
1716 2160 1873 2215 Tunc
1912 2160 2140 2214 Barbari

2242 2162 2423 2216 ἔπεισί
2474 2179 2536 2215 τε
2593 2163 2872 2233 δρομαῖος,
2915 2162 3008 2214 ml.
3051 2160 3388 2230 προσπίπτει
3450 2156 3531 2227 τῷ
3584 2154 3823 2223 γενναίῳ

566 2247 839 2325 jacentetn
869 2249 1286 2306 circumstantes
1323 2251 1531 2321 galeam
1574 2252 1621 2305 ei
1672 2252 1922 2321 deripere
1959 2261 2144 2307 certa-

2248 2253 2420 2318 παιδὶ,
2476 2251 2869 2323 ὀλιγοδρανέων
2920 2268 2980 2304 τε
3039 2251 3139 2320 ἠδη
3200 2250 3305 2303 ὑπὸ
3333 2247 3430 2302 τοῦ
3486 2245 3825 2317 τραυμάτων

573 2338 722 2406 bant,
751 2355 862 2415 quo
896 2349 1062 2409 caput
1106 2343 1367 2398 nudatum
1392 2343 1601 2399 strenui
1640 2345 1739 2397 viri
1771 2344 1952 2415 gladio
1989 2353 2145 2398 trun-

2246 2345 2502 2417 πλήθους,
2528 2343 2626 2397 καλ⁹
2652 2342 2908 2411 γνωρίζει
2935 2341 3141 2405 τούτοις
3176 2343 3327 2403 ὅστις
3362 2340 3506 2404 ἐστὶ,
3543 2336 3640 2391 καὶ
3668 2334 3821 2388 οὓτω

571 2443 779 2489 carent.
819 2434 931 2491 Sed
975 2436 1042 2491 ad
1091 2437 1229 2491 lianc
1273 2436 1508 2507 speciem
1531 2435 1717 2492 Ctesar
1744 2436 1910 2490 alacri
1939 2445 2143 2490 Conalu

1964 2445 2143 2490 :onatu
2243 2436 2336 2490 τὸν
2386 2434 2552 2487 παῖδα
2592 2433 2687 2486 τοῦ
2725 2432 2876 2504 παρὰ
2908 2433 3076 2495 πόδας
3103 2432 3352 2485 κινδύνου
3394 2429 3604 2500 ῥύεται.

568 2526 814 2582 divulsus
840 2541 870 2581 a
893 2527 1262 2589 detinentibus
1299 2544 1464 2584 cursu
1499 2528 1724 2587 incitato
1751 2528 1862 2583 ruit
1888 2538 1942 2582 et
1973 2543 2139 2599 supra
2176 2541 2502 2598 generosum
2573 2525 2742 2581 lilium
2777 2527 2924 2580 cadit
2988 2525 3245 2579 dellriens
3277 2540 3384 2578 non
3427 2523 3612 2577 dolore
3639 2519 3825 2574 solum

568 2628 813 2688 paterno,
843 2620 935 2674 sed
973 2619 1022 2673 vi
1058 2635 1124 2674 ac
1164 2619 1512 2679 multitudine
1543 2623 1788 2690 gravium
1862 2619 2168 2676 vulnerum.
2205 2621 2312 2693 77
2341 2620 2522 2686 Quare
2551 2633 2703 2690 spem
2730 2620 2784 2674 in
2818 2621 2869 2674 vi
2923 2618 3127 2673 nullam
3171 2618 3380 2673 habens
3446 2614 3649 2669 indicat
3682 2611 3829 2665 Bar-

569 2713 723 2770 baris
777 2713 1034 2783 quisnam
1077 2715 1124 2769 is
1161 2722 1308 2769 esset
1373 2722 1429 2769 et
1499 2715 1581 2771 sic
1613 2731 1738 2771 eum
1802 2730 1833 2770 a
1886 2717 2141 2785 praesenti
2183 2725 2360 2772 morte
2395 2715 2610 2770 liberat.

644 2807 733 2863 16.
793 2805 949 2862 Hunc
1015 2806 1206 2864 habuit
1251 2809 1458 2865 exitum
1518 2825 1696 2881 pugna
1756 2809 1823 2864 ad
1892 2809 2141 2880 Sangarii

2323 2807 2420 2874 ις’.
2454 2807 2709 2863 Τοιοῦτον
2763 2808 2888 2880 ἔσχε
2937 2809 2998 2863 τὸ
3042 2809 3194 2873 τέλος
3223 2809 3257 2879 ἠ
3292 2806 3495 2878 μεταξῦ
3536 2804 3832 2875 Ῥωμαίων

566 2910 789 2971 pontem
829 2910 1085 2970 pugnata.
1136 2900 1206 2954 At
1254 2900 1521 2955 barbarus
1566 2903 1744 2957 elatus
1774 2901 2000 2956 victoria
2031 2900 2142 2958 cir-

2249 2918 2308 2954 τε
2335 2902 2430 2955 καὶ
2453 2899 2676 2954 Κελτῶν
2700 2900 2807 2954 τῶν
2837 2901 3157 2955 ἀποστατῶν
3197 2897 3529 2967 συναφθετσα
3566 2898 3696 2965 περὶ
3722 2895 3831 2965 τὴν

567 2991 794 3051 cumivit
825 2992 1029 3051 vicinas
1065 2989 1329 3062 Sangario
1353 2993 1502 3047 amni
1526 2992 1774 3048 civitates
1790 2992 2145 3061 sibiquesub—

2248 2992 2342 3047 τοῦ
2405 2992 2720 3063 Σαγγαρίου
2776 2992 3024 3062 γέφυραν
3087 2990 3259 3061 μάχη.
3314 2990 3374 3042 '0
3422 2989 3480 3042 δδ
3545 2986 3827 3058 βάρϐαρος

564 3081 695 3155 jecit
760 3079 1066 3136 universas.
1144 3078 1283 3135 Cum
1354 3081 1692 3148 pervenisset
1755 3088 1934 3136 autem
1993 3079 2138 3133 circa

2248 3081 2515 3153 ἐπαρθεὶς
2540 3083 2607 3154 τῇ
2646 3083 2771 3153 νίκῃ
2798 3080 3017 3153 περιῄει
3064 3082 3162 3143 τὰς
3203 3074 3694 3149 παρᾶσαγγαρίους
3722 3077 3830 3130 πό-

568 3172 877 3243 Bitltyuiam
908 3171 997 3227 ubi
1027 3172 1277 3247 praetoria
1316 3171 1551 3226 Caesaris
1599 3178 1753 3225 erant
1782 3179 1837 3223 et
1880 3185 1976 3226 arx
2010 3171 2144 3225 satis
2172 3169 2208 3227 (ἰ

2191 3169 2215 3227 3
2247 3174 2361 3236 λεις
2404 3173 2500 3228 καὶ
2541 3173 2721 3237 πάσας
2765 3174 2855 3242 ὑφ’
2892 3174 3084 3225 ἑαυτὶν
3140 3173 3399 3225 ἐποιεῖτο.
3436 3169 3732 3238 Γενόμενος
3765 3168 3831 3221 δὲ

570 3267 779 3321 munita
815 3271 1089 3319 exstructa
1124 3263 1179 3317 in
1216 3261 1412 3317 declivi
1445 3277 1607 3333 supra
1644 3261 1857 3317 radices
1877 3261 2149 3331 Sophonis

2252 3267 2379 3336 περὶ
2411 3264 2684 3332 Βιθυνίαν,
2718 3266 2915 3335 ἵναπερ
2938 3263 3006 3317 τὰ
3041 3263 3289 3333 βασίλεια
3321 3261 3414 3316 τοῦ
3452 3264 3729 3331 Καίσαρος
3755 3255 3832 3329 ἦν

572 3354 795 3419 montis,
823 3354 877 3407 in
912 3352 1173 3423 subjectis
1201 3354 1409 3423 campis
1434 3354 1629 3407 stativa
1665 3352 1920 3418 habebat,
1945 3352 2149 3408 delibe-

2250 3357 2346 3410 καὶ
2372 3356 2633 3427 φρούριον
2660 3355 2844 3409 ἱκανὸν
2870 3355 3103 3426 ἐρυμνὸν
3117 3354 3435 3424 ᾠκοδόμητο
3459 3353 3667 3407 ἄνωθεν
3695 3352 3831 3421 περὶ

572 3464 705 3502 rans
753 3462 859 3516 qua
901 3447 1113 3501 ratione
1158 3444 1466 3499 Romanum
1503 3445 1606 3500 sibi
1654 3444 1947 3513 subjiceret
1977 3445 2148 3514 impc-

2250 3448 2343 3501 τού
2380 3448 2631 3518 Σόφωνος
2660 3447 2960 3517 πρόποδας,
3001 3448 3060 3499 ἐν
3095 3449 3207 3509 τοῖς
3257 3448 3436 3499 ἐκεῖσε
3476 3444 3677 3506 πεδίοις
3720 3444 3832 3513 ηὐ-

572 3539 736 3592 rium.
786 3534 958 3590 Porro
985 3535 1255 3589 Cmsarem
1283 3534 1337 3588 in
1369 3535 1579 3590 ltonore
1629 3534 1841 3599 habuit,
1883 3543 1939 3589 et
1973 3533 2144 3587 lilium

2251 3540 2450 3606 λίζετο,
2484 3540 2855 3611 σκεπτόμενος
2908 3541 3055 3602 ὅπως
3106 3539 3173 3593 ἂν
3226 3537 3404 3608 ἑαυτῷ
3429 3538 3497 3590 τὰ
3529 3537 3628 3607 τῆς
3670 3535 3835 3605 βασι-

572 3630 694 3701 ι-Ῑηιιε
723 3642 1048 3697 generosum
1078 3627 1455 3681 Andronicum
1493 3627 1680 3683 videns
1722 3626 1959 3696 graviter
2002 3626 2151 3680 labo-

2251 3633 2400 3695 λείας
2445 3632 2738 3701 Ῥωμαίων
2770 3631 3179 3701 μνηστεύσηται
3232 3630 3536 3701 πράγματα
3564 3645 3580 3660 ο
3617 3628 3711 3681 τόν
3764 3643 3825 3679 τε

574 3728 806 3783 rantem,
852 3735 919 3773 ex
952 3719 1274 3774 vulneribus
1302 3718 1481 3772 curari
1517 3734 1679 3786 quam
1728 3717 2147 3786 diligentissime

2253 3724 2361 3793 γὰρ
2412 3724 2667 3794 Καίσαρα
2712 3723 2801 3776 δια
2840 3725 3007 3793 τιμῆς
3039 3717 3173 3791 εἷχε,
3207 3722 3302 3775 καὶ
3347 3720 3437 3773 τὸν
3462 3717 3676 3772 ’τούτου
3708 3716 3832 3771 υίδν

570 3812 754 3881 jussit.
786 3808 988 3865 Verum
1017 3808 1202 3865 Caesar
1250 3809 1330 3865 sic
1366 3811 1659 3880 patientem
1711 3810 1928 3863 intuens
1978 3808 2147 3861 lilium

2250 3817 2343 3869 τὸν
2372 3817 2618 3883 γενναίου
2666 3812 3007 3886 ’Δνδρύνεκον
3042 3813 3189 3883 δρῶν
3238 3812 3425 3875 κακῶς
3480 3811 3674 3880 ἔχοντα
3717 3810 3830 3862 ὑπὸ

542 3905 916 3985 pangebatur
968 3904 1083 3967 acri
1131 3902 1322 3958 dolore
1354 3911 1408 3957 et
1471 3901 1860 3955 molestissime
1916 3899 2144 3954 ferebat.

2253 3906 2361 3960 τῶν
2409 3906 2742 3976 τραυμάτων
2795 3907 2976 3974 πάσης
3028 3904 3349 3973 ἐπιμελείας
3387 3903 3562 3973 ἠξίου.
3604 3901 3666 3955 '0
3695 3900 3832 3969 γοῦν

574 3998 760 4066 linque
784 3995 1056 4051 Urselium
1096 3995 1325 4063 rogavit,
1372 4001 1428 4045 ιιι
1458 4007 1581 4047 eum
1616 3988 2146 4059 Constantinopolim

2254 3999 2471 4067 Καίσαρ
2504 3996 2651 4051 οὕτω
2692 3997 2970 4067 πάσχοντα
3032 3996 3303 4065 θεώμενος
3346 3995 3438 4049 τὸν
3479 3995 3597 4047 υἱὸν
3635 3992 3832 4064 ἠνιᾶτο

575 4091 778 4168 portari
811 4089 1116 4151 curandum
1147 4088 1372 4143 sineret.
1403 4087 1674 4141 Assensus
1693 4085 1780 4139 ille
1803 4098 1865 4138 ea
1898 4083 2012 4154 lege
2043 4091 2148 4147 est,

2254 4090 2349 4143 καὶ
2376 4088 2610 4159 ἤσχαλλε
2662 4089 2758 4142 καὶ
2809 4088 2901 4141 τὸν
2945 4086 3239 4158 Ούρσέλιον
3267 4086 3443 4158 ᾔτησε
3472 4085 3663 4138 τοῦτον
3688 4083 3831 4154 πρὸς

572 4185 616 4237 si
646 4182 879 4252 majores
907 4190 1036 4247 natu
1070 4180 1304 4233 filiorum
1332 4178 1452 4248 ejus
1480 4191 1579 4247 pro
1604 4192 1671 4232 eo
1701 4175 1919 4230 obsides
1953 4174 2149 4228 daren-

2252 4182 2351 4250 τὴν
2382 4180 2629 4243 βασιλίδα
2658 4180 3035 4247 ἐξαποστεῖλαι
3074 4180 3184 4233 τῶν
3215 4181 3446 4233 πόλεων.
3491 4179 3550 4232 ’0
3578 4178 3638 4231 δὲ
3676 4175 3836 4232 ἕπει-

575 4288 665 4328 ιιιι·
699 4293 711 4327 :
747 4273 943 4343 quibus
966 4271 1108 4326 datis
1137 4271 1398 4325 remissus
1433 4268 1781 4323 Andronicus
1808 4267 2030 4321 domum
2073 4263 2149 4318 ibi

2255 4271 2380 4326 θετό
2427 4287 2487 4324 τε
2532 4273 2629 4325 καὶ
2678 4273 2919 4343 ὁμήρους
2953 4272 3185 4341 αίτήσας
3233 4272 3363 4333 τοὺς
3419 4269 3830 4341 πρεσϐυτέρους

573 4358 919 4420 στοιινοιιίειιῑί
967 4362 1251 4417 curatione
1296 4368 1572 4416 recreatus
1610 4370 1713 4422 est,
1744 4357 1965 4412 interim
2018 4355 2146 4410 dum

2255 4364 2364 4419 τῶν
2386 4365 2577 4419 τούτου
2621 4364 2803 4430 υἱέων,
2850 4365 2946 4417 καὶ
2989 4365 3054 4435 δή
3096 4363 3278 4418 λαϐὼν
3310 4362 3589 4433 ἐξέπεμψε
3639 4360 3831 4416 τοῦτον

573 4457 729 4537 pueri
754 4455 951 4525 captivi
994 4453 1111 4509 vice
1139 4453 1259 4523 ejus
1287 4453 1341 4506 in
1386 4466 1510 4505 arce
1548 4449 2021 4512 custodiebantur,
2056 4447 2147 4500 ubi
2184 4508 2213 4537 η

2192 4508 2225 4537 η
2255 4457 2462 4512 οίκαδε.
2510 4456 2651 4509 Ἀλλ’
2697 4458 2726 4510 ὁ
2763 4456 2861 4525 μὲν
2903 4456 3203 4526 θεραπείας
3248 4455 3467 4524 ἠξιοῦτο
3513 4455 3615 4525 τῆς
3662 4470 3832 4525 προσ-

574 4508 642 4602 ἶῖιι
668 4508 857 4604 eorum
881 4508 1186 4627 paedagogis
1224 4553 1485 4598 tentatum
1516 4541 1721 4611 aliquid
1772 4549 1859 4595 est
1902 4554 2011 4593 non
2060 4539 2145 4592 in-
2182 4508 2214 4561 υ

2189 4508 2225 4561 D
2256 4508 2670 4620 ηκούσήςμδδὲ
2699 4508 2826 4611 τοὶς
2857 4508 3057 4609 παῖδας
3086 4508 3282 4601 τούτου
3299 4508 3611 4617 ’καθείρξας
3642 4508 3829 4617 ὲτήρει

574 4643 798 4710 dignum
827 4639 1020 4692 relatu.
1056 4634 1369 4691 Ventitabat
1410 4634 1609 4701 smpius
1650 4636 1716 4687 ad
1745 4633 1891 4702 ipsos
1942 4631 2147 4700 indige-

2258 4642 2409 4713 παρὰ
2443 4642 2503 4695 τὸ
2531 4642 2808 4711 φρούριον.
2850 4638 3116 4692 Ἐνταῦθα
3152 4638 3410 4706 δέδραστό
3456 4656 3508 4692 τι
3545 4637 3697 4707 παρᾶ
3722 4636 3834 4690 τῶν

576 4743 770 4787 narum
813 4726 1109 4798 agrestium
1141 4725 1387 4795 quidam,
1427 4739 1597 4793 quem
1632 4723 1708 4775 illi
1739 4720 2026 4776 delinitum
2062 4720 2148 4773 in—

2257 4734 2621 4801 παιδαγωγῶν
2660 4732 2768 4784 τῶν
2794 4731 2929 4784 νέων
2975 4730 3126 4795 ἄξιον
3165 4733 3406 4801 μνήμης.
3450 4729 3673 4797 Ἑφοίτα
3699 4728 3833 4780 πολ-

576 4823 925 4893 terrogabant
954 4822 1247 4887 calleretne
1292 4820 1456 4880 viam,
1486 4832 1594 4889 qua
1626 4816 1752 4871 inde
1776 4812 2147 4869 Nicomediam

2258 4827 2417 4889 λάκις
2449 4824 2584 4895 πρὸς
2613 4824 2809 4884 αὐτοὺς
2838 4822 2946 4875 τῶν
2980 4821 3263 4892 ἐγχωρίων
3316 4838 3400 4883 τις
3447 4820 3720 4890 ἀγροτῶν.
3767 4820 3835 4872 Oi

580 4916 970 4983 perteniretur.
1008 4914 1146 4969 Cum
1175 4928 1302 4966 vero
1324 4911 1710 4981 cognovissent
1745 4908 1816 4962 ita
1841 4907 2006 4960 istum
2031 4906 2150 4974 ejus

2260 4915 2307 4970 δ’
2349 4917 2554 4967 ἐκεῖνον
2575 4912 2995 4983 οἰκειωσάμενοι
3023 4912 3253 4983 ἠρώτων
3281 4913 3329 4963 εί
3360 4912 3460 4976 τὰς
3495 4912 3633 4981 πρὸς
3665 4912 3835 4963 Νικο-

575 5007 790 5062 i'inrris
811 5007 1069 5076 peritum,
1101 5014 1162 5059 ut
1184 5003 1453 5075 veljnocttt
1493 5011 1548 5055 et
1570 5016 1664 5070 per
1690 4999 1844 5053 devia
1874 5014 2152 5067 periurare

2263 5004 2489 5075 μήδειαν
2528 5002 2799 5072 φερούσας
2851 5002 3001 5066 ὀδοὺς
3051 5003 3214 5064 αὐτὸς
3242 5002 3551 5069 ἐπίσταται,
3583 5004 3680 5056 καὶ
3727 5020 3834 5070 μα-

575 5108 792 5154 ntontes
821 5080 1134 5168 interiectos
1173 5105 1381 5158 neSset,
1418 5094 1588 5147 multo
1611 5092 1721 5163 78
1765 5108 1866 5146 nsu
1896 5091 2153 5161 frequen-

2259 5095 2443 5155 θόντες
2483 5095 2558 5156 ὡς
2589 5093 2757 5163 είδοίη
2789 5093 2991 5157 ταύτας
3032 5095 3274 5165 ἀκριϐῶς
3308 5093 3403 5166 ’[Ρ.
3467 5094 3561 5166 δι]
3616 5095 3692 5156 ὡς
3736 5095 3832 5148 καὶ

578 5196 647 5247 tis
689 5192 829 5245 ultro
871 5192 1123 5259 citroque
1157 5184 1568 5242 connneationis
1607 5202 1800 5240 omnes
1844 5184 2150 5246 anfractus,

2260 5183 2479 5253 νύκτωρ
2521 5185 2616 5236 καὶ
2658 5184 2761 5248 ἔξω
2811 5185 3001 5256 τρίϐου
3040 5185 3245 5255 μεταξὺ
3292 5186 3520 5239 διελθεῖν
3551 5187 3652 5255 ὅρη
3680 5186 3838 5239 δύνα-

578 5286 760 5338 ιιιιιιιίςι
798 5284 1117 5354 compendia
1146 5284 1394 5344 edoctus,
1439 5280 1727 5334 consilium
1761 5281 1951 5334 ineunt
1978 5279 2151 5332 solers

2263 5280 2387 5332 σθαι
2432 5279 2526 5331 καὶ
2579 5279 2835 5346 φοιτῆσαι
2884 5280 3022 5349 πρὸς
3060 5279 3456 5350 Νικομήδειαν,
3484 5278 3678 5349 βουλήν
3710 5278 3839 5347 βου-

576 5387 629 5430 ςιι
681 5377 858 5430 audax
901 5388 1193 5443 puerorum
1245 5388 1275 5427 e
1326 5383 1508 5427 castro
1566 5370 1998 5433 cduccndorum,
2059 5384 2154 5437 per

2259 5368 2508 5422 λεύονται
2571 5368 2800 5439 συνετὴν
2862 5370 2979 5437 ἅμα
3039 5371 3136 5421 καὶ
3166 5370 3448 5440 τολμηρὰν
3500 5370 3669 5439 ἄμφω
3709 5371 3840 5433 τοὺς

580 5478 795 5523 noctem
824 5466 1017 5535 sapitis
1057 5464 1399 5528 custodibus,
1428 5474 1476 5517 et
1514 5463 1635 5533 fuga
1672 5464 1761 5517 tali
1794 5462 1984 5518 salutis
2004 5461 2153 5531 prin-

2262 5460 2456 5522 παῖδας
2480 5459 2754 5530 λαθραίως
2785 5460 2884 5527 τῆς
2907 5461 3078 5531 πύλης
3108 5461 3402 5529 ἐξαγαγεῖν
3420 5461 3516 5514 τοῦ
3538 5460 3836 5529 ἐρύματος,

578 5562 757 5629 cipum
800 5574 864 5612 ac
894 5557 1154 5612 libertatis
1193 5556 1560 5623 expediendis
1605 5557 1786 5624 Agunt
1831 5555 1993 5623 igitur
2027 5569 2149 5607 cum

2261 5554 2501 5622 ὁπηνίκα
2566 5554 2614 5605 οί
2662 5552 2899 5620 φύλακες
2952 5553 3148 5615 νυκτὸς
3192 5552 3644 5606 καθυπνὼττουσι
3678 5591 3693 5614 ,
3741 5552 3844 5606 καὶ

582 5651 786 5703 rustico
820 5658 874 5703 et
920 5648 1076 5702 facile
1124 5648 1387 5715 promissa
1442 5647 1669 5716 pecunia
1710 5647 2059 5717 persuadent,
2096 5651 2153 5697 ut

2260 5645 2491 5716 δρασμῷ
2534 5646 2633 5714 τὴν
2673 5644 2781 5697 τῶν
2814 5643 3020 5696 παίδων
3086 5645 3621 5713 πραγματεύσασθαι
3658 5660 3840 5712 σωτηι

578 5744 688 5794 dust
722 5755 844 5796 esse
896 5740 1029 5806 ipsis
1085 5740 1261 5792 vellet.
1321 5737 1488 5792 Norte
1540 5739 1703 5807 igitur
1735 5737 2019 5795 observata
2056 5737 2154 5790 ob-

2266 5738 2408 5809 ρίαν.
2460 5736 2686 5806 ⁹Οδηγδν
2731 5730 2825 5788 οὖν
2858 5733 3067 5798 ἀξιοῦσι
3112 5735 3300 5789 λαϐεῖν
3328 5737 3419 5788 τὸν
3449 5736 3687 5805 ἁγρὸτην
3734 5734 3843 5798 τῆς

580 5846 739 5900 suum
782 5839 836 5887 et
878 5831 1033 5897 illuni
1075 5839 1128 5887 ct
1184 5841 1349 5900 portae
1381 5830 1576 5885 clavim
1642 5830 1889 5885 suﬂ'urati
1947 5828 2155 5883 rustico

2264 5829 2384 5884 ὁδοῦ
2414 5830 2507 5884 καὶ
2539 5827 2786 5882 πείθουσι
2812 5826 3110 5897 χρημάτων
3142 5828 3492 5897 ὑποσχέσεσι.
3524 5826 3717 5880 Νύκτα
3738 5820 3841 5878 οὖν
