4154 6440
444 401 553 469 121

1667 410 2214 476 HISTORIARUM
2254 418 2402 479 LIB.
2442 421 2526 485 ΙΙ.

3609 424 3717 490 122

448 519 949 590 παρατηρήσαντες
1017 521 1236 593 ἀφεγγῆ
1282 521 1374 577 καὶ
1435 522 1708 595 ἀσέληνον
1775 528 1871 580 καὶ
1929 526 2030 596 τὴν

2134 530 2354 598 quidem
2391 534 2754 590 condixerunt
2800 535 2867 591 ad
2918 545 3126 593 certum
3157 544 3311 594 extra
3348 535 3709 596 munitionem

451 611 637 665 κλεῖδα
670 611 770 681 τῆς
813 610 1000 682 πύλης
1055 613 1463 684 ύποκλέψαντες
1500 616 1592 670 τὸν
1639 617 1739 687 μὲν
1792 619 2034 690 ἀγρὸτην

451 702 562 767 ἔξω
586 704 778 757 εῐασαν
802 704 902 758 τοῦ
922 705 1219 776 ἐρύματος,
1236 708 1709 778 παραγγείλαντες
1737 711 1813 781 μὴ
1844 711 2035 782 πόρρω

448 793 557 862 τῆς
582 792 754 865 πύλης
785 795 1101 866 καταίρειν,
1128 796 1282 851 αὐτοὶ
1311 797 1369 850 δὲ
1408 796 1559 852 ενδον
1604 798 1754 863 am;
1789 800 2033 870 παρετή-

453 901 587 952 ρουν
613 885 738 948 τοὺς
768 885 1041 955 φύλακας.
1082 889 1237 943 Ἐπεὶ
1263 889 1322 943 δὲ
1350 889 1452 961 ἤδη
1470 890 1829 958 ἀφύπνωττον
1859 891 2034 945 ἃπανο

450 974 623 1039 τες,ό
649 974 745 1028 τοῦ
794 977 1180 1048 πρεσϐυτέρου
1244 979 1356 1033 τῶν
1417 981 1627 1033 παίδων
1680 981 2033 1049 παιδαγωγὸς

447 1064 550 1117 τοῦ
614 1068 970 1136 χαριεστάτου
1022 1069 1248 1140 Μιχαὴλ
1308 1071 1501 1142 (δνομα
1561 1070 1641 1141 τῷ
1698 1072 2032 1143 παιδαγωγῷ

453 1155 787 1220 Δεοντάκιος
819 1152 939 1227 ἦν),
982 1158 1125 1230 ἀνὴρ
1156 1161 1419 1232 ἐκτομίας
1464 1164 1559 1217 καὶ
1587 1162 2029 1233 νουνεχὲστατος,

447 1245 725 1315 ἀφύπνιζὲ
771 1265 834 1302 τε
895 1250 991 1304 τὸν
1026 1252 1195 1306 παῖδα
1242 1255 1338 1307 καὶ
1376 1257 1439 1307 τὸ
1466 1255 1654 1324 δρᾶμα
1688 1255 2029 1324 ἀπήγγελλε,

448 1340 555 1406 τὴν
607 1339 786 1409 πύλην
838 1342 1107 1413 πρότερον
1165 1345 1403 1412 ἀνοίξας.
1467 1345 1692 1414 Ἐξῆγεν
1733 1362 1828 1400 ουν
1870 1344 2030 1410 εὐθὺς

457 1430 677 1482 ἐκεῖνον
729 1431 821 1485 καὶ
885 1433 1190 1503 παρηγγύα
1247 1436 1467 1508 θατέρῳ
1500 1438 1612 1491 τῶν
1664 1436 2029 1504 παιδαγωγῶν

449 1520 917 1592 ἐπισπεύδειντὴν
934 1526 1031 1578 τοῦ
1064 1526 1253 1597 ἑτέρου
1282 1527 1581 1595 ἀφύπνῐσίν
1608 1545 1667 1581 τε
1700 1529 1795 1580 καὶ
1828 1528 2027 1594 ἔξοδον.

460 1610 527 1664 '0
555 1610 611 1664 δὲ
647 1610 876 1667 ἔσπευσε
910 1616 1034 1685 μὲν,
1070 1617 1355 1688 ὲδυστύχει
1382 1618 1440 1672 δὲ
1473 1620 1652 1689 ὅμως*
1695 1624 1755 1673 ὲν
1783 1621 1893 1691 ὅσῳ
1920 1621 2031 1692 γὰρ

450 1702 651 1774 κατῄει
677 1704 852 1774 ψόφος
886 1721 972 1770 τις
1007 1708 1136 1779 περὶ
1168 1708 1270 1779 τὴν
1310 1709 1555 1781 κλίμακα
1585 1711 1800 1779 γέγονε,
1840 1713 1935 1767 καὶ
1979 1713 2029 1766 οἱ

450 1792 697 1861 φύλακες
740 1794 837 1849 τοῦ
872 1795 1049 1866 ψόφου
1093 1800 1405 1871 αἰσθόμενοι
1434 1802 1721 1872 ἀνεπήδων
1750 1803 1846 1856 καὶ
1879 1804 2029 1867 ὅστις

2134 620 2336 684 locum,
2368 616 2740 693 praecipientes
2770 642 2838 681 ne
2874 627 3106 683 multum
3152 643 3184 685 a
3216 636 3373 698 porta
3441 628 3709 685 abscede-

2135 725 2237 767 ret.
2276 715 2383 785 Ipsi
2416 732 2544 773 vero
2570 718 2717 774 intus
2739 721 2994 775 custodes
3043 721 3432 776 observabant.
3464 719 3569 788 Qui
3616 720 3709 776 ubi

2132 819 2231 873 per
2269 814 2482 861 nor-tem
2511 807 2831 861 concubiam
2853 809 3198 864 obdormisse
3217 810 3319 864 visi
3346 819 3475 864 sunt
3500 811 3710 879 cuncti,

2132 893 2458 965 paedagogus
2514 897 2745 965 majoris
2810 907 2941 952 natu
3000 914 3295 968 puerorum
3359 900 3707 958 festivissimi

2131 986 2429 1053 Michaelis,
2484 990 2774 1044 eunuchus
2830 991 2997 1043 homo
3052 991 3547 1061 prudentissimus,
3609 1008 3710 1045 nn.

2133 1081 2278 1133 mine
2302 1079 2649 1143 Leontacius,
2672 1081 2929 1135 excitavit
2955 1095 3185 1150 puerum
3209 1092 3262 1136 et
3296 1097 3408 1135 rem
3435 1082 3711 1152 composi-

2131 1177 2244 1225 tam
2287 1170 2569 1225 indicavit.
2606 1169 2722 1225 Μοί
2758 1180 2915 1240 porta
2966 1180 3206 1225 reserata
3242 1172 3431 1226 eduxit
3464 1187 3529 1225 ex
3581 1186 3710 1226 arce

2131 1262 2282 1332 prius
2321 1261 2600 1315 admonito
2628 1263 2919 1331 paedagogo
2971 1262 3166 1325 altero.
3225 1272 3286 1316 ut
3314 1271 3368 1316 et
3395 1264 3513 1330 ipse
3542 1277 3705 1316 suum

2130 1352 2411 1407 alumnum
2441 1352 2878 1422 expergefactum
2898 1352 3173 1409 educeret.
3188 1352 3489 1409 Festinavit
3511 1355 3557 1409 is
3588 1354 3709 1424 qui-

2129 1444 2253 1498 dem
2279 1457 2461 1513 agere,
2491 1444 2583 1497 sed
2644 1443 2850 1498 infelici
2906 1458 3191 1500 successu.
3228 1443 3366 1498 Cum
3411 1443 3557 1499 enim
3608 1444 3706 1498 de-

2129 1533 2431 1597 scenderet,
2484 1531 2670 1586 nescio
2712 1532 2845 1601 quid
2876 1532 3138 1603 strepitus
3186 1533 3448 1587 acutioris
3477 1547 3508 1588 e
3559 1533 3708 1587 scala

2129 1625 2333 1689 sonuit,
2351 1638 2461 1691 quo
2490 1624 2746 1679 custodes
2772 1624 2957 1679 audito
2981 1624 3244 1680 exsiliunt
3277 1633 3329 1679 et
3355 1633 3711 1679 accurreutes

2128 1717 2260 1786 quid
2317 1716 2391 1771 sit
2423 1716 2735 1785 explorant.
2764 1714 2863 1771 His
2896 1716 2990 1770 ille
3032 1715 3409 1785 deprehensus
3455 1713 3707 1784 prmsenti

2130 1808 2314 1862 animo
2359 1822 2587 1877 puerum
2619 1805 2781 1862 oﬂ‘ert
2806 1807 3109 1871 mittendae,
3162 1813 3223 1860 ut
3273 1804 3474 1869 aiebat,
3530 1803 3706 1859 urina:

453 1885 541 1955 gs:
590 1886 928 1957 ἀνηρεύνων.
970 1888 1029 1942 Ὀ
1060 1890 1118 1944 δὲ
1160 1890 1451 1960 προλαϐὼν
1489 1892 1669 1963 ἵστησι
1712 1893 1806 1948 τὸν
1859 1894 2028 1948 παῖδα

2129 1900 2394 1955 duntaxat
2427 1913 2593 1954 causa
2633 1898 2892 1954 cubiculo
2931 1912 3240 1968 egressum.
3290 1895 3394 1951 Sed
3428 1894 3505 1950 illi
3535 1895 3708 1950 semel

443 1973 524 2038 ὡς
555 1975 716 2046 οὖρον
753 1978 1034 2049 ἐκχέοντα.
1080 1980 1221 2035 Ἀλλ’
1245 1982 1396 2052 ὅμως
1425 1985 1626 2037 ἐκεῖνοι
1660 1986 2026 2055 περιεργότε-

450 2085 549 2135 ρυν
576 2066 804 2138 ἐζήτουν
858 2073 953 2125 καὶ
980 2072 1050 2126 τὰ
1077 2074 1204 2142 περὶ
1234 2074 1329 2127 τοῦ
1386 2074 1607 2145 Μιχαὴλ
1638 2075 2025 2143 ἐπυνθάνοντο.

460 2159 765 2228 ’ἀπογνοὺς
794 2159 887 2217 οὖν
923 2165 953 2216 6
993 2165 1150 2227 ἐντὸς
1177 2165 1380 2233 διάγων
1410 2166 1757 2235 παιδαγωγὸς
1786 2168 1881 2222 καὶ
1913 2167 2027 2220 δει-

452 2263 556 2311 σας
592 2248 669 2319 μὴ
710 2249 861 2321 ἁλῴη
895 2251 927 2304 6
965 2251 1347 2321 διαπεφευγὼς
1392 2253 1496 2324 ἤδη
1533 2254 1883 2325 γεγωνοτέρᾳ
1907 2253 2028 2308 ἐκέ-

450 2356 626 2409 χρητο
672 2344 730 2395 ἐν
780 2346 902 2406 ταῖς
944 2344 1273 2414 ἀποκρίσεσι
1302 2347 1367 2416 τῇ
1404 2348 1580 2417 φωνῇ.
1612 2344 1939 2414 Δισθόμενοι
1969 2345 2027 2399 δὲ

448 2430 557 2499 τῆς
602 2435 851 2504 ταραχῆς
881 2435 932 2489 οἱ
973 2434 1079 2500 ἔξω
1112 2435 1289 2503 ὄντες,
1332 2437 1362 2492 ὃ
1398 2455 1479 2513 τερ
1494 2437 1843 2506 παιδαγωγὸς
1881 2439 1974 2492 καὶ
2000 2440 2028 2491 6

454 2522 596 2590 πρὸς
638 2523 736 2594 τὴν
765 2524 886 2578 ὁδὸν
928 2525 1144 2596 ὁδηγδς,
1181 2527 1334 2581 ἔθεον
1380 2528 1458 2591 ὡς
1501 2522 1604 2582 οἷοί
1660 2545 1720 2581 τε
1769 2526 1911 2600 ἦσαν
1937 2529 2029 2583 τὸν

453 2615 621 2669 παῖδα
648 2616 957 2686 ὲπωμάδιον
991 2619 1248 2688 φέροντες
1277 2619 1539 2685 ἐναλλάξ·
1572 2622 1801 2691 καὶγὰρ
1834 2618 1903 2692 ἦν
1934 2639 2028 2675 κο-

452 2708 585 2779 μιδῇ
634 2708 777 2771 νέος.
806 2710 870 2764 Oi.
902 2710 1002 2779 μὲν
1034 2709 1127 2763 οὖν
1157 2712 1410 2781 ἔφευγον,
1445 2714 1493 2765 οἱ
1519 2713 1575 2766 δὲ
1608 2713 1848 2781 φύλακες
1873 2714 2027 2782 φῶτα

453 2797 622 2868 ᾔτουν
671 2798 767 2852 καὶ¹
830 2800 970 2870 πρὸς
1025 2798 1123 2870 τὴν
1167 2800 1345 2855 οὶκίαν
1384 2801 1643 2873 ἀνῄεσαν,
1684 2802 1814 2856 ἔνθα
1841 2805 1893 2856 οἱ
1918 2804 2028 2856 τῶν

454 2890 669 2947 παίδων
698 2890 1013 2944 κατέκειντο
1044 2891 1368 2961 σκιμποδες.
1406 2892 1563 2947 Ἐπεὶ
1584 2893 1642 2946 δὲ
1669 2893 1825 2947 κενὸν
1854 2894 2026 2947 sese-

455 3002 589 3053 ρουν
616 2983 713 3036 τοῦ
741 2984 1064 3053 διαδράντος
1101 2985 1197 3038 τὸν
1225 2983 1520 3053 σκίμποδα,
1566 2984 1729 3048 εὐθὺς
1774 2985 1850 3049 ὡς
1881 2983 2027 3057 εἶχεν

451 3076 686 3138 ἕκαστος
741 3074 941 3129 ἔτυπτε
1000 3075 1095 3130 τὸν
1151 3076 1500 3144 παιδαγωγὸν
1526 3116 1542 3138 ,
1594 3076 1692 3129 καὶ
1725 3076 2027 3148 ἐπηρώτων

454 3169 753 3238 μανθάνειν
788 3168 818 3221 ὃ
863 3187 916 3223 τι
950 3169 1048 3223 καὶ
1068 3169 1283 3238 γένοιτο
1310 3168 1374 3221 τὸ
1403 3169 1617 3222 παιδίον
1650 3167 1745 3232 ξὺν
1783 3168 1864 3237 τῷ
1898 3186 2028 3221 παι-

449 3260 710 3331 δαγωγῷ.
755 3259 814 3314 '0
858 3261 917 3314 δὲ
950 3260 1120 3332 ἐφερέ
1147 3276 1207 3313 τε
1238 3258 1339 3322 τὰς
1366 3259 1584 3328 πληγὰς
1631 3258 1893 3325 γενναίως
1933 3259 2030 3311 καὶ

450 3353 613 3406 οὐδὲν
641 3353 750 3406 τῶν
772 3352 1163 3423 βουλευμάτων
1212 3351 1571 3422 ἀπήγγειλεν.
1631 3351 1725 3413 Ἐς
1775 3351 2031 3405 τοσοῦτον

447 3446 499 3498 δ’
530 3445 796 3514 ἀπηνεξας
830 3444 1108 3516 προῆλθον
1136 3445 1188 3499 οἱ
1217 3444 1487 3515 βάρϐαροι
1517 3445 1594 3507 ὡς
1628 3445 1722 3498 καὶ
1763 3443 1833 3497 τὰ
1865 3443 2030 3513 σκέλη

448 3535 647 3590 τούτου
696 3536 1071 3591 καταθλᾶσθαι
1102 3538 1375 3607 ῥοπάλοις.
1421 3537 1533 3588 Καὶ
1560 3530 1630 3605 ἦν
1666 3535 1792 3588 ἰδεῖν
1823 3535 2029 3604 ὑπομο-

450 3632 554 3698 νὴν
591 3631 782 3700 ῲιδρδς
814 3629 1094 3698 ὲκτομίου,
1126 3626 1388 3690 ἀσθενοῦς
1422 3628 1519 3697 μὲν
1535 3626 1612 3697 τῷ
1641 3626 1878 3697 σώματι,
1903 3643 2030 3695 γεν-

449 3721 606 3771 uico
643 3718 719 3781 δὲ,
748 3716 824 3781 ὡς
851 3717 1042 3783 ἔδειξε,
1069 3717 1169 3786 τὴν
1202 3717 1412 3787 ψυχὴν,
1450 3717 1695 3770 ἐπαίνων
1725 3716 1884 3782 ἀξίαν
1937 3717 2031 3769 καὶ

450 3810 616 3879 λόγου
645 3811 953 3877 κρείττονα.
992 3808 1350 3877 Ἀπογνόντις
1380 3804 1474 3862 οὖν
1513 3810 1562 3861 οἱ
1584 3808 1875 3878 Βάρϐαροι
1903 3808 2030 3872 τούς

446 3921 514 3979 τε
546 3904 750 3965 ἵππους
779 3899 1111 3972 ηὑτρὲπιζον
1141 3903 1235 3953 καὶ
1273 3901 1399 3961 τοὺς
1430 3898 1724 3964 διώξοντας
1754 3898 2027 3968 ἔπεμπον.

449 3995 599 4047 Ἀλλ’
623 3995 675 4047 οἱ
705 3992 804 4064 μὲν
832 3993 998 4056 οὕτω,
1018 3992 1049 4044 ὁ
1072 3992 1131 4045 δὲ
1153 3991 1316 4054 καλὸς
1353 3991 1566 4061 ὁδηγδς,
1596 3988 1913 4062 ὁδηγὺν’[Ρ.
1937 3990 2029 4064 55]

450 4089 639 4157 φέρων
681 4084 757 4150 ὼς
802 4084 948 4140 ἔοικε
978 4086 1072 4138 τὸν
1122 4085 1259 4138 ὡσεὶ
1288 4084 1563 4155 πρόϐατον
1600 4084 1898 4154 ὁδηγοῦντα
1938 4086 2031 4138 τὸν

464 4176 690 4246 Ἰωσὴφ,
720 4176 810 4229 τὸν
830 4176 951 4228 νέον
972 4173 1154 4229 λαϐὼν
1197 4175 1395 4244 Ἰωσὴφ
1426 4173 1544 4244 ἅμα
1573 4172 1653 4242 τῷ
1674 4177 2032 4245 νουνεχεστά-

448 4285 534 4338 τῳ
568 4266 901 4337 ⁴ιταιδαγωγῷ
933 4267 1122 4338 πόρρω
1149 4267 1419 4321 άπὲνευσε
1450 4269 1549 4336 τῆς
1587 4266 1732 4332 ὁδοῦ,
1767 4271 1863 4320 καὶ
1896 4268 2033 4337 πρός

448 4378 509 4413 τι
559 4360 685 4427 δρος
742 4361 1049 4432 συνηρεφὲς
1086 4359 1329 4423 ἀνιόντες
1365 4359 1491 4423 τοὺς
1520 4357 1816 4423 διώκοντας
1863 4376 2030 4413 κατε-

454 4452 717 4513 σκόπουν,
769 4450 1005 4521 ὁρῶντες
1056 4450 1177 4519 μὲν,
1210 4451 1308 4520 οὐχ
1358 4449 1626 4521 ὁρώμενοι
1674 4450 1752 4503 δέ.
1794 4449 1946 4502 Ἐπεὶ
1988 4449 2032 4503 δ’

2131 1993 2187 2047 in
2208 1991 2574 2061 suspicionem
2623 1990 2753 2044 meti
2794 1989 3068 2045 curiosius
3103 1989 3171 2043 de
3210 1987 3424 2043 cunctis
3456 1985 3706 2054 inquire-

2128 2085 2260 2140 bant
2281 2083 2421 2139 etde
2451 2081 2716 2137 Michaele
2751 2081 3236 2151 percontabantur.
3277 2078 3707 2133 Perturbabatur

2129 2193 2192 2233 ea
2254 2175 2527 2231 mentione
2578 2173 2900 2244 paedagogus
2928 2174 3022 2244 qui
3075 2174 3222 2227 intus
3252 2177 3596 2227 remanserat
3649 2176 3705 2223 et

2130 2275 2379 2321 metuens
2429 2278 2498 2320 ne
2558 2264 2924 2319 retraheretur
2961 2263 3054 2331 qui
3089 2264 3203 2333 jam
3235 2273 3502 2329 evaserat,
3543 2262 3706 2332 paulo

2128 2357 2308 2412 altiori
2343 2357 2397 2410 in
2429 2352 2879 2424 responsionibus
2909 2368 3042 2409 voce
3074 2353 3353 2417 utebatur,
3397 2368 3507 2422 quo
3549 2352 3705 2407 scili—

2130 2456 2214 2503 eet
2251 2446 2512 2501 admoniti
2544 2459 2682 2500 sono
2708 2445 2799 2514 qui
2838 2443 2971 2498 foris
2990 2452 3148 2498 erant
3176 2460 3235 2498 se
3262 2444 3317 2498 in
3356 2453 3538 2498 tutum
3574 2443 3709 2497 sub-

2108 2540 2408 2593 'ducerent.
2450 2535 2506 2592 Id
2539 2537 2683 2606 quod
2720 2536 2830 2605 79
2858 2537 2930 2594 ita
2965 2534 3168 2590 evenit.
3196 2535 3329 2589 Nam
3361 2550 3484 2589 eum
3519 2533 3706 2604 parda-

2129 2645 2300 2702 gogus
2328 2640 2382 2684 et
2408 2628 2650 2685 rusticus
2677 2628 2778 2681 viae
2811 2625 2920 2681 dux
2956 2624 3351 2681 intellexissent
3395 2624 3702 2693 deprehen-

2128 2738 2246 2779 sam
2279 2736 2416 2787 rem,
2476 2733 2705 2789 puerum
2750 2717 2976 2772 alternis
3007 2716 3060 2770 in
3111 2716 3371 2771 humerus
3424 2715 3704 2769 sublatum

2130 2813 2268 2885 (erat
2329 2810 2474 2866 enim
2505 2808 2799 2864 tenerrima
2842 2808 3021 2873 adhuc
3055 2809 3246 2875 aetate)
3292 2821 3455 2876 quam
3496 2804 3702 2873 longis-

2130 2904 2269 2959 sime
2323 2909 2710 2972 procurrentes
2748 2910 3123 2970 asportaruut.
3178 2899 3400 2954 Interim
3447 2896 3704 2954 custodes

2130 2998 2362 3068 quaesito
2418 2994 2625 3049 lumine
2677 2993 2939 3048 conclave
2992 2992 3232 3054 adeunt,
3287 2990 3342 3043 in
3376 3003 3485 3058 quo
3524 2987 3706 3043 lectuli

2131 3102 2423 3160 puerorum
2474 3092 2655 3149 erant,
2690 3099 2755 3140 ac
2824 3083 2915 3137 ubi
2967 3082 3088 3152 ejus
3137 3081 3231 3152 qui
3283 3080 3492 3136 abierat
3527 3078 3708 3134 cubile

2078 3214 2094 3230 ς
2132 3194 2366 3235 vacuum
2395 3177 2670 3241 viderunt,
2704 3174 2758 3229 in
2795 3174 3056 3229 miserum
3102 3172 3452 3243 paedagogum
3509 3182 3613 3238 pro
3646 3182 3708 3222 se

2131 3271 2367 3341 quisque
2392 3268 2638 3324 insiliunt
2668 3281 2733 3321 ac
2748 3266 2945 3336 pugnis
2973 3280 3100 3320 eum
3146 3263 3493 3331 fustibusque
3526 3274 3625 3331 pro
3648 3271 3708 3313 se

2132 3360 2368 3429 quisque
2398 3357 2797 3412 contundentes
2836 3356 3018 3410 dicere
3038 3354 3331 3423 jubebant,
3356 3350 3490 3422 quid
3526 3351 3595 3406 de
3625 3350 3709 3404 al-

2134 3460 2253 3505 tero
2277 3464 2449 3518 puero
2503 3448 2735 3517 ejusque
2790 3446 3085 3517 paedagogo
3135 3443 3336 3499 factum
3385 3452 3549 3498 esset.
3614 3441 3710 3497 ille

2133 3557 2261 3596 vero
2288 3540 2499 3595 fortiter
2527 3539 2717 3609 plagas
2747 3537 3014 3594 tolerabat
3040 3550 3140 3591 nec
3168 3535 3343 3589 ullum
3375 3542 3555 3590 tamen
3588 3533 3709 3589 initi

2132 3632 2345 3688 consilii
2379 3631 2508 3686 fecit
2537 3618 2823 3685 indicium.
2852 3628 2911 3683 In
2938 3636 3149 3682 tantum
3177 3634 3359 3682 autem
3397 3625 3712 3682 immanita-

2136 3726 2205 3779 tis
2242 3722 2483 3795 provecti
2519 3733 2647 3777 sunt
2669 3719 2916 3783 Barbari,
2959 3727 3019 3773 ut
3046 3718 3208 3773 etiam
3243 3732 3403 3771 crura
3434 3716 3712 3785 stipitibus

2106 3820 2337 3873 -misero
2363 3815 2790 3884 confringerent.
2826 3812 2886 3867 ιη
2915 3826 3025 3882 quo
3055 3810 3193 3865 mira
3241 3808 3454 3865 exstitit
3494 3810 3709 3875 patien-

2134 3908 2207 3964 tia
2268 3907 2459 3961 evirati
2522 3902 2783 3965 masculi,
2834 3908 3063 3970 corpore
3116 3897 3336 3967 quidem
3398 3896 3599 3951 infirmi
3656 3903 3713 3950 at

2105 3997 2291 4051 .fortis
2331 3997 2534 4057 animo,
2569 4002 2630 4046 ut
2682 3990 2942 4061 praeclare
3004 3986 3275 4057 probavit,
3336 3986 3497 4053 cujus
3551 3985 3711 4039 ﬁdem

2133 4089 2500 4155 virtutemque
2539 4084 2684 4138 nulla
2739 4084 2875 4137 satis
2903 4080 3082 4136 oratio
3126 4075 3451 4133 laudaverit.
3506 4074 3712 4143 Despe-

2136 4191 2251 4235 rata
2297 4180 2463 4248 igitur
2492 4191 2557 4230 ex
2606 4173 2955 4230 confessione
2999 4168 3443 4242 pertinacissime
3500 4165 3715 4224 silentis

2096 4316 2099 4319 λ
2134 4273 2211 4326 rei
2249 4269 2560 4339 cognitione
2589 4264 2817 4325 Barbari
2848 4278 3023 4333 equos
3058 4261 3361 4332 expediunt
3402 4267 3458 4315 et
3498 4258 3593 4328 qui
3622 4272 3714 4313 re-

2136 4362 2352 4421 trabant
2383 4358 2639 4429 fugitivos
2672 4356 2914 4410 mittunt.
2945 4353 3085 4408 Dum
3113 4354 3226 4407 haec
3253 4360 3537 4422 geruntur,
3573 4349 3713 4404 ﬁdus

2135 4456 2232 4508 via!
2253 4454 2470 4514 ductor,
2517 4464 2641 4503 eum
2674 4446 2940 4508 imitatus,
2979 4442 3073 4513 qui
3124 4441 3345 4497 deducit
3374 4440 3521 4495 velut
3555 4452 3712 4493 ovem

453 4544 656 4595 ἐκεῖνοι
683 4542 775 4594 τὸν
801 4541 1029 4611 Σόφωνα
1065 4541 1406 4611 ὑπερϐάντες
1454 4541 1550 4593 καὶ
1596 4542 1756 4611 μέχρι
1785 4543 1893 4594 τῶν
1931 4542 2030 4611 τῆς

2134 4545 2358 4614 Josepb,
2388 4541 2704 4596 Michaelem
2736 4552 2969 4608 puerum
3003 4550 3204 4591 novum
3230 4531 3432 4603 Josepli
3472 4529 3716 4585 humeris

453 4633 806 4701 Νικομήδους
852 4633 1081 4702 τεμπῶν
1117 4633 1396 4701 γενόμενοι
1427 4634 1858 4702 ὲπανέστρεφον,
1894 4632 2032 4685 ἰδόν-

451 4743 546 4787 τες
598 4725 822 4787 τούτους
878 4723 1337 4787 παλινοστοῦντας
1377 4725 1428 4777 οἱ
1480 4723 1775 4792 φεύγοντες
1808 4724 2035 4795 ἐξῆλθον

452 4813 652 4878 νυκτὸς
704 4815 770 4867 ὲκ
807 4813 915 4867 τῶν
968 4812 1135 4884 ὁρῶν,
1188 4815 1285 4866 καὶ
1345 4813 1448 4884 ἤδη
1496 4812 1790 4882 μειδιώσης
1825 4814 2038 4884 ἡμέρας

451 4908 558 4978 τὴν
588 4907 931 4978 Νικομήδους
968 4908 1289 4972 κατέλαϐον,
1319 4907 1414 4960 καὶ
1443 4905 1586 4960 οὕτω
1626 4906 1825 4974 συνέϐη
1856 4907 2033 4977 σωθῆ-

456 5016 551 5052 ναι
575 5000 670 5051 τὸν
690 5000 786 5051 ἕνα
812 4998 920 5051 τῶν
944 4982 1330 5068 ὁμηρευόντων
1355 4998 1595 5065 ἐκγόνων
1614 4996 1707 5050 τοῦ
1731 4997 2027 5068 Καίσαρος.

470 5087 636 5143 Ἀλλὰ
664 5086 838 5141 ταῦτα
867 5088 967 5157 μὲν
996 5087 1247 5156 ὕστερον.

2136 4640 2495 4708 impositum,
2565 4629 2999 4702 prudentissimo
3055 4634 3337 4695 sequente
3375 4621 3714 4708 paedagogo,

2135 4705 2297 4792 longe
2326 4737 2357 4776 a
2400 4720 2485 4775 via
2519 4717 2746 4773 militari
2790 4716 2845 4769 in
2887 4726 3127 4770 montem
3167 4710 3456 4781 quemdam
3504 4705 3716 4761 frondi-

2137 4815 2239 4868 bus
2275 4810 2677 4878 fruticibusque
2726 4806 3062 4861 latebrosum
3114 4801 3391 4865 subducit,
3422 4798 3566 4852 unde
3591 4797 3715 4852 tecti

2137 4906 2245 4974 ipsi
2285 4903 2497 4971 tutique
2523 4899 2809 4968 explorare
2846 4911 2998 4957 mox.
3032 4904 3090 4948 ut
3131 4891 3561 4962 augurabantur,
3596 4887 3717 4940 exi-

2140 5005 2293 5049 turos
2320 4991 2463 5062 fugae
2498 4988 2919 5058 reprehensores
2963 4990 3208 5054 possent.
3237 4978 3434 5034 Vident
3464 4978 3588 5033 illos
3612 4974 3715 5046 ipsi

2141 5102 2248 5141 non
2283 5084 2409 5146 visi,
2435 5091 2596 5153 atque
2627 5080 2717 5135 ubi
2746 5077 2988 5141 eosdem,
3022 5075 3225 5162 frustra
3250 5073 3506 5144 SOpbone
3532 5078 3720 5123 monte

451 5190 742 5252 superato,
791 5195 967 5249 usque
998 5178 1066 5235 ad
1098 5180 1263 5234 valles
1305 5177 1646 5234 Nicomedia:
1711 5177 1919 5234 vicinas
1975 5191 2300 5247 pregressos
2367 5179 2771 5244 conspexerunt
2826 5169 3013 5224 irritos
3062 5157 3175 5236 spei
3218 5171 3575 5225 revertentes.
3617 5157 3719 5229 ipsi

452 5290 575 5334 tum
609 5293 701 5347 per
729 5285 944 5331 noctem
982 5290 1274 5330 nemoroso
1305 5273 1538 5343 digressi
1571 5273 1771 5326 vertice
1813 5271 1918 5326 sub
1982 5269 2284 5324 diluculum
2343 5265 2716 5321 Nicomediam
2745 5262 2858 5334 80
2911 5269 3223 5316 tenuerunt.
3303 5256 3393 5313 Sic
3421 5254 3561 5313 elabi
3591 5267 3709 5312 eun-

451 5370 580 5437 tigit
614 5384 785 5424 unum
835 5382 900 5422 ex
942 5367 1233 5423 obsidibus
1277 5369 1569 5436 nepotibus
1620 5367 1874 5423 Caesaris.
1933 5365 2039 5422 Sed
2078 5365 2196 5422 hanc
2246 5364 2492 5433 postea.’

526 5460 615 5530 ις’.
660 5463 720 5518 Ὀ
745 5463 803 5516 δὲ
831 5461 1088 5533 βασιλεὺς
1126 5462 1349 5532 Μιχαὴλ
1384 5462 1568 5532 ἐπειδὴ
1602 5463 1908 5532 μεμαθήκει
1933 5461 2034 5532 τὴν

451 5558 550 5610 τιύ
595 5555 910 5626 Ῥωμαϊκοῦ
971 5554 1384 5626 στρατεύματος
1415 5550 1585 5624 ἧτταν
1631 5556 1725 5608 καὶ
1762 5556 1836 5618 ώς
1866 5553 2036 5609 ἑάλω-

453 5668 554 5702 σαν
601 5650 773 5720 ἄμφω
807 5651 838 5702 ὂ
888 5664 948 5701 τε
999 5646 1142 5709 θεῖος
1199 5649 1420 5716 Καῖσαρ
1452 5648 1546 5700 καὶ
1566 5648 1593 5700 ὀ
1626 5646 1815 5701 τούτου
1842 5646 1980 5711 υἱὸς,
2008 5649 2036 5700 6

451 5742 560 5795 τῶν
595 5739 1037 5812 στρατευμάτων
1069 5737 1360 5807 κατάρχων
1397 5737 1754 5809 Ἀνδρόνικος,
1789 5741 2035 5808 φροντίσι

454 5832 737 5916 μεγίσταις
787 5829 1050 5886 ἐϐάλλετο
1082 5870 1099 5897 ,
1140 5829 1234 5883 καὶ
1287 5830 1377 5886 τὸν
1420 5830 1589 5885 δοῦκα
1640 5829 2035 5886 ἰιετεπέαπετο

2208 5459 2294 5515 17.
2327 5459 2594 5513 Caeterum
2630 5457 2926 5526 imperator
2982 5449 3209 5504 Michael
3248 5453 3537 5519 postquam
3579 5440 3720 5497 didi-

2135 5553 2212 5607 cit
2235 5551 2462 5606 Romaui
2485 5548 2764 5603 exercitus
2783 5545 3014 5608 cladem,
3039 5551 3263 5612 captum
3287 5548 3538 5609 patruum
3560 5547 3719 5589 suum

2137 5645 2405 5700 Czesarem
2438 5640 2640 5709 eteius
2678 5639 2848 5694 tilium
2876 5634 3153 5690 exercitus
3182 5633 3462 5686 ductorem
3498 5624 3718 5680 Andro-

2136 5737 2344 5797 nicum,
2378 5733 2526 5789 euris
2588 5729 2844 5785 maximis
2871 5724 3306 5783 conﬂictabatur.
3345 5715 3714 5772 Accersitnm-

2134 5843 2243 5895 que
2279 5825 2474 5882 ducem
2516 5821 2936 5882 Constantinum
2969 5818 3223 5873 ultimum
3250 5811 3486 5868 ﬁlim-um
3535 5804 3715 5860 Caesa-

2168 6108 2197 6140 Ι
