4154 6432
484 388 591 458 I23

1691 393 2115 455 NICEPHORI
2158 395 2532 456 BRYENNII

3637 387 3743 457 124

485 508 585 571 ris,
632 503 791 582 cujus
852 512 1012 559 antea
1063 503 1454 566 meminimus,
1492 501 1669 557 virum
1716 505 1968 558 audentis
2014 513 2068 558 et

2183 505 2579 558 Κωνσταντῖνον
2613 501 2703 557 τὸν
2735 503 2969 557 ὕστατον
3000 503 3106 556 τῶν
3133 503 3296 557 υίέων
3315 503 3408 558 τοῦ
3439 502 3748 576 Καίσαρος,

488 595 650 652 fortis
681 596 871 656 animi.
908 596 1162 665 trajicere
1190 593 1480 650 confestim
1511 594 1898 664 Propontidem
1949 595 2067 662 jus-

487 686 562 740 sit
580 692 634 737 et
664 684 942 751 reliquias,
962 684 1008 738 si
1042 698 1182 753 quas
1204 692 1410 752 posset,
1431 681 1594 737 deleti
1621 684 1894 737 exercitus
1913 681 2069 736 colli-

489 791 642 844 gere.
673 774 1262 844 llieimpatientissime
1289 774 1468 830 ferens
1498 790 1618 844 qua:
1639 773 1778 844 patri
1803 773 2070 842 fratrique

489 866 849 935 Contigerant,
900 864 1166 920 fremebat
1194 874 1252 919 ut
1295 865 1380 920 leo
1411 864 1859 935 signiﬁcabatque
1902 865 2068 934 perli-

489 957 682 1010 benter
711 971 768 1010 se
798 956 864 1010 ad
899 957 1005 1011 tale
1037 956 1316 1027 negotium
1347 956 1577 1026 accingi.
1618 955 1866 1010 Salutato
1904 956 2070 1025 igitur

489 1061 711 1112 vespere
737 1047 1062 1116 imperatore
1081 1049 1305 1102 domum
1333 1049 1557 1102 recessit
1571 1058 1992 1116 comparaturus
2011 1063 2072 1103 se

490 1139 558 1191 ad
591 1139 714 1192 iter.
757 1139 864 1194 Sed
899 1154 1025 1195 eum
1077 1140 1361 1194 invadente
1410 1140 1555 1194 circa
1589 1146 1804 1193 noctem
1835 1138 2067 1193 mediam

491 1228 682 1282 dolore
744 1231 928 1283 subito
995 1229 1164 1299 ignoti
1211 1229 1496 1298 cujusdam
1552 1229 1857 1298 languoris,
1891 1229 2072 1285 vocati

491 1320 754 1374 continuo
806 1320 1140 1373 medicorum
1182 1321 1372 1388 optimi
1427 1320 1564 1374 nihil
1613 1322 1873 1377 omnibus
1938 1323 2072 1378 artis

492 1409 749 1463 remediis
785 1410 977 1477 juvare
1035 1409 1375 1463 laborantem
1414 1420 1708 1477 potuerunt
1759 1427 1857 1465 nec
1888 1410 2071 1480 prohi-

494 1500 624 1554 bere
660 1515 770 1567 quo
803 1500 985 1554 minus
1018 1515 1178 1553 tuane
1231 1510 1560 1554 moreretur.
1610 1499 1723 1556 Hoc
1766 1501 2071 1556 auctarium

493 1591 861 1645 calamitatum
909 1592 1111 1646 Caesari
1162 1592 1284 1647 fuit.
1339 1592 1541 1648 Verum
1578 1594 1830 1650 Urselius
1864 1594 2064 1650 fiducia

500 1700 568 1737 ex
603 1683 835 1738 fortuna:
866 1683 1051 1738 favore
1088 1695 1350 1754 concepta
1391 1686 1687 1740 consilium
1724 1687 2075 1742 machinaba-

491 1784 892 1860 turovcrsutunt
922 1791 985 1830 ac
1013 1777 1366 1844 profundum,
1403 1777 1525 1832 licet
1577 1792 1685 1832 non
1733 1793 1761 1832 a
1813 1777 2066 1832 Domino.

494 1866 551 1920 ltl
581 1877 762 1921 autem
803 1881 920 1922 erat
944 1869 1328 1938 imperatorem
1361 1869 1730 1924 Romanorum
1761 1885 1884 1925 eum
1911 1887 2071 1938 quem

497 1959 779 2028 captivum
815 1960 1096 2015 detinebat
1157 1961 1427 2017 Caesarem
1460 1961 1642 2017 facere
1697 1978 1761 2016 ac
1807 1962 1886 2017 sic
1926 1964 2076 2018 obire

493 2050 742 2105 civitates
787 2067 992 2121 easque
1046 2053 1151 2107 sibi
1183 2053 1477 2122 subjicere.
1528 2051 1618 2108 Sic
1657 2054 1803 2108 enim
1850 2065 1902 2108 ct
1931 2055 2075 2107 Con-

493 2142 1101 2210 stantinOpolitanorum
1145 2157 1433 2212 procerum
1477 2145 1908 2199 beneVoleutiam
1944 2160 2077 2199 con-

492 2230 807 2285 ciliaturum
840 2247 899 2286 se
929 2233 1045 2287 suis
1076 2233 1324 2302 partibus
1364 2233 1608 2287 rebatur.
1655 2231 1895 2303 lnclytus
1949 2248 2076 2285 vero

492 2322 676 2376 Caesar
730 2323 964 2391 primum
1018 2323 1239 2393 quidem
1314 2325 1542 2380 moleste
1595 2324 1806 2379 ferebat
1860 2334 1911 2377 et
1965 2324 2071 2393 81

495 2413 928 2482 propositionem
971 2414 1260 2484 indignans
1291 2415 1687 2484 aspernabatur
1719 2430 2074 2481 omnemque,

493 2502 639 2570 quod
672 2502 845 2564 aiunt,
877 2505 1126 2558 movebat
1161 2503 1347 2557 funem
1370 2544 1387 2570 ,
1426 2518 1534 2573 quo
1576 2503 1954 2558 necessitatem
2000 2502 2079 2554 vi-

495 2605 640 2651 taret
690 2612 939 2666 persona:
987 2597 1041 2652 in
1073 2598 1177 2652 ista
1207 2596 1392 2651 fabula
1447 2596 1800 2652 sustinendae.
1846 2595 2076 2662 Quando

493 2701 624 2741 vero
665 2688 840 2755 ipsum
893 2688 943 2742 vi
995 2697 1212 2743 trusum
1258 2687 1598 2742 ineluctabili
1659 2688 1924 2742 barbarus
1956 2687 2076 2740 suis

494 2778 804 2834 rationibus
837 2780 1082 2835 serviens
1119 2780 1172 2832 in
1201 2779 1434 2833 mediam
1468 2778 1628 2834 istam
1661 2779 1820 2846 quasi
1852 2793 2075 2833 scenam

494 2871 883 2928 invitissimum
915 2873 1168 2942 conjecit,
1194 2881 1417 2928 strenue
1442 2872 1711 2941 agendum
1743 2872 1889 2940 quod
1920 2887 2080 2940 coge-

495 2961 657 3016 batur
712 2969 886 3025 ratus,
947 2962 1096 3018 misit
1129 2963 1267 3018 clam
1328 2964 1382 3017 in
1463 2962 1652 3016 urbem
1680 2961 1773 3032 qui
1819 2960 2077 3032 suffragia

2169 588 2230 647 οὗ
2257 593 2492 662 πρόσθεν
2540 597 2568 646 ό
2611 593 2769 661 λόγος
2816 593 3086 664 ἐμνήσθη,
3119 594 3289 664 ἄνδρα
3336 594 3609 666 τολμηρὸν
3653 598 3750 652 καὶ

2169 687 2439 760 γενναῖον,
2472 685 2564 738 καὶ
2589 687 2855 756 διαπερᾷν
2892 687 2993 756 τὴν
3026 686 3362 755 Προποντίδα
3397 687 3619 742 ἐκέλευε
3648 690 3746 743 καὶ

2169 775 2230 828 τὸ
2264 775 2565 847 περισωθὲν
2599 779 2663 831 ἐκ
2691 777 2791 847 τῆς
2833 777 3014 848 μάχης
3045 775 3137 830 τοῦ
3171 778 3579 848 στρατεύματος
3614 780 3748 832 ἀνα-

2171 866 2492 936 λαμῦάνειν.
2526 869 2585 922 ’0
2613 868 2668 921 δέ
2702 871 2776 939 μὴ
2806 870 2986 937 φέρων
3020 869 3090 922 τὰ
3136 868 3423 937 Ευμδάντα
3456 871 3534 937 τῷ
3581 872 3749 941 πατρί

2171 969 2230 1004 τε
2269 953 2362 1004 καὶ
2389 953 2636 1024 τάδελφῷ
2676 955 2875 1026 ἔϐρυχέ
2909 974 2967 1009 τε
3013 959 3266 1028 καθάπερ
3295 957 3432 1010 λέων
3468 961 3562 1011 καὶ
3591 957 3750 1028 δῆλος

2171 1038 2237 1112 ἦν
2261 1044 2554 1114 προθύμως
2578 1046 2670 1098 τοῦ
2698 1046 2862 1116 ἔργου
2897 1049 3227 1117 ἁπτόμενος.
3254 1049 3660 1118 Συνταξάμενος
3691 1050 3748 1103 δὲ

2173 1136 2305 1205 περὶ
2367 1136 2609 1208 ἑσπέραν
2667 1137 2746 1208 τῷ
2798 1139 3012 1208 βασιλεῖ
3068 1139 3252 1192 οἴκαδε
3302 1139 3502 1210 ἐχώρει
3568 1158 3750 1210 παρα-

2176 1227 2708 1296 σκευασθησόμενος.
2746 1228 2887 1281 Ἀλλ’
2922 1229 3243 1298 ἀλγήματος
3275 1230 3425 1298 αύτῷ
3464 1232 3752 1297 γεγονότος

2174 1317 2312 1370 κατὰ
2346 1318 2444 1386 τὴν
2477 1319 2605 1387 περὶ
2634 1319 2806 1388 μέσην
2835 1319 3005 1373 νύκτα
3033 1321 3130 1374 καὶ
3158 1321 3401 1391 ἀρρήτου
3436 1327 3581 1383 τινος
3613 1321 3747 1374 δυσ-

2175 1409 2390 1478 φορίας,
2438 1411 2486 1462 οἱ
2531 1409 2641 1461 τῶν
2695 1411 3006 1481 ἀκεστόρων
3077 1411 3478 1481 μετεκαλοῦντο
3515 1415 3751 1482 ἄριστοι.

2174 1501 2312 1554 Κατ’
2344 1501 2494 1553 οὐδὲν
2542 1502 2599 1554 δὲ
2632 1503 2729 1572 τῆς
2761 1504 2957 1572 τέχνης
3004 1506 3305 1576 ίσχυσάσης
3361 1505 3629 1576 βοηθῆσαι
3660 1507 3753 1562 τὸν

2175 1591 2473 1661 κάμνοντα,
2517 1592 2687 1646 ἐωθεν
2745 1593 3023 1648 ἐτελεύτα.
3088 1595 3259 1648 Τοῦτο
3319 1596 3604 1668 προσθήκη
3643 1598 3754 1652 τῶν

2176 1683 2473 1751 συμφορῶν
2511 1685 2756 1752 ἐγεγόνει
2805 1687 3069 1756 Καίσαρι.
3095 1687 3156 1740 '0
3181 1688 3238 1742 δέ
3273 1687 3551 1757 βάρϐαρος
3568 1690 3755 1751 ἀδείας

2176 1772 2510 1842 δραξάμενος
2538 1775 2732 1847 βουλὴν
2777 1777 3140 1832 ἐϐουλεύσατο
3169 1779 3417 1849 βαθεῖαν,
3452 1782 3501 1833 εί
3538 1782 3632 1833 καὶ
3677 1782 3753 1850 μὴ

2179 1865 2328 1934 παρά
2363 1866 2590 1936 Κυρίου.
2637 1869 2699 1920 Ἢ
2722 1870 2777 1922 δὲ
2816 1865 2885 1940 ἦν
2912 1869 3138 1941 βασιλέα
3177 1873 3268 1925 τὸν
3310 1873 3568 1942 Καίσαρα
3603 1875 3751 1926 ἀνει-

2178 1961 2302 2010 πεῖν
2348 1957 2639 2028 Ῥωμαίων
2675 1964 2770 2016 καὶ
2801 1962 2946 2016 οὕτω
2976 1965 3368 2036 περιέρχεσθαι
3421 1966 3520 2029 τὰς
3567 1968 3756 2028 πόλεις

2179 2049 2272 2100 καὶ
2306 2049 2652 2120 ὑποχειρίους
2692 2057 2868 2108 ποιεῖν
2897 2056 3095 2126 ἐαυτῷ’
3128 2057 3488 2128 ἐλκύσαιγαρ
3521 2062 3612 2112 καὶ
3646 2060 3758 2110 τῶν

2179 2140 2236 2191 ἐν
2271 2139 2506 2208 βασιλίδι
2531 2143 2641 2196 τῶν
2682 2145 2891 2198 πόλεων
2926 2147 3247 2217 δυναμένων
3282 2149 3380 2220 τὴν
3415 2149 3631 2204 εὔνοιαν
3664 2151 3758 2204 οὖ-

2181 2247 2286 2290 τως
2317 2229 2478 2299 ᾤετο.
2536 2232 2598 2285 '0
2627 2234 2684 2287 δὲ
2726 2235 2935 2299 κλεινὸς
2969 2239 3189 2310 Καῖσαρ
3221 2242 3438 2311 πρῶτον
3472 2243 3569 2310 μὲν
3597 2243 3757 2294 ἐδυσ-

2177 2323 2332 2392 φόρει
2373 2325 2466 2376 καὶ
2498 2325 2734 2394 ἤσχαλλε
2766 2328 2862 2381 καὶ
2899 2331 3080 2385 πάντα
3119 2331 3323 2393 κάλων,
3364 2335 3391 2386 ὃ
3426 2351 3614 2401 φασιν,
3648 2335 3760 2388 ἐκί-

2181 2428 2259 2464 νει
2286 2412 2427 2465 ὥστε
2459 2413 2746 2484 διαδρᾶναι
2789 2418 2849 2471 τὸ
2886 2419 3088 2489 δρᾶμα·
3132 2422 3255 2473 ἐπεὶ
3288 2421 3334 2473 δ’
3355 2424 3435 2485 είς
3472 2424 3636 2492 μέσον
3661 2425 3760 2476 τοῦ

2180 2503 2343 2571 ἔργου
2382 2505 2546 2557 αὑτὸν
2571 2508 2598 2558 ό
2636 2505 2913 2578 βάρϐαρος
2943 2510 3037 2563 καὶ
3062 2511 3260 2565 ἄκοντα
3287 2510 3489 2582 ὼθησε,
3516 2515 3761 2580 γενναιό-

2181 2613 2339 2665 τερον
2404 2597 2609 2666 ἧρξιτο
2679 2599 2788 2651 τῶν
2841 2603 3184 2671 πραγμάτων
3263 2604 3761 2674 ἀντιλαμϐάνεσθαι

2182 2689 2276 2739 καὶ
2311 2687 2444 2756 προς
2476 2689 2603 2751 τοὺς
2647 2691 2707 2742 ἐν
2736 2694 2803 2760 τῇ
2849 2693 3003 2746 πόλει
3052 2694 3391 2764 διεπέμπετο
3433 2696 3628 2767 λάθρα,
3661 2699 3759 2750 καὶ

2181 2781 2400 2830 πάντων
2434 2781 2634 2849 μικροῦ
2665 2781 2776 2834 δεῖν
2805 2783 2903 2846 τὰς
2932 2783 3156 2854 γνώμας
3185 2787 3322 2856 πρὸς
3353 2787 3545 2839 ἐαυτὸν
3575 2787 3760 2854 ἐφειλ-

2184 2867 2409 2921 κύσατο·
2441 2871 2575 2922 πᾶσι
2608 2871 2717 2940 γάρ
2748 2866 2816 2942 ἦν
2848 2872 3153 2944 ἐπέραστος
3177 2875 3205 2927 ό
3231 2876 3372 2945 ἀνὴρ
3398 2876 3472 2938 ὡς
3503 2878 3637 2930 πᾶσι
3670 2895 3763 2931 κο-

2186 2961 2304 3028 μῶν
2333 2963 2444 3024 τοῖς
2471 2962 2655 3022 καλοῖς
2694 2965 2790 3017 καὶ
2823 2965 3203 3038 καλοκαγαθίᾳ
3227 2967 3447 3020 πάντων
3475 2969 3762 3040 ὑπερέχων

495 3064 787 3124 prensaret
837 3053 1118 3124 fermeque
1163 3056 1410 3109 omnium
1461 3054 1790 3109 sententiam
1839 3053 2076 3109 insuam

2183 3051 2292 3103 τῶν
2317 3053 2462 3104 τότε.
2497 3055 2560 3106 El.
2607 3054 2680 3126 μὴ
2709 3055 2842 3123 γοῦν
2881 3057 2941 3110 τδ
2972 3056 3113 3109 θεῖον
3143 3059 3513 3128 ἀντιπρᾶττον
3558 3063 3759 3130 ἐφάνη,

498 3153 684 3204 traxit.
717 3149 946 3206 Cunctis
963 3152 1110 3205 enim
1145 3151 1236 3206 hic
1259 3151 1341 3204 vir
1367 3159 1488 3204 erat
1509 3149 1665 3219 longe
1692 3149 2076 3214 charissimus,

2186 3143 2382 3214 ῥᾳδίως
2413 3142 2502 3215 [Ρ.
2534 3144 2624 3210 56]
2648 3146 2712 3200 ἂν
2742 3148 2852 3199 τῶν
2893 3148 3180 3217 βασιλείων
3212 3151 3509 3222 σκήπτρων
3538 3152 3764 3220 γέγονεν

497 3244 703 3314 quippe
738 3243 996 3298 omnibus
1034 3259 1176 3298 unus
1203 3243 1478 3298 excellens
1508 3241 1670 3296 bonis
1722 3251 1778 3297 et
1807 3242 2077 3312 probitate

2183 3233 2482 3304 ἐγκρατής.
2521 3235 2682 3289 Ἀλλὰ
2716 3236 2947 3305 κινῆσαν
2977 3237 3136 3292 τοῦτο
3156 3238 3249 3292 τὸν
3287 3239 3552 3308 ἐκτομίαν
3582 3240 3760 3310 Νικη-

497 3335 885 3406 mquitathue,
931 3333 1067 3390 nulli
1102 3349 1210 3388 non
1265 3335 1542 3390 antistans
1571 3334 1665 3405 qui
1703 3343 1833 3389 tunc
1879 3333 2077 3389 forent.

499 3425 873 3480 Successisset
904 3424 1068 3493 igitur
1118 3422 1278 3478 facile
1314 3426 1614 3493 negotium,
1646 3433 1702 3479 et
1757 3439 1820 3478 ex
1869 3425 2081 3480 Caesare

496 3517 778 3586 Augustus
817 3517 1028 3585 plenam
1097 3516 1311 3584 imperii
1356 3524 1680 3586 potestatem
1711 3515 2080 3572 libentissima

497 3623 561 3662 re
595 3608 808 3675 publica
833 3610 947 3676 ipse
969 3609 1378 3676 capessivissct,
1417 3609 1522 3662 nisi
1553 3608 1738 3663 divina
1786 3609 2080 3678 providen-

499 3699 574 3753 tia
604 3697 698 3752 tali
743 3699 958 3768 negotio
993 3712 1052 3752 se
1078 3698 1450 3754 adversariam
1506 3709 1890 3756 monstrasset.
1950 3697 2075 3752 Ilaec

498 3787 645 3842 cnim
678 3787 1047 3856 Nicephorum
1077 3791 1390 3843 eunuchum
1420 3790 1655 3860 impulit,
1699 3799 1757 3845 ut
1786 3806 1908 3845 eam
1955 3803 2082 3844 suc-

2185 3324 2351 3394 φόρον
2381 3325 2798 3398 σπουδαιότερον
2844 3328 2950 3381 τῶν
2978 3331 3321 3398 πραγμάτων
3347 3330 3761 3395 ἀντιλαϐέσθαι,

2183 3417 2282 3480 τὰς
2316 3417 2544 3472 ἐκείνων
2597 3418 2794 3490 βουλὰς
2830 3421 3148 3489 ἀπράκτους
3205 3423 3556 3492 ἀποδέδειχεν
3577 3438 3590 3452 ·
3621 3423 3764 3475 ἀπο-

2186 3510 2346 3578 γνοὺς
2391 3509 2501 3580 γὰρ
2530 3511 2632 3582 τῆς
2680 3515 2743 3566 ἐκ
2798 3512 2907 3566 τῶν
2945 3512 3273 3582 Ῥωμαϊκῶν
3329 3513 3765 3582 στρατευμάτων

2191 3597 2444 3669 βοηθείας
2495 3599 2630 3670 πρὸς
2661 3601 2790 3664 τοὺς
2831 3601 3110 3671 Τούρκους
3153 3600 3634 3670 διεπρεσϐεύσατο,
3665 3600 3767 3652 καὶ

2188 3691 2282 3744 τοῦ
2324 3689 2549 3760 Ἀρτοὺχ
2584 3690 2694 3758 (52)
2713 3694 2820 3755 τοῖς
2854 3692 2952 3762 τῆς
2995 3692 3168 3761 Ἐᾡας
3202 3690 3503 3760 τηνικαῦτα
3541 3693 3768 3760 μέρεσιν

2193 3782 2630 3853 ἐπιχωριάζοντα
2671 3786 2763 3838 τον
2803 3785 2924 3837 κατ’
2954 3783 3180 3837 ἐκείνων
3234 3783 3472 3852 πόλεμον
3503 3783 3770 3848 ἀναδέξα-

498 3878 756 3932 currendi
787 3879 1050 3933 Romanis
1075 3880 1239 3934 rebus
1265 3879 1427 3934 iniret
1459 3881 1750 3943 rationem,
1771 3894 1892 3948 qua:
1923 3876 2077 3933 Urse-

2183 3875 2312 3928 σθαι
2342 3875 2593 3940 πέπεικε,
2627 3873 2819 3946 δώροις
2853 3892 2912 3929 τε
2945 3876 3246 3945 χρημάτων
3292 3877 3387 3928 καὶ
3433 3875 3766 3944 ὑποσχέσεσι

497 3969 559 4024 iii
604 3970 945 4042 Caesarisque
1001 3972 1201 4041 spebus
1245 3971 1485 4025 securim
1535 3970 1735 4024 inﬂixit
1763 3969 2077 4040 capitalem.

2183 3965 2372 4018 τοῦτον
2423 3965 2875 4036 παραθαρρύνας.
2941 3964 3001 4019 '0
3049 3965 3107 4018 δὲ
3159 3965 3278 4036 (καὶ
3337 3965 3446 4036 γὰρ
3484 3962 3550 4036 ἦν
3592 3965 3767 4026 δεινὸς

498 4062 766 4118 Nimirum
801 4066 890 4120 ille
944 4066 1147 4119 nullam
1197 4075 1405 4132 partem
1455 4062 1669 4117 ﬁducia:
1706 4062 1977 4131 reliquam
2028 4060 2077 4114 in

2187 4057 2513 4128 στρατηγὸς)
2557 4060 2696 4126 μετὰ
2744 4058 3004 4127 πλείστης
3029 4059 3112 4112 ὅτι
3139 4058 3422 4139 δυνάμεως
3474 4058 3764 4112 κατ’ὲκεί-

501 4155 762 4211 ιὶοηιειιίε
817 4158 1153 4212 exercitibus
1203 4155 1394 4210 videns
1452 4154 1653 4223 adjecit
1715 4153 1959 4208 animum
2016 4151 2077 4205 ad

2186 4168 2293 4205 νων
2322 4148 2573 4221 ἐξώρμα.

503 4250 842 4319 imploranda
904 4251 1110 4306 auxilia
1144 4248 1476 4304 Turcorum.
1550 4248 1684 4302 Erat
1731 4248 1938 4302 Artuch
1984 4245 2097 4300 dux
2163 4243 2469 4299 Turcorum
2497 4243 2555 4298 in
2621 4241 2890 4308 orientali
2917 4253 3047 4301 tunc
3085 4248 3274 4302 limite.
3321 4247 3474 4302 llunc
3499 4246 3768 4314 legatione

502 4346 674 4399 missa
706 4345 974 4414 donisque
1009 4353 1064 4399 et
1115 4344 1364 4413 pactione
1415 4343 1663 4413 pecunia:
1694 4343 1980 4413 perpellit,
2019 4352 2079 4396 ut
2117 4341 2320 4396 bellum
2380 4351 2570 4397 contra
2612 4340 2889 4398 Urselium
2923 4343 3212 4412 suscipiat.
3282 4343 3370 4396 Ille
3405 4359 3530 4397 acer
3562 4343 3767 4410 alioqui

504 4435 732 4489 bellator
761 4450 884 4488 cum
913 4435 1154 4489 maximo
1181 4434 1426 4489 exercitu
1489 4434 1892 4504 expeditionem
1919 4434 2080 4488 istam
2121 4432 2376 4502 suscipit.

580 4532 665 4586 18.
707 4533 890 4586 Caesar
923 4542 974 4585 et
1008 4530 1253 4586 Urselius
1297 4547 1422 4586 cum
1474 4532 1867 4588 intellexissent
1910 4532 2077 4586 Artu-

2265 4529 2352 4600 ιη’.
2381 4532 2444 4584 Οἱ
2482 4531 2537 4583 δέ
2571 4533 2698 4599 περὶ
2725 4531 2815 4583 τὸν
2835 4530 3092 4600 Καίσαρά
3116 4547 3175 4582 τε
3215 4533 3311 4584 καὶ
3344 4530 3434 4583 τὸν
3471 4529 3768 4598 Οὑρσέλιον

506 4627 671 4679 chum
718 4625 959 4679 infinitas
1003 4625 1310 4678 Turcorum
1352 4626 1540 4695 cupias
1584 4627 1637 4678 in
1673 4625 1821 4693 ipsos
1856 4622 2088 4677 infestas

506 4733 744 4780 movere,
767 4732 1071 4772 conscenso
1107 4719 1256 4786 iugo,
1284 4718 1338 4772 in
1368 4734 1477 4790 quo
1507 4733 1602 4771 arx
1629 4725 1907 4769 exstructa
1946 4725 2086 4777 erat,

506 4825 670 4878 quam
722 4809 964 4864 diximus
1013 4810 1249 4862 vicinam
1303 4809 1474 4863 fuisse
1530 4807 1804 4878 praetoriis
1853 4805 2088 4861 Caesaris

508 4899 816 4963 (dicebatur
844 4910 1024 4954 autem
1063 4901 1151 4953 illa
1192 4899 1504 4966 Metabole),
1537 4911 1717 4954 castra
1746 4898 1997 4951 muniunt
2033 4897 2086 4949 in

509 5004 704 5060 campo
734 4989 948 5061 longius
999 5007 1163 5061 quam
1203 4991 1365 5047 latius
1393 4991 1612 5060 jaceute
1638 4989 1707 5042 ad
1737 4989 1946 5043 radices
1976 4988 2086 5057 82

513 5081 786 5152 Sephonis
809 5085 1033 5137 montis.
1053 5082 1108 5137 ιιι
1127 5085 1200 5139 ita
1217 5085 1575 5139 instituebant
1603 5092 1747 5134 metu
1774 5097 1842 5135 ne
1855 5081 2094 5135 circum-

509 5173 826 5226 venirentur
843 5175 1190 5230 multitudine
1209 5176 1448 5230 hostium
1466 5175 1567 5244 ipsi
1587 5174 1758 5227 multo
1781 5173 2087 5242 pauciores,

514 5264 658 5332 quod
688 5267 1028 5335 prohibitura
1061 5268 1344 5321 videbatur
1376 5268 1628 5337 angustia
1663 5267 1912 5334 oblongre
1969 5263 2088 5331 pla.

514 5355 664 5415 uitiei
691 5373 853 5426 quam
881 5359 1073 5414 castris
1104 5359 1448 5424 insedissent,
1473 5373 1594 5427 qua:
1618 5366 1798 5412 castra
1825 5365 1883 5410 ut
1908 5354 2090 5409 muni-

2192 4627 2490 4695 πυθόμενοι
2513 4628 2622 4679 τῶν
2661 4627 2921 4696 Τούρκων
2952 4629 3054 4694 τὴν
3089 4626 3278 4693 ἔφοδον
3325 4626 3419 4678 καὶ
3448 4626 3523 4683 ὡς
3555 4627 3583 4676 ὁ
3648 4627 3701 4676 ’Λ
3716 4642 3772 4693 ρ-

2190 4719 2324 4786 τοὺχ
2355 4716 2559 4786 πλῆθος
2594 4715 2872 4784 ἀμύθητον
2917 4716 3316 4785 ἐπιφερόμενος
3343 4713 3605 4781 Τούρκων
3641 4709 3767 4764 κατ’

2197 4807 2378 4861 αὐτῶν
2427 4807 2658 4868 ἔπεισιν,
2689 4806 3035 4875 ὑπερϐάντες
3095 4804 3190 4857 τὸν
3246 4804 3408 4870 λόφον
3462 4802 3658 4869 ἵναπερ
3712 4799 3774 4851 τδ

2194 4895 2455 4966 φρούριον
2502 4895 2713 4965 ἵδρυται
2745 4897 2805 4946 τὸ
2844 4895 3013 4964 ἀγχοῦ
3049 4913 3152 4946 που
3185 4895 3292 4945 τῶν
3350 4890 3641 4962 βασιλείων
3671 4889 3768 4941 τοῦ

2194 4988 2472 5056 Καίσαρος
2495 4987 2554 5040 ὃν
2585 4986 2896 5056 (Μεταϐολὴ
2921 4986 2994 5055 τῷ
3024 4985 3269 5055 φρουρίῳ
3300 4985 3355 5036 τὸ
3389 4983 3615 5050 ὄνομα),
3638 4981 3777 5051 πρὸς

2200 5081 2326 5142 τοὺς
2384 5080 2479 5132 τοῦ
2528 5078 2780 5146 Σόφωνος
2834 5077 3109 5148 πρόποδας
3150 5076 3330 5128 πεδίον
3377 5074 3776 5143 ἐφηπλω-μένον

2201 5171 2470 5242 ἐπίμηκες
2503 5173 2756 5242 εὑρόντες
2802 5173 2859 5224 ἐν
2883 5171 3058 5240 τούτῳ
3088 5168 3601 5239 στρατοπεδεύουσι.
3653 5167 3777 5217 Δεί-

2201 5280 2394 5324 σαντες
2457 5263 2566 5331 γάρ
2634 5261 2708 5331 μὴ
2752 5261 3108 5314 κυκλωθῶσιν
3163 5259 3268 5312 ὑπὸ
3317 5258 3428 5310 τῶν
3500 5253 3778 5324 πολεμίων

2195 5354 2368 5423 ὀλίγοι
2411 5355 2566 5417 ὄντες
2613 5353 2720 5406 ὑπὸ
2762 5353 2973 5406 πολλῶν
3021 5352 3115 5405 καὶ
3173 5349 3548 5420 διαφθαρεῖεν,
3587 5347 3774 5400 πεδίον

1552 5491 1760 5554 Caroli
1797 5494 1897 5552 Du
1933 5492 2175 5553 Fresne
2215 5493 2316 5552 Du
2346 5491 2556 5570 Gange
2584 5497 2768 5552 noue.

590 5619 701 5690 (ὅθ)
730 5621 994 5690 Ἀρτούχ.
1030 5621 1172 5676 Infra
1212 5639 1264 5674 n.
1309 5622 1373 5675 l8
1403 5620 1667 5690 Ἀρτατού
1684 5639 1736 5689 χ,
1771 5621 1912 5674 idem
1959 5619 2098 5673 forte

521 5691 612 5762 qui
646 5707 700 5743 ιι.
727 5692 788 5743 ’31
827 5703 881 5745 et
911 5695 1079 5745 Anna:
1109 5711 1159 5762 p.
1205 5694 1238 5746 οἱ
1275 5694 1506 5762 Τουτὰχ.
1557 5691 1679 5744 Fuit
1721 5691 1920 5762 Artaeh
1961 5697 2084 5762 ortu

525 5759 925 5832 Turcotnanus,
977 5779 1004 5814 a
1045 5759 1154 5832 quo
1188 5759 1567 5817 Artacidarum
1618 5760 1816 5829 prodiit
1861 5759 2085 5832 familia.

529 5831 579 5886 ιδ
605 5846 744 5884 anno
775 5831 904 5894 lica.
937 5829 1214 5892 488.121”.
1254 5833 1413 5893 1075.
1443 5849 1548 5888 una
1581 5849 1702 5888 cum
1735 5829 2082 5889 'l'atrcoldulo.

2206 5619 2394 5687 Aleppi
2452 5634 2549 5674 seu
2604 5614 3188 5691 Berrltoae_toparc_l_1a,
3233 5611 3627 5691 Solytnannum
3681 5607 3780 5691 Ni?

2196 5683 2462 5818 Elaeam
2533 5689 2810 5745 sultanum
2861 5687 2929 5743 dc
2969 5683 3160 5742 medio
3205 5683 3448 5749 sustulit,
3480 5688 3539 5736 ut
3591 5688 3779 5734 narrat

2217 5781 2226 5796 ο
2290 5801 2306 5813 .
2343 5776 2551 5818 acinus.
