4154 6440
444 416 554 488 125

1651 424 2206 489 HISTORIARUM
2246 426 2396 489 LIB.
2439 427 2527 487 Ιῐ.

3608 421 3715 488 126

448 533 637 591 στενὸν
680 535 1025 607 ἐξελέξαντο,
1066 537 1159 593 τὸν
1195 539 1271 593 ’ἐκ
1322 537 1418 592 τοῦ
1475 539 1725 609 Σόφωνος
1772 538 2031 594 κατιόντα

2142 538 2272 595 tiara
2306 539 2569 606 facerent,
2601 540 2804 598 ﬂumen
2852 555 2918 598 ex
2962 540 3218 613 Sophene
3263 536 3505 596 deﬂuens
3550 535 3712 593 fossa:

446 626 698 699 ποταμὸν
738 629 864 684 ἀντὶ
902 629 1152 700 χάρακος
1203 630 1659 701 προϐαλλόμενοι.
1693 632 1757 686 '0
1810 633 1869 687 δὲ
1905 633 2032 703 Ἀρ-

449 720 593 789 τοὺχ
621 718 963 789 περαιωθεὶς
991 718 1084 772 τὸν
1115 720 1426 792 Σαγγάριόν
1449 721 1545 775 καί
1576 722 1671 777 ἐπὶ
1721 722 1824 793 τὴν
1853 724 2033 777 Μετα-

451 807 622 878 ϐολὴν
650 806 885 877 φθάσας,
907 807 1032 860 ἐπεὶ
1055 808 1132 878 μὴ
1156 803 1282 879 εὗρε
1309 808 1404 863 τὸν
1433 809 1695 881 Καίσαρά
1720 826 1781 862 τε
1817 810 1913 863 καὶ
1940 810 2033 862 τὸν

450 896 775 969 Οὖρσέλιον,
831 897 1071 951 διέϐαινε
1122 899 1218 953 καὶ
1275 898 1440 963 αὐτὸς
1494 898 1805 971 τάλκεῖσε
1872 901 2034 953 στενά

450 990 556 1043 καὶ
588 990 724 1061 πρὸς
744 991 813 1060 τῇ
836 989 1048 1061 κεφαλῇ
1067 988 1163 1042 τοῦ
1187 988 1348 1062 ὅρους
1380 993 1698 1062 γενόμενος,
1717 991 1746 1044 δ
1774 992 2030 1061 Μαροξὸς

451 1082 730 1142 καλεῖται,
786 1080 1277 1151 ἐστρατοπέδευσε,
1320 1080 1576 1135 κάκεῖθεν
1592 1083 1719 1145 τοὺς
1737 1082 2035 1152 πολεμίους

455 1168 821 1239 περιεσκόπει
853 1168 1022 1237 ἐγγύς
1057 1186 1162 1223 που
1203 1170 1298 1224 τοῦ
1339 1171 1546 1243 χωρίου
1580 1171 1610 1225 ὃ
1659 1171 1866 1244 Τρισέα
1928 1189 2032 1226 κα-

448 1260 643 1313 λεῖται
695 1257 1242 1330 στρατοπεδεύοντας.
1267 1260 1476 1315 Αὐτίκα
1506 1259 1641 1330 γοῦν
1700 1261 2035 1333 προσέϐαλλε

450 1351 699 1418 τούτοις,
746 1351 842 1404 καὶ
894 1350 1117 1421 πρῶτον
1167 1351 1267 1423 μὲν
1320 1353 1737 1424 ἀκροϐολισμοῖς
1782 1351 1871 1407 διὰ
1926 1351 2036 1407 τῶν

455 1440 685 1514 ὑψηλῶν
741 1440 1183 1511 inﬁrmatam:
1233 1443 1315 1506 είς
1337 1442 1532 1515 λόχους
1579 1447 1731 1514 τρεῖς
1776 1443 1839 1496 τὸ
1874 1443 2070 1516 πρά-⁵

450 1548 639 1603 τευμα
658 1529 850 1586 διελὼν
885 1530 1118 1587 κυκλοῦν
1148 1534 1413 1605 ἐπειρᾶτο
1441 1535 1568 1598 τοὺς
1598 1535 1727 1606 περὶ
1763 1533 1855 1588 τὸν
1889 1535 2037 1605 Οὐρ-

456 1622 643 1677 σέλιον
669 1622 876 1677 καὶτὸν
900 1623 1181 1696 Καίσαρα.
1228 1623 1392 1679 Ἀλλά
1429 1624 1575 1679 κατά
1602 1624 1774 1680 νώτου
1815 1624 1914 1695 μὲν
1939 1642 2040 1693 γε-

455 1712 650 1767 νέσθαι
695 1713 797 1767 οὐκ
838 1713 1115 1783 ἠδύναντο
1156 1715 1208 1768 oi
1265 1715 1540 1787 πολέμιοι,
1578 1715 1676 1771 ἆτε
1737 1715 1832 1769 τοῦ
1877 1716 2038 1788 ὅρους

452 1803 683 1869 τούτους
713 1804 1094 1877 ἀπείργοντος,
1128 1809 1241 1871 τοῖς
1270 1807 1328 1861 δὲ
1364 1809 1517 1880 τρισὶ
1552 1809 1783 1881 μέρεσιν
1838 1809 2032 1863 ἐπετί-

452 1894 618 1948 θεντο
648 1895 902 1966 ἰσχυρῶς,
935 1898 1033 1950 καὶ
1081 1895 1227 1952 οὕτω
1261 1900 1505 1971 διασπᾷν
1547 1899 1610 1954 τὸ
1655 1899 1880 1971 συνεχὲς
1930 1898 2031 1970 τῆς

448 1986 565 2041 τῶν
613 1986 859 2041 Λατίνων
902 1989 1184 2058 φάλαγγος
1239 1990 1583 2062 ἐπεχείρουν.
1622 1993 1685 2045 Ol
1739 1992 1798 2046 δὲ
1858 1991 2033 2059 ὀλίγοι

452 2076 563 2132 ὑπὸ
609 2078 720 2131 τῶν
749 2078 960 2134 πολλῶν
989 2080 1324 2151 πιεζόμενοι,
1350 2083 1445 2135 καὶ
1467 2081 1578 2137 τῶν
1617 2082 1804 2137 ἵππων
1846 2083 2033 2137 αὐτῶν

452 2170 574 2231 τοῖς
618 2167 798 2238 βέλεσι
853 2169 1201 2241 βαλλομένων
1264 2172 1552 2234 πάντοθεν,
1599 2172 1709 2226 δεῖν
1775 2171 2036 2244 ᾠήθησαν

458 2262 630 2332 ὁμόσε
683 2261 938 2333 χωρῆσαι
984 2265 1098 2327 τοῖς
1149 2262 1455 2333 πολεμίοις.
1503 2262 1646 2317 ὥστε
1683 2262 2035 2333 καταπλῆξαι

448 2354 683 2418 τούτους
721 2353 800 2424 τῷ
850 2353 1071 2426 σφοδρῷ
1117 2354 1227 2409 τῶν
1280 2354 1488 2411 ἵππων.
1540 2354 2035 2425 Παρακαλέσαντες

452 2441 552 2499 οὖν
581 2445 845 2516 ἀλλήλους
880 2447 977 2500 καὶ
1022 2446 1456 2508 συνασπίσαντες
1497 2446 1759 2518 ἀκρατῶς
1800 2446 2036 2516 ἐξήλαυ-

455 2553 572 2592 νον.
624 2536 719 2592 Ἐκ
749 2537 939 2591 τούτου
984 2535 1180 2609 ξυνέϐη
1222 2539 1454 2602 πολλοὺς
1487 2539 1585 2610 μὲν
1611 2538 1720 2592 τῶν
1758 2538 2035 2609 πολεμίων

456 2631 802 2700 περιπεσεῖν,
838 2630 1043 2694 αὐτοὺς
1083 2631 1140 2683 δὲ
1186 2631 1568 2694 κυκλωθέντας
1611 2629 1719 2684 ὑπὸ
1754 2631 1848 2683 τοῦ
1903 2630 2038 2701 πλή-

456 2722 591 2786 θους
618 2721 847 2786 πολλοὺς
880 2722 979 2792 μὲν
1005 2721 1383 2793 ἀναιρεθῆναι,
1416 2723 1544 2786 τοὺς
1575 2721 1825 2784 πλείονας
1849 2719 1905 2774 δὲ
1934 2721 2036 2791 λη-

457 2812 683 2883 φθῆναι.
723 2812 902 2868 Ἕάλω
944 2813 1002 2868 δὲ
1049 2814 1147 2868 σὺν
1196 2812 1406 2877 τούτοις
1441 2814 1534 2867 καὶ
1561 2814 1589 2865 6
1617 2813 1837 2882 Καῖσαρ
1864 2812 1958 2865 καὶ
2007 2812 2037 2865 6

457 2903 773 2974 οὐρσέλιος.
819 2904 880 2959 Ὃ
904 2904 1035 2973 γοῦν
1082 2904 1314 2976 Ἀρτοὺχ
1338 2904 1528 2976 ἡσθεὶς
1554 2907 1621 2976 τῇ
1654 2905 1780 2975 νίκῃ
1811 2904 1905 2958 τὸν
1936 2904 2035 2974 μὲν

457 2994 755 3065 οὐρσέλιον
783 2993 983 3066 λύτρον
1012 2995 1195 3049 λαϐὼν
1232 2996 1465 3051 ἀπέδοτο
1496 2999 1608 3058 τοῖς
1639 2995 1829 3061 αὐτοῦ,
1860 2994 1951 3048 τὸν
1978 2992 2038 3048 δὲ

455 3085 719 3157 Καίσαρα
755 3084 894 3156 ἔχων
931 3087 1101 3158 ἀπῄει
1130 3086 1207 3150 ὼς
1251 3086 1347 3140 ἐπὶ
1385 3085 1486 3157 τὴν
1514 3086 1627 3141 ἄνω
1673 3086 1936 3157 Φρυγίαν.
1970 3084 2041 3140 Oi

453 3179 517 3231 Bs
543 3178 676 3247 περὶ
702 3177 795 3230 τὸν
833 3176 1061 3248 βασιλέα
1102 3177 1328 3249 Μιχαὴλ
1358 3176 1449 3251 [Ρ.
1485 3176 1581 3250 57]
1637 3175 1936 3249 πυθόμενοι
1968 3175 2039 3228 τά

457 3268 743 3339 ξυμϐάντα
759 3268 1038 3340 πέμπουσι
1053 3268 1179 3333 τοὺς
1198 3268 1370 3340 ὲξωνη
1378 3285 1439 3322 σο
1445 3267 1638 3340 μένους
1654 3268 1746 3322 τδν
1762 3266 2037 3336 Καίσαρα.

454 3361 574 3417 Καὶ
613 3359 909 3415 ἀποδίδωσι
958 3359 1146 3414 τοῦτον
1177 3362 1207 3415 6
1259 3358 1534 3431 βάρϐαρος
1568 3357 1740 3430 συχνὰ
1775 3358 2038 3430 χρήματα

459 3448 673 3506 λαϐὼν.
723 3451 783 3504 Ὅ
827 3450 887 3504 δὲ
929 3450 1158 3522 πλησίον
1206 3451 1307 3521 τῆς
1357 3449 1628 3521 βασιλίδος
1669 3448 1781 3503 τῶν
1830 3448 2041 3503 πόλεων

458 3543 759 3613 γενόμενος
802 3542 900 3595 καὶ
941 3542 1129 3606 δείσας
1163 3542 1237 3613 μή
1286 3559 1341 3595 τι
1394 3542 1491 3595 καὶ
1536 3542 1688 3615 πάθῃ
1712 3539 2038 3610 δεινότερον,

457 3633 804 3705 διαπεράσας
832 3632 972 3705 πρὸς
1003 3634 1065 3686 τὸ
1104 3634 1478 3704 Τραχονήσιον
1505 3633 1570 3687 τὺ
1609 3633 1899 3704 μοναδικδν
1933 3633 2042 3702 ἀμ-

460 3727 744 3795 φιέννυται
796 3729 986 3797 σχῆμα
1052 3725 1153 3797 τὴν
1197 3725 1376 3796 κόμην
1427 3725 1899 3796 ἀποκειράμενος,
1944 3723 2043 3778 καὶ

457 3819 638 3881 οὕτως
667 3819 859 3871 εἴσεισι
902 3818 1039 3889 πρὸς
1066 3818 1158 3870 τὸν
1198 3816 1428 3887 βασιλέα
1452 3817 1698 3889 Μιχαὴλ.
1741 3816 1799 3881 Ὀ
1828 3816 1887 3870 δὲ
1913 3815 2042 3870 τοῦ·

456 3930 556 3968 τον
588 3912 713 3966 ίδὼν
742 3912 1014 3984 ὓπεκρίθη
1044 3911 1402 3966 δεινοπαθεω.

540 4006 627 4060 ιθ’.
659 4004 767 4057 Καὶ
794 4003 865 4058 τά
889 4005 988 4073 μὲν
1013 4004 1154 4058 κατά
1187 4003 1278 4058 τὸν
1296 4001 1753 4074 θαυμασιώτατον
1782 4001 2043 4071 Καίσαρα

454 4095 704 4153 τοιοῦτον
741 4094 866 4164 ἔσχε
898 4098 960 4148 τὸ
986 4095 1160 4158 τέλος,
1192 4097 1221 4149 6
1249 4096 1306 4151 δὲ
1340 4080 1638 4165 Οὗρσέλιος
1689 4094 1791 4164 τῆς
1836 4093 2042 4162 αἰχμα-

457 4188 669 4251 λωσίας
722 4185 943 4256 ρυσθεὶς
995 4186 1163 4257 ἀπῄει
1215 4185 1372 4249 αὖθις
1414 4186 1492 4247 ὼς
1546 4183 1642 4236 ἐπὶ
1690 4183 1784 4235 τὸν
1839 4181 2043 4235 Πόντον

458 4282 561 4336 καί
587 4295 709 4333 τινα
738 4277 845 4331 τῶν
880 4277 1156 4348 φρουρίων
1185 4275 1595 4345 κατελάμϐανε,
1628 4273 1885 4327 κάκεῖθεν
1915 4271 2040 4325 ἰλύ-

460 4388 559 4426 ττῑι
599 4371 700 4434 τὰς
745 4369 838 4422 τοῦ
874 4368 1077 4421 Πόντου
1123 4368 1307 4431 πόλεις
1355 4363 1653 4436 Ἀμάσειάν
1684 4381 1768 4433 ⁹τε
1810 4364 1905 4416 καὶ
1943 4363 2043 4433 τὴν

460 4466 594 4517 νέαν
614 4462 952 4533 Καισάρειαν
981 4476 994 4489 ·
1015 4457 1172 4528 ἐδῄου
1200 4459 1307 4532 γὰρ
1319 4458 1416 4522 τὰς
1441 4459 1626 4529 χώρας
1659 4458 1753 4511 καὶ
1768 4457 2043 4526 δασμοφο-

2133 630 2307 685 instar
2321 632 2514 689 Turcis
2530 632 2880 703 obiecerunt:
2891 633 2961 687 At
2982 631 3186 688 Artuch
3217 630 3458 699 Sangare
3482 628 3709 683 traiecto

2134 722 2198 774 ad
2216 722 2345 794 juga
2365 723 2566 779 montis
2587 722 2699 778 arci
2719 722 2996 784 Metabolae
3009 721 3349 778 imminentia
3369 734 3711 791 progressus,

2136 823 2422 882 postquam
2466 812 2737 870 Cmsarem
2768 815 2884 869 illic
2915 823 2973 870 et
3002 812 3279 870 Urselium
3307 827 3417 867 non
3468 812 3707 881 reperit.

2135 904 2350 974 trajecit
2395 912 2449 960 et
2496 908 2615 974 ipse
2656 919 2778 975 quae
2823 905 2898 960 ibi
2952 913 3080 961 sunt
3127 903 3432 975 angustias.
3481 910 3537 957 et
3581 915 3708 958 cum

2136 996 2492 1066 processisset
2547 997 2611 1051 ad
2662 996 2921 1053 verticem
2983 997 3233 1061 montis,
3298 996 3390 1065 qui
3450 994 3710 1049 Maroxns

2134 1085 2358 1152 dicitur,
2380 1096 2560 1143 castra
2586 1094 2822 1143 metatus
2849 1094 2933 1144 est
2954 1087 3192 1157 indeque
3225 1087 3411 1143 hostes
3441 1085 3707 1141 observa-

2134 1176 2228 1233 bat
2255 1191 2424 1247 prope
2466 1177 2726 1247 oppidum
2751 1218 2767 1244 ,
2810 1177 2959 1247 quod
2985 1177 3176 1232 Trisea
3213 1183 3478 1238 vocatur,
3514 1171 3710 1227 castris

2136 1267 2333 1335 positis
2379 1276 2609 1323 stantes.
2650 1266 2762 1322 Nec
2797 1280 3008 1321 moram
3051 1281 3147 1322 eos
3182 1262 3528 1335 aggrediendi
3557 1260 3707 1317 fecit.

2134 1359 2214 1412 Ae
2246 1358 2484 1428 primum
2524 1357 2951 1429 iaculationibus
2989 1359 3044 1413 in
3067 1371 3165 1413 eos
3197 1372 3265 1413 ex
3293 1356 3402 1410 alto
3435 1355 3708 1409 utebatur.

2137 1447 2342 1504 Deinde
2399 1449 2663 1505 trifariam
2729 1450 2909 1506 diviso
2963 1450 3209 1505 exercitu
3279 1444 3711 1502 circumcluderc

2136 1536 2480 1594 Caesarianos
2531 1547 2586 1594 et
2627 1537 2941 1595 Urselianos
2968 1537 3307 1603 conabatur,
3350 1535 3550 1605 quibus
3579 1530 3712 1586 locis

2138 1630 2334 1684 ambiri
2372 1639 2638 1700 poterant,
2670 1644 2795 1683 nam
2823 1645 2853 1683 a
2885 1636 3040 1696 tergo
3066 1642 3162 1683 eos
3187 1625 3502 1697 protegebat
3531 1636 3708 1677 mons.

2138 1720 2341 1777 Verum
2375 1736 2406 1776 a
2441 1721 2617 1777 tribus
2639 1721 2884 1790 partibus
2910 1720 3111 1775 acriter
3140 1719 3417 1773 instabant
3447 1714 3613 1770 Turci
3646 1728 3710 1768 ac

2141 1823 2452 1870 consertum
2490 1822 2694 1868 textum
2731 1812 3014 1883 phalangis
3043 1808 3363 1865 Latinorum
3387 1810 3713 1874 abrumpere

2140 1919 2354 1962 summa
2401 1903 2453 1959 vi
2505 1903 2841 1959 nitebantur.
2889 1901 2955 1957 lli
3001 1916 3131 1956 vero
3184 1902 3344 1970 pauci
3388 1914 3419 1952 a
3464 1895 3713 1967 pluribus

2140 1997 2520 2060 circumventi,
2567 2003 2624 2050 et
2661 1994 2819 2066 equis
2858 1993 3107 2063 ipsorum
3142 1992 3315 2045 imbre
3356 1989 3597 2058 undique
3627 1988 3715 2038 in-

2141 2096 2368 2160 gruente
2399 2086 2723 2157 sagittarum
2760 2085 3019 2141 continue
3057 2080 3357 2153 percussis,
3398 2076 3712 2133 faciendum

2140 2180 2245 2237 sibi
2273 2187 2559 2249 putarunt,
2580 2188 2641 2232 ut
2672 2179 2874 2247 impetu
2898 2182 3247 2245 erumpentes
3277 2171 3344 2226 ad
3368 2186 3564 2225 manus
3587 2174 3712 2223 eum

2140 2272 2393 2328 hostibus
2446 2269 2717 2325 venirent.
2771 2266 2864 2322 Sic
2913 2267 3061 2321 enim
3111 2264 3179 2320 iis
3218 2272 3487 2318 terrorem
3537 2257 3713 2313 incuti

2141 2377 2304 2434 posse
2341 2361 2637 2431 sperabant
2667 2359 2905 2431 equestri
2940 2357 3119 2414 subita
3149 2353 3406 2425 procella.
3433 2345 3714 2406 Exhortati

2140 2469 2271 2526 ergo
2313 2468 2373 2507 se
2419 2452 2651 2507 invicem
2696 2449 2968 2505 consertis
3016 2456 3209 2503 mutuo
3255 2444 3428 2501 scutis
3457 2440 3716 2497 ferociter

2141 2544 2440 2598 irruerunt.
2473 2542 2554 2597 Ex
2595 2542 2700 2596 hoc
2727 2538 2957 2609 contigit
2984 2537 3190 2592 multbs
3224 2533 3444 2602 quidem
3477 2530 3714 2585 hostium

2141 2635 2359 2700 cadere,
2393 2634 2541 2704 ipsos
2570 2646 2705 2688 vero
2732 2630 3144 2686 circumventos
3170 2623 3520 2681 multitudine
3547 2619 3717 2691 pluri-

2142 2743 2263 2783 mos
2291 2725 2467 2782 occidi
2513 2724 2806 2795 plerosque
2833 2721 2976 2792 capi.
3020 2718 3175 2790 Capti
3207 2726 3336 2774 sunt
3369 2723 3549 2770 autem
3589 2723 3716 2766 cum

2141 2817 2229 2872 his
2252 2823 2305 2871 et
2329 2816 2513 2870 Caesar
2547 2819 2603 2868 et
2634 2812 2905 2869 Urselius.
2930 2812 3000 2865 At
3031 2807 3308 2865 Urselium
3337 2803 3448 2876 83
3497 2802 3715 2872 quidem

2141 2906 2374 2964 victoria
2421 2907 2580 2961 laetus
2612 2904 2822 2960 Artuch
2849 2910 3073 2971 accepto
3101 2899 3278 2972 pretio
3309 2899 3427 2953 suis
3461 2892 3715 2959 reddidit,

2143 3003 2410 3057 Caesarem
2432 3012 2559 3053 vero
2575 3011 2760 3051 secum
2781 2994 2988 3049 habens
3002 2993 3055 3047 in
3074 2990 3409 3062 superiorem
3425 2984 3714 3056 Phrygiam

2143 3093 2299 3148 abiit.
2320 3088 2553 3145 Michael
2573 3101 2738 3159 porro
2754 3087 3033 3157 Augustus
3054 3082 3252 3139 auditis
3269 3094 3389 3151 quae
3410 3075 3719 3134 acciderant

2145 3186 2312 3242 mittit
2355 3185 2447 3255 qui
2477 3183 2748 3238 Caesarem
2782 3178 3133 3235 redimerent.
3180 3173 3396 3229 Dimisit
3438 3179 3620 3225 autem
3664 3176 3720 3223 et

2140 3292 2267 3334 eum
2297 3275 2587 3338 barbarus,
2628 3271 2815 3327 multis
2868 3268 3114 3340 pecuniis
3155 3264 3417 3334 acceptis.
3452 3262 3719 3317 Caeterum

2141 3369 2324 3425 Caesar
2347 3366 2790 3437 appropinquans
2819 3357 3295 3429 Constantinopoli
3318 3364 3374 3411 et
3401 3353 3630 3418 veritus,
3652 3367 3721 3406 ne

2142 3459 2274 3531 quid
2322 3458 2395 3513 ibi
2428 3455 2672 3512 atrocius
2695 3461 2995 3525 pateretur,
3027 3466 3150 3507 cum
3190 3447 3258 3503 ad
3288 3444 3722 3503 Trachonesium

2144 3549 2573 3614 transfretasset,
2622 3546 2978 3602 monasticam
3011 3543 3085 3599 ibi
3121 3552 3320 3596 vestem
3353 3537 3531 3593 induit
3560 3549 3720 3592 coma

2142 3643 2369 3699 detonsa
2394 3679 2410 3706 ,
2456 3646 2511 3694 et
2548 3639 2628 3693 sic
2659 3632 2976 3705 imperatori
3014 3630 3265 3687 Michaeli
3301 3645 3361 3686 se
3404 3626 3588 3695 sistit,
3627 3625 3721 3695 qui

2144 3749 2270 3791 eum
2297 3731 2490 3790 videns
2518 3727 2794 3786 simulavit
2817 3739 2960 3796 aegre
2989 3723 3152 3779 ferre.

2217 3994 2305 4049 l9.
2344 3990 2411 4046 Et
2437 4003 2524 4044 res
2546 3984 2765 4057 quidem
2794 3979 3100 4039 admirandi
3120 3979 3355 4036 Caesaris
3375 3974 3536 4033 talem
3561 3976 3721 4031 linem

2144 4082 2475 4140 habuerunt.
2497 4074 2744 4133 Urselius
2770 4086 2901 4128 vero
2917 4070 3231 4140 captivitate
3249 4067 3511 4123 liberatus
3530 4079 3724 4119 rursus

2147 4174 2282 4229 abiit
2308 4168 2467 4242 quasi
2488 4181 2680 4222 versus
2704 4165 2942 4221 Pontum
2973 4173 3028 4218 et
3056 4175 3210 4216 arces
3256 4158 3519 4230 quasdam
3548 4170 3721 4211 oceu.

2145 4266 2314 4338 pavit,
2345 4262 2491 4318 unde
2511 4257 2811 4315 infestabat
2842 4255 3004 4312 Ponti
3036 4252 3314 4321 civitates,
3347 4252 3637 4306 Amaseam
3670 4252 3725 4301 c‘t

2144 4359 2574 4416 Neocaesaream.
2613 4350 2873 4407 Vastabat
2898 4349 3042 4405 enim
3074 4346 3423 4404 circumsitas
3453 4344 3520 4399 iis
3546 4342 3724 4412 regio-

2147 4465 2246 4505 nes
2282 4457 2335 4503 et
2376 4443 2725 4501 suburbanos
2751 4453 2912 4512 agros
2936 4437 3333 4508 vectigaliaque
3359 4433 3461 4489 sibi
3490 4431 3725 4501 pendere

462 4557 583 4628 ρεῖν
626 4523 1176 4622 κατηναγκαζεν.““0
1332 4523 1536 4619 μαθὼν.
1566 4551 1594 4602 ὁ
1633 4523 1885 4618 βασιλεὺς
1934 4523 2039 4600 Μι-

2148 4541 2394 4613 cogebat.
2417 4536 2574 4604 Quod
2603 4550 2728 4591 eum
2760 4533 3110 4604 cognovisset
3139 4531 3437 4600 imperator
3470 4523 3721 4586 Michael,

461 4643 609 4716 χαὴλ
630 4644 721 4697 τὸν
764 4642 1131 4710 Παλαιολόγον
1168 4641 1483 4712 Νικηφόρον
1514 4641 1649 4707 πρὸς
1678 4639 1768 4693 τὸν
1800 4638 2039 4710 ἄρχοντα

476 4734 730 4796 Ἀλανίας
748 4733 1106 4803 έκπέπομφεν
1119 4730 1316 4796 ἄξοντα
1340 4732 1658 4800 στράτευμα
1685 4728 2037 4799 μισθοφόρον.

472 4827 539 4880 '0
569 4825 628 4879 ae
659 4824 906 4879 ἀπελθὼν
955 4824 1056 4878 καὶ
1087 4824 1316 4893 στρατὸν
1350 4821 1564 4876 ἐκεῖθεν
1596 4820 1882 4874 ἀναλαϐὼν
1915 4816 2043 4887 περί

465 4936 577 4973 που
604 4916 702 4982 τὰς
729 4917 789 4983 ἒξ
828 4917 1072 4988 χιλιάδας
1103 4916 1195 4968 τον
1230 4916 1430 4968 Πόντον
1465 4913 1760 4984 κατείληφε
1806 4915 1902 4965 καὶ
1939 4912 2043 4973 τάς

464 5008 650 5079 ὀρμάς
681 5007 775 5061 τοῦ
810 5006 1105 5078 Οὑρσελίου
1138 5005 1485 5059 ἀναστέλλειν
1528 5004 1886 5075 ἀπεπειρᾶτο.
1921 4999 2044 5054 Τῶν

462 5100 514 5153 6‘
552 5096 786 5151 Ἀλανῶν
815 5096 1189 5151 ἀπαιτούντων
1224 5096 1316 5150 τὸν
1364 5094 1792 5165 συμφωνηθέντα
1825 5091 2042 5163 μισθὸν,

465 5191 590 5243 ἐπεὶ
613 5190 686 5260 μὴ
713 5185 856 5260 εἶχεν
886 5190 1115 5250 ἐκεῖνος,
1137 5187 1451 5256 ἠναγκάσθη
1477 5186 1554 5257 τῷ
1574 5183 1852 5254 Οὸρσελίῳ
1872 5197 2047 5252 προσ-

463 5282 653 5334 ϐαλεῖν
701 5281 806 5351 πρὸ
840 5278 933 5333 τοῦ
969 5278 1375 5349 παλινοστῆσαιι
1401 5279 1527 5341 τοὺς
1583 5274 1862 5337 Ἀλανοὺς.
1901 5272 2044 5326 Ἀλλ’

462 5365 615 5426 οὗτοι
646 5371 915 5423 ἐνέκειντο
943 5371 1069 5432 τοὺς
1091 5369 1316 5438 μισθοὺς
1342 5367 1723 5430 ἀπαιτοῦντες,
1762 5364 1822 5417 ὃν
1850 5363 1914 5433 δὴ
1941 5380 2046 5417 παρ

468 5466 693 5535 ρασχεῖν
728 5463 942 5516 ἐκείνου
1003 5462 1078 5531 μὴ
1120 5462 1336 5532 ἔχοντος
1380 5459 1726 5529 ὑπέστρεφον
1779 5456 2044 5520 ἅπαντες,

464 5555 663 5623 ὀλίγων
684 5553 889 5626 δηλαδὴ
904 5552 1401 5622 καταλειφθέντων.
1419 5545 1514 5613 Οἷς
1538 5549 1602 5620 δὴ
1621 5550 1716 5603 καὶ
1744 5547 2041 5621 συμϐαλὼν

464 5649 495 5699 ό
526 5646 821 5716 Οὒρσέλιος
848 5644 1118 5715 ἐτρέψατό
1168 5660 1227 5697 τε
1272 5643 1499 5707 τούτους
1539 5640 1637 5694 καὶ
1680 5640 1780 5694 οὐκ
1829 5640 2048 5707 ὀλίγους

465 5739 675 5792 ἀνεῖλεν
701 5737 910 5802 αὐτῶν,
941 5739 991 5789 οἱ
1028 5735 1083 5788 δὲ
1119 5737 1297 5789 λοιποὶ
1319 5737 1399 5798 εἰς
1428 5734 1529 5801 τάς
1560 5731 1665 5786 τοῦ
1698 5731 1899 5787 Πόντου
1939 5733 2047 5786 διε-

467 5831 717 5906 σώθησαν
741 5831 954 5893 πόλεις.
982 5826 1466 5897 Ἀπαγγελθέντων
1494 5825 1551 5879 δὲ
1575 5822 1782 5879 τούτων
1833 5822 1911 5894 τῷ
1942 5822 2042 5893 βα-

2146 4612 2508 4700 Palaeologum
2556 4624 2925 4695 Nicephorum
2973 4620 3041 4676 ad
3107 4621 3469 4691 imperantem
3519 4612 3727 4669 Alaniae

2145 4723 2300 4780 misit
2339 4723 2635 4778 ducturum
2689 4712 3106 4787 stipendiarium
3140 4710 3484 4773 exercitum,
3530 4705 3624 4776 qui
3660 4719 3727 4758 eo

2147 4816 2428 4888 profectus
2489 4808 2928 4880 couscriptisque
2988 4806 3062 4860 ibi
3119 4802 3292 4872 copiis
3350 4798 3569 4855 circiter
3629 4811 3723 4850 sex

2148 4887 2381 4964 millium
2421 4905 2477 4958 in
2519 4902 2753 4956 Pontum
2785 4915 2843 4955 se
2878 4895 3105 4953 contulit
3142 4903 3198 4950 et
3248 4894 3486 4962 impetus
3526 4887 3724 4944 Urselii

2146 5000 2443 5070 reprimere
2471 4997 2791 5051 conabatur.
2817 4990 3019 5045 Verum
3042 4985 3235 5069 Alanis
3267 4985 3574 5056 petentibus
3601 4996 3730 5053 pro-

2148 5091 2378 5148 missum
2398 5085 2755 5156 stipendium,
2785 5097 2910 5138 cum
2933 5095 3038 5136 non
3059 5079 3285 5135 haberet
3314 5076 3455 5132 unde
3471 5076 3726 5139 solveret,

2148 5180 2520 5253 necessarium
2578 5176 2866 5231 consilium
2937 5171 3178 5240 suscepit
3252 5167 3533 5241 pugnandi
3599 5180 3725 5222 cum

2148 5270 2386 5336 Urselio,
2403 5268 2721 5339 priusquam
2746 5263 2925 5328 Alani,
2950 5263 3096 5333 quod
3115 5261 3492 5325 minabantur,
3509 5260 3729 5313 recede-

2149 5376 2290 5421 rent.
2318 5364 2389 5417 At
2420 5359 2498 5417 illi
2535 5357 2914 5430 vehementius
2946 5355 3253 5423 instabant,
3305 5361 3362 5407 ut
3394 5353 3496 5408 sibi
3527 5364 3729 5422 reprae-

2149 5464 2459 5516 sentaretur
2482 5452 2594 5526 84
2616 5452 2912 5508 constituta
2945 5463 3177 5515 merces,
3205 5447 3350 5519 quod
3370 5462 3495 5502 cum
3519 5443 3727 5498 Palaeo-

2150 5552 2307 5622 logus
2339 5546 2569 5617 pecunia
2602 5558 2796 5599 carens
2829 5540 3009 5596 facere
3029 5542 3330 5610 nequisset,
3354 5535 3508 5591 Alani
3535 5530 3723 5603 paucis

2149 5640 2393 5710 exceptis
2426 5651 2619 5691 omnes
2648 5635 2922 5690 abierunt.
2955 5630 3093 5687 Cum
3131 5630 3358 5700 reliquis
3382 5635 3562 5681 autem
3587 5635 3721 5676 con-

2149 5748 2367 5805 gressus
2419 5727 2663 5785 Urselius
2700 5740 2795 5781 eos
2843 5738 2951 5782 non
3003 5723 3196 5792 paucis
3245 5718 3445 5774 occisis
3498 5714 3635 5769 fudit
3664 5718 3719 5765 et

2148 5804 2300 5882 varie
2354 5821 2409 5876 in
2464 5818 2620 5874 Ponti
2695 5815 2941 5872 civitates
3000 5813 3184 5873 fugere
3246 5808 3440 5869 coegit.
3503 5804 3719 5867 Quibus
