4154 6428
476 346 575 412 121

1685 345 2108 406 NICEPIIORI
2149 349 2524 410 BRYENN’II

3635 341 3736 405 19.8

478 455 727 511 Mielneli
782 454 1027 526 Augusto
1085 452 1349 508 nuntiatis
1385 452 1681 507 accersitus
1733 453 1803 506 ab
1851 469 1918 507 eo
1975 463 2059 507 est

2183 457 2303 508 τιλεῖ
2361 457 2602 525 Μιχαὴλ,
2641 458 2668 509 ὁ
2708 455 2870 519 καλὸς
2924 455 3137 517 νεανίας
3185 453 3538 524 μετεκαλεῖτο
3580 455 3733 507 Ἀλέ-

480 556 753 618 pra-stans
786 547 952 600 animi
979 545 1198 614 juvenis
1226 543 1469 608 Alexius,
1502 542 1683 598 divina
1717 543 2060 614 providentia

477 638 590 708 jam
624 639 840 693 volente
871 638 1138 691 illustrem
1169 637 1290 704 ejus
1314 639 1569 689 virtutem
1604 637 1850 688 reddere.
1874 633 2062 690 Decla-

481 740 634 785 ratus
666 739 748 783 est
775 731 920 783 enim
955 729 1066 782 dux
1095 743 1342 782 summus
1373 728 1649 782 exercitus
1685 734 1738 782 et
1771 727 2062 797 praefectus

481 820 623 874 bello
654 821 707 874 in
743 818 1014 874 Urselium
1048 819 1308 888 gerendo.

553 912 644 965 ΞΟ.
683 913 858 980 Atque
890 910 942 965 id
987 926 1188 964 munus
1219 911 1286 965 ab
1314 911 1640 979 imperatore
1668 907 1906 963 delatum
1945 909 2064 976 ipse

482 1002 699 1071 quidem
735 1002 966 1054 libenter
993 1001 1316 1054 admittebat
1351 1021 1364 1054 :
1395 1015 1582 1055 verum
1609 1001 1729 1069 ejus
1760 1011 1933 1054 mater
1963 1001 2066 1055 hoc

483 1103 767 1163 comperto
819 1093 1079 1148 omnibus
1117 1092 1294 1148 modis
1345 1093 1414 1147 ab
1451 1107 1516 1147 eo
1557 1093 1959 1158 contendebat,
2005 1103 2067 1148 ut

485 1186 633 1240 illam
662 1184 999 1253 provinciam
1037 1192 1335 1244 recusaret,
1369 1185 1524 1239 aiens
1555 1199 1661 1236 non
1694 1185 1880 1254 utique
1903 1184 2066 1253 juve-

486 1276 615 1330 nilis
669 1277 870 1331 mentis
918 1285 970 1330 et
1031 1291 1223 1331 manus
1279 1275 1552 1343 negotium
1621 1291 1742 1330 esse
1791 1274 2062 1330 Urselium

483 1369 722 1434 vincere,
776 1370 870 1424 sed
919 1370 1042 1432 viri,
1093 1370 1322 1439 ejusque
1389 1369 1546 1424 fortis
1607 1381 1661 1424 et
1712 1387 1836 1425 cum
1898 1373 2067 1426 multa

485 1464 712 1518 scientis
770 1473 883 1517 tum
939 1464 1169 1532 plurima
1217 1465 1449 1533 operati.
1511 1463 1638 1519 Hcce
1684 1466 1748 1518 ad
1809 1467 2064 1520 Alexium

484 1567 678 1621 mater,
723 1557 815 1626 qui
871 1554 1090 1610 blandis
1143 1556 1209 1609 ad
1256 1571 1376 1609 eam
1425 1558 1884 1625 persuasionibus
1935 1573 2068 1612 usus

484 1649 799 1718 impetravit
851 1657 1222 1702 commeatum
1267 1648 1528 1703 abeundi.
1568 1648 1848 1704 Profectus
1881 1650 2065 1718 itaque

483 1751 569 1794 est
612 1755 720 1794 non
773 1741 877 1796 alia
909 1757 967 1796 re
1001 1740 1175 1810 magis
1222 1755 1384 1808 quam
1419 1741 1681 1796 maternis
1715 1741 1855 1810 apud
1899 1740 2063 1792 Deum

486 1847 586 1901 pro
638 1847 697 1887 se
751 1834 1008 1902 precibus
1059 1830 1368 1886 viaticatus.
1425 1829 1562 1885 Nam
1621 1833 1689 1886 ab
1741 1833 2068 1902 imperatore

487 1937 664 1991 neque
725 1923 1009 1991 pecuniam
1060 1922 1270 1990 accepit
1326 1923 1379 1975 in
1429 1922 1553 1976 belli
1591 1931 1840 1991 sumptus
1891 1936 2070 1991 neque

485 2013 698 2082 justum
749 2015 1072 2070 exercitum.
1131 2012 1536 2082 Transgressus
1591 2024 1775 2068 autem
1833 2011 2067 2067 Pontum

487 2103 1125 2175 PaphlagonimAmasea:
1139 2121 1198 2159 se
1219 2105 1482 2170 admovit,
1509 2104 1598 2158 ubi
1625 2105 1822 2174 reperit
1841 2105 2068 2170 Alanos,

488 2195 582 2263 qui
625 2197 828 2252 ultimae
856 2197 994 2252 cladi
1042 2196 1452 2265 superfuerant,
1484 2212 1590 2250 non
1623 2195 1808 2266 plures
1852 2209 2070 2251 centum

490 2285 907 2356 quinquaginta.
946 2286 1042 2341 "is
1074 2287 1140 2341 ad
1174 2303 1302 2342 snas
1340 2296 1529 2343 tenues
1561 2288 1752 2357 copias
1799 2289 2072 2357 adjunctis

491 2376 676 2436 hostes
733 2379 1038 2442 coercebat,
1073 2394 1214 2446 saepe
1268 2393 1463 2432 manus
1530 2393 1849 2444 conserens,
1907 2380 2072 2434 toties

492 2469 740 2524 vincens.
792 2471 1088 2540 Postquam
1156 2482 1337 2524 autem
1399 2470 1608 2525 crebris
1673 2470 2079 2538 offensionibus

492 2561 741 2630 castigati
769 2561 881 2631 jam
920 2577 1031 2615 non
1066 2569 1268 2616 temere
1301 2562 1632 2630 prodibant,
1683 2561 1912 2617 remissa
1941 2578 2073 2618 cura

492 2653 956 2707 observandarum
974 2653 1322 2721 eruptionum
1343 2654 1517 2707 territi
1538 2653 1733 2718 hostis,
1750 2655 2076 2708 admovebat

492 2759 551 2799 se
577 2744 714 2798 clam
750 2744 1018 2813 praesidiis
1067 2743 1482 2799 Urselianorum
1513 2786 1528 2810 ,
1581 2745 1810 2800 insidias
1861 2744 2073 2800 idoneis

491 2831 628 2888 locis
660 2833 843 2888 celans
872 2850 885 2886 :
935 2843 1050 2889 tum
1083 2834 1193 2904 85
1228 2835 1494 2904 quosdam
1525 2843 1802 2890 ostentare
1829 2851 1889 2890 se
1919 2835 2078 2906 jube-

493 2925 586 2980 bat
629 2926 823 2995 prmdis
855 2927 1033 2996 palam
1073 2928 1356 2998 abigendis
1388 2927 1440 2980 in
1472 2938 1772 2996 conspectu
1813 2928 2073 2998 praesidii,

491 3016 557 3069 al
586 3030 748 3083 quam
781 3015 1018 3085 speciem
1045 3032 1167 3070 cum
1203 3017 1389 3070 hostes
1417 3016 1628 3070 exirent
1655 3025 1709 3069 et
1744 3009 2078 3084 praedatores

2168 551 2298 612 ξιος,
2333 549 2432 618 τῆς
2485 549 2636 610 Θείας
2675 550 2930 617 προνοίας
2983 548 3083 616 ήδη
3139 547 3470 616 βουλομένης
3518 548 3736 620 ἐμφανῆ

2167 638 2420 704 γενέσθαι
2456 639 2554 707 τὴν
2577 639 2741 691 αὐτοῦ
2772 641 2994 709 ἀρετήν.
3025 637 3406 706 Μετακληθεὶς
3425 637 3481 688 δὲ
3510 655 3740 708 στρατο-

2170 728 2445 798 πεδάρχης
2476 732 2883 799 προχειρῖςεται
2913 732 3006 782 καὶ
3038 730 3339 800 στρατηγὸς
3375 729 3737 801 αὐτοκράτωρ

2166 820 2260 870 τοῦ
2287 819 2427 871 κατὰ
2459 820 2756 888 Ούρσελίου
2787 820 3049 889 πολέμου.

2237 908 2305 963 κ’.
2355 911 2412 962 Ὀ
2445 911 2541 978 μὲν
2566 910 2657 962 οὖν
2688 911 2938 979 ἀσμένως
2973 911 3184 978 ἐδέχετο
3206 909 3272 961 τά
3305 908 3382 978 τῷ
3419 908 3631 978 βασιλεῖ
3652 909 3739 963 86-

2171 1000 2357 1065 ξαντα,
2393 1004 2424 1070 ἡ
2459 1002 2513 1052 δὲ
2547 1003 2730 1070 μήτηρ
2766 1002 2954 1054 τούτου
2999 1001 3277 1070 πυθομένη
3332 1000 3508 1054 ταῦτα
3539 1019 3744 1071 παραιο

2169 1090 2378 1143 τεῖσθαι
2409 1091 2685 1159 ἠνάγκαζε
2731 1093 2829 1162 τὴν
2865 1093 3062 1161 ἀρχὴν,
3093 1091 3328 1159 λέγουσα
3361 1091 3437 1162 μὴ
3489 1096 3743 1164 νεανικῆς

2171 1179 2378 1232 δεῖσθαι
2409 1182 2602 1250 φρενὸς
2651 1183 2743 1234 καὶ
2779 1183 2961 1252 χειρὸς
3009 1182 3076 1234 τά
3120 1184 3261 1236 κατὰ
3297 1183 3386 1234 τὸν
3419 1184 3742 1253 Ούρσέλιον,

2172 1271 2284 1322 ἀλλ’
2312 1271 2503 1340 ἀνδρὸς
2549 1274 2798 1338 γενναίου
2850 1274 2942 1326 καὶ
2985 1273 3154 1326 πολλά
3193 1273 3292 1342 μὲν
3330 1273 3530 1338 είδότος
3573 1275 3750 1330 πολλά

2169 1363 2225 1416 δέ
2267 1364 2582 1432 δράσαντος.
2615 1364 2757 1416 Ἀλλ’
2791 1366 2824 1434 ή
2858 1365 2956 1432 μὲν
2994 1363 3188 1426 οὕτως,
3221 1365 3247 1415 ὁ
3269 1363 3327 1415 δὲ
3359 1365 3746 1434 παρακλήσεσι

2171 1457 2518 1524 χρησάμενος
2540 1457 2633 1510 καὶ
2653 1456 2844 1518 πείσας
2873 1455 3038 1525 αὐτὴν
3061 1454 3205 1524 ἐξῄει
3227 1458 3346 1517 ταῖς
3371 1455 3554 1526 εὐχαῖς
3575 1456 3751 1524 αὐτῆς

2172 1548 2538 1614 ἐφοδιασθεὶς,
2569 1550 2705 1617 μήτε
2738 1549 2998 1619 χρήματα
3038 1548 3172 1617 πρὸς
3207 1547 3301 1600 τοῦ
3348 1547 3614 1618 βασιλέως
3655 1548 3753 1599 λα-

2171 1639 2282 1690 ϐὼν
2315 1642 2394 1702 είς
2429 1640 2526 1710 τὴν
2571 1639 2666 1692 τοῦ
2702 1641 2940 1710 πολέμου
2975 1640 3224 1709 δαπάνην
3257 1641 3393 1709 μήτε
3429 1641 3749 1710 στράτευμα

2174 1731 2488 1801 ἀξιόμαχον.
2518 1731 2750 1784 Διελθὼν
2797 1732 2853 1784 δὲ
2904 1731 2996 1784 τδν
3045 1735 3102 1784 ἐν
3157 1732 3506 1802 Παφλαγονίᾳ
3550 1735 3752 1787 Πόντον

2174 1824 2305 1884 περὶ
2339 1825 2437 1892 τὴν
2481 1823 2782 1890 Ἀμάσειαν
2829 1825 3039 1891 γέγονε,
3077 1825 3167 1876 καὶ
3191 1827 3316 1886 τοὺς
3347 1825 3752 1894 περισωθέντας

2173 1916 2280 1968 τῶν
2333 1914 2572 1968 Ἀλανῶν
2629 1915 2805 1984 εὑρὼν
2850 1916 2909 1967 ού
2949 1915 3166 1977 πλείους
3223 1916 3419 1967 ἑκατὸν
3455 1915 3588 1986 πρὸς
3639 1920 3752 1978 τοῖς

2175 2009 2513 2078 πεντήκοντα
2527 2008 2705 2072 ὄντας,
2731 2007 2859 2070 τοὺς
2885 2008 3179 2077 πολεμίους
3208 2007 3515 2071 ἀνέστελλε,
3553 2007 3739 2060 πολλά·
3829 2039 3832 2044 ι

2174 2117 2263 2162 κις
2293 2099 2392 2169 μέν
2425 2095 2610 2162 αὐτοῖς
2652 2098 2998 2169 προσϐαλὼν,
3032 2100 3360 2162 τοσαυτάκις
3413 2099 3458 2152 δ’
3487 2101 3750 2169 ἡττήσας.

2187 2189 2340 2242 Ἐπεὶ
2362 2189 2418 2242 δὲ
2447 2190 2544 2252 τὰς
2569 2189 2775 2242 τούτων
2821 2189 2998 2260 ὁρμάς
3036 2188 3404 2254 συνέστελλεν,
3444 2189 3630 2242 οὐκέτι
3654 2192 3754 2253 τὰς

2174 2281 2489 2344 ἐπελεύσεις
2521 2281 2607 2353 [Ρ.
2642 2282 2734 2354 58]
2775 2283 3000 2335 ἐκείνων
3027 2284 3237 2354 ἐτήρει,
3271 2283 3386 2336 ἀλλ’
3410 2282 3579 2336 ἐπιὼν
3616 2285 3754 2352 πρὸς

2173 2372 2242 2426 τὰ
2303 2372 2541 2442 φρούρια
2607 2373 2676 2426 τά
2736 2375 2867 2444 παρ’
2900 2373 3067 2426 αὑτοῦ
3130 2376 3475 2445 κατεχόμενα
3535 2376 3756 2448 ἐνέδρας

2175 2462 2380 2524 ἐνίστα,
2436 2464 2529 2516 καί
2592 2482 2745 2526 τινας
2803 2465 2940 2535 πρὸς
2991 2465 3306 2535 διαρπαγὴν
3367 2465 3592 2537 πλησίον
3644 2468 3757 2521 τῶν

2175 2555 2454 2624 φρουρίων
2482 2554 2782 2626 ἐξέπεμπε.
2821 2556 2944 2609 Τῶν
2998 2557 3130 2624 γοῦν
3168 2557 3446 2626 πολεμίων
3501 2558 3758 2624 ἐξιόντων

2177 2647 2272 2698 καὶ
2311 2647 2614 2700 διωκόντων
2639 2648 2764 2710 τοὺς
2789 2648 3250 2720 προνομεύοντας,
3274 2651 3440 2713 αὐτὸς
3470 2650 3629 2718 ἐξιὼν
3656 2652 3756 2721 τῆς

2178 2739 2402 2810 ἐνέδρας
2429 2739 2526 2803 τὰς
2557 2743 2635 2803 είς
2673 2741 2733 2794 τὸ
2765 2741 3024 2812 φρούριον
3069 2743 3342 2813 φερούσας
3391 2743 3544 2806 ὁδοὺς
3592 2761 3760 2797 κατε-

2177 2830 2422 2900 λάμϐανε
2455 2832 2547 2884 καὶ
2576 2835 2702 2896 τοὺς
2732 2832 3030 2897 διώκοντας
3053 2834 3286 2903 ἀπεῖργε
3309 2836 3406 2904 τῆς
3432 2835 3567 2906 πρὸς
3585 2836 3761 2889 ταῦτα

2179 2924 2412 2979 είσόδου.
2440 2925 2730 2980 Ξυνέϐαινε
2763 2926 2895 2995 γοῦν
2921 2926 3118 2998 μικροῦ
3145 2927 3255 2980 δεῖν
3288 2929 3496 2991 πάντας
3528 2927 3760 2998 ζωγρεῖ-

2182 3016 2327 3081 σθαι,
2356 3017 2450 3071 ἆτε
2484 3018 2593 3072 τῶν
2629 3020 2764 3091 πρὸς
2798 3020 2867 3072 τὰ
2900 3019 3136 3090 φρούρια
3166 3020 3446 3090 φερουσῶν
3471 3020 3603 3072 ὁδῶν
3630 3037 3765 3092 προ-

493 3119 878 3175 sequereutur,
905 3107 1020 3176 ipse
1052 3123 1392 3174 consurgens
1422 3122 1486 3162 ex
1522 3107 1737 3162 insidiis
1768 3108 1866 3162 iter
1893 3124 2076 3175 egres-

2185 3107 2659 3179 κατειλημμένων.
2714 3109 2932 3163 Τούτων
2971 3109 3102 3177 γοῦν
3158 3110 3418 3179 συχνάκις
3457 3109 3765 3179 γινομένων

493 3194 570 3248 sis
605 3194 670 3248 ad
719 3195 959 3249 reditum
1020 3197 1440 3264 przeoecupabat
1481 3196 1921 3266 interclusosque
1969 3197 2076 3252 cir-

492 3284 851 3340 cumveniens
889 3284 998 3339 fere
1031 3301 1222 3340 omnes
1247 3286 1497 3355 capiebat
1545 3287 1720 3340 vivos.
1757 3285 1850 3341 llis
1881 3288 2080 3356 sa'pius

495 3376 656 3430 fartis
703 3378 758 3431 in
814 3376 1106 3430 maximam
1157 3376 1529 3430 diliienltatem
1568 3393 1751 3431 rerum
1785 3378 2080 3433 barbarum

495 3468 755 3539 conjeeit,
804 3469 898 3539 qui
943 3469 1154 3539 justum
1194 3471 1403 3524 habens
1433 3471 1735 3525 exercitum
1770 3472 1954 3540 praelia
1984 3471 2080 3525 de-

497 3575 723 3615 cernere
778 3576 945 3630 quam
1005 3562 1241 3632 primum
1305 3563 1579 3632 cupiebat.
1645 3561 1749 3616 Sed
1805 3563 2082 3618 contrario

497 3650 732 3705 consilio
780 3651 1042 3716 Alexius,
1085 3652 1178 3722 qui
1233 3669 1426 3722 parum
1474 3654 1588 3708 suis
1639 3653 1814 3723 copiis
1868 3653 2080 3718 ﬁderet,

497 3741 658 3796 furtis
690 3743 835 3810 belli,
873 3758 980 3797 non
1015 3745 1402 3815 congressibus
1437 3747 1664 3816 apertis,
1699 3745 1919 3801 vincere
1960 3746 2087 3802 bar-

501 3833 694 3887 barum
735 3834 1072 3889 decreverat.
1108 3833 1297 3905 Itaque
1332 3837 1551 3905 quoties
1596 3837 1685 3891 ille
1717 3847 1978 3906 tanquam
2015 3837 2082 3890 ad

503 3925 620 3980 acie
654 3926 974 3981 certandum
1009 3926 1196 3993 copias
1227 3936 1516 3996 coegerat,
1563 3927 1650 3981 hic
1701 3928 1984 3997 quiescere
2025 3942 2085 3981 se

504 4015 639 4068 velle
695 4016 1010 4071 simulabat.
1072 4016 1137 4070 Et
1177 4018 1269 4072 ubi
1316 4018 1528 4086 aliquot
1566 4018 1782 4072 dierum
1819 4019 2082 4088 patientia

503 4099 766 4175 impetum
818 4119 1133 4178 paratorum
1199 4108 1265 4162 ad
1322 4111 1571 4179 praelium
1627 4110 2080 4181 refrigeraverat,

506 4194 760 4260 prodibat
821 4196 1132 4249 clanculum
1199 4207 1251 4251 ct
1303 4213 1409 4250 non
1458 4199 1616 4269 longe
1671 4200 1739 4253 ab
1793 4201 2083 4255 hostilibus

502 4282 701 4336 castris
733 4285 960 4339 insidias
996 4286 1235 4349 locabat,
1285 4286 1402 4340 vias
1437 4302 1829 4356 praeoccupans
1879 4290 2081 4358 quibus

503 4383 842 4426 commeatus
874 4374 1250 4428 inferebantur
1278 4385 1331 4428 et
1378 4377 1668 4445 plerosque
1704 4394 1983 4432 annonam
2017 4395 2081 4433 ac

2184 3199 2262 3260 είς
2295 3198 2608 3269 ἀμηχανίαν
2658 3201 2846 3268 εἰσῆγε
2910 3199 2998 3252 τὸν
3052 3197 3353 3269 βάρϐαρον.
3400 3198 3459 3251 ὐ
3499 3206 3595 3270 μὲν
3651 3201 3765 3272 γὰρ

2182 3287 2478 3358 ἀξιόμαχον
2526 3290 2666 3358 ἔχων
2711 3289 2942 3359 δύναμιν
2969 3290 3218 3343 ἐϐούλετο
3261 3292 3408 3362 μάχῃ
3442 3293 3540 3361 μιᾷ
3566 3290 3763 3362 κριθῆ-

2183 3398 2273 3433 ναι
2301 3381 2370 3434 τὰ
2419 3381 2538 3434 κατ’
2576 3381 2762 3444 αὑτὸν,
2801 3381 2828 3431 ό
2859 3381 2916 3432 δὲ
2949 3382 3435 3451 στρατοπεδάρχης
3478 3363 3765 3452 δυνάμεως

2185 3472 2406 3545 ἀπορῶν
2433 3475 2906 3542 καταστρατηγεῖν
2947 3475 3036 3524 τὸν
3066 3473 3346 3543 βάρϐαρον
3380 3473 3628 3524 ἔσπευδε.
3656 3473 3768 3524 Καὶ

2184 3564 2421 3633 ὁπηνίκα
2472 3566 2679 3628 ἐκεῖνος
2707 3564 2767 3617 τὸ
2817 3565 3013 3618 ἐαυτοῦ
3049 3564 3372 3634 συνήθροιζε
3428 3563 3768 3634 στράτευμα,

2185 3645 2339 3717 οὗτος
2391 3655 2621 3722 ἠρεμεῖν
2675 3655 3075 3721 προσεποιεῖτο,
3124 3653 3216 3704 καὶ
3275 3649 3511 3719 διασχὼν
3556 3648 3771 3718 ἡμέρας

2188 3745 2342 3808 τινάς
2388 3745 2532 3815 ἐξῄει
2569 3745 2745 3815 λάθρα
2777 3745 2873 3796 καὶ
2923 3745 2983 3796 οὐ
3035 3744 3224 3814 πόρρω
3253 3743 3442 3795 τούτου
3473 3735 3771 3810 γενόμενος

2185 3837 2376 3907 λόχους
2428 3837 2610 3889 ἐνίστα
2669 3837 2762 3889 καὶ
2817 3835 2883 3888 τά
2946 3834 3464 3904 πλεῖσταίένήδρευε
3511 3832 3772 3896 καὶτοὺς

2187 3929 2280 3980 ἐπί⁵
2310 3929 2369 3980 τὸ
2398 3930 2714 3999 στράτευμα
2741 3927 3157 3996 διακομίζοντας
3183 3926 3436 3998 ἐζώγρει.
3483 3925 3772 3992 Ἀγγελλο-

2191 4018 2366 4089 μένων
2397 4019 2453 4070 δέ
2499 4018 2704 4071 τούτων
2756 4018 2832 4088 τῷ
2863 4018 3125 4089 βαρϐάρῳ
3178 4018 3510 4088 στρατιῶται
3561 4015 3776 4068 ἐκεῖθεν

2189 4111 2503 4178 ἐπέμποντο
2544 4109 2922 4180 βοηθήσοντες.
2971 4107 3132 4162 Ἀλλά
3163 4110 3276 4169 τοῖς
3317 4108 3492 4176 λόχοις
3532 4106 3627 4158 καὶ
3652 4106 3776 4166 ταῖς

2191 4203 2436 4271 ἐνέδραις
2493 4203 2866 4272 ἐμπίπτοντες
2922 4201 3120 4273 μικροῦ
3153 4201 3262 4254 δεῖν
3287 4201 3456 4270 ἄρδην
3485 4199 3778 4270 ἡλίσκοντο

2189 4290 2428 4356 ἅπαντες
2451 4309 2465 4322 ’
2502 4293 2846 4364 ἀναιρεῖσθαι
2880 4293 2988 4362 γὰρ
3019 4291 3241 4353 τούτους
3273 4291 3370 4359 οὐχ
3400 4291 3546 4343 ὅσιον
3589 4285 3779 4358 ἐνομί-

2191 4383 2312 4446 ζετο
2349 4382 2426 4452 τῷ
2455 4383 2905 4453 στρατοπεδάρχῃ
2930 4381 3293 4450 Χριστιανοὺς
3327 4379 3508 4440 ὄντας.

502 4471 702 4518 (κριοῖο
731 4468 1041 4520 necessaria
1072 4467 1405 4535 portantium
1459 4469 1703 4537 capiens.
1768 4472 1892 4525 Haec
1923 4483 1978 4524 ut
2042 4472 2307 4528 barbarus
2349 4482 2632 4536 senserat,
2690 4474 2937 4528 mittebat
3026 4471 3302 4540 extemplo
3351 4469 3779 4540 pabulatoribus

504 4554 733 4609 auxilia.
784 4553 886 4607 Sed
936 4556 1086 4610 missi
1141 4557 1483 4614 incurrentes
1534 4559 1588 4612 in
1659 4561 1886 4624 insidias
1954 4564 2304 4630 paucissimis
2365 4564 2713 4620 elabentibus
2783 4563 3142 4632 capiebantur
3216 4577 3430 4617 omnes.
3492 4561 3626 4614 Nam
3680 4576 3781 4617 eos

504 4649 752 4703 occidere
801 4649 954 4702 nefas
1003 4651 1193 4705 Alexio
1244 4652 1547 4717 videbatur,
1593 4670 1720 4710 cum
1773 4654 2072 4711 Christiani
2113 4669 2323 4714 essent.

572 4738 663 4793 21.
705 4738 826 4794 llzec
867 4741 1067 4810 saepius
1101 4743 1172 4796 ita
1202 4753 1351 4814 gesta
1387 4746 1736 4800 vehementer
1779 4749 2080 4801 conturba-
2114 4757 2159 4810 1)

507 4832 637 4886 bant
668 4834 984 4889 harbarmn.
1006 4835 1140 4890 Nam
1164 4837 1434 4902 civitates,
1455 4853 1576 4906 qua:
1603 4849 1748 4893 metu
1774 4849 1869 4892 aut
1893 4855 2082 4894 amore

507 4925 610 4991 ipsi
668 4926 919 4980 l‘avebant
972 4936 1026 4981 et
1077 4930 1361 4999 vectigalia
1410 4929 1739 4999 pendebant,
1795 4941 2080 5002 postquam

508 5021 796 5088 desperare
826 5020 944 5092 ejus
981 5024 1245 5078 auxilium
1279 5033 1374 5079 aut
1410 5040 1517 5078 non
1550 5025 1743 5079 timere
1778 5024 1953 5095 ipsius
1983 5027 2086 5080 im-

513 5123 694 5182 petum
714 5123 1018 5183 emperunt,
1041 5115 1368 5170 lucrifacere
1391 5124 1667 5184 sumptum
1696 5116 2082 5184 pensitationis

510 5205 592 5259 vel
627 5204 834 5262 inutilis
867 5207 951 5261 vel
996 5222 1102 5260 non
1137 5207 1461 5262 necessariae
1492 5216 1793 5277 coeperunt.
1841 5209 2088 5274 Quarum

512 5293 897 5348 collationibus
923 5296 1267 5350 cessantibus
1296 5297 1479 5365 inopia
1510 5297 1759 5352 Urselius
1784 5299 1986 5368 ingenti
2019 5299 2094 5352 rei

514 5388 836 5440 nummariae
858 5387 1114 5441 laborans
1130 5387 1242 5457 86
1259 5388 1545 5441 consilium
1573 5390 1692 5444 iniit
1714 5399 1954 5446 astutum
1977 5391 2099 5461 qni-

515 5477 664 5540 dem,
694 5493 799 5531 non
826 5487 1004 5532 tamen
1034 5491 1231 5533 eventu
1263 5478 1410 5532 felix.
1445 5479 1581 5534 Cum
1621 5483 1765 5536 enim
1791 5484 2087 5552 accepisset

518 5572 762 5637 erupisse
791 5569 1099 5625 Tutachum
1136 5586 1166 5625 e
1205 5569 1424 5626 Perside
1452 5571 1517 5624 ad
1541 5583 1716 5628 terras
1754 5576 1965 5644 imperii
1996 5592 2088 5628 va-

522 5658 747 5711 s‘andas
772 5674 894 5712 cum
929 5675 1124 5728 magno
1163 5660 1407 5714 exercitu
1449 5659 1776 5727 Turcornm,
1825 5666 2093 5734 optimum

527 5744 669 5800 [actu
695 5751 902 5817 putavit
927 5749 1218 5820 adjuugcrc
1241 5765 1297 5804 se
1318 5749 1420 5821 ipsi
1446 5758 1499 5806 et
1537 5753 1629 5806 tali
1659 5755 1806 5810 socio
1835 5757 2100 5813 adversus

2261 4750 2583 4805 κα.’.Ταῦτα
2614 4749 2879 4812 πολλάκις
2927 4751 3191 4820 γινόμενα
3241 4747 3494 4818 μεγάλως
3545 4747 3781 4800 ἐλύπουν

2190 4841 2282 4892 τὸν
2310 4839 2607 4910 βάρϐαρονο
2635 4841 2749 4893 τῶν
2772 4840 2881 4911 γάρ
2908 4840 3119 4893 πόλεων
3153 4841 3279 4892 ὅσαι
3307 4841 3593 4909 προσεῖχον
3628 4838 3780 4906 αὐτῷ

2195 4931 2458 5002 πρότερον
2473 4933 2621 5002 φόϐῳ
2639 4932 2671 5002 ἢ
2692 4933 2876 5003 εὐνοία
2899 4932 3072 5002 τούτῳ
3095 4929 3563 5000 δασμοφοροῦσαι,
3591 4930 3783 4998 ἐπειδὴ

2200 5023 2600 5090 ἀπογινώσκειν
2623 5022 2730 5076 τῶν
2777 5022 2898 5075 κατ’
2950 5023 3114 5074 αὑτὸν
3159 5021 3415 5092 ήρξαντο,
3443 5022 3595 5073 ούδέν
3631 5021 3784 5074 ούδε-

2205 5113 2301 5182 μία
2323 5115 2584 5183 παρεῖχεν
2619 5112 2788 5182 αὐτῷ.
2823 5114 2930 5166 Καὶ
2964 5113 3052 5166 διά
3083 5111 3246 5164 τοῦτο
3279 5110 3582 5180 χρημάτων
3640 5125 3784 5162 σπα-

2205 5205 2366 5268 νίζων
2411 5204 2608 5274 βουλὴν
2641 5203 2996 5258 ἐϐουλεύσατο
3043 5203 3264 5272 βαθεῖαν
3293 5202 3414 5272 μὲν,
3438 5203 3498 5254 οὐ
3548 5200 3782 5269 συνετὴν

2201 5293 2256 5346 δὲ
2279 5294 2446 5363 ὅμως,
2475 5293 2548 5356 ὡς
2575 5293 2633 5346 τὸ
2662 5294 2814 5357 τέλος
2846 5293 3150 5359 ἀπέδειξεν.
3181 5293 3344 5364 Ι’Λρτι
3376 5293 3484 5362 γὰρ
3513 5291 3606 5343 τοῦ
3640 5292 3780 5342 Του-

2204 5386 2308 5455 τὰχ
2335 5389 2398 5439 ἐκ
2424 5385 2682 5455 Περσίδος
2715 5385 3066 5447 κατελθόντος
3119 5385 3212 5436 ἐπὶ
3249 5383 3328 5452 τῷ
3375 5384 3444 5436 τὰ
3490 5382 3784 5452 Ῥωμαίων

2198 5477 2479 5548 ληῗζεσθαι
2497 5476 2589 5542 ξὺν
2609 5475 3069 5546 πλήθειΤούρκων
3089 5474 3316 5539 πολλῶν,
3341 5474 3448 5526 δεῖν
3463 5474 3604 5541 ἔγνω
3625 5490 3787 5542 προσ-

2204 5569 2450 5639 χωρῆσαι
2510 5567 2682 5638 τούτῳ
2723 5569 2975 5620 κάκεῖνον
3003 5565 3288 5634 ξύμμαχον
3317 5563 3502 5616 λαϐεῖν
3528 5562 3666 5615 κατὰ
3689 5559 3786 5614 τοῦ

2209 5660 2702 5731 στρατοπεδάρχου.
2729 5658 2959 5728 Πέμψας
2985 5658 3163 5710 τοίνυν
3198 5658 3464 5727 πρότερον
3493 5654 3778 5724 πρέσϐεις,

2211 5753 2440 5822 ὕστερον
2468 5755 2561 5808 καὶ
2595 5753 2759 5817 αὐτὸς
2783 5751 3118 5819 παρεγένετο
3157 5750 3236 5813 είς
3266 5748 3326 5802 τὸ
3360 5747 3466 5801 τῶν
3519 5743 3787 5816 Τούρκων
