4154 6440
445 426 552 493 129

1659 421 2202 482 HISTORIARUM
2244 420 2388 482 LIB.
2432 420 2509 479 ll.

3597 422 3702 491 130

443 536 809 610 στρατόπεδον
839 575 856 601 ,
916 536 1014 589 καὶ
1075 533 1149 605 τῷ
1209 534 1421 603 Ἰόυτὰχ
1481 536 1878 605 συγγενόμενος
1935 535 2027 587 καὶ

2132 534 2381 588 Alexium
2414 534 2515 587 uti.
2546 532 2728 589 Missis
2747 533 2909 603 igitur
2933 533 3087 604 prius
3118 534 3329 606 legatis,
3351 537 3702 605 postmodum

444 631 661 691 πίστεις
691 624 874 679 λαϐὼν
906 620 1075 695 ἀπῄει
1126 625 1218 676 ἐπὶ
1249 623 1310 676 τὺ
1340 623 1598 694 φρούριον
1650 624 2021 694 ὑποσχόμενος

440 719 599 791 ἥξειν
631 718 711 781 είς
744 716 946 770 νέωτα.
992 716 1052 769 Ὀ
1098 714 1156 769 δὲ
1200 714 1682 785 στρατοπεδάρχης
1716 714 2022 779 πυθόμενος

438 810 544 879 τὴν
592 807 683 861 τοῦ
737 806 1039 877 Οὑρσελίου
1091 804 1230 876 πρὸς
1285 805 1377 858 τὸν
1413 805 1627 874 Τουτὰχ
1666 803 1850 872 ἄφιξιν
1902 804 2025 870 tes-

442 899 631 969 πεμψε
674 898 769 953 καὶ
799 897 965 961 αὐτὸς
1007 895 1263 969 πρέσϐεις
1306 896 1403 950 καὶ
1446 896 1595 968 δῶρα
1641 896 1910 966 πολυτελῆ
1945 896 2023 968 τῷ

442 988 683 1060 Τουτὰχ,
724 988 821 1043 καὶ
868 988 1056 1058 φιλίας
1107 986 1257 1059 αὑτῷ
1295 989 1670 1059 ἀνεμίμνησκε
1718 988 1815 1059 τῆς
1861 988 2021 1058 βασι-

440 1082 601 1145 λείας
644 1081 935 1152 Ῥωμαίων
981 1079 1117 1151 πρὸς
1165 1080 1257 1134 τὸν
1287 1079 1593 1151 κρατοῦντα
1624 1079 1872 1150 Περσῶν,
1929 1079 2023 1133 καὶ

441 1175 515 1245 δὴ
552 1174 650 1228 καὶ
696 1172 960 1243 πρέσϐεις
1015 1171 1462 1243 ἁντιπεμφθῆναι
1500 1170 1657 1242 ἠξίου
1701 1172 1829 1234 τοὺς
1876 1171 2022 1241 μάλα

443 1264 810 1327 πιστοτάτους
837 1261 1010 1332 αὐτῷ,
1036 1261 1109 1325 ὡς
1141 1260 1281 1332 ἔχων
1302 1278 1355 1313 τι
1387 1260 1615 1332 μηνύειν
1647 1260 1927 1330 μυστικῶς
1958 1261 2019 1313 οὐ

445 1356 659 1429 μικρὰν
695 1354 844 1424 αὐτῷ
885 1354 985 1426 τὴν
1023 1353 1211 1424 ὄνησιν
1241 1354 1428 1424 φέρον.
1470 1353 1533 1405 '0
1574 1352 1633 1406 δὲ
1684 1353 1796 1415 τοῖς
1828 1351 2022 1422 δώροις

441 1448 638 1519 ἡσθεὶς
671 1447 766 1500 καὶ
792 1447 942 1509 ὅστις
977 1445 1066 1516 εἴη
1110 1444 1298 1516 μαθὼν
1331 1444 1492 1508 εὐθὺς
1525 1443 1676 1514 αὐτῷ
1715 1442 1807 1497 τὸν
1831 1444 2022 1496 πιστό-

441 1555 610 1591 τατον
629 1535 905 1607 πέπομφε.
925 1537 1080 1590 Ἐπεὶ
1104 1537 1149 1590 δ’
1170 1538 1249 1600 είς
1275 1536 1570 1607 Ἀμάσειαν
1593 1531 1718 1607 ἧκε,
1756 1537 2019 1607 φιλοφρό-

441 1647 554 1693 νως
589 1628 679 1702 [Ρ.
710 1628 988 1698 591αὐτὸν
1012 1629 1041 1681 ὀ
1074 1629 1553 1700 στρατοπεδάρχης
1576 1628 1881 1694 ὑπεδέξατο
1923 1629 2020 1683 καὶ

442 1720 624 1783 οὕτως
652 1720 814 1774 αὐτὸν
841 1718 1157 1791 ᾠκειώσατο
1178 1718 1327 1792 δῶρα
1354 1718 1531 1783 διδοὺς
1559 1719 1655 1773 κα)⁵
1699 1718 1851 1790 θαμὰ
1894 1722 2020 1788 όμι-

443 1812 560 1866 λῶν
617 1807 709 1885 (ἦν
752 1813 863 1881 γὰρ
894 1811 1056 1884 εἴπερ
1100 1830 1185 1876 τις
1232 1811 1393 1876 ἄλλος
1433 1812 1492 1864 ἐν
1532 1810 1716 1881 λόγοις
1756 1810 1910 1883 ἡδὺς)
1946 1811 2023 1875 ὡς

2127 624 2245 693 ipse
2267 626 2320 679 in
2346 625 2654 680 Tui-corum
2678 635 2856 681 castra
2877 642 2934 681 se
2952 628 3206 694 contulit,
3241 628 3554 699 lmdereque
3574 647 3701 686 cum

2126 714 2374 770 Tutacho
2408 717 2543 770 inito
2577 718 2737 771 rediit
2767 717 2822 770 in
2849 732 3028 773 arcem
3053 721 3376 788 prominens
3399 736 3561 789 quam
3590 724 3705 790 pri-

2121 821 2274 860 mum
2313 822 2372 860 se
2405 807 2733 863 rediturum.
2771 807 2841 861 At
2885 807 3108 862 Alesius
3138 811 3322 863 audita
3370 810 3706 879 profectione

2129 897 2328 952 Urselii
2360 898 2425 953 ad
2468 898 2773 973 Tutaclruin
2811 900 2966 954 misit
2997 908 3051 953 ct
3082 900 3196 967 ipse
3229 903 3431 970 legatos
3458 904 3524 956 ad
3549 919 3705 958 cum-

2123 989 2245 1043 dem
2267 1004 2391 1068 cum
2417 992 2580 1046 donis
2607 991 2858 1061 pretiosis
2885 1001 2937 1046 et
2957 1008 3081 1046 eum
3112 994 3368 1048 amicitiae
3394 996 3701 1060 admonuit,

2123 1098 2247 1152 quae
2275 1082 2417 1136 inter
2447 1083 2739 1152 imperium
2781 1081 3114 1144 Romanum,
3149 1092 3202 1137 et
3233 1083 3534 1154 principem
3569 1086 3703 1139 Per-

2122 1189 2309 1230 sarum
2360 1176 2657 1230 constituta
2708 1183 2829 1229 erat
2863 1192 2875 1228 :
2913 1176 3139 1247 rogabat
3173 1188 3430 1245 praetcrea
3464 1193 3533 1232 ne
3561 1193 3703 1249 gra—

2124 1274 2343 1319 varetur
2399 1265 2692 1334 quosdam,
2752 1264 2953 1334 quibus
3004 1265 3238 1319 maxime
3291 1267 3479 1321 tideret
3519 1268 3586 1321 ad
3643 1284 3704 1322 se

2081 1402 2095 1411 .
2125 1355 2363 1411 mittere.
2405 1354 2616 1410 llabere
2648 1357 2793 1417 enim
2820 1372 2879 1411 se
2911 1356 2988 1411 illi
3010 1358 3467 1412 communicanda
3501 1373 3701 1411 arcana

2124 1447 2305 1518 magni
2349 1447 2632 1509 momenti,
2665 1462 2788 1517 quas
2838 1461 3000 1503 nosse
3039 1446 3213 1516 ipsius
3246 1447 3534 1503 interesset
3580 1449 3704 1517 plu-

2122 1539 2323 1593 rimum
2369 1555 2383 1592 :
2431 1537 2693 1593 deliuilus
2729 1539 2889 1593 donis
2925 1538 3226 1603 Tutacbus,
3284 1548 3338 1591 et
3383 1543 3507 1607 quis
3557 1549 3705 1593 esset

2120 1631 2348 1686 Alexius
2372 1618 2573 1695 sciens,
2612 1630 2770 1685 facile
2803 1631 3063 1685 inductus
3088 1642 3171 1685 est
3206 1632 3272 1684 ad
3308 1633 3578 1685 hominem
3599 1633 3703 1686 sibi

2121 1722 2448 1778 ﬁdissimum
2475 1721 2798 1776 mittendum
2825 1737 2841 1774 :
2867 1723 2958 1791 qui
2982 1738 3109 1777 cum
3129 1722 3420 1778 Amaseam
3440 1725 3703 1790 venisset,

2125 1814 2526 1869 humanissime
2577 1812 2855 1867 hominem
2910 1828 2975 1867 ac
3036 1813 3423 1869 liberalissime
3480 1815 3705 1869 Alexius

447 1905 723 1975 μεγίστην
752 1903 969 1960 εὔνοιαν
1007 1904 1144 1977 πρὸς
1173 1903 1338 1957 αὐτὸν
1365 1902 1459 1956 τὸν
1503 1902 1779 1975 βάρϐαρον
1809 1902 2020 1973 κτήσα-

2129 1903 2356 1971 accepit,
2392 1901 2575 1970 itaque
2604 1901 2757 1956 illum
2793 1901 3065 1956 demeruit
3103 1901 3423 1957 muneribus
3449 1912 3504 1957 et
3549 1903 3707 1957 fami-

448 1996 598 2051 σθαι.
640 1994 842 2049 τούτου
890 1990 985 2049 οὖν
1036 1994 1330 2066 γενομένου
1393 1993 1611 2047 τοιῶνδε
1674 1994 1827 2065 πρὸς
1857 1993 2021 2047 αὑτὸν

446 2084 657 2155 ἧρξατο
688 2083 886 2152 λόγων,
921 2102 939 2136 ι
971 2085 1120 2138 Φίλοι
1145 2085 1266 2155 μὲν,
1301 2102 1323 2137 ι
1354 2082 1552 2153 λέγων,
1592 2102 1612 2135 ι
1650 2079 1695 2137 ὦ
1720 2085 1839 2151 τὰν,
1863 2086 1893 2139 ὅ
1952 2101 2014 2138 τε

447 2174 706 2245 βασιλεὺς
748 2174 1035 2245 Ῥωμαίων
1055 2175 1148 2229 καὶ
1172 2175 1201 2226 ό
1235 2172 1544 2239 σουλτάνος,
1575 2175 1603 2227 ό
1636 2172 1695 2227 δὲ
1726 2174 2023 2244 Οὐρσέλιτς

447 2265 657 2335 ἀμφοῖν
694 2266 939 2337 ὑπάρχει
976 2263 1191 2336 ἐχθρός.
1229 2265 1442 2319 Σίνεται
1474 2266 1578 2335 μὲν
1614 2266 1722 2337 γὰρ
1759 2264 1830 2319 τὰ
1885 2266 2020 2320 Ῥω-

450 2356 655 2427 μαίων,
687 2355 989 2410 ἐπιτίθεται
1031 2355 1088 2409 δὲ
1129 2354 1226 2408 καὶ
1274 2357 1387 2417 τοῖς
1443 2353 1732 2425 Τούρκοις.
1764 2355 1878 2408 Καὶ
1924 2353 2022 2410 νῦν

451 2446 579 2501 ἰδὼν
611 2446 703 2500 τὸν
729 2445 822 2500 σὺν
849 2446 1067 2520 ἀμυρὰν
1092 2445 1478 2516 προσελθόντα,
1509 2443 1699 2516 ὥσπερ
1731 2444 1913 2507 δείσας
1946 2443 2023 2516 μὴ

451 2537 545 2590 ὑπ’
577 2536 905 2608 ἀμφοτέρων
926 2537 1254 2607 ἀναλωθείη,
1276 2539 1617 2608 προσωπεῖον
1648 2537 1852 2601 ὑποδὺς
1881 2538 2019 2606 ἀγά-

450 2644 562 2699 πης
590 2628 817 2697 ἀφίκετο
843 2627 980 2700 πρὸς
1005 2626 1165 2682 αὐτὸν
1191 2626 1284 2680 τὸν
1307 2627 1500 2699 καιρὸν
1526 2627 2019 2699 ὲξαγοραξόμενος.

461 2720 617 2773 Ἐπεὶ
659 2719 707 2774 δ’
762 2720 830 2774 ἂν
862 2712 1020 2784 οὗτος
1066 2718 1339 2791 παρέλθῃ,
1408 2719 1601 2791 ἐχθρὸς
1653 2719 1809 2774 ἔσται
1857 2720 2022 2775 πάλιν

446 2807 563 2862 τῶν
590 2808 851 2881 Τοῠρκων
892 2810 1081 2872 ὁποῖος
1111 2809 1207 2863 καὶ
1244 2809 1510 2881 πρότερον
1548 2804 1637 2882 ἦν.
1698 2809 1843 2864 Ἀλλ’
1881 2811 1935 2864 ετ
1969 2828 2024 2865 τι

451 2901 578 2973 ἐμοὶ
604 2900 871 2969 πείθεται,
907 2898 1239 2972 ἀφικόμενον
1275 2899 1430 2965 αὖθις
1459 2901 1626 2956 αὐτὸν
1656 2901 1902 2957 ἀποδότω
1930 2919 2025 2972 μοι

447 2992 749 3065 χρημάτων
772 2991 986 3047 πολλῶν
1010 3007 1028 3024 ο
1057 2992 1188 3064 τρία
1213 2992 1321 3064 γὰρ
1351 2993 1418 3046 ὲκ
1456 2993 1650 3059 τοιδου
1676 2992 1934 3063 κερδανεῖ
1954 2993 2023 3048 τὰ

451 3085 710 3154 μέγιστα,
733 3088 1035 3156 χρημάτων
1059 3083 1281 3156 πλῆθος,
1305 3086 1616 3156 οἰκειότητα
1633 3085 1769 3157 πρὸς
1797 3084 2027 3156 βασιλέα

458 3176 751 3247 Ῥωμαίων
779 3177 874 3244 ἀφ’
901 3172 970 3249 ἦς
997 3174 1239 3245 μεγάλας
1268 3174 1379 3241 ’ἐξει
1408 3176 1749 3246 εὐεργεσίας,
1776 3176 1871 3230 καὶ
1909 3176 2028 3248 τρί-

2123 1994 2362 2049 liaritate
2403 1991 2745 2046 blandissimi
2795 1991 3091 2054 sermonis,
3136 2001 3258 2046 erat
3300 1993 3448 2047 enim
3497 1995 3544 2049 si
3576 1995 3704 2063 quis

2122 2085 2266 2139 alius
2293 2083 2472 2139 comis
2500 2083 2557 2136 in
2580 2083 2764 2139 verbis
2796 2092 2851 2139 et
2891 2083 3219 2138 suavissime
3264 2084 3464 2154 pellax,
3515 2097 3574 2139 ut
3603 2086 3705 2140 sibi

2123 2176 2453 2231 mirabiliter
2483 2176 2790 2231 devinxerit
2820 2176 3136 2230 barbarum.
3172 2174 3310 2231 Tum
3344 2177 3411 2230 ad
3450 2176 3565 2246 jam
3604 2178 3707 2231 ob-

2121 2266 2347 2321 noxium
2366 2273 2421 2320 et
2437 2280 2504 2320 ex
2525 2280 2656 2319 vero
2678 2265 3001 2319 benevolum
3028 2265 3187 2320 talem
3213 2266 3520 2320 orationem
3546 2280 3710 2320 exor-

2122 2374 2219 2414 sus
2243 2366 2358 2413 est:
2391 2375 2409 2409 ι
2441 2355 2617 2412 Amici
2655 2357 2897 2426 quidem,
2923 2372 2957 2411 o
2983 2357 3115 2412 mibi
3146 2358 3312 2412 citare
3334 2356 3561 2425 sodalis,
3578 2367 3709 2412 sunt

2121 2449 2264 2505 inter
2287 2463 2407 2504 sese
2429 2448 2725 2517 imperator
2745 2445 3120 2502 Romanorum
3143 2456 3198 2501 et
3224 2447 3477 2502 sultanus
3501 2456 3704 2512 vester,

2124 2539 2371 2596 Urselius
2402 2549 2583 2594 autem
2618 2540 2837 2608 utrique
2876 2538 3149 2594 infensus.
3189 2537 3382 2595 V'astat
3415 2539 3560 2593 enim
3597 2538 3708 2593 Rn-

2125 2644 2319 2683 mauas
2349 2637 2545 2692 terras,
2580 2628 2836 2697 idemque
2870 2627 2963 2682 ubi
2993 2626 3216 2682 occasio
3240 2628 3424 2694 datur,
3458 2643 3486 2681 a
3515 2626 3707 2681 Turczs

2123 2720 2399 2774 violandis
2432 2734 2539 2774 non
2573 2720 2834 2774 abstinet.
2864 2717 3025 2773 Nunc
3044 2719 3237 2774 videns
3267 2726 3416 2773 tuum
3463 2732 3706 2787 amyram

2124 2825 2249 2866 cum
2267 2810 2505 2865 exercitu
2535 2825 2838 2881 egressum,
2860 2810 3010 2864 velut
3038 2819 3291 2863 metuens
3313 2808 3423 2878 87
3447 2823 3534 2873 ue,
3559 2808 3708 2877 quod

2126 2916 2185 2956 se
2244 2902 2498 2955 meritum
2556 2901 2725 2965 nOVit,
2765 2901 2836 2956 ab
2881 2901 3130 2971 utrisque
3179 2899 3501 2965 debellatur,
3558 2900 3708 2955 larva

2127 2993 2523 3047 benevolentiae
2581 3003 2799 3062 sumpta
2851 3006 2911 3047 se
2966 2994 3033 3045 ad
3061 3007 3187 3047 eum
3219 2992 3449 3047 contulit
3493 3000 3708 3061 tempus

2126 3086 2402 3140 redimens
2433 3092 2486 3139 et
2530 3084 2880 3139 occasionem
2926 3083 3154 3152 impune
3180 3083 3413 3137 nocendi
3453 3091 3704 3154 captans.

2127 3178 2228 3233 Cui
2259 3179 2403 3230 enim
2429 3176 2658 3232 dubium
2689 3185 2772 3231 cst
2801 3175 2933 3246 quin
2961 3175 3127 3231 simul
3159 3173 3248 3229 hic
3278 3183 3454 3229 terror
3478 3184 3705 3243 praetcr-

445 3284 542 3322 ⁶τον
576 3268 638 3321 τὸ
671 3267 766 3321 τὸν
809 3267 1102 3321 σουλτάνον
1142 3265 1378 3338 ἡσθῆναι
1438 3267 1549 3323 τῶν
1592 3267 1852 3339 Τούρκων
1896 3269 2024 3322 ἀπο·

2129 3272 2275 3337 ierit,
2321 3271 2393 3325 sit
2440 3272 2581 3325 idem
2661 3270 2715 3323 in
2765 3267 2975 3323 Turcos
3025 3266 3272 3323 Urselius
3318 3266 3409 3336 qui
3457 3266 3608 3334 prius
3653 3273 3710 3318 et

450 3359 863 3430 σκευασάμενον
893 3360 987 3412 τδν
1018 3357 1235 3429 ἐχθρόν.
1274 3376 1294 3412 ι

2130 3363 2332 3432 quibus
2363 3361 2563 3432 poterit
2608 3360 2829 3415 damnis
2869 3377 2964 3414 eos
2997 3359 3216 3413 alliciat.
3257 3357 3399 3424 Quin
3446 3358 3611 3428 igitur
3655 3355 3711 3411 id

448 3451 567 3521 agit
600 3450 786 3522 potius
814 3451 1099 3506 Tutacbus
1124 3451 1272 3521 quod
1340 3465 1596 3522 suggero.
1647 3451 1786 3507 Eum
1834 3452 1901 3508 ad
1930 3468 1990 3508 se
2021 3469 2302 3511 reversum
2329 3455 2465 3508 mihi
2496 3453 2677 3508 tradat
2705 3453 2943 3523 acceptis
2970 3467 3071 3522 pro
3093 3467 3160 3506 eo
3189 3452 3436 3515 pecuniis
3474 3462 3709 3521 quantas

446 3543 615 3600 volet.
644 3540 783 3599 Hinc
813 3543 959 3598 enim
994 3544 1099 3597 tria
1140 3542 1229 3598 vel
1252 3542 1489 3598 maxima
1518 3543 1843 3599 lucrabitur.
1874 3542 2119 3601 Primum
2151 3545 2397 3616 pecuniae
2420 3547 2530 3601 vim
2563 3558 2813 3615 magnam
2841 3558 3004 3613 quam
3030 3557 3133 3611 ego
3168 3543 3488 3606 numerabo,
3513 3543 3711 3599 deinde

449 3637 683 3707 gratiam
714 3635 1057 3707 imperatoris
1088 3635 1341 3703 Romani,
1374 3635 1468 3706 qui
1500 3636 1827 3692 beneﬁcium
1869 3637 2015 3693 istud
2064 3639 2351 3712 magniﬁce
2395 3638 2857 3703 remunerabitur,
2908 3635 3148 3707 denique
3187 3635 3404 3692 sultauo
3450 3639 3706 3706 gaudium

447 3729 643 3785 atteret
668 3742 926 3799 magnum
957 3729 1116 3786 hoste
1149 3731 1473 3799 gravissimo
1511 3728 1817 3787 Turcorum
1853 3732 1920 3788 de
1952 3735 2135 3790 medio
2168 3734 2408 3791 sublato.
2449 3752 2471 3787 ι

523 3820 635 3892 κβν.
687 3820 946 3875 Πείθεται
971 3822 1086 3883 τοῖς
1119 3820 1213 3874 τοῦ
1271 3821 1752 3894 στρατοπεδάρχου
1784 3822 1968 3892 λόγοις
1988 3826 2028 3894 ,ὁ

451 3915 703 3989 πρέσϐυς
734 3916 831 3970 καὶ
861 3916 1207 3986 ὑπισχνεῖται
1235 3915 1446 3970 πείθειν
1474 3917 1567 3970 τὸν
1593 3918 1817 3989 ὰμυρὰν
1847 3919 2031 3972 ἐπιτε-

448 4011 608 4065 λέσαι
647 4010 715 4064 τὰ
732 4011 810 4081 τῷ
841 4008 1296 4081 στρατοπεδάρχῃ
1321 4009 1576 4074 δόξαντα.
1606 4010 1895 4079 Πέμπεται
1935 4006 2029 4065 οὖν

453 4101 601 4172 μετά
624 4100 813 4172 δώρων
835 4098 992 4165 αὖθις
1023 4103 1120 4156 καὶ
1136 4101 1476 4171 ἀπαγγέλλει
1500 4101 1680 4155 πάντα
1701 4102 1778 4173 τῷ
1794 4103 2030 4174 Τουτὰχ,

450 4194 559 4265 τήν
592 4209 654 4245 τε
691 4191 917 4264 γνώμην
951 4192 1254 4265 παρίστησι
1298 4191 1393 4246 τοῦ
1431 4193 1906 4266 στρατοπεδάρχω
1937 4194 2034 4247 καὶ

451 4284 517 4337 τὸ
546 4287 606 4337 ὲν
632 4283 811 4352 λόγοις
837 4282 1104 4354 μειλίχιον
1125 4282 1299 4337 καὶτὸ
1323 4285 1382 4337 ὲν
1407 4285 1686 4356 χρήμασιν
1704 4285 2028 4357 ἐλευθέριον.

453 4375 573 4429 Καὶ
598 4375 663 4446 δὴ
701 4372 982 4428 δουλοῦται
1033 4376 1147 4437 τοῖς
1207 4375 1639 4444 ἀπαγγελθετσιν
1677 4376 1707 4429 ό
1757 4374 2035 4448 βάρϐαρος

458 4470 554 4522 καὶ
589 4467 708 4530 ὅλος
759 4465 970 4533 γίνεται
1014 4468 1128 4530 τοῖς
1165 4466 1262 4520 τοῦ
1318 4467 1796 4540 στρατοπεδάρχου
1856 4469 2036 4539 λόγοις

2204 3824 2300 3879 22.
2338 3824 2480 3892 Quid
2512 3823 2682 3879 multa
2710 3823 2736 3877 ἲ
2771 3822 3131 3895 persuadetur
3157 3823 3334 3879 Alexii
3363 3825 3611 3880 oratione
3631 3826 3712 3880 le-

2137 3927 2297 3990 gatus
2324 3927 2376 3973 et
2403 3917 2657 3988 promisit
2685 3929 3079 3985 persuasurum
3113 3929 3175 3971 se
3209 3929 3411 3985 amyra‘.
3438 3923 3496 3969 ut
3515 3915 3712 3971 eﬂiciat

2137 4024 2260 4080 quae
2311 4009 2538 4065 Alexius
2592 4007 2833 4061 volebat.
2884 4005 3185 4061 Dimittitur
3236 4006 3339 4061 sub
3387 4005 3504 4061 haec
3555 4007 3714 4061 noxis

2137 4102 2299 4157 donis
2332 4110 2594 4157 oneratus
2619 4107 2674 4153 et
2702 4098 2814 4152 haec
2840 4097 3086 4153 Tutacbo
3113 4098 3348 4163 nuntiat,
3387 4097 3576 4152 laudes
3608 4100 3708 4151 ad-

2132 4193 2372 4265 jungens
2406 4192 2677 4247 maximas
2713 4188 2888 4243 Alexii
2922 4191 3276 4244 immanitatis
3320 4190 3372 4243 in
3408 4188 3589 4255 factis,
3625 4205 3715 4243 co-

2144 4285 2350 4341 mitatis
2386 4285 2442 4339 in
2469 4285 2676 4354 verbis,
2707 4284 3046 4341 liberalitatis
3080 4282 3133 4335 in
3165 4282 3325 4337 donis
3359 4296 3421 4336 ac
3468 4281 3714 4351 pecuniis

2143 4392 2252 4446 qua
2285 4376 2483 4432 dandis
2515 4392 2623 4447 qua
2676 4376 3081 4448 promittendis.
3125 4370 3237 4428 Nec
3282 4373 3531 4444 pluribus
3578 4388 3716 4441 opus

2145 4468 2249 4523 fuit
2278 4469 2699 4539 adcapiendum
2732 4484 2961 4523 avarum
2992 4468 3237 4522 animum
3276 4465 3501 4521 Barbari
3533 4475 3718 4519 osten-

455 4558 556 4608 καὶ
616 4557 844 4626 γνώμης
908 4555 1208 4625 πειθήνιος.
1276 4555 1530 4610 Ἐλθόντα
1587 4559 1879 4630 τοιγαροῦν
1945 4561 2027 4614 τὸν

2147 4570 2313 4615 tatam
2336 4561 2455 4615 auri
2480 4560 2720 4631 praedam
2747 4577 2842 4632 spe
2866 4559 3244 4631 prmvorantis.
3276 4557 3526 4613 Deecrnit
3553 4555 3718 4626 igitur

460 4623 757 4718 Οὐρσέλιον
799 4623 1197 4717 προσποιεῖται
1248 4647 1591 4717 φιλοφρόνως
1655 4623 2027 4721 ι’)ῠπόδέχεσοαι¹

2146 4651 2307 4721 plane
2334 4651 2387 4706 id
2424 4623 2585 4720 agere
2616 4652 2760 4722 quod
2778 4623 3089 4722 'rogabatur
3119 4661 3174 4705 et
3197 4649 3388 4703 Alexio
3418 4663 3512 4717 per
3534 4623 3718 4702 omnia

462 4745 562 4797 καὶ
616 4741 1010 4814 συνδειπνήσας
1043 4742 1192 4813 αὖτῷ
1225 4744 1377 4807 τέλος
1410 4744 1780 4815 συλλαμϐάνει
1822 4746 1917 4799 καὶ
1953 4745 2040 4799 δε-

462 4831 692 4903 σμώτην
723 4832 1017 4900 ἀπεδείξας
1042 4833 1317 4904 ἐκπέμπει
1347 4833 1542 4888 τοῦτον
1569 4834 1705 4906 πρὸς
1735 4834 1828 4888 τὸν
1874 4851 2039 4906 στρα-

459 4923 832 4996 τοπεδάρχην,
872 4925 1117 4995 ὁμήρους
1138 4923 1318 4978 λαϐὼν
1351 4924 1493 4979 ὥστε
1521 4924 1852 4995 ἀποδοθῆναί
1880 4929 1931 4981 oi
1970 4928 2038 4981 τὰ

463 5015 901 5086 συμφωνηθέντα
940 5014 1222 5084 χρήματα.
1270 5014 1484 5077 Ἡσθεὶς
1519 5014 1614 5068 οὖν
1661 5016 1689 5068 ὁ
1741 5032 2040 5087 στρατοπε-

462 5098 671 5175 δάρχης
692 5105 785 5156 ἐπὶ
805 5101 882 5173 τῷ
897 5102 1169 5170 γεγονότι,
1198 5103 1319 5154 ἐπεὶ
1347 5100 1646 5172 χρημάτων
1673 5102 1871 5172 ἠπόρει
1901 5102 2038 5172 (55),

465 5198 527 5250 ὲν
558 5195 843 5266 ἀμηχανία
862 5190 930 5264 ἦν
961 5195 990 5246 ὃ
1015 5210 1068 5246 τι
1100 5193 1203 5262 καὶ,
1219 5193 1440 5264 δράσειε
1471 5209 1487 5224 ο
1522 5193 1617 5246 καὶ
1651 5192 1813 5256 εὐθὺς
1841 5193 2044 5263 ἐκκλη-

469 5287 595 5340 σίαν
622 5283 941 5358 συνήθροιζε
966 5285 1061 5337 καὶ¹
1086 5272 1214 5346 τοὺς
1247 5283 1375 5353 περὶ
1404 5282 1502 5351 τὴν
1529 5282 1686 5335 πόλιν
1711 5282 2047 5353 δυναμένους

463 5381 656 5433 ἐκάλει
698 5380 836 5449 πρὸς
876 5375 1092 5446 βουλὴν,
1127 5376 1225 5428 καὶ
1269 5372 1489 5426 πάντων
1534 5373 1900 5427 συνελθόντων
1942 5376 2044 5445 ἧρ-

467 5468 600 5537 ξατο
635 5468 743 5522 τῶν
789 5467 925 5537 πρὸς
975 5466 1173 5528 αὐτοὺς
1218 5465 1395 5534 λόγων
1447 5462 1719 5520 ἐντεῦθεν.
1752 5483 1774 5518 ι
1818 5466 2046 5534 Ἀνδρες

2147 4743 2400 4813 obsequi.
2456 4741 2573 4800 Sub
2624 4745 2739 4800 haec
2785 4744 3016 4801 consilio
3053 4742 3402 4798 dissimulato
3447 4739 3719 4795 Urselium

2145 4850 2212 4889 es
2240 4835 2498 4890 condicto
2526 4836 2843 4891 redeuntem
2874 4835 3074 4904 excipit
3110 4835 3164 4887 in
3196 4833 3427 4903 speciem
3461 4831 3722 4886 benevole

2147 4926 2508 4995 convivioque
2565 4926 2871 4981 adhibitum
2935 4925 3002 4978 ad
3056 4931 3358 4978 extremum
3400 4923 3545 4992 capit
3597 4923 3723 4976 vin-
3798 4955 3807 4961 ι

2149 5028 2408 5088 ctumque
2447 5019 2513 5071 ad
2550 5018 2801 5073 Alexium
2845 5016 3185 5080 transmittit,
3228 5015 3507 5069 obsidibus
3552 5012 3619 5068 ab
3655 5028 3722 5068 eo

2150 5110 2392 5165 vicissim
2422 5109 2681 5178 acceptis,
2718 5109 2900 5179 quoad
2936 5109 3261 5177 promissam
3293 5106 3539 5176 pecuniae
3572 5120 3723 5160 sum-

2144 5215 2290 5255 mam
2348 5210 2715 5255 numerasset.
2784 5198 3055 5254 Gaudium
3109 5199 3282 5254 Alexii
3341 5198 3409 5254 de
3460 5213 3722 5253 successu

2146 5299 2255 5344 tam
2312 5304 2577 5358 prospero
2618 5292 2984 5347 conturbabat
3037 5291 3218 5359 inopia
3259 5290 3504 5360 pecuniae
3558 5304 3722 5359 quam

2145 5386 2199 5432 et
2251 5394 2364 5433 sua:
2404 5380 2528 5434 fidei
2568 5390 2622 5436 et
2680 5382 2921 5436 libertati
2978 5382 3230 5436 datorum
3273 5397 3302 5435 a
3359 5395 3418 5435 se
3467 5380 3719 5436 obsidum

2144 5485 2255 5525 nou
2316 5472 2589 5527 modicam
2648 5488 2753 5529 nec
2806 5473 2965 5528 facile
3019 5474 3071 5526 in
3123 5472 3374 5543 praesenti
3422 5470 3719 5541 parabilem

1460 5603 1663 5667 Caroli
1695 5606 1796 5667 Du
1836 5607 2076 5669 Frcsne
2104 5610 2203 5670 Du
2234 5609 2441 5689 Gange
2479 5620 2666 5672 notae.

541 5758 657 5829 (55)
675 5754 1265 5829 Xpnpdz'mrjzdpsc.
1295 5746 1674 5829 Compar-suda
1704 5755 1905 5829 conjux
1929 5773 2027 5813 cun

2164 5761 2342 5814 mariti
2373 5761 2791 5813 commentariis
2819 5759 3074 5827 ple-raque
3111 5771 3206 5825 per
3236 5747 3493 5821 synopsin
3525 5740 3723 5815 attigit,

468 5825 694 5891 coniuge
722 5825 826 5901 seu
858 5842 991 5883 cum
1020 5825 1287 5887 Brvenuio
1305 5827 1483 5891 Anna,
1506 5842 1626 5892 quae
1651 5842 1715 5882 ex
1741 5825 2039 5884 quioribus

2147 5845 2270 5892 qua:
2304 5834 2464 5885 habet
2497 5833 2593 5885 lib.
2626 5848 2640 5885 ι
2676 5829 2972 5884 Alextudis.
