4154 6484
502 437 598 499 1.⁵;1

1690 438 1734 496 Ν
1751 435 2111 495 lCEl’llOIil
2163 431 2526 492 BRYENNII

3654 427 3755 488 132

498 557 744 611 debet-at.
782 553 1022 608 incertus
1059 555 1221 623 igitur
1245 553 1460 610 consilii
1519 553 1838 608 concionem
1863 553 2089 608 Amase-

2200 550 2386 600 ὁπόσοι
2423 547 2550 616 παρ’
2578 545 2710 614 ἐμοῦ
2737 543 3020 612 ἐξελέγητε
3053 544 3296 614 σήμερον
3328 543 3406 604 εἰς
3441 540 3499 593 τὸ
3537 539 3755 609 βουλευ-

501 663 692 701 norum
723 647 837 716 88
863 647 1090 700 advocat
1116 656 1165 699 et
1194 646 1464 714 primores
1495 646 1731 700 civitatis
1761 645 2078 698 nominatim

499 748 559 791 ut
617 737 801 790 adsint
857 745 1047 804 rogat,
1113 735 1438 805 cunctisque
1518 736 1858 805 congregatis
1917 736 2078 788 talem

496 825 791 896 quamdam
815 840 1042 878 exorsus
1066 833 1150 878 est
1177 824 1475 879 orationem
1501 840 1516 877 :
1543 842 1560 875 ι
1587 823 1700 878 Viri
1728 840 1758 878 a
1799 839 1882 877 me
1923 823 2080 877 hodie
2118 837 2123 840 '

498 920 551 972 in
599 916 888 971 consilium
923 917 1126 982 vocati,
1164 915 1347 970 audite
1381 915 1513 986 quid
1544 931 1640 970 vos
1673 917 1858 971 velim.
1917 915 2080 970 Scitis

497 1008 714 1077 qualem
750 1022 808 1062 se
851 1007 942 1060 hic
992 1007 1260 1064 barbarus
1297 1008 1606 1062 Armeniaci
1658 1008 1847 1061 limitis
1893 1006 2080 1060 civita-

499 1101 646 1154 tibus
680 1101 896 1154 cunctis
927 1115 1205 1168 quamque
1244 1099 1503 1154 infestum
1536 1099 1852 1168 praebuerit,
1885 1107 2022 1168 quot
2047 1113 2082 1153 a

497 1191 654 1246 vobis
686 1191 950 1259 pecunias
979 1191 1290 1257 exlorserit,
1325 1199 1461 1261 quot
1490 1191 1690 1259 oppida
1733 1191 2080 1253 desolaverit,

498 1291 635 1351 quot
682 1283 966 1336 hominum
997 1297 1227 1351 corpora
1256 1282 1371 1336 dire
1398 1283 1745 1348 cruciaverit,
1796 1281 2077 1352 suppliciis

498 1387 561 1425 ea
599 1373 1038 1427 intolerabilibus
1085 1373 1309 1426 minima
1343 1372 1663 1441 plerumque
1688 1387 1856 1428 causa
1903 1371 2076 1441 subji-

501 1466 675 1518 cicns.
725 1464 996 1529 Quoniam
1057 1464 1223 1534 igitur
1286 1463 1468 1519 illuxit
1521 1465 1735 1518 laudent
1803 1463 2079 1520 fortunata

500 1557 638 1618 dies,
679 1571 800 1624 qua:
829 1571 925 1609 vos
958 1555 1110 1609 hisee
1142 1556 1525 1611 vexationibus
1560 1556 1614 1609 in
1651 1571 1814 1611 omne
1865 1567 2079 1626 tempus

500 1657 841 1716 exemptura,
888 1647 934 1700 si
966 1647 1198 1712 voletis,
1257 1657 1383 1713 est,
1431 1663 1647 1718 aequum
1693 1648 1908 1704 videtur
1951 1651 2079 1704 dare

502 1754 599 1793 vos
638 1753 861 1807 operam
913 1754 980 1793 ne
1023 1739 1283 1807 praeclara
1319 1755 1418 1794 nec
1467 1733 1626 1795 facile
1655 1740 1896 1795 reditura
1922 1741 2078 1796 vobis

501 1829 718 1883 excidat
767 1829 1007 1894 occasio,
1063 1845 1259 1884 cavere
1301 1846 1521 1901 quoque
1576 1847 1643 1886 ne
1696 1832 1877 1887 studio
1943 1832 2075 1887 fumi

2188 642 2398 707 τήριον,
2427 638 2695 690 ἀκούσατε
2728 637 2842 688 τῶν
2868 635 3002 704 πρὸς
3031 637 3174 704 ὑμᾶς
3201 634 3392 702 λόγων.
3439 634 3584 686 Ἴστε
3609 634 3758 692 ὅπως

2185 732 2212 782 6
2267 729 2542 799 βάρϐαρος
2587 729 2684 789 τὰς
2732 726 2826 780 τοῦ
2900 726 3260 797 Ἀρμενιακοῦ
3314 725 3519 778 διέθετο
3571 723 3757 787 πόλεις

2187 821 2402 883 ἁπάσας
2433 823 2527 872 καὶ
2554 819 2725 871 ὁπόσα
2759 819 3016 889 χρήματα
3054 818 3144 884 ἀφ’
3175 817 3336 886 ὑμῶν
3367 815 3756 886 εἰσεπράξατο,

2183 915 2316 976 ὅσας
2347 929 2406 964 τε
2460 911 2805 980 κωμοπόλεις
2831 908 3104 980 ἐπόρθησε
3140 908 3236 961 καὶ
3271 907 3500 978 σώματα
3541 907 3756 978 ἀνθρώο

2185 1021 2304 1057 πων
2327 1003 2415 1075 [Ρ.
2433 1001 2524 1074 60]
2554 1001 2739 1065 κακῶς
2768 1000 3003 1064 διέθετο,
3035 1003 3246 1062 ποιναῖς
3279 999 3598 1053 ὑποϐάλλων
3625 1003 3760 1068 ἀφο-

2187 1097 2374 1166 ρήτοις
2404 1095 2463 1159 ἐξ
2495 1093 2748 1164 ἀφορμῆς
2782 1091 3152 1162 βραχυτάτης.
3195 1091 3348 1144 Ἐπεὶ
3381 1086 3475 1143 οὖν
3494 1081 3597 1161 ἧκε
3637 1102 3760 1142 και-

2187 1187 2278 1258 ρὸς
2331 1184 2692 1238 ἀπαλλάττων
2745 1185 2890 1254 ἡμᾶς
2943 1183 3040 1252 τῆς
3101 1185 3166 1235 ἐκ
3208 1183 3402 1235 τούτου
3437 1179 3757 1243 κακώσεως,

2183 1280 2298 1332 δέον
2326 1279 2476 1330 ἐστὶν
2498 1277 2648 1346 ἡμᾶς
2703 1277 2780 1346 μὴ
2811 1275 3080 1344 προέσθαι
3119 1275 3331 1339 τοῦτον,
3369 1273 3504 1344 μηδέ
3531 1272 3622 1325 τὸν
3651 1289 3752 1325 κα-

2186 1371 2319 1424 πνὸν
2353 1369 2654 1437 φεύγοντας
2710 1370 2791 1431 είς
2841 1367 3071 1436 κάμινον
3114 1368 3398 1436 ἐμπεσεῖν.
3439 1365 3596 1418 Ἐπεὶ
3649 1365 3764 1432 γὰρ

2183 1462 2364 1516 νεύσει
2396 1461 2534 1515 Θεοῦ
2561 1462 2656 1514 καὶ
2697 1460 2905 1529 σπουδῇ
2941 1459 3188 1530 ἡμετέρα
3224 1460 3388 1528 δρᾶτε
3413 1455 3519 1524 ξνῦν
3550 1451 3763 1526 δεσμώ-

2183 1570 2282 1623 την
2320 1553 2412 1606 τὸν
2458 1552 2753 1623 βάρϐαρον,
2786 1554 2813 1604 ὁ
2861 1551 2918 1604 δέ
2960 1549 3149 1603 τοῦτον
3208 1549 3498 1618 ζωγρήσας
3537 1549 3765 1601 ἀπαιτεῖ

2183 1648 2282 1717 τὴν
2330 1647 2525 1714 τιμὴν,
2585 1643 2742 1696 αὐτοὶ
2791 1643 2848 1696 δὲ
2903 1642 3205 1714 χρημάτων
3267 1640 3606 1710 ἀποροῦμεν,
3635 1639 3758 1692 δέον

2184 1739 2330 1792 ἐστὶν
2373 1737 2602 1790 ἕκαστον
2639 1737 3071 1803 συνεισενεγκεῖν
3101 1734 3170 1788 τά
3232 1733 3367 1803 πρὸς
3415 1732 3668 1802 δύναμιν.
3696 1724 3761 1788 El

2188 1830 2263 1902 μὴ
2325 1828 2435 1900 γάρ
2482 1827 2673 1899 πόρρω
2721 1827 2986 1897 βασιλέως
3024 1823 3182 1898 ἦν,ἢ
3231 1825 3420 1894 καιρὸν
3477 1824 3761 1893 ἀναμονῆς

505 1919 746 1989 fugiendi
786 1919 1062 1974 flammam
1115 1923 1171 1975 in
1209 1921 1383 1991 ipsam
1435 1937 1499 1976 ac
1529 1921 1846 1992 flagrantem
1895 1922 2083 1978 forna-

2191 1921 2385 1992 ἀπῄτει
2426 1921 2454 1972 6
2494 1919 2790 1990 βάρϐαρος,
2823 1919 3061 1972 ἔσπευσα
3095 1917 3162 1971 ἂν
3193 1916 3401 1970 ἐκεῖθεν
3431 1915 3760 1984 κομισθῆναι

503 2024 620 2064 cem
657 2010 913 2064 incidatis
943 2027 958 2064 :
989 2011 1210 2074 quando
1242 2013 1388 2065 enim
1422 2011 1514 2067 Dei
1548 2023 1682 2066 nutu
1712 2023 1764 2066 et
1809 2013 2084 2083 diligentia

2191 2013 2250 2067 τά
2278 2013 2378 2080 τῆς
2399 2013 2587 2082 τιμῆς.
2621 2012 2776 2065 Ἐπεὶ
2809 2010 2854 2063 δ’
2897 2010 2971 2072 ὡς
3001 2011 3163 2077 ὁρᾶτε
3194 2009 3346 2062 οὐδέν
3401 2008 3517 2061 ἐστι
3553 2007 3760 2067 τούτων

505 2113 693 2156 nostra
731 2103 925 2157 videtis
986 2119 1128 2159 nunc
1185 2106 1461 2172 captivum
1521 2104 1881 2174 vinctumque
1931 2107 2084 2160 illmn

2191 2105 2407 2160 δυνατὸν
2443 2106 2718 2174 γενέσθαι.
2756 2105 2817 2156 τδ
2854 2104 2912 2156 δέ
2953 2104 3213 2173 Τούρκων
3261 2100 3464 2171 πλῆθος
3505 2099 3762 2168 μεγάλως

505 2192 824 2256 barbarum,
876 2194 968 2262 qui
1003 2209 1133 2249 vero
1169 2195 1322 2248 illum
1355 2195 1498 2262 cepit
1539 2197 1775 2264 pretium
1827 2195 1954 2250 facti
2001 2212 2087 2250 re-

502 2283 676 2350 petit,
725 2298 826 2352 ego
877 2295 1057 2337 autem
1103 2287 1337 2354 pecunia
1383 2299 1581 2348 careo,
1629 2301 1724 2354 par
1769 2296 1852 2339 est
1897 2302 2087 2340 unum-

503 2389 780 2443 quemque
813 2384 1054 2430 vestrum
1099 2375 1353 2431 conferre
1387 2387 1655 2445 quantum
1690 2384 1884 2444 potest.
1917 2378 2084 2446 Ε-μιί-

504 2465 626 2516 dem
660 2464 763 2518 nisi
797 2473 905 2518 tam
939 2467 1097 2536 longe
1126 2466 1194 2521 ab
1231 2468 1558 2536 imperatore
1603 2467 1862 2522 distarem
1885 2509 1900 2535 ,
1939 2479 1992 2522 et
2032 2469 2078 2523 si

2183 2200 2280 2269 τὴν
2305 2199 2489 2270 χώραν
2536 2198 2859 2267 λυμαίνεται
2893 2197 3156 2265 μένοντος
3186 2193 3280 2248 τοῦ
3317 2194 3507 2264 ἀμυρᾶ
3542 2193 3629 2248 διά
3659 2192 3760 2262 τὴν

2189 2289 2375 2357 τιμὴν,
2401 2288 2517 2340 δέον
2534 2289 2701 2351 ἐστὶν,
2723 2286 2796 2348 ὡς
2815 2285 2975 2356 ἔξην,
3005 2285 3213 2347 πάντας
3245 2284 3390 2354 ὑμᾶς
3423 2299 3766 2350 συνεισενεγ-

2192 2382 2309 2431 κεῖν
2341 2395 2354 2408 °
2418 2378 2552 2449 πρὸς
2597 2378 2723 2438 τοὺς
2786 2378 3050 2446 ἄρχοντας
3095 2377 3151 2429 δέ
3211 2393 3301 2445 μοι
3345 2377 3373 2428 ὁ
3419 2374 3610 2443 λόγος’
3671 2375 3767 2429 καὶ

2188 2469 2426 2539 λήψεσθε
2453 2469 2632 2524 πάντα
2658 2471 2722 2521 ἐκ
2753 2467 3015 2538 βασιλέως
3045 2470 3216 2520 ὁπόσα
3240 2467 3582 2538 παράσχητε.
3631 2485 3649 2518 ι

506 2569 674 2608 morae
719 2557 1009 2612 solutionis
1061 2557 1366 2627 indulgeret
1399 2557 1707 2621 Tulachus,
1772 2556 2090 2613 festinarem
2155 2560 2209 2614 in
2245 2563 2435 2615 urbem
2514 2559 2740 2630 regiam,
2798 2567 2858 2613 ut
2892 2559 3017 2613 inde
3051 2558 3323 2613 auferrem
3363 2559 3686 2628 promissam
3712 2571 3768 2616 et

504 2655 614 2698 tant
670 2645 818 2712 juste
873 2647 1112 2702 debitam
1184 2649 1490 2702 mercedem
1548 2649 1854 2704 utilissimae
1920 2648 2076 2702 nobis
2151 2664 2350 2718 operas.
2400 2649 2666 2716 Quoniam
2741 2658 2946 2716 autem,
2997 2657 3056 2704 ut
3095 2650 3326 2715 videtis,
3377 2649 3512 2706 nihil
3566 2650 3764 2705 borum

504 2742 620 2796 fieri
654 2750 848 2811 potest,
890 2752 945 2796 et
977 2741 1282 2798 Turcorum
1329 2743 1602 2798 exercitus
1647 2743 1816 2798 multa
1897 2743 2114 2798 interim
2182 2744 2380 2798 damna
2433 2745 2483 2800 ei
2522 2758 2687 2814 quam
2749 2743 2950 2799 insidet
3027 2751 3230 2797 nostrae
3297 2744 3504 2814 regioni
3556 2742 3764 2801 infert.

506 2847 692 2903 amyra
741 2834 814 2889 ibi
842 2849 1106 2890 mansuro
1138 2835 1313 2890 donec
1339 2835 1670 2904 promissum
1705 2836 1918 2891 anobis
1951 2836 2184 2904 pretium
2254 2837 2547 2907 acceperit,
2611 2854 2709 2907 par
2769 2845 2874 2901 est,
2925 2843 2986 2890 ut
3031 2835 3167 2902 dixi,
3212 2835 3323 2891 imo
3394 2837 3765 2892 necessarium

507 2939 696 2980 omnes
727 2939 825 2981 vos
856 2926 924 2982 de
956 2939 1140 2983 vestro
1177 2928 1430 2990 conferre
1462 2929 1551 2999 (ad
1621 2929 1899 2999 principes
1941 2938 1996 2984 et
2061 2928 2328 2998 primores
2377 2930 2633 3000 loquor),
2693 2937 3013 2998 recepturos
3057 2927 3258 2983 deinde
3299 2927 3368 2982 ab
3413 2928 3764 2997 imperatore,

506 3029 628 3085 qum
668 3017 977 3085 reipublicae
1035 3027 1142 3073 tam
1176 3021 1489 3074 necessario
1512 3020 1742 3075 articulo
1769 3020 2082 3074 communis
2116 3021 2308 3076 salutis
2344 3021 2594 3076 fmnerati
2630 3021 2863 3076 fueritis.
2902 3039 2922 3071 ι

576 3107 790 3178 8925.
811 3107 905 3162 His
919 3109 1172 3165 Amaseni
1198 3125 1448 3179 proceres
1471 3112 1670 3166 auditis
1688 3113 1964 3166 concitare
1982 3112 2089 3180 ple-

2265 3113 2374 3180 κγ’.
2404 3113 2619 3166 Τούτων
2641 3115 2836 3164 ἐκεῖνοι
2861 3111 3193 3174 ἀκούσαντες
3219 3111 3535 3182 ἐπεχείρουν
3558 3110 3766 3180 ταράτ-

508 3201 630 3254 bent
664 3199 1009 3254 conabantur
1030 3243 1044 3268 ,
1079 3202 1454 3270 tumultusque
1481 3216 1546 3256 ac
1574 3200 1840 3256 confusus
1880 3203 2086 3256 clamor

2193 3221 2307 3256 τειν
2339 3204 2398 3256 τὸ
2429 3203 2651 3274 πλῆθος,
2684 3203 2782 3255 καὶ
2811 3201 3040 3272 θόρυϐος
3066 3203 3161 3254 καὶ
3191 3203 3405 3272 κραυγὴ
3427 3198 3496 3272 ἦν
3530 3204 3762 3272 μεγίστη

507 3288 716 3342 exstitit
749 3302 1009 3356 magnus,
1062 3288 1392 3356 quibusdam
1429 3288 1703 3342 incondita
1760 3290 2004 3358 quaedam
2038 3297 2093 3343 et

508 3379 726 3433 incertae
757 3377 1179 3447 significationis
1201 3377 1650 3442 vociferantibus,
1682 3379 1804 3434 aliis
1837 3379 2092 3434 distincte

511 3467 731 3528 liberari
761 3463 1035 3522 Urselium
1064 3468 1439 3537 poscentibus,
1477 3467 1613 3522 nihil
1645 3469 1790 3523 enim
1825 3484 1886 3525 se
1910 3470 2091 3525 abillo

513 3572 675 3627 grave
715 3570 936 3625 passos;
969 3557 1245 3626 simulque
1287 3557 1604 3612 nitebantur
1634 3573 1826 3628 rapere
1855 3559 2030 3629 ipsum
2062 3574 2092 3614 e

513 3647 758 3700 custodia
790 3655 844 3701 et
873 3646 1125 3700 emittere
1173 3646 1426 3700 liberum.
1467 3645 1622 3702 Alius
1670 3647 1860 3717 utique
1911 3649 2092 3716 quivis

518 3738 766 3792 turbatus
799 3737 992 3792 fuisset
1027 3745 1239 3792 tantum
1291 3737 1556 3807 populum
1591 3736 1866 3793 furentem
1898 3739 2090 3795 videns

514 3835 570 3882 et
613 3829 884 3884 civitatem
938 3829 1234 3884 maximam
1283 3839 1473 3884 contra
1529 3844 1590 3884 se
1641 3831 2087 3885 tumultuantem.

517 3916 711 3972 Noster
750 3934 879 3972 vero
922 3935 1221 3990 generosus
1264 3920 1483 3989 juvenis
1513 3918 1738 3975 Alexius
1787 3921 2090 3992 intrepidus

515 4014 582 4064 ad
615 4013 727 4065 haec
758 4022 973 4080 pectore
1025 4012 1358 4066 inconcusso
1407 4026 1470 4064 ac
1519 4010 1702 4066 fidenti
1737 4012 1883 4066 vultu
1931 4013 2092 4068 silere

511 4103 741 4172 jubehat
772 4103 984 4157 turbam
1019 4114 1071 4158 et
1105 4117 1271 4156 manu
1307 4112 1561 4172 protensa
1601 4103 1930 4157 audientiam
1967 4118 2092 4173 pos-

517 4195 706 4260 cebat,
761 4207 866 4260 qua
923 4202 1200 4262 utcunque
1229 4195 1534 4261 impetrata,
1575 4194 1715 4248 hanc
1765 4195 1830 4248 ad
1878 4196 2091 4264 plebem

520 4286 692 4354 ipsam
748 4284 1049 4338 orationem
1097 4285 1326 4338 habuit:
1367 4303 1384 4336 ι
1423 4283 1610 4347 Miror,
1664 4285 1762 4338 viri
1815 4285 2090 4351 Amaseni,

523 4385 631 4428 tam
666 4374 822 4428 facile
853 4374 1028 4443 decipi
1061 4390 1156 4430 vos
1201 4375 1269 4430 ab
1311 4375 1381 4430 iis
1426 4376 1518 4445 qui
1545 4375 1699 4430 vobis
1728 4376 1872 4432 male
1891 4391 2094 4431 consu-

521 4467 638 4518 lunt
668 4474 720 4518 et
755 4465 995 4534 privatas
1026 4465 1268 4532 ipsorum
1315 4465 1574 4522 utilitates
1601 4475 1785 4522 vestro
1828 4468 2094 4538 sanguine

2191 3295 2301 3347 τῶν
2332 3295 2430 3362 μὲν
2460 3295 2688 3363 ἀσήμως
2718 3291 2987 3359 βοώντων,
3017 3293 3125 3345 τῶν
3180 3292 3235 3344 δὲ
3289 3291 3627 3361 βουλομένων
3657 3293 3764 3345 σώ-

2193 3384 2383 3448 ζεσθαι
2411 3385 2503 3438 τὸν
2555 3384 2881 3450 Ούρσέλιονι
2927 3384 3170 3436 ἐπεϐόων
3205 3385 3312 3452 γάρ
3346 3383 3515 3453 μηδέν
3555 3401 3606 3435 τι
3655 3383 3766 3436 δει-

2194 3473 2282 3526 νὺν
2334 3472 2528 3524 παθεῖν
2571 3473 2708 3542 πρὸς
2765 3471 2929 3524 αὑτοῦ
2986 3471 3082 3524 καὶ
3133 3472 3436 3542 ἐπειρῶντο
3493 3472 3768 3543 ἁρπάζειν

2193 3563 2381 3616 τοῦτον
2412 3564 2475 3615 ἐκ
2505 3563 2603 3631 τῆς
2653 3563 2831 3624 οἰκίας
2867 3565 2961 3615 καὶ
3017 3563 3275 3616 ἀπολύειν
3309 3564 3614 3636 ἐλεύθερον.
3654 3567 3768 3618 Καὶ

2193 3655 2331 3724 τάχα
2367 3653 2432 3707 ἀν
2465 3655 2651 3724 ἕτερος
2706 3653 2781 3707 ὢν
2820 3655 3096 3724 ἐταράχθη
3137 3655 3307 3725 δῆμον
3347 3656 3488 3726 ὁρῶν
3515 3656 3768 3710 τοσοῦτον

2197 3746 2523 3817 μαινόμενον
2551 3745 2645 3798 καὶ
2682 3745 3094 3815 θορυϐουμένην
3117 3745 3272 3798 πόλιν
3301 3747 3587 3817 μεγίστην.
3621 3749 3678 3800 '0
3707 3747 3768 3801 δὲ

2194 3839 2439 3902 γενναῖος
2463 3836 2700 3899 νεανίας,
2730 3838 2758 3888 6
2807 3836 3285 3906 στρατοπεδάρχης
3317 3839 3546 3903 ἐκεῖνος,
3598 3840 3764 3907 φημὶ,

2198 3927 2368 3995 μηδέν
2401 3943 2454 3978 τι
2488 3927 2671 3988 δείσας
2705 3927 2765 3978 τὸ
2792 3926 3009 3979 σύνολον
3047 3927 3436 3994 κατασιγάζειν
3464 3929 3668 3998 ἤρξατο
3696 3932 3766 4000 τῇ

2194 4018 2338 4089 χειρὶ
2394 4018 2486 4070 τὸν
2535 4018 2785 4087 θόρυϐον.
2848 4019 2977 4088 Ὀψέ
3027 4019 3210 4072 δὲκαὶ
3255 4019 3411 4089 μόλις
3464 4021 3767 4090 γενομένης

2193 4110 2422 4181 ἡσυχίας
2472 4109 2647 4177 λόγων
2695 4111 2893 4180 ῆρχετο
2942 4111 3080 4180 πρὸς
3111 4111 3173 4163 τὸ
3212 4109 3418 4179 πλῆθος
3477 4111 3761 4164 τοιούτων·

2201 4213 2220 4245 ί
2256 4194 2566 4266 Θαυμάζειν
2613 4195 2791 4249 ἔπεισί
2828 4213 2938 4266 μοι,
2975 4196 3164 4266 ἄνδρες
3221 4199 3589 4266 ’Λμασειανοὶ,
3619 4200 3766 4261 ὅπως

2197 4283 2396 4353 ῥᾳδίως
2449 4283 2624 4346 οὕτως
2670 4283 3016 4346 ἐξαπατᾶσθε
3057 4287 3163 4338 ὑπὸ
3191 4287 3298 4338 τῶν
3323 4287 3764 4356 κατατοφιζομέ-

2197 4389 2302 4424 νων
2334 4373 2479 4442 ὑμᾶς
2513 4373 2606 4424 καὶ
2633 4372 2730 4442 τὴν
2771 4373 2920 4440 σφῶν
2959 4373 3059 4442 μέν
3092 4373 3273 4426 αὐτῶν
3300 4374 3566 4443 ὠφέλειαν
3598 4374 3768 4428 ώνουο

2198 4462 2376 4534 μένων
2436 4461 2514 4532 τῷ
2569 4461 2822 4532 ὑμετέρῳ
2879 4463 3095 4531 αἵματι,
3149 4463 3412 4534 μεγίστης
3453 4464 3511 4516 δέ
3561 4463 3767 4534 βλάϐης

523 4563 835 4609 mercantur
866 4570 964 4610 nec
993 4555 1292 4624 quidquam
1319 4557 1472 4626 pensi
1509 4554 1739 4621 habent,
1776 4571 1940 4627 quam
1966 4571 2088 4626 gra-

2195 4555 2324 4623 ὐμῖν
2373 4553 2651 4625 προξένων
2701 4554 3025 4624 γινομένων.
3063 4554 3198 4607 Ποία
3250 4555 3359 4626 γάρ
3409 4557 3537 4626 ὑμῖν
3579 4556 3766 4625 ὄνησις

521 4648 660 4700 viter
693 4645 848 4700 vobis
876 4654 1129 4710 noceant,
1161 4645 1291 4700 dum
1337 4645 1438 4700 sibi
1490 4645 1572 4700 vel
1626 4644 1815 4700 leviter
1858 4648 2090 4714 prosint.

521 4737 655 4803 Quis
686 4737 834 4790 enim
875 4736 1028 4790 vobis
1077 4735 1283 4790 fructus
1332 4735 1716 4790 invalescentis
1749 4733 1962 4790 UrSelio
1993 4737 2092 4791 do-

521 4830 763 4882 minante
808 4835 862 4881 et
915 4828 1036 4882 istis
1079 4829 1127 4881 ei
1169 4817 1597 4898 obsequenlibus
1637 4828 1942 4897 tyrannidis
1989 4828 2092 4883 fuit

521 4927 713 4988 praeter
742 4918 941 4983 caules,
971 4919 1335 4986 captivitatcs,
1363 4916 1756 4983 mutilationes,
1793 4926 2092 4973 truncauo-

524 5024 725 5079 aesque
756 5009 1168 5062 membrorum?
1197 5007 1264 5062 Et
1299 5009 1352 5062 in
1402 5023 1499 5062 vos
1540 5009 1758 5078 quidem
1795 5009 1892 5063 ista
1920 5010 2091 5064 ἀθεω-

522 5102 771 5163 vicrunt;
808 5099 898 5167 qui
939 5113 1069 5153 vero
1112 5113 1258 5154 nunc
1311 5099 1369 5153 in
1419 5099 1554 5154 iram
1587 5108 1640 5152 et
1670 5099 1960 5153 tumultuut
1996 5116 2092 5156 vos

450 5214 454 5218 -
497 5188 807 5243 'concitaut
834 5187 1036 5242 intacta
1065 5187 1382 5258 illibataque
1414 5197 1704 5243 servarunt
1742 5191 2090 5257 patrimonia,

523 5289 684 5345 tecta,
716 5278 1024 5348 pradiaqne
1052 5279 1293 5349 propria,
1326 5295 1559 5351 quarum
1588 5296 1768 5334 rerum
1803 5281 2092 5336 incolumi-

525 5378 688 5423 tatem
719 5369 999 5426 concessis
1025 5371 1180 5424 vobis
1213 5370 1268 5424 in
1296 5373 1542 5440 rapinam
1593 5370 1826 5426 barbaro
1875 5372 1978 5427 sibi
2027 5372 2094 5425 ab

521 5477 588 5515 eo
619 5461 1054 5540 paciscebantur.
1089 5460 1368 5532 lidemque
1420 5463 1586 5517 etiam
1636 5473 1822 5532 postea
1871 5466 2093 5534 praemia
2155 5467 2163 5476 '

525 5554 648 5608 lidci
671 5562 864 5610 vestra:
891 5554 960 5609 ab
986 5555 1311 5624 imperatore
1337 5555 1558 5625 largiter
1583 5556 1760 5610 soluta
1791 5557 2096 5611 diviserunt

528 5656 665 5698 inter
695 5661 754 5700 se
786 5645 1057 5715 iactantes
1087 5661 1186 5700 sua
1215 5659 1378 5715 opera
1415 5644 1616 5700 factum
1647 5661 1716 5700 ne
1747 5646 1848 5702 hac
1875 5647 2096 5701 civitate

531 5734 774 5791 llrsclius
819 5738 1107 5808 potiretur,
1159 5736 1424 5806 neglectis
1475 5735 1721 5792 funditus
1766 5737 1921 5793 vobis
1972 5753 2092 5799 nec,

527 5842 650 5885 cum
682 5830 735 5881 in
770 5837 918 5882 tanta
965 5837 1118 5897 parte
1157 5829 1480 5884 damnorum
1530 5829 1762 5893 fueritis,
1810 5831 1876 5884 ad
1929 5831 2092 5885 ullam

2195 4646 2418 4714 ἐγένετο
2448 4647 2544 4715 τῆς
2579 4646 2891 4717 τυραννίδος
2925 4647 3326 4717 συνισταμένης
3356 4649 3440 4701 ὅτι
3466 4647 3540 4718 μὴ
3559 4649 3768 4717 σφαγαὶ

2195 4736 2290 4789 καὶ
2319 4735 2690 4805 αἰχμαλωσίαν.
2725 4736 2820 4788 καὶ
2868 4735 3149 4805 πηρώσεις
3177 4739 3271 4790 καὶ
3309 4737 3767 4808 ἀκρωτηριασμοὶ

2198 4828 2410 4897 μελῶν;
2440 4827 2555 4880 ἀλλ’
2592 4829 2752 4897 ὑμεῖς
2783 4828 2882 4896 μὲν
2915 4827 3062 4882 οὕτω
3093 4830 3280 4891 κακῶς
3311 4830 3604 4900 ἐπάσχετε,
3636 4831 3682 4882 οἱ
3708 4829 3767 4884 δὲ

2194 4915 2290 4968 νῦν
2331 4917 2478 4983 ὑμᾶς
2528 4917 2664 4986 πρὸς
2723 4915 2894 4985 θυμὸν
2956 4918 3051 4970 καὶ
3105 4917 3340 4987 θόρυϐον
3389 4920 3766 4989 ἀνεγείροντες

2193 5006 2477 5076 διετήρουν
2530 5009 2628 5076 μὲν
2657 5007 2819 5076 ἀσινῆ
2845 5007 2914 5060 τὰ
2962 5011 3140 5063 οἰκεῖα
3173 5010 3261 5061 τὸν
3304 5009 3577 5082 βάρϐαρον
3607 5010 3767 5080 θερα-

2196 5098 2475 5161 πεύοντες,
2539 5097 2926 5169 ἀπελάμϐανον
2983 5100 3036 5151 δὲ
3090 5101 3183 5152 καὶ
3233 5101 3442 5154 τῶν-ἐκ
3501 5102 3766 5170 βασιλέως

2193 5187 2432 5255 δωρεῶν,
2472 5191 2554 5241 ὅτι
2585 5189 2658 5258 μὴ
2699 5192 2838 5258 σφᾶς
2877 5207 2935 5242 τε
2979 5193 3076 5243 καὶ
3106 5192 3204 5259 τὴν
3236 5191 3391 5244 πόλιν
3423 5193 3766 5262 ἐνεχείρισαν

2195 5281 2272 5348 τῷ
2307 5280 2585 5350 βαρϐάρῳ.
2622 5280 2808 5350 ’Υμῶν
2830 5281 2914 5352 [Ρ.
2935 5280 3098 5352 61]δέ
3126 5282 3246 5336 οὐδὲ
3271 5282 3364 5336 ἕνα
3390 5282 3546 5351 λόγον
3576 5284 3766 5354 ἐποιήο

2198 5387 2358 5422 σαντο
2384 5369 2623 5423 πώποτε.
2652 5374 2750 5425 Διά
2767 5388 2848 5424 τοι
2873 5372 3029 5424 τοῦτο
3052 5375 3146 5425 καὶ
3177 5373 3332 5437 αὖθις
3360 5375 3639 5444 βούλονται
3669 5375 3768 5443 τὴν

2195 5467 2488 5536 τυραννίδα
2510 5467 2884 5531 συνίστασθαι,
2912 5466 2996 5518 ἵνα
3022 5464 3100 5535 τῷ
3125 5467 3372 5536 τυράννῳ
3402 5465 3500 5534 μὲν
3522 5465 3767 5535 χρηστάς

2199 5559 2586 5620 ὑποσαίνοντες
2637 5557 2857 5619 ἐλπίδας
2883 5556 3044 5627 ἀσινῆ
3079 5556 3146 5609 τά
3187 5557 3364 5608 οίκεῖα
3409 5554 3764 5626 διατηρῶσιν,

2197 5651 2261 5702 ἐκ
2294 5650 2558 5719 βασιλέως
2586 5650 2644 5702 δέ
2683 5648 2992 5701 ἀπαιτῶσιν
3040 5647 3194 5712 αὖθις
3249 5647 3414 5717 τιμάς
3445 5663 3506 5700 τε
3541 5648 3636 5700 καὶ
3663 5646 3769 5698 δωο

2200 5742 2346 5812 ρεάς.
2381 5741 2557 5795 Ἢνδὲ
2588 5759 2643 5792 τι
2663 5742 2760 5795 καὶ
2789 5739 3195 5810 νεωτερισθείη,
3228 5740 3382 5792 αὐτοὶ
3414 5740 3512 5809 μέν
3546 5738 3767 5808 πόρρω·

2198 5835 2289 5886 θεν
2341 5834 2570 5894 ἑαυτοὺς
2613 5831 2708 5884 τοῦ
2747 5831 3021 5901 δράματος
3051 5831 3344 5901 ἐξαγαγεῖν
3389 5829 3761 5899 πειράσονται,
