4154 6428
432 388 538 453 133

1651 394 2204 456 HISTORIARUM
2245 395 2318 455 LI
2333 397 2394 455 Β.
2427 397 2522 456 ῚῘ.

3601 395 3692 462 ῙΤΗ
3705 392 3708 396 ’

427 500 522 552 τὸν
559 499 614 553 δὲ
671 499 940 570 βασιλέως
985 503 1120 568 ὅλως
1151 504 1324 575 θυμὸν
1377 507 1636 574 ὲξάψουσι
1677 506 1800 559 καθ’
1833 505 2009 575 ὑμῶν.

2127 506 2530 561 commodorum
2565 507 2885 576 particulam
2917 505 3194 570 admissis,
3227 517 3413 577 utpote
3443 509 3531 578 qui
3578 511 3694 564 nul-

444 592 588 644 Ἀλλ’
619 592 670 644 εῐ
702 593 754 646 τί
796 612 890 665 μοι
945 596 1222 664 πείθεσθε,
1261 597 1388 660 τοὺς
1435 597 1538 667 μὲν
1577 597 1722 667 ὑμᾶς
1761 595 1897 666 πρὸς
1928 597 2016 650 θό-

433 683 600 751 ρυσον
623 684 1004 756 διεγείραντας
1032 685 1215 759 ἐρῤειν
1243 688 1461 752 ἐάσατε,
1487 688 1668 742 ἀπίτω
1701 687 1759 741 δὲ
1783 687 2016 751 ἕκαστος

433 777 518 838 εἰς
573 776 669 847 τὴν
717 777 900 832 οἰκίαν
940 779 1105 832 αὑτοῦ
1149 780 1242 832 καὶ
1281 779 1348 832 τὰ
1397 779 1662 849 λεχθέντα
1717 778 2012 844 σκοπείτω,

434 870 535 921 καὶ
562 871 772 924 εἴσεσθε
801 873 988 934 ὁποῖος
1018 873 1147 942 ύμῖν
1166 871 1565 941 βουλεύεταιτά
1587 872 1964 942 ξυμφέροντα.
1989 889 2009 924 r

434 960 657 1014 Τούτων
696 962 937 1016 ἀκοῦσαν
967 963 1072 1015 τῶν
1109 963 1372 1032 ῥημάτων
1400 963 1461 1014 τὸ
1484 961 1687 1032 πλῆθος
1712 960 1906 1031 ἐπῄνει
1933 960 2004 1014 τὰ

433 1049 695 1117 λεχθέντα
725 1054 819 1107 καὶ
853 1053 1094 1118 ἀπαντες
1128 1053 1467 1124 ὑπεχώρουν.

2125 595 2232 648 lam
2271 611 2512 665 unquam
2544 611 2723 651 rerum
2757 612 2819 652 ae
2849 599 3121 651 rationum
3156 607 3464 653 vestrarum
3508 615 3694 654 curam

2125 694 2222 740 aut
2263 687 2654 755 cogitationem
2704 688 3060 757 sumpserint.
3109 686 3296 757 Itaque
3345 688 3456 758 jam
3510 705 3692 744 rursus

2122 776 2355 845 cupiunt
2408 779 2698 832 restituere
2748 778 3092 848 tyrannidem
3119 778 3254 848 ipsis
3298 789 3692 849 quaestuosam,

2121 867 2278 923 vobis
2308 883 2444 938 quos
2474 869 2586 939 9o
2614 870 2746 925 viles
2774 870 2974 923 habent
3000 869 3309 926 exitialem:
3339 883 3397 924 ut
3425 887 3550 927 cum
3579 887 3694 925 ruri

2119 975 2215 1017 sus
2244 960 2442 1016 vestris
2460 961 2657 1030 praedis
2673 973 2903 1032 tyranno
2923 977 3019 1031 per
3036 973 3273 1016 vestrum
3291 978 3530 1018 errorem
3557 964 3691 1034 ipso-

2120 1067 2242 1106 rum
2282 1051 2475 1108 fraude
2504 1053 2573 1108 ab
2606 1063 2854 1109 extremo
2896 1055 3140 1122 periculo
3165 1056 3218 1110 in
3242 1069 3394 1124 spem
3422 1058 3692 1110 melioreu'

435 1153 702 1200 revocato
740 1145 970 1200 blanditi
1022 1145 1248 1210 fuerint,
1282 1145 1335 1198 in
1361 1159 1602 1214 pra'sens
1644 1141 2052 1198 indemnitatem
2094 1156 2320 1197 suarum
2360 1141 2692 1198 familiarum
2720 1144 2790 1199 ab
2819 1159 2886 1200 eo
2929 1145 3125 1200 vestris
3152 1146 3359 1214 rapinis
3383 1147 3690 1202 exsatiandt

434 1236 810 1302 paciscantur,
855 1233 1206 1304 postmodum
1268 1246 1399 1288 vero
1427 1239 1698 1286 ostentata
1764 1229 2080 1299 imperatori
2120 1227 2258 1284 falsa
2294 1229 2570 1296 fidelitate,
2600 1231 2757 1300 quasi
2786 1246 2883 1301 per
2922 1232 3070 1301 ipsos
3118 1233 3329 1286 steterit
3359 1247 3426 1287 ne
3451 1232 3691 1288 Urselius

434 1336 620 1380 vestra
655 1342 819 1396 Opera
852 1335 1126 1396 regnaret,
1171 1325 1275 1380 sibi
1322 1323 1540 1396 quidem
1589 1321 1725 1391 ipsis
1778 1320 2014 1375 honores
2051 1319 2120 1374 ab
2148 1334 2215 1373 eo
2245 1327 2299 1375 et
2327 1320 2666 1393 largitiones,
2699 1322 2855 1378 vobis
2911 1332 3095 1377 autem
3165 1321 3551 1378 seditiosorum
3583 1339 3694 1393 pm-

434 1431 538 1471 nas
571 1423 627 1470 et
657 1426 898 1482 extrema
953 1413 1218 1484 supplicia
1267 1421 1580 1483 procurent.
1649 1411 1788 1466 Nam
1833 1409 1923 1464 ubi
2000 1409 2270 1467 tumultus
2330 1425 2504 1480 usque
2530 1412 2596 1466 ad
2663 1412 2880 1482 tyranni
2911 1413 3107 1482 captivi
3140 1413 3516 1471 liberationem
3548 1415 3688 1468 inva-

436 1507 622 1572 luerit,
656 1507 811 1562 facile
844 1507 942 1578 ipsi
971 1511 1279 1578 purgabunt
1306 1508 1379 1574 id,
1410 1521 1468 1561 se
1496 1506 1686 1564 invitis
1719 1521 1783 1561 ac
1817 1505 2018 1560 frustra
2050 1507 2520 1574 repugnantibus,
2551 1507 2600 1561 vi
2671 1523 2734 1562 ac
2765 1506 2949 1564 furore
3008 1508 3182 1579 plebis
3207 1523 3474 1575 novarum
3509 1522 3694 1560 rerum

434 1599 698 1654 studiosa:
726 1598 930 1653 factum
964 1617 976 1653 :
1011 1597 1154 1653 unde
1225 1598 1456 1666 gratiam
1497 1599 1716 1668 quidem
1780 1595 2128 1666 imperatoris
2176 1595 2230 1648 in
2276 1609 2364 1658 se,
2439 1596 2493 1649 in
2540 1611 2637 1651 vos
2690 1607 2871 1652 autem
2926 1599 3060 1654 iram
3104 1607 3157 1653 et
3210 1609 3376 1652 totam
3441 1597 3698 1651 invidiam

434 1690 611 1745 odiosi
651 1689 907 1743 facinoris
940 1697 1208 1743 avertent.
1241 1687 1312 1741 At
1338 1701 1455 1752 vos,
1489 1688 1538 1742 si
1601 1687 1732 1757 quid
1795 1686 1927 1740 mihi
2002 1685 2256 1748 creditis,
2303 1684 2436 1740 istos
2491 1685 2782 1741 insidiosos
2835 1687 3119 1742 seditionis
3199 1687 3330 1757 ipsis
3378 1697 3697 1756 quaestuosae

434 1781 592 1836 vobis
641 1779 963 1850 perniciosa:
1013 1793 1270 1834 suasores
1315 1779 1519 1833 missos
1571 1778 1752 1833 facile.
1785 1779 1863 1833 Ite
1897 1793 2025 1832 vero
2065 1777 2298 1846 quisque
2338 1776 2392 1831 iu
2466 1778 2658 1833 domos
2717 1789 2928 1835 vestras
2983 1789 3038 1834 et
3085 1797 3205 1851 qua:
3253 1781 3485 1836 audistis
3529 1781 3698 1834 otiose

436 1883 708 1943 reputate.
743 1869 836 1926 Sic
863 1870 1008 1925 enim
1057 1869 1219 1925 facile
1251 1870 1564 1940 intelligetis
1593 1868 1705 1924 utri
1760 1868 1916 1922 vobis
1944 1867 2098 1921 utilia
2169 1867 2495 1934 consulant,
2566 1868 2715 1922 illine
2747 1870 2838 1939 qui
2905 1885 3001 1924 vos
3035 1869 3250 1940 tyranni
3288 1869 3493 1938 rapinis
3519 1878 3572 1924 et
3601 1869 3695 1922 im‘

435 1962 706 2032 peratoris
731 1960 1013 2030 suppliciis
1042 1959 1331 2029 objiciunt,
1357 1976 1424 2013 an
1455 1975 1553 2029 ego
1584 1959 1675 2028 qui
1740 1957 1915 2027 capita
1965 1957 2320 2027 fortunasque
2387 1967 2600 2012 vestras
2649 1959 2894 2012 omnium
2947 1975 3046 2027 pro
3096 1959 3398 2014 commodis
3469 1959 3698 2029 spebus—

433 2067 542 2120 que
596 2050 860 2122 improbis
913 2063 1210 2119 paucorum
1263 2049 1316 2103 in
1367 2049 1659 2103 discrimen
1715 2047 1840 2101 nolo
1886 2046 2144 2117 projici.»
2213 2048 2410 2102 Audita
2473 2049 2625 2117 plebs
2695 2049 2796 2104 hac
2856 2050 3100 2106 oratione
3137 2051 3374 2105 laudavit
3404 2066 3524 2121 quae
3563 2051 3704 2106 dice-

435 2149 637 2202 bantur
667 2153 722 2199 et
761 2143 1019 2214 paulatim
1053 2151 1391 2197 recesserunt
1423 2145 1476 2196 in
1513 2145 1733 2197 domum
1771 2142 2002 2212 quisque
2046 2159 2224 2200 suam.
2250 2202 2270 2218 ο

507 2241 608 2293 κδ’.
660 2238 719 2292 '0
768 2239 824 2291 δὲ
868 2237 1350 2308 στρατοπεδάρχης
1390 2238 1572 2301 δείσας
1609 2238 1683 2308 μὴ
1724 2237 1818 2290 καὶ
1855 2236 2008 2300 αὖθις

2181 2239 2272 2294 24.
2313 2239 2376 2293 At
2399 2238 2623 2294 Alexius
2659 2248 2907 2295 metuens
2939 2256 3006 2295 ne
3038 2241 3232 2294 iterum
3263 2255 3516 2309 proceres
3549 2239 3686 2296 civi--

434 2335 486 2387 οἱ
513 2331 734 2385 δυνατοὶ
773 2329 831 2382 τὸ
860 2329 1062 2399 πλῆθος
1115 2329 1422 2399 διεγείρωσι
1457 2331 1553 2384 καὶ
1584 2330 1675 2382 τὸν
1723 2329 2015 2399 Οὺρσέλιον

434 2421 808 2492 διαρπάσωσι,
867 2419 1065 2489 βουλὴν
1113 2420 1429 2489 βουλεύεται
1459 2421 1602 2473 πάνυ
1633 2420 1734 2489 μὲν
1765 2420 2014 2492 συνετὴν,

440 2515 581 2568 πάνυ
615 2513 671 2566 δὲ
693 2514 789 2565 καὶ
813 2512 1218 2580 φιλάνθρωπον.
1249 2511 1344 2573 Τίς
1377 2511 1420 2564 δ’
1461 2512 1494 2582 ή
1537 2510 1733 2582 ﬂeuit];
1771 2512 2020 2582 Προσκα·

439 2605 614 2656 λεῖται
664 2603 756 2656 τὸν
804 2601 1022 2672 δήμιον.
1076 2601 1401 2656 Ἀνάπτεται
1456 2600 1589 2671 πῦρ.
1647 2601 2018 2672 Ἐκπυροῦται

446 2694 681 2763 σὲδηρος.
755 2692 1033 2746 Ῥίπτεται
1089 2694 1231 2744 κατὰ
1288 2695 1392 2762 γῆς
1418 2693 1445 2744 ὁ
1479 2691 1792 2762 Ούρσὲλιος.
1818 2692 2018 2744 Φωνεῖν

452 2785 539 2836 (αὶ
573 2783 779 2836 στένειν
819 2782 1012 2853 γοερὸν
1074 2782 1517 2854 παραγγέλλεται
1578 2783 1655 2846 ὡς
1699 2782 1861 2848 δῆθεν
1909 2781 2019 2834 τῶν

441 2877 708 2943 ὀμμάτων
736 2890 826 2926 στε
839 2874 1120 2943 ρούμενος.
1157 2875 1216 2926 '0
1248 2874 1304 2927 δὲ
1328 2874 1574 2927 πείθεται
1605 2875 1699 2928 καὶ
1720 2875 1819 2944 τὴν
1839 2872 2019 2926 οἰκίαν

445 2966 684 3034 ἐπλήρου
738 2966 934 3031 φωνῶν
972 2982 1034 3019 τε
1075 2965 1170 3018 καὶ
1210 2964 1552 3034 στεναγμῶν.
1581 2961 1717 3017 Εἶτα
1749 2965 1862 3028 τοῖς
1897 2961 2022 3016 τού-

442 3075 537 3110 του
575 3057 861 3127 βλεφάροις
891 3056 1194 3110 ἐπιτίθεται
1227 3057 1522 3127 φάρμακον
1557 3055 1897 3109 ἀκεσώδυνον
1926 3054 2022 3107 καὶ

442 3151 535 3202 ἐπὶ
552 3149 628 3218 τῷ
651 3149 926 3218 φαρμάκῳ
948 3149 1235 3219 κάλυμμα.
1261 3147 1470 3201 ’Έωθεν
1492 3148 1550 3201 δὲ
1577 3147 1713 3220 πρὸς
1733 3147 1793 3199 τὸ
1814 3146 2020 3217 πλῆθος

445 3241 707 3308 ἐξάγεται
743 3243 836 3294 καὶ
863 3242 1058 3312 ὁρᾶται
1087 3242 1234 3313 παρὰ
1263 3242 1479 3294 πάντων
1502 3240 1576 3302 ὡς
1602 3239 1763 3309 δῆθεν
1794 3239 2016 3308 τυφλός.

443 3323 620 3384 Τοῦτο
659 3331 720 3384 τδ
763 3332 947 3403 δρᾶμα
977 3333 1212 3403 πάμπαν
1245 3333 1338 3386 τὸν
1381 3331 1610 3405 Θόρυδον
1637 3332 2019 3398 κατεσίγασεν.

453 3425 516 3476 '0
555 3425 655 3492 μὲν
678 3420 770 3476 οὖν
800 3423 1284 3494 στρατοπεδάρχης
1317 3423 1502 3484 ἀδείας
1533 3421 1835 3491 λαϐόμενος
1861 3421 2020 3474 ἐσκό-

445 3532 541 3568 πει
596 3516 744 3578 ὅπως
779 3517 875 3568 καὶ
919 3515 981 3568 τὺ
1039 3517 1169 3584 περὶ
1209 3515 1302 3568 τὸν
1363 3513 1655 3584 Οὑρσέλιον
1707 3514 2022 3584 στράτευμα

443 3606 693 3660 καθελὼν
726 3607 835 3659 τῶν
870 3606 1473 3678 παρακατασχεθέντων
1498 3606 1777 3677 φρουρίων
1802 3607 2017 3675 γένοιτο

451 3699 732 3769 ἐγκρατής
755 3715 768 3728 ⁸
786 3700 835 3752 οἱ
852 3698 896 3750 δ’
922 3700 986 3751 ἐκ
1009 3697 1272 3767 βασιλέως
1293 3697 1636 3769 πεμφθέντες
1661 3698 1770 3751 τῶν
1801 3697 2020 3750 οἰκείων

442 3790 599 3853 ivre;
627 3790 707 3861 τῷ
761 3791 974 3860 βασιλεί
1017 3789 1326 3860 ἠνάγκαζον
1377 3790 1567 3844 τοῦτον
1605 3790 1698 3843 τὸν
1729 3788 2022 3859 Οὐρσέλιον

442 3883 683 3937 assem
703 3885 784 3946 είς
813 3882 913 3952 τὴν
944 3882 1191 3952 βασιλίδα
1229 3882 1574 3936 ἐπανελθεῖν.
1619 3882 1680 3935 '0
1707 3883 1764 3935 δὲ
1797 3879 2023 3950 αἰσχρὸν

441 3976 634 4043 ἔλεγεν
661 3969 800 4026 εἶναι
829 3975 894 4027 Εἰ
913 3973 1128 4027 πολλῶν
1152 3973 1258 4026 τῶν
1289 3974 1394 4026 ὑπὸ
1434 3974 1525 4026 τὸν
1555 3973 1818 4043 τύραννον
1853 3971 2022 4023 ὅντων

444 4067 569 4127 ἐνὸς
595 4066 885 4135 ἐγκρατεῖς
925 4064 1213 4132 γεγονότες
1253 4064 1421 4118 αὐτοῦ
1453 4063 1550 4118 τοῦ
1589 4065 1858 4135 τυράννου
1893 4062 2022 4124 τοὺς

445 4157 646 4221 ἀλλους
671 4157 1062 4220 καταλιπόντες
1114 4157 1449 4227 οἰχησόμεθα
1473 4171 1489 4188 ⁸
1525 4157 1743 4225 ἀνάγκη
1797 4154 1904 4224 γὰρ
1925 4153 2024 4206 Eva.

441 4250 557 4304 τῶν
593 4251 933 4321 λειπομένων
961 4250 1044 4312 είς
1067 4248 1330 4320 τύραννον
1357 4249 1697 4318 καταστῆναι
1727 4247 1823 4299 καὶ
1867 4245 2023 4307 αὖθις

445 4339 546 4403 τὰς
587 4338 774 4403 πόλεις
797 4340 997 4410 κυκᾷν.
1038 4339 1177 4392 Ἀλλ’
1219 4339 1344 4408 ἐμοὶ
1369 4338 1520 4392 δοκεῖ
1548 4333 1695 4390 εἶναι
1729 4336 1901 4389 ταῦτα
1929 4333 2025 4387 και)⁸

443 4430 732 4494 τοῦτον...,
760 4431 1142 4500 ἀποπειρᾶσαι
1172 4429 1230 4482 δὲ
1263 4428 1356 4482 καὶ
1379 4429 1488 4484 τῶν
1510 4429 1785 4500 φρουρίων
1816 4425 1903 4499 [Ρ.
1930 4423 2022 4498 62]

445 4525 576 4577 ὅσον
605 4517 714 4577 οἶόν
749 4541 830 4576 τε.
855 4523 1023 4577 Ταῦτ’
1049 4521 1220 4576 εἰπὼν
1252 4523 1416 4594 ἔργου
1442 4523 1639 4592 εἴχετο,
1677 4523 1773 4577 καὶ
1807 4521 2025 4593 πρῶτον

452 4615 554 4683 μὲν
586 4614 680 4678 τὰς
706 4616 862 4678 ὀδοὺς
889 4617 954 4683 ἐφ
965 4613 1171 4686 ρούρει.
1208 4615 1298 4677 Ὠς
1318 4615 1482 4685 μηδέν
1504 4631 1557 4667 τι
1577 4615 1688 4668 τῶν
1708 4613 2026 4682 ἀναγκαίων

448 4705 636 4756 λαϐεῖν
667 4707 748 4766 είς
773 4706 840 4756 τὰ
876 4705 1115 4775 φρούρια
1142 4704 1489 4774 εἰσαχθῆναι,
1517 4705 1609 4756 καὶ
1639 4703 1733 4757 ἐπεὶ
1763 4702 2026 4774 συλλογὴν

449 4795 602 4849 σίτου
634 4797 856 4851 καὶτῶν
890 4797 1069 4850 ἀλλων
1123 4799 1439 4866 ἀναγκαίων
1497 4797 1738 4862 ἐξιόντας
1775 4796 2026 4868 μεγάλως

450 4891 686 4950 ἐσίνετο,
725 4888 916 4941 ἔπειτα
947 4888 1131 4959 μέντοι
1155 4888 1378 4958 ἐνέδρας
1419 4888 1607 4941 ἐνίστα
1638 4887 1732 4940 καί
1755 4903 1909 4952 τινας
1945 4889 2024 4950 είς

451 4977 740 5048 προνομὴν
772 4976 1047 5030 ἔστελλεν.
1076 4976 1218 5029 Οἰδέ
1247 4979 1303 5029 ἐν
1336 4978 1450 5039 τοῖς
1485 4976 1766 5047 φρουρίοις
1797 4976 2035 5041 ἐξιόντες

449 5073 546 5123 καὶ
594 5070 719 5132 τοὺς
786 5067 1228 5138 προνομεύοντας
1275 5067 1563 5130 διώκοντες
1618 5069 1740 5132 ταῖς
1789 5065 2034 5137 ἐνέδραις

452 5162 883 5232 περιπίπτοντες
917 5161 1225 5231 ἡλίσκοντο.
1279 5159 1452 5213 Τοῦτο
1489 5159 1749 5222 πολλάκις
1792 5157 2034 5212 ποικιλο·

450 5253 671 5324 τρόπως
706 5253 994 5325 γινόμενον
1033 5253 1112 5315 εἰς
1143 5251 1377 5322 ἀπορίαν
1427 5251 1552 5314 τοὺς
1597 5250 1884 5322 Φράγγους
1915 5250 2033 5302 ἐνέ-

450 5344 682 5398 ϐαλλεν·
716 5344 808 5398 ὁτὲ
861 5345 962 5414 μὲν
992 5343 1100 5414 γὰρ
1164 5345 1304 5414 μετὰ
1364 5343 1633 5413 τετάρτην
1690 5343 1724 5413 ἢ
1769 5341 2027 5410 πέμπτην

454 5437 671 5509 ἡμέραν
699 5437 876 5490 ἐποίει
907 5436 1006 5499 τὰς
1039 5436 1349 5506 προκομὰς,
1390 5435 1481 5488 6τέ
1503 5436 1561 5488 δέ
1605 5435 1749 5504 μετά
1780 5434 1909 5503 μίαν
1935 5428 2033 5486 αὖ·

441 5533 536 5596 91,;
563 5533 782 5606 ἡμέραν
815 5534 850 5604 ἢ
901 5532 996 5586 καὶ
1045 5531 1326 5603 δευτέραν.
1385 5531 1820 5601 ’Δμηχανοῦντες
1862 5525 1954 5583 οὖν
1982 5529 2032 5581 οἱ

449 5625 598 5680 ἔνδον
622 5629 671 5680 οἱ
703 5628 806 5698 μὲν
874 5625 1019 5695 σφᾶς
1072 5641 1130 5676 τε
1175 5623 1372 5687 αὐτοὺς
1410 5625 1506 5677 καὶ
1567 5621 1638 5674 τά
1695 5621 1928 5692 φρούρια
1957 5619 2034 5691 τῷ

460 5718 927 5790 στρατοπεδάρχῃ
963 5714 1291 5787 παρέδοσαν,
1319 5715 1368 5767 οἱ
1393 5714 1450 5767 δέ
1491 5712 1626 5768 κενά
1655 5712 1828 5767 ταῦτα
1862 5727 2033 5765 κατα-

451 5809 698 5878 λιπόντες
730 5809 966 5883 ᾠχοντο.
997 5805 1108 5862 Καὶ
1137 5806 1282 5861 οὕτω
1322 5807 1539 5864 πάντων
1560 5803 1785 5875 γέγονεν
1819 5804 2028 5871 ἐγκρα-

2063 4923 2112 4982 D

2121 2331 2246 2384 tatis
2277 2331 2487 2401 plebem
2521 2316 2943 2388 concitarent'et
2969 2331 3240 2387 Urselium
3273 2346 3545 2402 raperent,
3571 2349 3703 2388 con-

2119 2422 2300 2477 silium
2351 2424 2476 2479 iniit
2528 2425 2684 2480 valde
2742 2424 2980 2492 prudens
3027 2439 3128 2478 nec
3166 2424 3349 2478 minus
3381 2426 3701 2478 humanum.

2120 2512 2288 2578 Quale
2323 2513 2375 2567 id
2405 2523 2586 2568 autem
2609 2515 2632 2568 ?
2659 2513 2902 2570 Advocat
2930 2515 3271 2581 carnificem,
3293 2517 3515 2570 accendi
3543 2516 3700 2584 jubet

2121 2601 2302 2672 ignem
2330 2615 2382 2658 et
2410 2605 2464 2658 in
2497 2620 2561 2660 eo
2585 2606 2880 2660 candelieri
2907 2605 3133 2660 ferrum.
3159 2603 3318 2661 llumi
3338 2607 3495 2676 juxta
3515 2617 3706 2661 exten-

2121 2692 2268 2748 ditur
2299 2691 2550 2749 Urselius
2584 2693 2889 2751 vociferans
2919 2707 2971 2751 et
3005 2697 3216 2766 ejulans
3257 2697 3412 2766 plane
3443 2707 3500 2751 ut
3532 2698 3578 2752 si
3612 2714 3699 2752 re-

2120 2799 2246 2838 vera
2281 2784 2329 2840 ei
2368 2786 2512 2840 oculi
2556 2784 2700 2839 ferro
2754 2787 2926 2856 ignito
2973 2797 3354 2851 exurerentur,
3385 2787 3532 2856 quod
3566 2803 3693 2842 mox

2123 2877 2366 2930 futurum
2399 2892 2463 2930 ex
2499 2889 2567 2930 eo
2595 2889 2857 2946 apparatu
2894 2879 3133 2934 rebatur.
3161 2879 3340 2944 Quare
3371 2879 3563 2934 domus
3591 2889 3706 2935 tota

2121 2968 2446 3036 personabat
2474 2969 2682 3023 insanis
2730 2968 2848 3039 ejus
2897 2970 3169 3024 lamentis.
3203 2969 3359 3035 Quod
3394 2972 3459 3024 ad
3494 2969 3694 3026 famam

2123 3061 2200 3114 rei
2236 3059 2391 3114 factae
2426 3060 2480 3114 in
2515 3061 2772 3114 viciniam
2826 3071 2880 3114 et
2919 3077 3040 3115 mox
3097 3077 3191 3130 per
3227 3061 3412 3114 urbem
3443 3077 3706 3132 spargen-

2121 3153 2246 3205 dam
2283 3152 2413 3206 utile
2443 3164 2580 3208 erat.
2608 3152 2809 3208 Deinde
2837 3153 2954 3221 ejus
2977 3154 3151 3209 oculis
3178 3164 3510 3223 unguentum
3530 3155 3706 3224 quod-

2123 3243 2247 3297 dam
2302 3243 2584 3299 innoxium
2625 3244 2887 3314 imposuit
2932 3255 2986 3298 et
3033 3260 3196 3313 supra
3239 3253 3576 3314 unguentum
3621 3243 3704 3296 fa-

2124 3335 2318 3389 sciam.
2373 3333 2642 3389 Postridie
2688 3349 2907 3405 quoque
2949 3335 3001 3387 in
3054 3335 3326 3402 publicam
3381 3337 3702 3389 concionem

2128 3425 2202 3480 ita
2236 3425 2524 3480 fasciatum
2560 3428 2736 3482 oculis
2766 3427 2973 3496 Opertis
3005 3426 3276 3482 Urselium
3297 3427 3402 3497 91
3431 3427 3705 3497 producit,

2127 3529 2188 3571 ut
2221 3517 2480 3573 omnibus
2511 3533 2574 3573 ea
2603 3519 2784 3587 specie
2820 3518 2951 3573 lides
2982 3519 3133 3572 fieret
3166 3534 3293 3573 vere
3329 3519 3504 3588 ipsum
3536 3533 3708 3573 excze-

2127 3618 2311 3663 catum
2367 3608 2559 3666 fuisse.
2601 3610 2677 3664 Ea
2729 3609 2876 3665 ﬁctio
2925 3609 3218 3664 tumultum
3268 3609 3423 3678 plane
3473 3609 3703 3662 sedavit.

2128 3699 2353 3754 Alexius
2384 3715 2513 3755 vero
2566 3714 2697 3754 cura
2755 3700 2852 3752 ista
2908 3699 3118 3753 solutus
3167 3696 3564 3762 considerabat,
3600 3713 3704 3766 qua

2130 3792 2342 3847 ratione
2371 3799 2559 3861 posset
2592 3789 2791 3845 Urselii
2842 3789 3066 3859 reliquis
3096 3789 3274 3842 adhuc
3305 3789 3479 3856 copiis
3510 3788 3706 3842 deletis

2129 3897 2282 3938 arces
2309 3897 2447 3950 quas
2489 3883 2761 3934 invaserat
2817 3887 2871 3933 ct
2925 3879 3103 3931 adhuc
3155 3892 3252 3946 per
3301 3891 3434 3931 suos
3487 3879 3707 3930 tenebat

2128 3975 2392 4043 recipere.
2427 3971 2529 4040 Qui
2587 3979 2768 4026 autem
2814 3970 2882 4024 ab
2931 3969 3259 4038 imperatore
3305 3967 3460 4021 missi
3514 3967 3705 4020 Alexio

2132 4067 2361 4122 aderant
2391 4064 2748 4120 consiliorum
2797 4072 3050 4116 auctores
3083 4075 3147 4115 ex
3183 4059 3392 4113 intimis
3439 4059 3706 4128 principis

2131 4159 2437 4214 suadebant
2464 4167 2522 4212 ut
2555 4155 2772 4211 Urselio
2803 4171 2989 4211 secum
3037 4152 3200 4207 ducto
3233 4151 3520 4207 confestim
3568 4150 3706 4205 Cou-

2132 4248 2541 4319 stautinopolim
2573 4256 2958 4303 reverteretur.
2989 4243 3200 4311 Quibus
3242 4243 3330 4297 ille
3382 4251 3539 4312 turpe
3591 4242 3708 4296 fore

2131 4341 2509 4403 dicebat,cum
2535 4337 2690 4392 multi
2722 4339 2824 4392 sub
2857 4352 2968 4392 uno
3000 4345 3231 4408 tyranno
3253 4338 3467 4406 tyranni
3497 4344 3704 4398 essent,

2131 4434 2175 4488 si
2205 4445 2316 4486 uno
2348 4431 2439 4484 illo
2474 4429 2736 4500 primario
2775 4428 2991 4482 sublato
3018 4427 3260 4482 minores
3299 4427 3516 4481 illosin
3558 4427 3706 4481 illius

2134 4525 2313 4578 locum
2345 4521 2506 4576 facile
2533 4535 2893 4590 processuros
2924 4518 3295 4588 relinquerent
3323 4525 3375 4572 ct
3399 4517 3477 4572 sic
3495 4517 3708 4572 abirent

2133 4614 2290 4686 quasi
2331 4628 2390 4669 re
2436 4612 2707 4674 confecta,
2754 4609 2940 4665 statim
2988 4608 3228 4663 audituri
3263 4593 3556 4662 excitatum
3585 4622 3708 4662 esse

2132 4713 2290 4773 capto
2344 4715 2753 4765 successorem,
2799 4699 2893 4769 qui
2946 4714 3052 4752 non
3111 4697 3298 4752 mitius
3343 4708 3504 4766 quam
3557 4697 3708 4765 prior

2135 4794 2340 4865 paratis
2371 4793 2439 4847 ad
2467 4807 2688 4846 manum
2721 4790 2891 4858 ecpiis
2916 4792 3078 4844 urbes
3109 4790 3378 4843 incurset.
3403 4787 3529 4841 Mihi
3551 4802 3704 4857 ergo,

2139 4885 2338 4954 inquit,
2389 4883 2656 4955 optimum
2686 4881 2920 4946 .videtur
2974 4895 3082 4933 non
3135 4887 3344 4932 tantum
3387 4887 3704 4949 tyrannum.

2136 4977 2230 5032 sed
2262 4976 2424 5030 etiam
2459 4972 2802 5044 tyrannidem
2837 4971 3046 5037 tollere,
3098 4971 3418 5040 conarique,
3459 4971 3507 5024 si
3552 4985 3706 5026 arces

2133 5079 2190 5124 et
2245 5066 2496 5136 praesidia
2528 5065 2646 5134 ejus
2677 5064 2964 5119 restituere
3013 5062 3241 5132 imperio
3291 5062 3589 5132 possimus.
3642 5061 3708 5118 Et

2135 5158 2221 5214 his
2271 5158 2434 5213 dictis
2475 5155 2768 5224 capessivit
2794 5155 3095 5224 negotium.
3133 5155 3212 5210 Ac
3240 5155 3475 5224 primum
3511 5154 3746 5210 itinerzr’

2135 5249 2372 5312 obsedit,
2413 5263 2480 5303 ne
2513 5248 2644 5318 quid
2675 5248 2730 5301 in
2762 5261 2916 5301 arces
2963 5260 3028 5301 ac
3074 5253 3254 5300 castra
3293 5244 3704 5302 Urselianorum

2133 5340 2324 5397 inferri
2353 5349 2693 5396 commeatus
2722 5347 2925 5408 posset.
2959 5336 3018 5391 Si
3048 5335 3141 5404 qui
3176 5350 3304 5391 vero
3333 5336 3456 5392 inde
3481 5336 3708 5407 pabula-

2138 5447 2253 5489 tum
2304 5443 2398 5488 aut
2450 5432 2527 5486 rei
2578 5431 2800 5486 alterius
2830 5431 3155 5485 necessariae
3193 5429 3498 5498 quaerenda:
3539 5445 3706 5485 causa

2133 5527 2396 5592 exissent,
2452 5537 2550 5578 cos
2593 5523 2734 5578 male
2784 5522 3044 5576 multatos
3093 5521 3409 5592 repellebat.
3466 5518 3706 5574 Ponebat

2131 5619 2296 5674 etiam
2328 5616 2559 5672 insidias
2604 5615 2740 5669 locis
2791 5613 3039 5678 idoneis,
3092 5627 3328 5681 moxque
3378 5609 3562 5664 missis
3608 5609 3702 5678 qui

2131 5709 2310 5778 palam
2357 5706 2655 5777 praedando
2685 5703 3055 5774 praesidiarios
3091 5702 3445 5761 lacesserent,
3475 5713 3572 5753 eos
3603 5700 3712 5752 hac.

2129 5809 2246 5858 arte
2277 5810 2458 5858 castro
2487 5797 2698 5855 elicitos
2727 5796 2780 5850 in
2813 5793 3043 5852 insidias
3071 5790 3441 5863 pertraltebat,
3483 5787 3538 5842 in
3577 5787 3708 5860 qui-
