4154 6450
534 397 640 466 135

1735 392 1783 451 Ν
1798 386 2155 451 lCEPHORI
2197 385 2566 447 BRYENNII

3689 380 3794 443 136

531 516 638 570 bus
668 510 1043 582 capiebantur.
1098 505 1210 561 lioc
1261 519 1405 575 saepe
1453 503 1623 558 variis
1677 502 1856 558 modis
1896 514 2110 568 semper

2232 500 2336 568 ιής.
2377 496 2622 566 Ἡμέρας
2655 493 2711 546 δὲ
2770 492 3062 560 διατρῖιζας
3119 497 3175 544 ἐν
3209 492 3494 563 ’Ᾱμασεῖᾳ,
3551 491 3645 544 καὶ
3693 491 3798 553 τὰς

534 605 764 660 feliciter
799 612 1062 657 tentatum
1098 600 1337 652 Francos
1367 599 1421 652 in
1457 610 1709 666 magnam
1742 610 1847 648 non
1879 605 2109 647 annonae

535 694 710 762 magis
739 708 904 761 quam
935 690 1150 746 consilii
1194 689 1432 758 inopiam
1461 687 1718 756 coniecit,
1747 692 1935 739 noster
1961 683 2107 737 enim

534 783 620 838 his
653 785 706 836 in
733 798 828 838 eos
855 780 1295 852 grassationibus
1325 779 1546 833 incertis
1594 786 1649 830 et
1699 771 2112 830 inobservabili-

532 873 632 925 bus
665 874 960 927 momentis
987 871 1265 932 utebatur,
1307 867 1602 938 aliquando
1634 865 1860 919 alternis
1895 863 2109 922 diebus,

537 979 928 1034 nonnunquam
991 963 1080 1017 die
1132 963 1323 1023 tertio,
1389 959 1661 1013 interdum
1724 965 1958 1024 quatuor
2019 961 2113 1006 aut

2217 591 2402 652 πόλεις
2452 589 2674 648 ἁπάσας
2723 587 3097 651 καταστήσας,
3130 584 3224 639 καὶ
3276 586 3500 655 εἰρήνην
3573 583 3800 653 βαθεῖαν

2216 681 2556 743 καταλιπὼν,
2606 681 2701 732 καὶ
2745 681 2857 740 τοῖς
2908 679 3043 730 πᾶσι
3072 679 3305 747 δειχθεὶς
3351 675 3797 747 ἐρασμιώτατος,

2219 771 2443 841 ἐξῆλθεν
2498 770 2712 823 ἐκεῖθεν
2765 770 2904 837 μετά
2961 769 3159 837 κρότου
3225 770 3318 820 καὶ
3364 767 3654 837 εὐφημιῶν
3713 765 3800 815 ὅτι

2221 862 2488 915 πλείστων
2535 859 2875 928 ἐπαγόμενος
2927 857 3046 928 μεθ’
3097 857 3291 910 ἑαυτοῦ
3335 857 3429 909 καὶ
3473 857 3562 908 τὸν
3592 853 3791 921 Οὑρσέο

2220 952 2353 1005 λιον.

533 1057 781 1124 quinque
835 1056 1032 1110 diebus
1087 1053 1428 1123 interpositis
1460 1066 1557 1105 eos
1608 1051 1921 1103 incursans.
1958 1044 2140 1099 Pressi
2181 1057 2310 1113 ergo
2369 1041 2548 1111 inopia
2577 1040 2686 1110 92
2712 1051 2900 1111 etquo
2931 1056 2990 1095 se
3044 1050 3313 1095 verterent
3365 1040 3554 1094 incerti
3600 1037 3691 1109 qui
3743 1035 3804 1091 in

535 1147 809 1218 praesidiis
841 1155 1000 1200 erant
1049 1161 1107 1200 se
1159 1154 1213 1199 et
1261 1159 1414 1197 arces
1461 1157 1590 1196 suas
1643 1141 1830 1194 Alexio
1880 1138 2114 1193 Romani
2154 1135 2433 1190 exercitus
2505 1132 2718 1187 ductori
2786 1132 3108 1186 dediderunt
3157 1133 3435 1202 plerique;
3471 1133 3562 1186 alii
3592 1135 3807 1185 exhau-

535 1251 651 1294 Stas
704 1239 870 1292 rebus
918 1237 1174 1290 omnibus
1217 1250 1371 1288 arces
1425 1234 1792 1303 relinquentes
1841 1230 2114 1298 fugerunt.
2163 1226 2315 1281 Unde
2381 1224 2610 1293 contigit
2638 1223 2885 1277 omnium
2957 1239 3144 1278 earum
3201 1235 3476 1293 petentem
3525 1224 3636 1277 fieri
3675 1223 3806 1275 Ale-

539 1336 714 1388 xium.
747 1331 848 1398 Qui
884 1345 1090 1401 paucos
1127 1330 1252 1384 inde
1277 1328 1395 1383 dies
1465 1329 1712 1382 Amaseze
1737 1335 2006 1389 moratus,
2065 1321 2378 1378 constitutis
2411 1319 2574 1374 rebus
2634 1318 2914 1372 civitatum
2979 1318 3319 1379 vicinarum,
3367 1325 3421 1368 et
3474 1315 3802 1385 profundam

537 1431 594 1481 in
655 1425 762 1479 illis
817 1423 1063 1491 partibus
1122 1435 1310 1489 pacem
1371 1419 1686 1488 relinquens
1755 1419 2113 1499 omniumque
2170 1427 2383 1468 amores
2437 1425 2622 1467 secum
2662 1409 2842 1464 ferens
2888 1410 3021 1463 abiit
3086 1409 3277 1478 plausu
3307 1407 3806 1468 etacclamationi-

540 1522 640 1574 bus
672 1516 919 1571 onmium
955 1513 1256 1577 deductus,
1291 1513 1503 1567 ducens
1547 1529 1677 1567 vero
1725 1528 1915 1567 secum
1943 1511 2235 1567 Urselium.

605 1652 698 1705 ‘25.
744 1649 1044 1704 Transiens
1093 1658 1278 1703 autem
1331 1664 1426 1716 per
1456 1647 1880 1718 Paphlagoniam
1915 1647 2005 1701 ubi
2035 1647 2121 1700 vi-

533 1748 695 1801 cinus
735 1742 840 1796 fuit
869 1740 1054 1796 domui
1091 1739 1327 1795 Doceani
1358 1738 1630 1793 Theodori
1671 1739 1775 1794 viri
1825 1739 2022 1793 nobilis
2069 1735 2146 1791 et'

2288 1643 2388 1699 κε’.
2440 1641 2603 1696 Διιὼν
2654 1641 2709 1695 δὲ
2751 1641 2840 1693 διά
2901 1638 3280 1708 Παφλαγονίας
3316 1638 3506 1710 ἐπειδὴ
3575 1638 3814 1706 ἔγγιστα

2227 1738 2422 1805 γέγονε
2457 1735 2556 1804 τῆς
2579 1735 2755 1797 οἰκίας
2789 1731 2884 1785 τοῦ
2935 1732 3226 1784 Δοκειανοῦ
3267 1730 3569 1801 Θεοδώρου,
3608 1733 3815 1803 ἀνδρὸς

540 1835 824 1904 locupletis
866 1831 1242 1902 sanguineque
1275 1831 1465 1885 Alexio
1503 1831 1806 1900 conjuncti,
1856 1822 2121 1884 nam‘hic

2232 1830 2334 1882 τῶν
2371 1822 2431 1879 εὖ
2474 1827 2778 1895 γεγονότων
2812 1825 2905 1877 καὶ
2957 1823 3172 1892 πλούτῳ
3227 1821 3522 1892 κομώντων
3554 1824 3650 1876 καὶ
3681 1825 3815 1878 καθ’

539 1929 683 1980 filius
723 1936 836 1980 erat
880 1923 1089 1979 sororis
1125 1925 1293 1992 patris
1343 1923 1532 1977 illius:
1585 1932 1642 1976 nt
1689 1937 1819 1992 ergo
1866 1922 2121 1992 cognorit

543 2016 830 2069 Doceanus
879 2014 1132 2068 Alexium
1182 2010 1496 2075 adventare,
1530 2012 1771 2064 occurrit
1801 2010 1874 2064 illi
1904 2010 2118 2062 obviam

541 2104 702 2170 longe
729 2118 792 2157 ac
824 2118 947 2157 eum
981 2115 1174 2170 magna
1200 2099 1463 2153 charitate
1490 2098 1809 2167 complexus
1845 2095 2119 2149 salutavit.

539 2195 680 2250 Cum
712 2205 895 2248 autem
931 2194 1263 2263 respexisset
1291 2187 1590 2254 Urselium,
1635 2199 1688 2243 et
1739 2187 1964 2241 fasciam
2006 2184 2122 2253 ejus

539 2288 719 2342 oculis
758 2286 1068 2356 impositam
1110 2284 1353 2346 vidisset,
1405 2283 1595 2335 dolore
1647 2294 1844 2349 magno
1898 2278 2124 2331 aﬂ‘eetus

542 2389 632 2434 est
685 2393 784 2432 nec
832 2387 1016 2432 tenere
1047 2391 1106 2431 se
1144 2375 1316 2444 potuit
1349 2374 1481 2444 quin
1521 2373 1776 2426 Alexium
1824 2371 2118 2432 incusaret,

543 2470 693 2540 quod
721 2467 899 2522 virum
927 2468 1062 2520 adeo
1095 2466 1292 2521 fortem
1340 2475 1394 2521 et
1438 2466 1528 2534 qui
1571 2466 1838 2534 potuisset
1887 2465 2119 2518 multum

548 2561 812 2631 prodesse
843 2560 920 2612 rei
956 2557 1216 2612 Romanae
1263 2559 1434 2614 oculis
1477 2558 1762 2628 prirasset.
1815 2558 1906 2611 Ille
1943 2567 2123 2610 autem

548 2652 792 2722 prudens
819 2651 956 2704 alias
985 2658 1040 2704 et
1069 2649 1381 2704 moderatus
1417 2649 1471 2702 in
1504 2664 1758 2703 sermone
1805 2650 1999 2718 suique
2029 2663 2128 2717 po—

551 2755 673 2798 tens
711 2744 764 2796 in
796 2740 1230 2808 dissimulando,
1280 2740 1426 2810 quod
1476 2742 1719 2794 nondum
1755 2749 1972 2810 putaret
2006 2755 2126 2794 esse

546 2844 823 2889 maturum
853 2832 1106 2902 prodere,
1152 2831 1233 2886 sic
1267 2840 1550 2886 mansuete
1581 2846 1646 2886 ac
1674 2833 1942 2886 renidenti
1973 2833 2125 2886 vultu

537 2927 596 2978 ei
635 2921 916 2992 respondit
946 2939 960 2974 :
1019 2937 1038 2970 ι
1070 2920 1284 2974 Causas
1330 2921 1570 2990 quidem,
1609 2921 1892 2975 matruelis
1929 2922 2026 2986 mi,
2057 2921 2128 2974 ob

545 3030 685 3083 quas
713 3016 799 3068 hic
828 3012 1004 3068 oculis
1055 3013 1301 3082 privatus
1347 3022 1451 3074 est,
1491 3014 1796 3080 exponendi
1835 3029 1978 3066 nunc
2015 3028 2127 3066 non

546 3114 633 3161 est
661 3115 898 3174 tempus,
924 3103 1014 3157 ubi
1052 3113 1230 3156 tamen
1262 3101 1486 3157 domum
1519 3104 1930 3172 pervenerimus
1953 3113 2006 3157 et
2027 3104 2125 3158 soli

545 3213 654 3252 una
677 3197 911 3261 erimus,
945 3209 1137 3248 omnes
1166 3192 1357 3248 audies
1382 3208 1575 3262 meque
1605 3201 1665 3247 ut
1697 3209 1858 3263 spero
1886 3196 1991 3249 isto
2017 3195 2127 3248 cri-

542 3291 692 3344 mine
722 3289 996 3342 absolves.
1027 3304 1048 3339 »
1081 3285 1216 3340 Cum
1248 3301 1379 3355 ergo
1419 3285 1580 3354 paulo
1626 3296 1748 3354 post
1780 3287 1998 3340 domum
2034 3301 2128 3339 ve-

545 3381 755 3435 nissent
785 3379 942 3449 equis
972 3377 1250 3432 exscensis
1275 3385 1330 3431 et
1353 3391 1589 3431 excusso
1609 3378 1829 3446 pulvere
1855 3377 1963 3448 93
1997 3378 2127 3430 lauti

549 3469 949 3525 accubuerunt.
1011 3466 1212 3536 Epulas
1269 3475 1450 3519 autem
1505 3465 1788 3520 Doceanus
1842 3467 2131 3535 magnifice

548 3569 928 3629 apparaverat.
965 3558 1092 3612 Post
1124 3557 1411 3627 prandium
1447 3572 1612 3612 manu
1643 3557 1972 3627 prehensum
2007 3559 2130 3611 Ale-

549 3654 672 3706 xius
711 3650 1015 3704 Doceanum
1050 3651 1102 3702 in
1134 3649 1391 3703 conclave
1430 3649 1585 3702 duxit
1619 3663 1730 3719 quo
1757 3649 1980 3702 clausus
2012 3647 2130 3703 fue-

547 3751 635 3796 rat
665 3741 930 3803 Urselius,
962 3757 1123 3809 quem
1171 3740 1336 3810 jussit
1379 3740 1595 3794 demere
1626 3741 1729 3794 sibi
1765 3739 1993 3794 fasciam
2027 3757 2130 3794 nn-

549 3831 792 3898 dareque
816 3831 1029 3882 oculos.
1055 3829 1146 3882 Ille
1169 3837 1352 3884 autem
1383 3829 1567 3882 subito
1590 3844 1893 3897 exsurgens
1918 3842 2129 3882 remmo

548 3923 669 3975 velo
692 3923 1020 3974 cernebatur
1047 3921 1306 3990 praeclare
1335 3921 1524 3974 videns
1554 3931 1607 3974 et
1641 3920 1953 3973 Doceanum
1985 3922 2131 3973 salu-

547 4015 718 4078 tabat,
767 4017 862 4082 qui
917 4029 976 4067 re
1025 4012 1553 4082 inexspectatissima
1601 4012 1911 4081 perculsus,
1938 4013 2131 4079 plenus

543 4106 728 4176 gaudii
759 4105 1085 4158 exclamavit
1129 4119 1192 4156 ac
1234 4105 1495 4172 inclttum
1533 4103 1854 4172 complexus
1878 4103 2128 4156 Alexium

547 4196 702 4248 labra
755 4203 808 4248 et
858 4209 1024 4264 genus
1054 4194 1424 4262 amabilesque
1466 4196 1584 4262 ejus
1624 4195 1810 4248 oculos
1853 4194 2131 4248 osculatus

545 4293 655 4350 est,
685 4283 856 4336 Macte
879 4325 893 4346 ,
926 4284 1181 4351 inquiens
1218 4295 1272 4336 et
1301 4300 1429 4338 voce
1460 4300 1654 4353 magna
1686 4285 1928 4339 iterans:
1960 4283 2132 4337 Macte

546 4372 653 4426 ista
690 4373 888 4425 virtute
925 4373 1215 4440 indoleque
1240 4373 1402 4440 digna
1430 4374 1596 4442 gloria
1632 4387 1920 4443 parentum
1955 4376 2046 4444 qui
2081 4389 2132 4428 te

547 4465 871 4516 eduxerunt.
910 4463 1020 4517 Nec
1066 4465 1235 4517 ullum
1286 4466 1444 4518 ﬁnem
1477 4466 1709 4520 faciebat
1735 4468 2127 4522 commendan-

547 4555 629 4606 (ιω
659 4553 1013 4607 humanitatis
1046 4555 1236 4623 lepida:
1269 4556 1503 4610 lictiunis
1539 4558 1758 4626 ingenio
1789 4560 1983 4613 mistaz.

619 4685 713 4737 25.
758 4683 962 4740 Triduo
1013 4687 1083 4740 ibi
1139 4689 1481 4757 hospitaliter
1509 4690 1726 4745 habitus
1757 4691 1980 4746 ulterius
2012 4709 2136 4762 pcr-

549 4779 691 4830 rexit
729 4793 919 4832 versus
949 4795 1103 4833 mare
1130 4778 1416 4835 Ponticum
1441 4793 1444 4798 '
1466 4783 1821 4839 descendens.
1855 4784 1990 4839 Cum
2034 4802 2135 4838 au—

553 4879 658 4922 tent
697 4872 841 4924 circa
886 4872 1270 4926 Castamonem
1309 4875 1678 4942 pervenisset,
1727 4878 1931 4946 cupivit
1962 4879 2138 4933 visere

553 4960 640 5012 avi
694 4963 937 5014 domum.
980 4960 1159 5018 Jussis
1213 4965 1380 5030 igitur
1434 4980 1597 5034 porro
1649 4983 1871 5037 pergere
1923 4970 2138 5024 cunctis

553 5052 669 5118 ipse
712 5066 836 5104 cum
887 5055 1078 5119 paucis
1110 5054 1406 5108 declinavit
1452 5071 1482 5109 e
1532 5057 1640 5111 via.
1687 5057 1975 5128 Ingressus
2012 5076 2140 5113 vero

553 5143 800 5206 domum,
830 5159 953 5196 cum
1008 5145 1156 5198 illam
1202 5148 1604 5203 habitatoribus
1636 5165 1862 5204 vacuam
1893 5153 2137 5217 vidisset,

553 5233 747 5301 plenus
782 5234 1038 5303 laerymis
1069 5243 1124 5290 et
1157 5239 1412 5306 suspiriis
1445 5253 1564 5294 erat
1594 5242 1915 5296 memoriam
1945 5260 2138 5314 proge-

555 5326 794 5376 nitorum
826 5340 1051 5378 suorum
1085 5329 1334 5383 recolens
1363 5347 1378 5382 :
1411 5345 1511 5385 nec
1540 5335 1645 5386 nisi
1668 5333 1717 5386 vi
1747 5337 1982 5402 quadam
2019 5337 2140 5390 inde

555 5435 584 5468 a
619 5416 914 5472 comitibus
941 5419 1166 5472 avulsus
1197 5423 1452 5485 recessit,
1481 5425 1702 5492 quando
1732 5436 1785 5479 et
1816 5441 2010 5495 parum
2047 5432 2142 5479 ah-

557 5507 657 5559 fuit
691 5509 822 5575 quin
857 5510 1122 5564 incideret
1171 5513 1225 5566 in
1284 5512 1518 5568 insidias
1547 5517 1875 5571 'l‘ureorutn.
1911 5518 2015 5572 Sed
2048 5520 2140 5586 qui

559 5601 700 5652 circa
735 5601 912 5669 ipsum
949 5614 1105 5656 erant
1137 5603 1210 5657 ita
1245 5620 1541 5675 properare
1566 5618 1879 5677 coegerunt,
1919 5620 1978 5662 ut
2012 5612 2144 5664 satis

566 5700 776 5744 mature
828 5708 1053 5746 suorum
1107 5699 1312 5764 agmini
1365 5715 1424 5753 sc
1478 5703 1746 5753 misceret.
1778 5700 2146 5770 Transgresso

563 5797 724 5848 por-.0
755 5786 1038 5853 angustias
1083 5800 1136 5841 et
1174 5792 1317 5845 circa
1370 5809 1515 5846 mare
1566 5793 1919 5847 descendenti
1952 5811 2143 5849 versus

2224 1915 2366 1989 αἷμα
2421 1917 2501 1988 τῷ
2583 1915 3035 1986 στρατοπεδάρχῃ
3097 1916 3465 1983 προσήκοντος
3525 1917 3650 1985 (τῆς
3696 1919 3765 1982 τὰ
3781 1934 3817 1986 ρ

2224 2007 2460 2078 ἀδελοιζῆς
2502 2006 2593 2060 τοῦ
2625 2006 2830 2076 πατρὸς
2863 2005 3071 2056 ἐκείνου
3104 2005 3232 2065 παῖς
3266 1998 3334 2072 ἦν
3373 1997 3573 2073 οὗτος),
3603 2006 3677 2066 ὡς
3706 2024 3817 2060 κα·-

2223 2100 2643 2171 ταλαμδάνοντα
2663 2097 2852 2151 τοῦτον
2886 2097 3190 2165 ἐμάνθανεν
3211 2097 3239 2148 ὁ
3266 2097 3551 2158 Δοκειανὸς
3580 2099 3811 2169 ἀπήντα

2229 2193 2506 2263 μακρόθεν
2555 2192 2649 2244 καὶ
2681 2189 3085 2260 κατησπάζετο.
3116 2188 3430 2251 Ἐκτενίσας
3459 2189 3515 2242 δὲ
3539 2192 3633 2241 καὶ
3665 2191 3815 2262 πρὸς

2225 2285 2316 2337 τὸν
2345 2284 2641 2351 Ούρσέλιον
2673 2286 2766 2336 καί
2807 2283 2869 2334 τὸ
2896 2282 3163 2351 κάλυμμα
3225 2282 3560 2351 θεασάμενος
3597 2283 3659 2336 τὸ
3690 2287 3818 2347 τοῖς

2225 2375 2525 2445 ὀφθαλμοῖς
2560 2373 2726 2428 αὐτοῦ
2755 2373 3104 2442 ἐπικείμενον
3130 2371 3308 2442 λύπης
3346 2373 3678 2442 πεπλήρωτο
3708 2374 3816 2426 καὶ

2226 2469 2412 2522 οὐκέτι
2463 2467 2729 2529 καθεκτὸς
2781 2461 2872 2537 ἦν,
2954 2466 3091 2518 ἀλλὰ
3164 2465 3256 2518 τὸν
3324 2467 3819 2536 στρατοπεδάρχην

2228 2560 2503 2624 ὠνείδιζεν
2525 2559 2600 2623 ὡς
2629 2560 2797 2630 ἄνδρα
2824 2561 3072 2626 γενναῖον
3096 2556 3244 2610 οὕτω
3276 2559 3368 2610 καὶ
3403 2559 3614 2627 μεγάλα
3647 2559 3820 2612 δυνά-

2231 2668 2393 2720 μενον
2424 2651 2494 2704 τα
2532 2651 2818 2720 Ῥωμαίων
2839 2649 3126 2720 ὠφελῆσαι
3154 2651 3457 2720 πράγματα
3487 2651 3595 2702 τῶν
3623 2651 3818 2721 ὀμμά-

2228 2758 2337 2793 των
2374 2742 2852 2810 ἀποστερήσαντα.
2929 2740 2986 2790 Ὀ
3027 2740 3082 2791 δὲ
3134 2741 3388 2810 ἐπιεικής
3417 2757 3477 2792 τε
3513 2740 3688 2802 άλλως
3730 2740 3816 2793 ὢν

2230 2833 2326 2886 καὶ
2354 2831 2525 2895 δεινὸς
2561 2832 2855 2885 συσκιάσαι
2881 2833 3114 2901 πρᾶγμα
3139 2833 3234 2883 καὶ
3267 2832 3342 2900 μὴ
3363 2833 3573 2902 ταχέως
3608 2834 3812 2899 ἐκφαί-

2230 2940 2364 2991 νειν,
2401 2924 2591 2995 πρᾴως
2644 2923 2786 2975 οὕτω
2827 2923 2924 2976 καὶ
2958 2923 3208 2992 γαληνῶς
3257 2924 3393 2992 πρὸς
3427 2924 3632 2974 ἐκεῖνον
3654 2925 3818 2976 ἁντὲ·

2232 3031 2397 3085 φησε,
2432 3033 2451 3066 ι
2486 3015 2596 3077 Τάς
2629 3018 2729 3084 μὲν
2769 3014 2975 3076 αἰτίας,
3008 3012 3288 3081 ἐξάδελιρε,
3333 3014 3399 3066 δι’
3422 3014 3488 3076 ἃς
3513 3010 3668 3075 οὗτος
3701 3015 3814 3067 τῶν

2231 3106 2500 3176 ὀμμάτων
2536 3108 2848 3176 ἐστέρηται,
2868 3105 2928 3156 οὺ
2951 3103 3044 3156 νῦν
3067 3106 3184 3156 ἐστι
3209 3106 3400 3172 καιρὸς
3421 3104 3810 3172 ἀπαγγέλλειν·

2233 3197 2458 3249 ἐπειδὰν
2485 3197 2542 3249 δὲ
2571 3195 2828 3256 ἀπιόντες
2867 3194 3054 3246 οἶκαδε
3108 3196 3249 3248 κατὰ
3297 3196 3464 3265 μόνας
3493 3194 3810 3266 γενοίμεθα,

2233 3290 2358 3362 εἴσῃ
2375 3289 2574 3352 πάσας,
2609 3289 2701 3340 καί
2728 3304 2795 3358 με
2813 3287 3019 3354 ταχέως
3033 3286 3326 3350 ἀπολύσεις
3351 3287 3451 3355 τῆς
3476 3287 3758 3356 μέμψεως.
3793 3306 3810 3336 ι

2232 3382 2544 3442 Φοάσαντες
2567 3379 2661 3433 οὖν
2695 3379 2793 3448 τὴν
2822 3378 3004 3430 οἰκίαν
3031 3379 3126 3430 καὶ
3151 3379 3257 3429 τῶν
3286 3379 3470 3430 ἵππων
3503 3378 3818 3441 ἀποϐάντες

2234 3475 2326 3525 καὶ
2357 3471 2449 3524 τὸν
2480 3471 2759 3542 κονιορτὸν
2786 3469 3169 3534 ὲκτινάξαντες
3197 3471 3479 3542 ἠρίστουν,
3506 3469 3601 3522 τοῦ
3628 3471 3816 3522 ἑστιά-

2232 3583 2390 3636 τορος
2416 3566 2477 3618 τὸ
2499 3567 2716 3619 δεῖπνον
2739 3565 3037 3634 φιλοτίμως
3068 3567 3623 3636 προευτρεπίσαντος.
3660 3567 3819 3619 Μετά

2231 3659 2287 3710 δὲ
2318 3659 2378 3711 τὸ
2413 3658 2635 3729 ἄριστον
2686 3659 2787 3728 τῆς
2823 3659 3006 3727 χειρὸς
3060 3657 3360 3726 λαϐόμενος
3393 3658 3486 3710 τοῦ
3521 3656 3816 3711 Δοκειανοῦ

2230 3753 2259 3805 ὁ
2293 3750 2777 3822 στρατοπεδάρχης
2822 3754 2902 3812 εἰς
2947 3753 3006 3802 τὸ
3041 3750 3316 3819 δωμάτιον
3349 3751 3578 3803 εἴσεισιν
3613 3754 3668 3802 ἐν
3701 3741 3745 3816 ᾧ
3786 3756 3815 3802 ο

2171 3905 2174 3909 ,
2233 3844 2305 3894 Οὐ
2317 3843 2524 3913 ρσέλιος
2549 3843 2949 3909 ἑνεκέκλειστο,
2969 3844 3062 3895 καὶ
3082 3843 3369 3894 ἐκέλευσεν
3391 3842 3822 3895 ἀναπεταννύειν

2233 3934 2293 3985 τὸ
2322 3934 2609 4003 κάλυμμα.
2684 3935 2740 3987 Ὀ
2769 3935 2824 3986 δὲ
2857 3935 3018 3997 εὐθὺς
3070 3935 3318 4004 ἀνεπήδα
3344 3937 3435 3987 καὶ
3465 3937 3525 3987 τὸ
3552 3935 3817 4006 κάλυμμα

2233 4023 2612 4085 άναπεταννὺς
2643 4025 2824 4094 ὼρᾶτο
2858 4025 3071 4095 βλέπων
3106 4027 3201 4077 καὶ
3236 4025 3328 4078 τὸν
3362 4028 3647 4078 Δοκειανὸν
3680 4044 3816 4079 κατ-

2233 4115 2532 4184 ησπάζετο.
2589 4116 2648 4168 Ὀ
2713 4116 2770 4168 δὲ
2827 4116 2903 4186 τῷ
2951 4117 3204 4187 αἰφνιδίῳ
3253 4119 3674 4188 κατεπέπληκτο
3723 4122 3820 4172 ναὶ

2237 4207 2454 4277 πλήρης
2504 4211 2783 4279 χαρμονῆς
2822 4211 3090 4278 ἐγεγόνει,
3119 4212 3212 4263 καὶ
3266 4211 3358 4264 τὸν
3406 4212 3615 4265 κλεινὸν
3657 4229 3822 4283 περι-

2237 4297 2464 4358 πλακεὶς
2491 4297 2579 4367 [Ρ.
2605 4297 2697 4369 65]
2735 4299 2974 4362 Ἀλέξιον
2997 4299 3445 4370 κατεφίλειχείλη
3469 4304 3562 4355 καὶ
3588 4304 3823 4372 παρειὰς

2239 4388 2336 4439 καὶ
2370 4377 2494 4450 τους
2531 4389 2816 4457 χαρίεντας
2848 4389 3187 4458 ὀφθαλμοὺς,
3219 4394 3312 4443 καὶ
3345 4394 3487 4461 μέγα
3511 4393 3642 4446 ἐϐόα
3672 4393 3824 4458 ἄξιον

2240 4476 2384 4532 εἶναι
2413 4481 2522 4531 τῶν
2556 4481 2910 4548 προαγόντων
2953 4481 3045 4533 τοῦ
3077 4482 3198 4534 νέου
3239 4485 3299 4535 τὸ
3331 4485 3612 4555 φρόνημα,
3646 4487 3826 4540 καὶτὸ

2243 4567 2428 4638 δρᾶμα
2465 4568 2676 4640 ἐπῄνει,
2717 4571 2814 4622 καὶ
2838 4571 2936 4641 τὴν
2973 4573 3180 4643 σκηνὴν
3221 4573 3522 4646 ἐθαύμαζε.

2312 4707 2428 4764 κς’.
2479 4701 2671 4771 Τρισὶν
2732 4702 2827 4755 οὖν
2888 4703 3125 4774 ἡμέραις
3181 4707 3269 4758 ἐπ’
3311 4707 3462 4777 αὐτῷ
3494 4705 3746 4772 ξενωθεὶς
3795 4713 3825 4763 ὁ

2247 4794 2730 4863 στρατοπεδάρχης
2779 4794 2923 4864 ἐξῄει
2981 4800 3076 4848 καὶ
3110 4797 3300 4866 κατῄει
3337 4798 3411 4860 ὡς
3470 4800 3564 4850 ἐπὶ
3599 4801 3697 4870 τὴν
3728 4802 3824 4853 τοῦ

2244 4884 2449 4936 Πόντου
2483 4884 2779 4938 θάλασσαν.
2818 4887 2955 4956 Περὶ
2998 4887 3056 4939 δὲ
3085 4889 3182 4956 τὴν
3216 4889 3554 4958 Κασταμόνα
3594 4893 3826 4960 γενόμε-

2245 4993 2354 5039 νος,
2386 4977 2702 5046 ἐπεθύμησε
2733 4977 2830 5049 τὴν
2863 4979 2955 5031 τοῦ
2993 4982 3218 5034 πάππου
3253 4982 3430 5035 οἰκίαν
3457 4983 3603 5036 ἰδεῖν.
3637 4985 3828 5054 [lapa-

2245 5069 2622 5138 καλεσάμενος
2648 5068 2740 5122 οὖν
2780 5072 3001 5124 ἀπιέναι
3041 5073 3248 5134 πάντας
3289 5074 3451 5136 αὐτὸς
3488 5076 3606 5143 μετ’
3629 5077 3828 5142 ὀλίγων

2246 5160 2516 5212 ἀπένευσε
2545 5163 2643 5230 τῆς
2674 5162 2815 5215 ὀδοῦ.
2862 5163 3042 5227 Ἐντὸς
3076 5165 3134 5217 δὲ
3173 5164 3377 5233 ταύτης
3412 5167 3701 5236 γενόμενος
3733 5168 3829 5219 καὶ

2248 5249 2456 5318 ἔρημον
2495 5250 2698 5320 ταύτην
2737 5253 2846 5304 τῶν
2895 5255 3188 5308 οἰκούντων
3228 5253 3351 5308 ἰδὼν
3378 5257 3628 5328 δακρύων
3660 5258 3830 5327 ἐπλη-

2250 5345 2410 5414 ροῦτο
2466 5346 2561 5397 καὶ
2607 5350 2949 5418 στεναγμῶν,
2994 5353 3052 5402 ὲν
3117 5353 3306 5422 μνήμῃ
3366 5354 3658 5418 γενόμενος
3718 5355 3829 5406 τῶν

2249 5435 2416 5487 αὐτοῦ
2442 5440 2806 5508 γεννητόρων.
2838 5441 2938 5510 Βία
2969 5443 3014 5494 δ’
3047 5444 3260 5495 ἐκεῖθεν
3288 5445 3666 5505 ἀποσπασθεὶς
3690 5443 3826 5512 πρὸς

2249 5526 2358 5576 τῶν
2395 5527 2675 5596 ἑπομένων
2731 5532 2920 5598 ἀπῄει,
2955 5531 3046 5582 ὅτε
3102 5533 3298 5600 μικροῦ
3356 5533 3465 5584 δεῖν
3525 5532 3827 5602 ἐνηδρεύθη

2250 5618 2403 5686 παρὰ
2434 5619 2542 5672 τῶν
2601 5621 2885 5690 Τούρκων,
2939 5624 2989 5674 εί
3043 5623 3117 5694 μὴ
3176 5626 3381 5693 ταχέως
3416 5626 3575 5676 αὑτὸν
3617 5627 3666 5676 οἱ
3701 5629 3832 5694 περὶ

2253 5710 2417 5762 αὑτὸν
2452 5713 2874 5777 ἀποσπάσαντες
2924 5717 3219 5785 συνέμιξαν
3251 5719 3362 5778 τοῖς
3415 5718 3643 5779 λοιποᾶ.
3678 5717 3832 5768 Διελ-

2253 5802 2397 5856 θόντι
2447 5805 2502 5857 δὲ
2552 5808 2677 5868 τοὺς
2731 5811 3040 5872 στενωποὺς
3066 5813 3159 5865 καὶ
3211 5811 3359 5881 παρὰ
3407 5811 3505 5879 τὴν
3555 5810 3834 5862 θάλασσαν
