4154 6432
383 407 483 475 131

1598 403 2153 472 HISTORIARUM
2189 407 2337 469 LIB.
2379 407 2466 469 Η.

3577 398 3680 466 138

388 513 634 572 κατιόντι
662 513 804 587 πρὸς
840 514 945 588 τὴν
984 515 1316 588 Ἡράκλειαν
1335 515 1364 569 6
1394 513 1636 588 Μαύρηξ
1662 516 1776 588 (5i)
1806 517 1984 589 ἀπήν-

2108 515 2407 572 leracleam
2433 514 2659 571 Maurex
2704 515 2985 583 occurrit,
3036 514 3121 572 vir
3170 528 3284 570 non
3338 513 3429 569 ille
3453 512 3709 584 quidem

390 626 483 678 τα,
509 607 650 681 ἀνὴρ
681 609 749 663 οῦ
783 608 901 663 τῶν
935 606 997 664 εὖ
1040 609 1367 681 γεγονότων,
1405 608 1669 682 ἐντρεχὴς
1717 609 1776 664 δὲ
1806 609 1985 676 ἄλλως

390 701 491 756 καὶ
514 702 716 774 πεῖραν
752 699 866 756 τῶν
889 701 1036 757 κατὰ
1059 702 1333 758 θάλατταν
1371 700 1517 773 ἔχων
1562 702 1647 756 ὅτι
1698 702 1982 775 πλείστην.

392 794 490 848 Διὸ
515 793 578 866 δὴ
601 794 697 848 καὶ
755 793 1044 866 βασιλεῦσι
1115 794 1409 866 Ῥωμαίων
1465 795 1766 864 ἀναγκαῖος
1801 794 1983 850 ἐδόκει

394 886 496 942 καὶ
523 884 737 940 πολλῶν
767 884 1023 956 ἀπήλαυε
1051 883 1162 939 τῶν
1191 885 1253 949 ἐξ
1301 884 1483 940 αὐτῶν
1513 884 1883 955 δωρηματων,
1910 888 1988 950 ὥς

396 977 501 1034 καὶ
535 977 768 1033 πλοῦτον
789 977 1101 1050 κτήσασθαι
1134 977 1388 1032 πλεῖστον
1415 979 1511 1034 καὶ
1537 978 1742 1034 δούλων
1775 978 1988 1050 πλῆθος

397 1072 500 1127 καὶ
528 1069 639 1124 τῶν
664 1069 845 1124 ἄλλων
880 1068 1306 1141 ὑπηρετούντων
1341 1072 1471 1144 περὶ
1514 1072 1582 1127 τὰ
1612 1071 1990 1143 στρατιωτικά

401 1165 504 1217 καὶ
529 1162 709 1217 οἰκίαν
739 1163 1025 1234 ἀνεγεῖραι
1055 1162 1343 1236 λαμπράν.
1376 1164 1727 1236 Ἀπαντήσας
1757 1161 1804 1216 δ’
1832 1155 1990 1227 οὗτος

398 1255 557 1324 ἠξίου
589 1253 994 1327 ἐπιξενωθῆναί
1020 1255 1094 1323 οί,
1126 1257 1156 1310 ὁ
1198 1256 1243 1310 δ’
1269 1256 1538 1314 ἐπείθετο.
1599 1255 1753 1310 Ἐπεὶ
1775 1254 1835 1308 δὲ
1859 1254 1991 1326 περὶ

399 1346 504 1420 τὴν
549 1346 882 1420 Ἡράκλειαν
917 1348 1192 1417 ἐγένοντο,
1229 1349 1390 1421 ἐπῄει
1452 1350 1723 1422 πρότερον
1763 1364 1992 1418 στρατο-

400 1440 683 1511 πεδάρχης
717 1441 814 1496 ἐπὶ
863 1440 956 1495 τὸν
1002 1442 1426 1514 ἀχειροποίητον
1480 1443 1582 1513 τῆς
1634 1444 1990 1515 Θεομήτορος

398 1531 551 1597 ναὸν,
597 1533 657 1586 ἐν
685 1526 731 1601 ᾧ
758 1532 827 1587 τὰ
866 1535 1204 1607 χαριστήρια
1230 1532 1481 1588 ἐτεθύκει
1509 1534 1590 1606 τῷ
1625 1535 1848 1592 πάντων
1878 1536 1993 1588 Σω-

399 1624 531 1699 τῆρι
561 1626 658 1680 καὶ
685 1625 883 1681 τούτου
926 1625 1167 1700 Μητέρι.
1213 1621 1329 1682 Εἶτ’
1364 1627 1687 1700 ἐπεξενίσθη
1724 1629 1804 1702 τῷ
1831 1630 1991 1687 Μαύ-

403 1736 560 1791 ρηκι.
1164 1726 1180 1739 ‘

477 1808 582 1875 κζ’.
629 1808 722 1864 Ἐν
748 1809 861 1881 ὅσῳ
880 1809 940 1865 δέ
966 1807 1119 1881 αὐτῷ
1149 1808 1221 1864 τὰ
1251 1809 1393 1882 πρὸς
1419 1809 1521 1882 τὴν
1550 1809 1728 1876 ἔξοδον
1760 1813 1993 1886 ἡτοιμά.

2091 607 2314 683 nobilis,
2335 622 2549 679 gnavus
2582 618 2766 665 tamen
2798 615 2854 666 et
2879 615 3141 665 strenuus
3173 620 3449 676 usumque
3473 604 3686 660 habens

2088 700 2394 756 maximum
2422 700 2536 773 94
2560 701 2853 757 maritimae
2888 702 2999 768 rei;
3030 714 3204 772 quare
3248 697 3682 769 imperatoribus

2089 792 2357 850 Romanis
2388 793 2740 850 necessarius
2771 792 3081 860 videbatur,
3101 792 3291 848 multis
3330 805 3522 847 eorum
3558 790 3683 845 ideo

2090 884 2250 942 donis
2283 894 2478 942 auctus
2502 928 2519 954 ,
2552 886 2698 942 unde
2729 885 2953 942 divitias
3004 891 3355 955 compararat
3393 880 3682 953 plurimas,

2091 984 2146 1032 et
2177 976 2584 1033 multitudinem
2632 992 2920 1033 servorum
2973 977 3324 1047 aliorumque
3352 975 3402 1031 ei
3431 974 3484 1029 in
3516 974 3684 1033 rebus

2092 1067 2304 1125 bellicis
2325 1069 2772 1139 obsequentium,
2788 1076 2846 1125 et
2863 1068 3088 1126 domum
3109 1067 3450 1139 splendidam
3472 1075 3687 1121 exstru-

2091 1166 2268 1215 xerat.
2297 1159 2398 1216 llic
2441 1161 2660 1217 obviam
2712 1175 3038 1233 progressus
3080 1160 3308 1231 rogabat
3335 1160 3591 1221 Alexium
3624 1166 3713 1212 ut-

2092 1253 2236 1323 apud
2277 1268 2338 1309 se
2371 1253 2644 1310 diversari
2691 1254 3033 1324 dignaretur,
3089 1252 3239 1323 quod
3288 1250 3383 1306 ille
3436 1249 3683 1305 admisit.

2098 1339 2201 1398 Ubi
2229 1357 2360 1399 vero
2388 1341 2707 1400 Heracleam
2742 1353 2968 1400 ventum
3016 1353 3129 1410 est,
3163 1352 3294 1400 ante
3338 1343 3523 1398 omnia
3553 1341 3687 1396 Ale-

2093 1435 2220 1491 xius
2261 1436 2330 1491 ad
2381 1437 2642 1508 templum
2681 1437 2928 1507 Deipara:
2981 1451 3093 1492 non
3150 1451 3318 1490 manu
3369 1434 3577 1491 factum
3627 1449 3689 1489 se

2095 1527 2326 1585 contulit
2355 1528 2541 1599 ibique
2579 1529 2785 1600 gratias
2815 1529 2925 1600 egit
2953 1526 3228 1584 Salvatori
3269 1535 3598 1582 cunctorum
3633 1535 3689 1580 et

2094 1619 2216 1692 ejus
2243 1618 2446 1690 latri;
2478 1631 2595 1678 tum
2622 1633 2884 1694 exceptus
2914 1629 3004 1678 est
3029 1620 3269 1692 hospitio
3302 1618 3596 1676 Maurecis.

2166 1797 2256 1855 27.
2289 1798 2373 1856 Illi
2400 1798 2598 1856 deinde
2623 1798 2752 1854 inde
2777 1797 2932 1854 abire
2962 1796 3182 1868 paranti
3203 1795 3521 1852 nuntiatum
3543 1793 3691 1850 Tur-

405 1902 554 1968 ζετο,
581 1903 900 1974 ἀπήγγελτο
952 1900 1237 1974 Τούρκους
1288 1902 1546 1959 κατιέναι
1576 1905 1659 1969 είς
1684 1906 1990 1976 προνομήν.

2108 1906 2192 1951 eos
2226 1894 2292 1950 ad
2319 1893 2535 1965 praedas
2574 1892 2816 1966 agendas
2859 1891 3236 1951 descendisse.
3268 1889 3390 1958 Qua
3430 1905 3566 1947 voce
3608 1890 3692 1947 sic

405 1996 517 2051 Τδν
550 1994 600 2049 δ’
631 1994 795 2058 εὐθὺς
822 1996 852 2049 6
878 1995 1040 2065 λόγος
1066 1995 1204 2066 πρὸς
1234 1993 1304 2049 τὰ
1330 1995 1472 2050 ὅπλα
1513 1995 1737 2068 ἐκίνησε
1789 1998 1992 2069 μᾶλλον

2108 1986 2166 2043 ιιι
2200 2002 2353 2044 arma
2379 1998 2565 2043 motus
2594 1995 2699 2054 est,
2735 1994 2798 2041 ut
2826 1985 2959 2042 olim
3004 1984 3162 2041 aiunt
3189 1982 3560 2059 Alexandrum
3591 1981 3691 2037 Ti-

403 2085 441 2158 ἦ
510 2086 608 2140 τὸν
665 2086 1045 2158 Ἀλέξανδρον,
1097 2086 1175 2151 ὥς
1228 2105 1386 2158 φασι,
1437 2087 1676 2160 πάλαιη
1725 2089 1993 2162 Τιμοθέου

2108 2078 2303 2139 mothei
2329 2078 2485 2135 tibia.
2519 2077 2782 2134 Armatus
2811 2077 2979 2150 igitur
3007 2091 3154 2149 equo
3198 2075 3458 2132 inscenso
3490 2075 3695 2146 prodiit

404 2181 664 2255 αὔλησις.
726 2180 1128 2254 Ὀπλισάμενος
1170 2181 1273 2237 οὖν
1324 2182 1422 2237 καὶ
1458 2182 1553 2236 τοῦ
1600 2181 1768 2237 ἵππου
1797 2184 1997 2249 ἐπιϐὰς

403 2273 556 2344 ἐξῄει
593 2274 692 2328 σὺν
721 2276 834 2337 τοῖς
884 2275 1017 2345 περὶ
1059 2272 1247 2328 αὐτόν.
1292 2272 1617 2328 Ξυνείποντο
1644 2273 1704 2328 δέ
1747 2276 1797 2328 οί
1828 2278 1921 2329 καὶ
1946 2277 1996 2330 οἰ

344 2350 357 2363 ’
404 2361 501 2416 τοῦ
517 2361 817 2434 Μαύρηκος
835 2362 1026 2434 ἄνδρες
1045 2361 1514 2434 ἐμπειροπόλεμοι
1532 2363 1627 2417 καὶ
1641 2367 1906 2432 γενναῖοι,
1922 2358 1998 2421 ὧν

408 2454 703 2526 κατάρχων
718 2448 787 2522 ἦν
804 2455 834 2507 6
848 2454 1222 2525 Βουτουμίτης
1236 2454 1478 2527 Μιχαὴλ,
1498 2455 1640 2528 ἀνὴρ
1659 2457 1857 2528 μικρὸς
1875 2458 1995 2529 μὲν,

408 2545 486 2610 ὥς
513 2561 679 2617 φησιν
716 2545 990 2619 Ὅμηρος,
1030 2547 1201 2618 δέμας
1246 2546 1387 2602 ἀλλὰ
1432 2548 1709 2621 μαχήτης.
1752 2551 1894 2605 Ἀλλ’
1947 2553 2000 2606 oi

409 2636 651 2709 Τοῦρκοι
681 2637 966 2711 πόρρωθεν
989 2639 1213 2705 τούτους
1246 2641 1447 2706 ἰδόντες
1471 2643 1568 2698 καὶ
1592 2643 1692 2714 τὴν
1711 2644 2001 2716 ἀστραπὴν

409 2728 524 2784 τῶν
556 2728 740 2785 ὅπλων
767 2730 865 2784 καὶ
900 2732 962 2785 τδ
978 2731 1079 2803 τῆς
1099 2731 1311 2800 τάξεως
1356 2731 1633 2806 εῦρυθμον
1655 2737 1753 2790 καὶ⁸
1803 2737 1865 2791 τδ
1900 2739 2003 2805 τῆς

412 2824 593 2895 όρμῆς
625 2823 1003 2878 ἀνυποστατον
1033 2825 1536 2897 μὴηδπενεγκόντες
1563 2826 1799 2898 ἔφευγον
1826 2829 2004 2900 ἀκρα-

412 2912 547 2977 τῶς.
587 2914 654 2968 οι
677 2913 734 2968 δέ
768 2915 964 2987 πόρρω
981 2913 1206 2980 τούτους
1227 2915 1334 2971 τῶν
1364 2917 1528 2988 ὁρίων
1556 2916 1780 2971 ἐκείνων
1797 2916 2005 2973 ἀπελά-

417 3024 615 3070 σαντες
656 3009 755 3064 καὶ
806 3007 1210 3073 καταϐαλόντες
1238 3009 1413 3075 ἐνίους
1455 3008 1789 3082 ἐπανῄεσαν.
1821 3009 2007 3079 Ἤσθη

414 3098 498 3171 τῷ
536 3098 799 3171 παρέργῳ
826 3099 929 3172 τῆς
961 3099 1107 3154 κατὰ
1149 3098 1384 3172 πάροδον
1423 3101 1582 3170 νίκης
1611 3101 1641 3154 6
1671 3099 2008 3173 στρατοπεδ-

414 3193 599 3265 άρχης
646 3192 741 3247 καὶ
789 3191 1045 3246 ἐϐούλετο
1088 3193 1381 3264 καρτερεῖν
1418 3191 1479 3245 ἐν
1522 3193 1637 3255 τοῖς
1689 3192 1789 3296 τῇς
1837 3190 2008 3263 Ἦρα-
2035 3243 2078 3301 c

415 3282 612 3347 κλείας
630 3283 822 3353 ὁρίοις,
840 3282 897 3337 εί
911 3297 1018 3336 που
1052 3283 1298 3354 ἐντυχεῖν
1346 3281 1604 3353 δυνηθείη
1633 3280 1900 3352 Τούρκοις
1926 3284 2007 3346 είς

417 3372 704 3444 προνομὴν
732 3370 1090 3426 κατελθοῦσιν
1115 3387 1131 3404 ο
1182 3370 1436 3425 ἐϐούλετο
1490 3371 1602 3443 γὰρ
1657 3370 1897 3442 αὐξῆσαι
1938 3371 2008 3426 τὰ

414 3466 665 3538 τρόπαια
714 3466 812 3519 καὶ
855 3463 1033 3528 οὕτως
1089 3464 1169 3528 εἰς
1218 3463 1317 3535 τὴν
1371 3463 1458 3536 [Ρ.
1484 3461 1579 3535 64]
1641 3462 2007 3533 μεγαλόπολιν

418 3553 725 3619 πένταθλος
758 3553 1030 3608 εἰσελθεῖν
1051 3552 1408 3624 στεφανίτης.
1455 3552 1598 3606 Ἀλλ’
1636 3553 1703 3607 ἐκ
1741 3552 2007 3623 βασιλέως

420 3645 748 3718 πεμφθέντα
788 3646 1096 3719 γράμματα
1153 3645 1251 3699 καὶ
1283 3643 1418 3708 ναῦς
1452 3645 1551 3698 σὺν
1588 3644 1809 3715 ἐρέταις
1838 3646 2010 3716 μονή-

423 3756 530 3811 ρης
586 3736 872 3793 ἐκώλυσαν
922 3737 1088 3793 αὐτὸν
1134 3735 1236 3808 τῆς
1266 3734 1466 3808 ὁρμῆς·
1508 3734 1762 3790 ἐκέλευον
1795 3736 1905 3809 γὰρ
1940 3735 2010 3791 τὰ

420 3830 734 3903 γράμματα
758 3828 1025 3884 εἰσελθεῖν
1043 3828 1126 3892 είς
1160 3826 1261 3899 τὴν
1312 3827 1447 3882 ναῦν
1487 3827 1586 3880 σὺν
1618 3825 1696 3895 τῷ
1728 3827 2010 3899 Ούρσελίῳ

421 3924 522 3976 καί
548 3924 758 3994 ταχέως
783 3922 886 3995 τὴν
911 3921 1164 3993 βασιλίδα
1194 3919 1552 3987 καταλαϐεῖν,
1585 3919 1663 3984 ὡς
1697 3919 2008 3991 ἐνεδρευόν-

419 4032 536 4069 των
571 4016 699 4086 περὶ
746 4014 847 4079 τὰς
908 4014 1118 4078 διόδους
1166 4012 1277 4068 τῶν
1329 4011 1610 4084 Τούρκων.
1665 4011 1727 4065 Ὀ
1775 4012 1875 4084 μὲν
1917 4008 2013 4067 οῦν

420 4107 604 4161 ἐποίει
635 4106 698 4159 τὸ
718 4095 1011 4161 κελευσθὲν
1048 4105 1145 4159 καὶ
1171 4103 1261 4160 διὰ
1288 4104 1391 4177 τῆς
1427 4104 1557 4175 νηὸς
1579 4100 1846 4176 ἠπείγετο
1874 4105 2010 4177 πρὸς

420 4201 529 4273 τὴν
579 4198 940 4271 Προποντίδα.
964 4197 1244 4270 Θρασκίου
1279 4196 1339 4252 δέ
1385 4196 1723 4261 πνεύσαντος
1750 4195 2013 4269 ἐξαίφνης

426 4290 665 4363 σφοδροῦ
698 4290 904 4363 μικροῦ
932 4289 1002 4346 ἂν
1035 4289 1348 4346 ἐκινδύνευε
1378 4288 1628 4361 ναυαγίῳ
1662 4291 2010 4359 περιπεσεῖν,

426 4385 479 4438 εί
514 4382 596 4454 μη
618 4381 918 4453 προφανῶς
949 4379 1143 4437 τοῦτον
1170 4383 1206 4454 ἡ
1225 4382 1530 4454 Θεομήτωρ
1549 4379 1822 4453 ἐρρύσατο
1847 4397 1862 4412 ⁸
1895 4380 2014 4451 ἅμα

424 4487 490 4524 τε
516 4472 627 4543 γὰρ
660 4471 1036 4526 ἐπεκαλέσατο
1074 4471 1175 4543 τὴν
1202 4471 1408 4542 ταύτης
1446 4470 1703 4543 βοήθειαν
1734 4470 1826 4525 καὶ
1851 4470 2014 4535 εὐθὺς

428 4567 468 4638 ἡ
509 4565 757 4621 θάλασσα
790 4563 1190 4636 κατηυνάζετο,
1247 4565 1346 4622 καὶ
1388 4562 1534 4619 οὕτω
1564 4564 1757 4634 γέγονε
1791 4561 2018 4634 διαδρᾶ-

428 4675 523 4714 ναι
549 4656 740 4712 τοῦτον
765 4656 860 4712 τὸν
889 4656 1162 4711 κλύδωνα.

508 4923 621 4995 κη’.
660 4923 1060 4980 Καταλαϐόντα
1091 4922 1149 4977 δέ
1174 4922 1367 4978 τοῦτον
1422 4924 1524 4996 τὴν
1574 4922 1825 4995 βασιλίδα
1860 4925 2017 4992 φιλο-

430 5018 653 5088 φρόνως
694 5019 723 5071 6
762 5017 1018 5088 βασιλεὺς
1066 5017 1386 5088 ὑπεδέχετο,
1411 5017 1690 5087 ἠσπάζετό
1722 5032 1780 5069 τε
1825 5017 2016 5087 ἡδέως,

430 5114 532 5169 καὶ
570 5114 655 5169 ἵνα
679 5115 788 5177 τοῖς
826 5112 1040 5166 ἐκείνου
1083 5112 1379 5182 χρήσωμαι
1414 5111 1646 5183 ῥήμασι,
1685 5129 1706 5165 ι
1738 5112 1959 5176 Καλῶς,
1996 5131 2015 5163 ι

2100 2183 2225 2224 cum
2258 2170 2397 2228 suis.
2431 2168 2817 2241 Sequebantur
2842 2177 2898 2225 et
2921 2167 3196 2225 Maurecis
3228 2167 3438 2226 milites
3462 2167 3563 2222 viri
3594 2183 3693 2238 pe-

2103 2264 2193 2319 riti
2246 2268 2324 2320 rei
2375 2265 2587 2322 bellicae
2632 2273 2688 2320 et
2740 2263 2934 2321 fortes.
2973 2261 3071 2319 His
3114 2271 3349 2334 praeerat
3384 2262 3695 2318 Butumites

2100 2354 2355 2424 Michael,
2382 2357 2464 2412 vir
2489 2372 2719 2428 corpore
2739 2359 2832 2416 ille
2861 2361 3083 2430 quidem
3112 2372 3318 2428 parvus
3344 2358 3438 2429 (ut
3474 2357 3550 2413 ait
3581 2354 3696 2411 llo-

2105 2450 2341 2523 merus),
2369 2452 2464 2507 sed
2496 2468 2739 2523 pugnax.
2763 2457 2836 2509 At
2860 2451 3234 2525 Turci;procul
3260 2451 3372 2508 bos
3402 2462 3697 2507 cernentes

2104 2540 2320 2613 fulgore
2366 2557 2649 2600 armorum
2697 2545 2978 2616 perstricti
3008 2555 3124 2602 tum
3161 2544 3375 2602 ordinis
3398 2544 3699 2615 disciplina

2104 2643 2160 2689 et
2185 2635 2277 2689 illo
2310 2635 2494 2706 vigore
2529 2636 2798 2708 impetus,
2852 2654 3015 2708 quem
3067 2637 3239 2700 nihil,
3280 2637 3478 2694 sistere
3534 2650 3702 2710 posse

2105 2727 2411 2793 videretur,
2443 2730 2621 2786 territi
2662 2730 2838 2787 elfuse
2888 2731 3168 2803 fugerunt.
3198 2730 3387 2790 Nostri
3434 2745 3565 2788 vero
3602 2746 3701 2787 eos

2108 2820 2343 2876 insecuti
2374 2820 2536 2893 longe
2567 2823 2710 2878 ultra
2760 2822 2932 2890 fines“,
2966 2823 3194 2895 dejectis
3216 2826 3390 2881 etiam
3419 2824 3698 2895 aliquibus

2108 2928 2323 2980 eorum,
2373 2905 2597 2970 domum
2638 2916 2944 2973 redierunt.
2983 2917 3295 2975 Delectatus
3332 2927 3427 2975 est
3470 2918 3700 2975 Alexius

2112 3001 2278 3073 hujus
2302 3003 2479 3060 obiter
2512 3004 2785 3077 decerpta
2807 3005 3056 3062 victoriae
3088 3016 3253 3078 gustu
3275 3008 3361 3064 ita
3396 3017 3457 3064 ut
3485 3008 3702 3078 Cupidi-

2109 3103 2278 3151 tatem
2314 3096 2442 3152 inde
2473 3099 2789 3169 conciperet
2836 3099 2913 3156 ibi
2968 3100 3235 3167 baerendi,
3277 3100 3381 3158 ubi
3430 3100 3699 3158 similium

2111 3185 2221 3257 95
2246 3190 2599 3247 occasionum
2629 3192 2957 3264 conﬂigendi
2982 3209 3109 3250 cum
3142 3192 3342 3250 Turcis
3378 3193 3589 3264 sperari
3620 3192 3705 3248 fa-

2113 3282 2288 3336 cultas
2321 3291 2529 3350 posset,
2555 3283 2819 3354 quoniam
2854 3298 2922 3340 eo
2953 3299 3132 3356 usque
3157 3285 3227 3341 ad
3247 3286 3468 3356 praedas
3501 3300 3705 3341 excur-

2112 3389 2234 3431 rere
2265 3374 2342 3435 illi
2376 3384 2800 3432 consueverant.
2836 3374 3041 3433 Urebat
3070 3377 3218 3434 enim
3235 3392 3372 3433 cum
3402 3392 3705 3447 generosus

2112 3467 2278 3521 ardor
2307 3467 2690 3537 erigendorum
2719 3467 3106 3539 multiplicium
3153 3476 3517 3540 tropzorum,
3543 3470 3702 3542 pige-

2114 3558 2316 3629 batque
2338 3558 2536 3615 fortem
2564 3560 2826 3631 juvenem
2860 3560 2916 3616 in
2941 3562 3130 3617 urbem
3161 3561 3368 3632 regiam
3395 3561 3576 3618 redire
3598 3562 3705 3618 nisi

2116 3648 2377 3706 victorem
2400 3651 2649 3706 omnium
2679 3651 3046 3708 certaminum
3074 3662 3128 3708 et
3154 3653 3447 3723 quinquies
3471 3667 3710 3709 corona-

2117 3751 2255 3798 tum.
2293 3743 2401 3799 Sed
2448 3745 2519 3800 ab
2552 3745 2889 3815 imperatore
2916 3746 3114 3801 litterae
3162 3745 3345 3802 missae
3391 3761 3518 3801 cum
3571 3761 3709 3801 nave

2114 3838 2281 3891 unius
2318 3835 2511 3892 scalmi
2560 3836 2865 3908 remigibus
2898 3836 3169 3893 instructa
3198 3839 3268 3892 ab
3297 3837 3367 3893 iis
3397 3822 3527 3893 eum
3553 3837 3707 3906 (εοεί-

2115 3929 2416 3986 tationibus
2477 3929 2888 3984 abstraxerunt.
2952 3927 3232 3985 Jubebant
3291 3931 3440 3985 enim
3511 3930 3709 4000 litterse

2116 4021 2487 4078 conscendere
2536 4022 2717 4092 ipsum
2767 4021 2956 4076 statim
3016 4036 3213 4076 navem
3244 4019 3619 4077 cum-Urselio
3652 4033 3710 4077 et

2116 4127 2282 4183 quam
2311 4113 2553 4184 primum
2582 4113 3119 4184 Constantinopolim
3149 4113 3338 4169 venire
3361 4114 3428 4169 ad
3458 4113 3708 4172 vitandas

2117 4205 2349 4262 insidias
2384 4207 2650 4262 transitus
2681 4207 2963 4262 terrestris
3012 4206 3114 4262 viae
3159 4207 3528 4262 obtinentium
3566 4207 3708 4263 Tuto

2117 4312 2326 4355 eorum.
2358 4284 2513 4355 Fecit
2546 4300 2713 4373 igitur
2739 4299 2830 4355 ille
2855 4299 3001 4371 quod
3051 4298 3344 4370 jubebatur
3371 4310 3427 4357 et
3453 4316 3592 4356 nave
3625 4300 3708 4356 fe-

2118 4391 2357 4448 stinabat
2392 4392 2446 4447 in
2468 4390 2875 4463 Propontidem.
2898 4390 3076 4448 Vento
3102 4407 3231 4449 vero
3251 4390 3514 4449 Thraecia
3547 4394 3712 4453 vehe-

2119 4484 2291 4540 menti
2323 4485 2508 4541 subito
2555 4483 2784 4542 reﬂante
2825 4489 3018 4556 parum
3067 4486 3244 4541 abfuit
3291 4487 3426 4557 quin
3480 4485 3711 4542 naufra-

2123 4577 2276 4645 gium
2313 4576 2539 4645 faceret,
2590 4578 2944 4648 perieratquc
2994 4577 3103 4632 nisi
3152 4578 3331 4649 palam
3385 4579 3563 4649 ipsum
3611 4579 3710 4634 Dei

2046 4659 2093 4716 ι)
2123 4668 2298 4727 Mater
2324 4672 2373 4727 ei
2407 4672 2653 4742 periculo
2681 4672 2969 4727 eximeret.
2995 4669 3176 4726 Simul
3211 4672 3356 4726 enim
3391 4672 3479 4727 ille
3508 4672 3709 4742 implo-
3792 4696 3795 4697 ν

2126 4763 2267 4818 ravit
2312 4764 2434 4833 ejus
2481 4779 2643 4835 opem
2692 4764 2879 4820 statim
2926 4778 3079 4819 mare
3128 4765 3464 4834 conquievit,
3520 4768 3712 4836 sicque

2127 4864 2502 4925 tempestatem
2531 4859 2725 4912 evasit.

2195 4945 2289 5003 28.
2327 4945 2446 5001 Jam
2495 4963 2621 5003 cum
2667 4947 3200 5019 Constantinopolim
3250 4949 3538 5019 appulsam
3586 4964 3709 5019 per-

2126 5048 2376 5094 amanter
2394 5039 2689 5108 imperator
2706 5040 2922 5108 excepit
2948 5039 3342 5110 amplexusque
3363 5043 3604 5095 suaviter
3627 5051 3715 5095 est

2126 5139 2210 5197 et,
2239 5139 2299 5184 ut
2346 5129 2468 5200 ejus
2517 5130 2635 5199 ipsa
2681 5130 2849 5184 verba
2895 5129 3127 5186 referam
3159 5148 3172 5185 :
3212 5148 3231 5182 ι
3263 5131 3427 5197 Bene,
3457 5149 3476 5183 ι
3513 5132 3711 5202 inquit,

430 5207 669 5279 ἔφησεν,
702 5224 722 5259 ι
748 5200 886 5279 ἧκεν
905 5208 941 5276 ἡ
968 5204 1108 5275 μετὰ
1122 5203 1255 5257 Θεὸν
1277 5203 1424 5270 δεξιὰ
1444 5202 1602 5275 ημῶν
1619 5203 1762 5275 χείρ.
1792 5223 1812 5257 ι
1860 5202 2004 5258 Ἀλλέ

2134 5234 2157 5271 ι
2177 5219 2327 5274 venit
2351 5219 2397 5273 is
2422 5220 2516 5290 qui
2547 5233 2669 5291 post
2691 5220 2859 5276 Deum
2884 5222 3108 5277 dextera
3138 5233 3326 5277 nostra
3347 5236 3546 5279 manus
3567 5200 3708 5278 est.»

430 5297 643 5369 ταύτην
678 5299 778 5367 μὲν
805 5295 1035 5368 πρώτην
1068 5294 1228 5365 ἐσχεν
1253 5295 1319 5345 ἐκ
1351 5294 1618 5366 βασιλέως
1648 5294 1888 5367 ἀμοιϐὴν
1914 5296 2023 5348 τῶν

433 5393 640 5456 πόνων,
683 5391 784 5462 την
824 5388 1094 5461 βασιλέως
1147 5386 1525 5458 εὐχαριστίαν,
1581 5387 1819 5458 πρώτως
1858 5387 2022 5451 αὐτὸς

2130 5304 2239 5360 Sed
2271 5306 2386 5360 haec
2412 5299 2587 5376 prima
2623 5309 2701 5362 illi
2736 5308 2839 5364 fuit
2871 5310 2940 5365 ab
2977 5311 3307 5381 imperatore
3339 5313 3717 5367 remuneratio

2124 5396 2378 5452 laborum
2408 5400 2708 5468 gratiarum
2740 5402 2883 5457 actio
2927 5403 3163 5473 primum
3191 5405 3503 5460 occurrenli
3540 5403 3709 5458 facta.

435 5484 696 5557 hmime
732 5484 878 5556 μετὰ
907 5482 966 5536 δὲ
999 5480 1159 5534 τοῦτο
1190 5480 1360 5551 ἐτίμα
1398 5479 1493 5532 καὶ
1513 5479 1781 5550 σύμϐολα.
1814 5477 1942 5552 Εἶχε
1969 5482 2004 5534 6i

2122 5486 2260 5543 Post
2288 5488 2357 5544 ab
2384 5490 2479 5545 illo
2515 5492 2682 5548 rebus
2714 5493 2849 5563 ipsis
2896 5502 2953 5549 et
2996 5495 3382 5556 collationibus
3415 5496 3713 5548 honoratus

434 5577 534 5634 καὶ
563 5577 655 5632 τὸν
692 5574 992 5646 θύρσέλιον
1032 5570 1226 5646 εἱρκτὴ
1281 5569 1695 5642 φρουρούμενον
1742 5570 2022 5641 ἀσφαλῶς,

2128 5585 2235 5632 est.
2264 5576 2513 5635 Urselius
2546 5596 2712 5651 porro
2737 5593 2903 5639 arcta:
2932 5598 2998 5640 ac
3028 5598 3239 5665 secum
3262 5582 3526 5640 custodiae
3548 5581 3717 5639 datus

1477 5712 1690 5778 Caroli
1728 5717 1820 5779 Du
1854 5719 2097 5781 Fresne
2133 5720 2230 5784 Du
2270 5721 2482 5803 Gange
2520 5730 2707 5786 notes.

509 5867 624 5941 (34)
661 5862 936 5934 Μαύρηξ.
962 5860 1045 5919 'De
1074 5877 1185 5934 quo
1212 5863 1280 5918 ad
1312 5864 1559 5921 Αίεπὶαά.
1601 5878 1654 5936 p.
1688 5863 1810 5922 107.

762 5986 1041 6046 Panos.
1081 5981 1193 6045 Gn.
1236 5982 1546 6047 CXXVII.
