4154 6450
441 453 541 520 Ml
1656 457 2206 522 HISTORIARUM
2240 460 2389 522 LIB.
2436 462 2521 521 II.
3619 458 3727 524 142

440 566 580 642 «pb;
631 565 736 639 τὴν
796 565 1083 622 θάλασσαν
1138 566 1385 622 κατιέναι
1432 567 1507 630 ὡς
1563 567 1820 640 τάχιστα.
1893 570 1955 623 '0
1984 569 2041 624 δὲ

2153 571 2458 627 venandum
2511 583 2776 641 teporem.
2830 570 3106 627 Assensus
3161 570 3381 627 tandem
3432 580 3517 627 est
3571 573 3727 641 quasi

445 660 801 729 ἐδυσχέραινε
835 660 937 730 μὲν
987 659 1088 712 καὶ
1127 658 1342 730 ἠπείλει
1387 658 1607 730 δράσειν
1647 662 1946 732 ἀνήκεστα,
1977 664 2037 716 οὐ

2153 663 2322 720 victus
2355 662 2680 718 auctoritate
2707 662 2808 716 viri
2844 662 2980 730 dux,
3014 671 3069 718 et
3114 662 3168 716 in
3208 678 3409 733 equum
3440 662 3599 733 quasi
3630 678 3729 733 pa-

453 751 636 822 μέντοι
658 768 727 819 γε
756 753 855 805 καὶ
913 751 1193 821 δεδύνητο.
1242 751 1404 805 Ἀλλά
1452 753 1553 823 τὴν
1602 753 1916 815 Λαοδικέων
1942 754 2038 807 καὶ

2153 770 2265 815 ruat
2283 754 2469 813 valens
2492 754 2793 815 ministerio
2811 769 3037 809 suorum
3066 754 3376 824 impositus,
3410 754 3724 824 patriarcha

447 843 601 898 ἄκων
652 841 988 896 καταλαϐὼν
1036 843 1133 895 καὶ
1192 842 1384 911 ὀλίγας
1429 844 1780 915 ἐνδιατρίψας
1817 846 2036 917 ἡμέρας

2153 846 2217 901 ibi
2250 848 2462 913 relicto,
2502 856 2648 902 recta
2698 846 2871 903 fertur
2930 849 3279 904 Antiochiam
3325 850 3602 919 iussisque
3638 863 3726 903 rc-

453 932 597 987 ὥστε
627 933 778 1002 αὐτῷ
800 936 867 988 τά
893 932 1083 1001 ἐφόδια
1113 933 1535 1006 κομισθῆναι,ὲκ
1555 936 1653 1007 τῆς
1684 936 2031 1006 ’Λντιοχέων,

2153 948 2301 1007 pente
2331 939 2513 995 claudi
2542 940 2718 1011 portis
2750 941 3007 1007 civitatis,
3034 942 3211 1013 regias
3242 942 3308 995 ad
3355 941 3724 1011 patriarcham

2140 1031 2308 1086 mittit
2337 1032 2553 1088 litteras
2590 1033 2792 1103 quibus
2833 1034 3166 1089 evocabatur
3189 1033 3303 1104 98
3334 1034 3727 1090 Constantino-

455 1119 649 1189 polim.
678 1117 1000 1188 Indignatus
1027 1116 1118 1173 ille
1144 1126 1229 1175 est
1256 1119 1325 1173 iis
1346 1118 1481 1175 visis
1510 1128 1565 1175 et
1592 1121 1777 1197 gravia
1805 1120 2046 1191 minatus
2083 1132 2189 1187 est.
2222 1124 2340 1181 Non
2405 1126 2582 1201 potuit
2606 1134 2788 1185 autem
2848 1142 3106 1182 recusare
3134 1130 3267 1198 quin
3296 1128 3725 1197 obtemperaret,

455 1214 553 1268 sed
604 1214 787 1267 statim
828 1214 915 1268 vel
961 1213 1166 1269 invitus
1216 1213 1415 1271 ductus
1444 1216 1806 1283 Laodiceam,
1836 1234 2042 1289 paucos
2081 1221 2156 1278 ibi
2189 1230 2436 1278 moratus
2497 1224 2649 1290 dies,
2684 1224 2814 1278 dum
2862 1238 2983 1292 quae
3024 1223 3090 1277 ad
3136 1223 3238 1278 iter
3311 1236 3449 1292 opus
3489 1230 3648 1277 erant
3675 1221 3727 1277 ei

456 1026 642 1096 ἀπῆρε
672 1024 812 1092 πρὸς
845 1024 908 1076 τὸ
935 1020 1252 1087 Βυζάντιον.

456 1302 755 1357 Antiochia
788 1301 1160 1370 deferrentur,
1191 1303 1513 1374 Byzantium
1547 1308 1933 1378 proﬁciscitur.

531 1395 637 1450 xﬂ'.
675 1394 737 1449 '0
764 1395 822 1449 δὲ
861 1394 988 1458 δοὺξ
1029 1396 1298 1460 Ἰσαάκιος
1328 1397 1419 1450 τοῦ
1457 1399 1522 1451 ὲκ
1563 1398 1659 1451 τοῦ
1693 1401 2038 1473 πατριάρχου

455 1490 613 1551 δέους
638 1486 981 1555 ἀπαλλαγεὶς
1022 1486 1210 1558 διῴκει
1240 1489 1307 1542 τὰ
1337 1490 1495 1544 κοινά
1536 1490 1631 1545 καὶ
1662 1492 1761 1555 τάς
1791 1494 2034 1562 ἀναφυο-

460 1581 633 1652 μένας
663 1583 783 1644 ταῖς
822 1581 1011 1634 πόλεσι
1044 1581 1265 1643 στάσεις
1296 1582 1557 1655 ἐπειρᾶτο
1596 1583 1856 1638 διαλύειν.
1901 1584 2040 1639 Ἀλλ’

456 1676 561 1729 οὐκ
590 1669 658 1744 ἦν
695 1674 977 1743 ἠρεμῆσαι
1020 1671 1113 1725 τὸν
1147 1673 1259 1726 τῶν
1308 1674 1652 1745 Χριστιανῶν
1691 1675 1916 1748 ἀρχαῖον
1950 1692 2043 1729 πο-

454 1767 646 1837 λέμιον
670 1782 684 1796 ³
727 1766 899 1841 ταύτῃ
925 1783 1007 1819 τοι
1038 1767 1133 1820 καὶ
1164 1765 1222 1832 ἐξ
1249 1767 1429 1830 αίτίας
1464 1767 1724 1840 βραχείας
1754 1772 1880 1833 τοὺς
1912 1788 2041 1824 στα-

2216 1393 2308 1449 29.
2336 1392 2456 1448 Dux
2483 1409 2611 1448 vero
2637 1394 2899 1462 lsaacius,
2932 1396 3148 1450 solutus
3194 1411 3325 1451 cura
3356 1406 3409 1452 et
3444 1408 3591 1457 metu
3632 1418 3730 1472 pa-

2148 1486 2400 1542 triarchae
2432 1495 2581 1541 recte
2613 1483 3064 1542 administrandae
3089 1503 3253 1557 quam
3298 1493 3597 1547 curandam
3635 1511 3730 1551 ac-

2147 1592 2367 1649 ceperat
2398 1576 2606 1631 civitati
2638 1572 2810 1631 libero
2844 1578 3030 1631 animo
3081 1579 3329 1646 vacabat,
3370 1596 3563 1652 resque
3607 1585 3729 1641 illas

2148 1686 2270 1740 quae
2301 1669 2633 1725 seditionum
2661 1684 2843 1725 causae
2878 1667 3110 1723 urbibus
3143 1670 3322 1725 solent
3362 1687 3505 1738 esse,
3546 1690 3731 1732 remo-

2148 1776 2273 1817 vere
2295 1762 2617 1817 conabatur.
2653 1760 2759 1816 Sed
2786 1777 2893 1815 non
2917 1769 3131 1831 poterat
3156 1763 3439 1831 quiescere
3455 1766 3729 1822 Christia-

459 1857 695 1919 σιαστάς
723 1855 880 1920 αὖθις
926 1858 1208 1927 κεκίνηκε.
1250 1858 1372 1911 Τῶν
1405 1858 1515 1929 γὰρ
1548 1860 1675 1929 ἄρτι
1709 1861 2042 1931 προκόπτειν

2153 1870 2344 1910 norum
2376 1855 2634 1923 antiquus
2672 1853 2869 1907 hostis.
2898 1850 3083 1919 Quare
3118 1855 3161 1908 is
3194 1869 3259 1909 ex
3298 1855 3401 1910 levi
3438 1860 3731 1914 occasione

454 1947 787 2020 ἀρξαμένων
823 1946 967 2010 τινὲς
1003 1945 1362 2011 ὲκκαυθέντες
1398 1949 1504 2002 ὑπὸ
1535 1947 1632 2002 τοῦ
1669 1948 1868 2018 φθόνου
1900 1950 2043 2003 κατά

454 2040 568 2092 τῶν
608 2040 668 2091 ὲν
691 2038 840 2090 τέλει
879 2037 976 2091 καὶ
1017 2037 1111 2090 τοῦ
1152 2037 1342 2102 δουκὺς
1376 2037 1437 2091 τὸ
1468 2038 1673 2108 πλῆθος
1707 2038 2041 2107 ὲξώπλισαν.

458 2130 574 2184 Καὶ
628 2129 723 2182 τὸν
788 2128 887 2199 μὲν
945 2128 1077 2181 είσω
1134 2130 1234 2199 τῆς
1286 2130 1638 2201 ἀκροπόλεως
1683 2132 2042 2201 συγκλείσαν-

456 2239 552 2284 τες
586 2220 674 2293 [Ρ.
721 2206 813 2292 66]
845 2221 939 2284 τάς
981 2221 1221 2284 εἰσόδους
1250 2222 1551 2293 ἐφρούρουν
1577 2264 1592 2291 ,
1641 2224 1785 2277 κατά
1817 2224 1872 2278 δὲ
1902 2226 2044 2279 τῶν⁶

408 2378 413 2385 Ι
458 2311 876 2383 ἐξορμήσαντες
904 2309 1060 2373 τινὰς
1114 2311 1212 2379 μὲν
1246 2312 1457 2366 ἀνεῖλον
1478 2351 1492 2377 ,
1522 2314 1570 2365 οἱ
1600 2312 1656 2365 δὲ
1690 2313 1867 2367 λοιποὶ
1909 2314 2047 2387 πρὸς

402 2389 415 2410 ⁸
458 2404 562 2471 τὴν
606 2401 904 2472 ἀκρόπολιν
946 2402 1044 2466 τάς
1092 2401 1272 2466 οίκίας
1309 2402 1419 2456 τῶν
1457 2403 1739 2474 ἀρχόντων
1782 2405 2047 2477 πορθοῦν-

459 2512 556 2559 τες
586 2495 683 2548 καὶ
734 2495 803 2547 τά
833 2494 1097 2566 χρήματα
1142 2494 1558 2566 διαρπάζοντες.
1613 2496 1673 2549 '0
1712 2496 1837 2565 δοὺξ
1866 2497 2047 2553 τοίνυν

462 2590 545 2651 είς
586 2582 865 2658 προῦπτον
913 2586 1197 2651 καταστὰς
1248 2587 1494 2642 κίνδυνον
1536 2587 1673 2661 πρὸς
1718 2591 1815 2653 τὰς
1862 2589 2050 2669 κύκλῳ

463 2678 653 2742 πόλεις
692 2677 969 2753 ἐξέπεμψε
1002 2679 1128 2743 τοὺς
1160 2678 1498 2750 στρατιώτας
1544 2680 2043 2752 μετακαλούμενος.

475 2771 570 2824 Ἐν
621 2769 787 2843 ὀλίγῳ
837 2770 895 2823 δὲ
957 2768 1291 2842 ἀποχρώσης
1350 2771 1714 2843 συνελθούσης
1765 2772 2049 2844 δυνάμεως

466 2861 903 2932 κατεστρατήγει
927 2860 1057 2924 τοὺς
1082 2862 1431 2925 στασιαστὰς.
1457 2862 1555 2926 Εἰς
1582 2862 1753 2915 πολλὰ
1773 2863 1881 2934 γὰρ
1908 2864 2049 2934 μέρη

463 2953 526 3006 τὸ
562 2955 879 3024 στράτευμα
908 2951 1100 3006 διελὼν
1131 2952 1385 3006 ἐκέλευσε
1423 2954 1642 3007 ἀπιέναι
1676 2954 1812 3025 πρὸς
1840 2956 1905 3007 τά
1931 2972 2050 3008 στε-

464 3043 621 3097 νωπά
654 3044 748 3098 καὶ
793 3043 923 3108 τοὺς
958 3042 1318 3107 ἀπαντῶντας
1368 3041 1797 3113 ξυλλαμϐάνειν,
1845 3045 1922 3109 ὡς
1974 3046 2049 3116 μὴ

461 3140 602 3209 ὁμοῦ
628 3140 908 3211 γενόμενοι
927 3139 1169 3211 βοηθοῖεν
1197 3136 1469 3210 ἀλλήλοις.
1499 3133 1572 3194 Ob
1595 3140 1891 3210 γενομένου
1924 3156 2051 3194 συν-

2147 1945 2437 2001 seditiosos
2477 1959 2669 2000 rursus
2716 1944 3031 1999 commovit.
3076 1944 3213 2000 Nam
3264 1961 3457 2001 eorum
3503 1949 3729 2018 quidam

2146 2037 2238 2108 qui
2268 2051 2547 2107 emergere
2578 2036 2631 2090 in
2655 2036 2957 2091 claritatem
2997 2052 3167 2113 nuper
3194 2051 3498 2107 coeperant,
3524 2043 3731 2097 invidia

2156 2129 2406 2185 succensi
2458 2128 2721 2183 adversus
2756 2129 3110 2198 magistratus
3133 2138 3187 2184 et
3226 2128 3444 2196 ducem,
3514 2132 3727 2201 plebem

2149 2228 2521 2274 armaverunt.
2554 2218 2618 2274 Et
2640 2233 2765 2274 cum
2796 2218 2942 2273 hunc
2966 2219 3182 2288 quidem
3215 2220 3352 2275 intra
3390 2236 3569 2276 arcem
3597 2237 3732 2277 con-

2148 2309 2464 2376 clusisscnt,
2494 2309 2675 2364 aditus
2706 2309 3112 2375 custodiebant,
3144 2311 3198 2365 in
3230 2313 3583 2383 magistratus
3606 2330 3735 2370 vero

2148 2406 2390 2476 reliquos
2430 2405 2637 2474 impetu
2686 2403 2828 2458 facto
2866 2405 3162 2461 nonnullos
3194 2406 3519 2463 occiderunt
3547 2409 3733 2466 τίοιε-

2150 2496 2255 2551 rim
2290 2496 2418 2551 dum
2455 2496 2559 2550 alia
2604 2496 2997 2552 seditiosorum
3029 2512 3235 2553 manus
3277 2499 3600 2571 diripiendis
3633 2504 3738 2558 do»

2152 2589 2332 2644 mibus
2346 2588 2680 2659 principum,
2702 2603 2823 2657 quae
2845 2589 3034 2645 vicinae
3056 2590 3167 2646 arci
3188 2601 3364 2657 erant,
3380 2595 3736 2665 pecuniisque

2151 2677 2531 2750 depra’dandis
2565 2678 2937 2743 attendebant,
2962 2680 3072 2735 dux
3106 2681 3160 2734 in
3195 2682 3488 2739 manifesto
3523 2687 3734 2741 consti-

2153 2781 2304 2826 tutus
2366 2770 2614 2841 periculo
2673 2769 2823 2824 misit
2877 2770 2944 2824 ad
2995 2772 3419 2843 circumpositas
3485 2776 3735 2834 civitates

2157 2861 2360 2916 auxilia
2387 2876 2696 2925 accersens,
2726 2876 2791 2914 ae
2834 2860 2985 2916 brevi
3018 2877 3125 2917 non
3160 2865 3376 2920 modica
3408 2882 3574 2923 manu
3596 2884 3737 2924 con-

2156 2963 2375 3025 gregata
2402 2953 2636 3022 sapienti
2668 2952 2881 3008 ratione
2910 2953 3111 3008 bellum
3156 2954 3209 3010 in
3242 2956 3533 3013 seditiosos
3561 2959 3737 3015 admi-

2157 3047 2375 3101 nistrat.
2434 3046 2490 3099 ln
2550 3044 2748 3100 multas
2807 3046 2953 3099 enim
3010 3055 3193 3115 partes
3249 3050 3490 3105 exercitu
3526 3051 3725 3116 diviso,

2155 3139 2405 3209 dispertit
2431 3138 2620 3207 copias
2652 3152 2746 3207 per
2780 3138 3100 3209 angiportus
3125 3140 3309 3210 jussas
3336 3141 3525 3199 obvios
3557 3147 3735 3199 corri-

464 3234 566 3305 έὸη
598 3234 705 3287 τῶν
742 3234 1062 3304 Ἀντιοχέων
1096 3233 1435 3286 στασιαστῶν
1466 3233 1627 3302 φόνον
1663 3232 1921 3302 γενέσθαι
1952 3251 2047 3287 πο-

2155 3247 2301 3302 pere,
2339 3246 2407 3286 ne
2434 3231 2512 3286 illi
2560 3231 2726 3287 simul
2772 3232 2952 3301 juncti
3004 3248 3162 3302 opem
3220 3234 3455 3291 invicem
3506 3236 3736 3294 ferrent.

463 3324 564 3377 λὺν
620 3326 717 3378 καὶ
773 3323 920 3377 οὕτω
973 3322 1129 3397 μόλις
1178 3324 1277 3395 τὴν
1340 3323 1551 3399 στάσιν,
1586 3325 2045 3394 κατευνασθῆναι.

467 3418 632 3487 ’Δρτι
686 3415 741 3468 δὲ
792 3414 999 3486 ταύτης
1055 3416 1516 3487 κατευνασθείσης
1563 3416 1691 3478 τοὺς
1754 3417 2051 3487 Ἀντιοχεῖς

463 3508 694 3563 ἔσπευδε
720 3506 1068 3579 θεραπεύειν.
1096 3504 1227 3561 Εῐτα
1250 3507 1575 3562 διελθουσῶν
1603 3508 1829 3581 ἡμερῶν
1850 3508 2050 3577 ὀλίγων

463 3599 710 3672 ἠγγέλθη
752 3598 1015 3672 Τούρκων
1060 3600 1162 3653 οὐκ
1207 3599 1500 3671 ἐλαχίστην
1544 3603 1744 3673 μοῖραν
1774 3601 1919 3655 κατά
1950 3602 2052 3654 Συ-

466 3695 594 3766 ρίας
647 3694 868 3765 χωρεῖν.
910 3693 973 3745 '0
1022 3691 1080 3775 es
1132 3692 1233 3755 τάς
1260 3692 1523 3763 δυνάμεις
1560 3692 1849 3749 ἀναλαϐὼν
1879 3691 2049 3765 ἐξῄει.

464 3785 761 3839 Συνείπετο
798 3782 856 3837 δέ
894 3784 943 3837 ot
984 3783 1080 3837 καὶ
1109 3785 1153 3852 ό,
1178 3784 1267 3837 ἐπ’
1312 3782 1515 3857 ἀδελφῇ
1555 3783 1750 3839 τούτου
1799 3785 2052 3856 γαμϐρὸς

465 3878 876 3936 Κωνσταντῐνος
895 3875 1005 3946 (35)
1024 3878 1052 3929 ὁ
1067 3873 1160 3928 τοῦ
1186 3874 1451 3945 βασιλέως
1472 3876 1755 3946 Διογένους
1800 3876 1895 3950 (m)
1915 3878 2049 3940 υἱός.

477 3968 753 4039 Ἐντυχὼν
783 3968 839 4022 δὲ
880 3970 995 4032 τοῖς
1038 3968 1302 4043 Τούρκοις
1350 3969 1456 4039 καὶξ
1488 3970 1669 4043 μάχην
1717 3970 1835 4041 μετ’
1869 3970 2052 4024 αὐτῶν

464 4059 714 4129 συνάψας
760 4060 1008 4133 ἡττήθη,
1060 4060 1156 4112 καὶ
1190 4059 1459 4131 γενναίως
1509 4060 1920 4135 ἀγωνισάμενος
1957 4060 2054 4115 καὶ

459 4152 757 4224 τραύματα
787 4154 948 4205 ίκανά
979 4150 1109 4224 παρ’
1134 4150 1314 4205 αὐτῶν
1346 4151 1531 4205 λαϐὼν
1564 4152 1727 4216 αὐτὸς
1758 4154 1854 4221 μὲν
1884 4154 2048 4218 ἑάλω,

459 4242 707 4315 ἀνῃρέθη
748 4243 805 4296 δὲ
838 4244 932 4296 καὶ
979 4245 1008 4296 ό
1050 4243 1331 4319 Διογένης.
1389 4244 1495 4296 Τὺν
1535 4243 1636 4314 μὲν
1670 4239 1763 4299 οὖν
1809 4243 1971 4307 εὐθὺς
2002 4244 2050 4297 οἱ

475 4336 773 4405 Ἀντιοχεῖς
829 4320 1254 4407 ἀποστείλαντες
1309 4335 1538 4411 χρυσίου
1595 4335 1849 4406 χιλιάδων
1910 4335 2053 4406 ὠνή-

464 4443 632 4480 σαντο
657 4428 829 4480 εἴκοσι
864 4428 958 4480 καὶ
984 4428 1051 4499 τά
1083 4430 1148 4480 ἐκ
1180 4426 1273 4480 τοῦ
1302 4427 1545 4497 πολέμου
1567 4426 1862 4498 τραύματα
1892 4426 2054 4498 θερα-

460 4516 654 4571 πεύειν
696 4516 959 4570 ἔσπευδον
983 4532 999 4546 ο
1043 4516 1207 4581 αὐτὸς
1241 4517 1299 4571 δὲ
1335 4518 1506 4571 εἰσέτι
1535 4517 1777 4586 γνησίως
1822 4517 2054 4571 διέκειτο

2158 3324 2279 3391 Quo
2337 3324 2481 3379 facto
2545 3323 2776 3394 contigit
2828 3324 3283 3382 Antiochensium
3342 3327 3735 3385 seditiosorum

2154 3416 2356 3471 caedem
2399 3431 2651 3485 magnam
2684 3416 2823 3481 ﬁeri,
2842 3430 2907 3471 ac
2928 3416 3008 3472 sic
3032 3433 3340 3489 quanquam
3370 3435 3511 3490 aegre
3538 3422 3741 3477 tumul-

2156 3513 2271 3558 tum
2304 3503 2506 3559 sedari.
2539 3501 2619 3559 Eo
2658 3512 2936 3574 utcunque
2965 3517 3161 3575 pacato
3205 3508 3395 3565 sedulo
3427 3509 3577 3566 dedit
3604 3526 3737 3582 ope-

2155 3610 2310 3661 ram,
2374 3605 2433 3648 ut
2488 3595 2763 3650 civitatem
2835 3595 2948 3666 99
2995 3598 3303 3655 benefactis
3366 3601 3739 3658 demereretur

2156 3686 2374 3755 sibique
2402 3685 2718 3756 popularem
2753 3686 3034 3757 colligeret
3085 3690 3335 3759 gratiam.
3384 3692 3579 3749 Paucis
3618 3705 3740 3764 post

2158 3777 2349 3833 diebus
2371 3776 2677 3831 nuntiatum
2701 3788 2783 3831 est
2813 3793 2921 3831 non
2946 3794 3165 3846 parvam
3185 3779 3489 3838 Turcorum
3514 3801 3737 3842 manum

2155 3868 2211 3924 in
2244 3866 2461 3938 Syriam
2494 3867 2819 3937 irrumpere.
2854 3868 2975 3934 Quo
3006 3871 3195 3926 audito
3243 3873 3352 3927 dux
3388 3889 3514 3929 eum
3567 3879 3742 3947 copiis

2157 3958 2420 4014 adversus
2451 3958 2574 4014 illos
2598 3958 2767 4013 vadit.
2795 3959 3059 4029 Adjunxit
3087 3976 3146 4017 se
3167 3962 3243 4017 iHi
3270 3964 3353 4017 vir
3383 3969 3588 4023 sororis
3617 3970 3740 4039 ejus

2156 4051 2575 4115 Constantinus,
2597 4051 2947 4121 imperatoris
2972 4052 3224 4124 Diogenis
3248 4055 3744 4126 ﬁliugOccurr-unt

2157 4141 2349 4199 Turci.
2380 4142 2683 4213 Pugnatur.
2708 4143 2826 4197 Dux
2864 4143 3162 4201 fortissime
3194 4162 3307 4201 rem
3333 4163 3527 4219 gerens
3555 4152 3740 4209 multis

2156 4236 2474 4291 vulneribus
2506 4235 2744 4306 acceptis
2767 4236 3004 4307 capitur.
3039 4236 3440 4296 Constantinus
3467 4241 3742 4313 Diogenes

2156 4326 2446 4382 occiditur.
2468 4327 2534 4383 Et
2557 4328 2751 4382 ducem
2776 4328 2995 4397 quidem
3022 4330 3345 4386 Antiocheni
3376 4334 3544 4389 misso
3570 4337 3743 4404 pretio

2155 4416 2350 4487 viginti
2398 4416 2630 4471 milliqu
2678 4432 2979 4474 aureorum
3029 4419 3381 4477 redemerunt
3436 4433 3745 4496 ceteraque

2159 4504 2286 4561 belli
2325 4507 2465 4561 mala
2498 4522 2755 4578 reparare
2788 4509 3140 4565 studuerunt.
3181 4510 3303 4581 ipse
3334 4522 3517 4568 autem
3559 4516 3744 4571 hacte-

461 4610 607 4677 πρὸς
648 4609 847 4674 αὐτοὺς
890 4611 988 4666 καὶ
1021 4609 1123 4675 τάς
1157 4609 1393 4679 ἀμοιϐὰς
1428 4608 1506 4673 ὡς
1549 4605 1660 4662 οἶόν
1710 4626 1770 4662 τε
1825 4611 2047 4663 ἔσπευδε

2163 4612 2267 4653 nus
2302 4607 2549 4653 mutuam
2583 4599 2716 4670 ipsis
2762 4600 3197 4656 benevolentiam
3249 4604 3471 4661 exhibet
3519 4618 3574 4660 et
3622 4623 3744 4677 quae

457 4701 675 4764 τούτοις
716 4702 1050 4756 ἀποδιδόναι.
1095 4701 1259 4754 Ἀλλά
1297 4702 1366 4755 τά
1400 4700 1501 4771 μὲν
1533 4701 1677 4754 κατά
1706 4700 1807 4773 τὴν
1851 4700 2047 4754 Ἀντιό-

2156 4688 2298 4745 bene
2330 4691 2510 4744 meriti
2543 4691 2609 4745 tle
2651 4691 2771 4761 ipso
2806 4700 2936 4747 sunt
2971 4691 3168 4746 aﬂ'ectu
3201 4702 3254 4748 et
3297 4694 3577 4752 beneﬁciis
3622 4709 3745 4753 stu-

459 4810 621 4865 χειαν
663 4795 723 4845 ὲν
755 4794 972 4865 τούτοις
1025 4789 1127 4865 ἦν,
1162 4794 1191 4847 ό
1220 4792 1278 4846 δὲ
1331 4793 1459 4865 ἑξῆς
1499 4791 1664 4861 λόγος
1693 4792 1926 4864 δηλώσει
1962 4792 2047 4847 καὶ

2158 4780 2253 4836 det
2300 4782 2625 4851 rependere.
2671 4781 2785 4836 Hoc
2827 4788 2972 4838 statu
3019 4792 3178 4836 crant
3232 4798 3321 4839 res
3368 4784 3744 4845 Antiocheum.

456 4884 595 4953 περὶ
622 4881 731 4937 τῶν
764 4884 905 4939 κατὰ
934 4883 1036 4954 τὴν
1082 4882 1382 4954 Ἑσπέραν.

2155 4870 2299 4939 Quid
2357 4872 2578 4928 interim
2633 4884 2895 4944 ageretur
2932 4876 2985 4930 in
3022 4873 3572 4959 Occiduis-partibus
3606 4878 3747 4936 liber

2155 4978 2498 5035 consequens
2523 4965 2760 5021 docebit.
3302 4956 3315 4971 ⁸

1372 5117 1584 5187 (.aroli
1617 5119 1716 5189 Du
1751 5118 1991 5185 Fresne
2030 5118 2125 5179 Du
2159 5116 2375 5197 Gange
2410 5124 2603 5187 nota).

527 5298 651 5370 (35)
681 5293 1159 5370 Kxbrawgfti'roc.
1189 5288 1627 5370 ponstantinuut
1676 5287 1797 5370 ltoc_
1835 5286 1966 5370 loco
2000 5296 2056 5341 et

2166 5297 2538 5365 nuncupatur.
2574 5288 2637 5346 ν.
2669 5297 2782 5345 not.
2828 5290 2895 5346 ad
2930 5292 3101 5347 Annae
3146 5307 3199 5365 p.
3258 5292 3363 5347 112
3410 5302 3464 5351 et
3511 5304 3745 5350 stemma

453 5369 498 5424 l.
539 5358 578 5437 ἰξ,
616 5358 671 5424 ti.
706 5358 756 5421 ’6
790 5366 1051 5439 appellat,
1110 5358 1205 5436 Qui
1258 5360 1472 5416 caeteris
1525 5358 1888 5427 scriptoribus
1936 5358 2044 5411 Leo

2148 5361 2427 5415 Contnctt.

1733 5496 1906 5559 Petri
1945 5494 2200 5560 Possini
2238 5505 2426 5558 notae.

530 5667 624 5737 (nt)
648 5657 1115 5726 Κωνσταντῐνος
1155 5659 1188 5711 δ
1212 5655 1552 5727 Διογένους,
1579 5662 1686 5708 etc.
1720 5651 1873 5714 Hunc
1895 5650 2047 5707 Anna

2153 5673 2178 5705 ι.
2250 5667 2282 5703 at
2326 5650 2604 5715 Alexiad.,
2634 5664 2757 5721 pag.
2801 5649 2927 5715 271,
2971 5651 3235 5707 memoria
3284 5652 3457 5720 lapsa,
3513 5648 3738 5704 Leonem

454 5747 632 5791 vocat.

522 5907 539 5922 '
564 5902 705 5955 Κατὰ
730 5901 784 5950 δὲ
814 5901 929 5947 τῶν.
959 5900 1199 5958 Apertum
1220 5901 1299 5944 est
1324 5892 1373 5944 in
1394 5882 1471 5941 his
1495 5895 1545 5941 et
1566 5891 1793 5954 proxime
1814 5885 2142 5951 sequentibus
2180 5886 2319 5949 plura
2345 5885 2537 5936 turbata
2571 5895 2681 5933 esse
2715 5888 2769 5932 et
2798 5889 3047 5951 corrupta.
3080 5882 3276 5951 (Edilor
3302 5883 3612 5949 Bomtensis.)
