4154 6442
1639 449 2060 513 NICEPHOBI
2107 445 2469 507 BRYENN’H

3597 431 3702 499 ιιι

2217 601 2545 612 ._—.————-

2573 601 2884 611 τού-...ἠ-

1491 785 1576 858 μι.
1594 782 1684 857 os]
1759 757 2201 846 BIBAION
2277 750 2505 837 Tl’l’l
2535 753 2678 839 ΟΝ

1565 1105 1917 1194 LIBER
2029 1102 2592 1195 TERTIUS.

509 1462 561 1513 Ι.
591 1461 937 1525 Qumcunque
989 1454 1210 1523 quidem
1238 1453 1585 1522 contigerunt
1611 1465 1705 1519 per
1743 1448 2020 1504 Orientem

2199 1451 2268 1506 α’.
2327 1454 2468 1507 Ὅσα
2523 1453 2625 1524 μὲν
2673 1447 2768 1506 οὖν
2815 1451 3016 1523 ξυνέϐη
3086 1449 3228 1504 κατὰ
3267 1449 3365 1518 τὴν
3401 1449 3516 1503 "Bm
3576 1449 3716 1520 μετὰ

434 1548 968 1620 postdeposilionem
1001 1543 1272 1612 DiOgenis,
1307 1542 1630 1610 turbasque,
1668 1540 2028 1605 defectiones,

433 1642 745 1704 seditiones,
776 1653 883 1708 qua
907 1637 1193 1700 excitatas,
1223 1649 1332 1704 qna
1364 1635 1665 1688 exstinctas
1695 1647 1789 1701 per
1812 1631 1863 1684 id
1887 1642 2030 1687 tem-

433 1748 558 1801 pus,
599 1743 652 1786 et
678 1741 736 1784 ut
765 1730 1014 1782 omnium
1050 1727 1292 1780 maxima
1335 1723 1603 1794 tyrannis,
1636 1720 1834 1776 Urselii
1885 1723 2030 1790 dico,

435 1825 494 1878 in
530 1837 788 1893 magnum
823 1821 964 1872 elata
1017 1826 1070 1872 et
1122 1816 1490 1870 maximorum
1541 1829 1706 1868 causa
1757 1815 2029 1869 malorum

435 1913 671 1982 imperio
703 1911 950 1965 Romano
982 1923 1012 1961 a
1048 1907 1333 1962 Comneno
1375 1905 1568 1959 Alexio
1613 1905 1797 1959 adhuc
1845 1904 2020 1959 adole-

435 2005 686 2060 scentulo
734 2003 1079 2058 exercituum
1137 2000 1493 2054 Orientalium
1542 1997 1799 2068 praefecto
1853 1999 2029 2054 deleta

435 2100 530 2160 sit,
562 2099 654 2166 qui
692 2098 837 2149 hunc
889 2093 1151 2164 prmcedit
1189 2091 1360 2162 100
1394 2091 1537 2146 liber
1581 2091 1837 2160 explicat.
1874 2090 2030 2146 Nunc

436 2199 619 2244 autem
646 2189 714 2242 ab
742 2185 1119 2242 Orientalibus
1149 2183 1314 2238 rebus
1345 2197 1573 2238 necesse
1607 2191 1692 2238 est
1724 2181 2031 2253 transgredi

437 2285 495 2339 in
532 2281 884 2337 Occidentem
921 2285 973 2329 et
1007 2273 1258 2344 quaedam
1307 2272 1378 2326 lbi
1427 2282 1710 2341 gestorum
1749 2286 2028 2337 enarrare,

445 2386 504 2430 ut
550 2373 692 2428 serie
746 2367 1008 2423 continua
1063 2375 1119 2419 et
1163 2378 1437 2434 nusquam
1491 2363 1799 2432 interrupto
1839 2362 2033 2418 ordine

442 2478 626 2522 nostra
660 2458 1014 2532 progrediens
1037 2457 1214 2512 oratio
1249 2470 1444 2511 rursus
1469 2455 1536 2509 ad
1562 2454 1828 2509 Comneni
1851 2453 2031 2508 Alexii

439 2566 562 2611 acta
609 2559 940 2608 revertatur.
992 2543 1289 2616 Postquam
1326 2545 1560 2600 filiorum
1594 2544 2031 2615 praestantissimi

438 2644 672 2701 Caesaris
694 2652 820 2696 natu
838 2636 1522 2699 minimusConstantinus,
1540 2635 1621 2688 vir
1648 2633 1830 2697 fortis,
1854 2631 2032 2688 subito

438 2737 745 2793 exstinctus
773 2740 886 2795 est,
920 2731 1193 2784 maximus
1213 2742 1340 2781 vero
1370 2736 1499 2780 natu
1527 2725 1874 2780 Andronicus
1894 2765 1908 2789 ,
1935 2739 2031 2792 ge-

2133 1545 2234 1615 τὴν
2272 1543 2368 1598 τοῦ
2426 1544 2711 1612 Διογένους
2761 1543 2856 1596 τοῦ
2899 1542 3168 1614 βασιλέως
3217 1541 3574 1612 καθαίρεσιν,
3623 1543 3715 1592 χλι

2132 1639 2255 1691 ὅσαι
2286 1638 2526 1708 ταραχαὶ
2567 1638 2659 1690 καὶ
2707 1635 3036 1689 ἁποστασίαι
3085 1635 3180 1689 καὶ
3211 1633 3428 1696 στάσεις
3467 1634 3717 1704 ἀνήφθη-

2134 1731 2236 1784 σάν
2275 1747 2335 1782 τε
2384 1730 2480 1782 καὶ
2518 1727 2679 1792 αὖθις
2721 1727 3097 1798 ἐσόέσθησαν,
3131 1727 3228 1779 καὶ
3276 1726 3353 1788 ὡς
3398 1727 3433 1796 ὴ
3477 1725 3716 1795 μεγίστη

2134 1823 2328 1876 πασῶν
2353 1823 2639 1893 τυραννὶς,
2684 1823 2826 1892 φημὶ
2854 1821 2919 1892 δὴ
2953 1819 3049 1874 τοῦ
3083 1819 3414 1890 Οὺρσελίου,
3453 1820 3534 1881 εἰς
3574 1818 3718 1887 μέγα

2131 1914 2362 1986 ἀρθεῖσα
2407 1912 2506 1968 καὶ
2557 1913 2832 1982 μεγίστων
2889 1910 3080 1965 κακῶν
3119 1909 3272 1965 αίτία
3309 1913 3376 1980 τῇ
3425 1907 3719 1978 Ῥωμαίων

2135 2008 2405 2079 γενομένη
2451 2006 2608 2077 παρὰ
2651 2004 2746 2059 τοῦ
2805 2002 3098 2076 Κομνηνοῢ
3150 2003 3392 2070 ’Δλεξίου
3441 2001 3721 2073 καθῄρητο

2133 2101 2212 2152 ἐτι
2243 2099 2440 2169 κομιδῇ
2483 2099 2606 2151 νέου
2642 2097 2794 2160 δντος
2829 2097 2924 2151 καὶ
2957 2095 3435 2167 στρατοπεδάρχου
3471 2093 3571 2163 τῆς
3603 2092 3720 2145 Ἕω

2132 2191 2549 2262 ἀποδειχθέντος
2571 2229 2586 2256 ,
2618 2188 2647 2242 6
2697 2188 2806 2258 πρὸ
2849 2185 3006 2242 τοῦδε
3050 2186 3211 2254 λόγος
3255 2183 3425 2254 δηλοῖ.
3477 2182 3615 2236 Novi
3661 2181 3718 2235 δέ

2133 2283 2242 2340 ἀπὸ
2271 2281 2381 2336 τῶν
2407 2299 2547 2336 κατα
2567 2281 2668 2352 τὴν
2703 2279 2878 2350 Ἐᾡαν
2910 2278 3257 2348 πραγμάτων
3285 2274 3585 2345 ἀναγκαῖον
3617 2289 3719 2344 με·

2133 2373 2369 2442 ταϐῆναι
2416 2371 2554 2442 πρὸς
2599 2377 2700 2442 την
2743 2368 3019 2439 Ἑσπέραν
3049 2367 3143 2421 καί
3187 2383 3310 2420 τινα
3348 2365 3456 2418 τῶν
3492 2366 3551 2418 ἐν
3579 2363 3719 2432 αὐτῇ

2136 2466 2496 2537 πραχθέντων
2526 2461 2941 2534 ἀφηγήσασθαι.
2973 2460 3040 2512 ἵν’
3079 2458 3259 2529 είρμῷ
3295 2475 3401 2511 τινι
3440 2457 3536 2510 καὶ
3567 2455 3721 2520 τάξει

2138 2556 2371 2627 βαδίζων
2429 2557 2458 2609 6
2505 2553 2662 2620 λόγος
2712 2554 2804 2605 ἐπὶ
2838 2551 2939 2615 τὰς
2987 2549 3218 2620 πράξεις
3262 2544 3418 2612 αὖθις
3461 2547 3589 2619 ἔλθη
3622 2546 3722 2600 τοῦ

2135 2645 2430 2717 Κομνηνοῦ
2465 2643 2727 2710 Ἀλεξίου.
2777 2641 2996 2711 Ἐπειδὴ
3043 2641 3152 2694 τῶν
3197 2638 3406 2693 παίδων
3443 2637 3539 2692 τοῦ
3582 2638 3725 2691 θειο-

2138 2740 2302 2792 τάτου
2340 2737 2617 2808 Καίσαρος
2654 2739 2683 2790 ό
2727 2734 2828 2806 μέν
2864 2735 3127 2805 νεώτερος
3153 2731 3562 2793 Κωνσταντῖνος
3587 2730 3727 2800 ἀνὴρ

443 2828 746 2885 nerositate
778 2839 876 2880 sua
914 2823 1140 2893 probata
1171 2823 1226 2875 in
1258 2819 1402 2874 bello
1435 2819 1672 2873 maxime
1703 2827 1896 2873 contra
1925 2815 2032 2871 Ur-

2144 2831 2351 2902 ἀγαθὸς
2395 2806 2689 2899 γενόμενος
2737 2829 3000 2898 ἐξαίφνης
3043 2824 3297 2889 ἀπεδίω,
3327 2823 3357 2876 ό
3389 2821 3447 2876 δέ
3486 2821 3728 2894 πρεσσύ-

440 2923 658 2982 selium,
707 2932 816 2988 quo
857 2916 1098 2985 seipsum
1154 2926 1258 2984 pro
1307 2911 1484 2966 salute
1539 2909 1709 2981 patris
1760 2911 2034 2966 devovens

2144 2940 2301 2993 τερος
2345 2921 2686 2994 Ἀνδρόνικος
2709 2920 2770 2974 τὸ
2799 2920 3048 2990 γενναῖον
3077 2915 3244 2972 αὐτοῦ
3283 2915 3383 2984 τῆς
3411 2913 3592 2984 ψυχῆς
3622 2929 3730 2968 πα-

445 3025 557 3069 tam
593 3010 833 3082 graviter
865 3016 947 3062 est
979 3007 1296 3060 vulneratus
1323 3012 1380 3056 ut
1409 3017 1580 3072 prope
1615 3001 1912 3071 exsanguis
1943 3016 2034 3055 re-

456 3106 617 3170 dierit
634 3103 978 3176 Byzantium,
997 3098 1180 3167 ibique
1198 3111 1362 3165 quam
1384 3094 1802 3164 diligentissime
1814 3100 2037 3148 curatus

445 3197 728 3255 doloribus
760 3193 978 3265 quidem
1009 3189 1296 3243 vulnerum
1327 3185 1594 3241 liberatus
1629 3194 1733 3250 est,
1773 3185 2037 3255 languore

443 3305 576 3345 vero
606 3291 875 3344 viscerum
909 3291 1194 3350 correptus
1226 3278 1561 3349 hydropicus
1587 3276 1872 3346 judicatus
1900 3284 1983 3331 est
2008 3291 2038 3330 a

447 3382 698 3441 medicis,
724 3385 854 3432 etut
881 3375 1103 3445 gravius
1136 3371 1389 3424 laborans
1419 3383 1583 3438 quam
1613 3368 1704 3437 qui
1734 3366 1913 3438 juvari
1937 3382 2039 3437 ope

446 3473 585 3529 artis
619 3477 806 3541 posset
831 3467 1114 3538 depositus
1153 3472 1318 3528 atque
1345 3460 1718 3516 conclamatus
1744 3467 1823 3513 est
1850 3475 1861 3511 :
1889 3467 2040 3528 pOst-

449 3581 614 3636 quam
637 3565 775 3628 haec,
801 3561 1049 3630 inquam,
1074 3558 1154 3611 sic
1174 3563 1559 3618 evenerunt,et
1576 3553 1757 3608 Caesar
1783 3550 2038 3624 inclytam

446 3661 612 3714 vitam
649 3658 702 3710 in
740 3653 1100 3709 monasticam
1134 3647 1532 3720 professionem
1567 3644 1830 3708 mutavit,
1864 3644 2042 3714 impe-

449 3761 600 3806 rator
626 3746 856 3803 Michael
883 3744 1034 3801 curis
1065 3739 1561 3797 innumerabilibus
1592 3735 2039 3800 conflictabatur,

455 3842 673 3914 Scythis
697 3840 918 3910 quidem
947 3835 1240 3890 Thraciam
1270 3840 1320 3886 et
1351 3829 1725 3884 Macedoniam
1757 3829 2044 3881 incursan-

450 3939 620 3999 tibus,
653 3933 942 3988 Slavorum
974 3943 1106 3985 :vero
1137 3934 1300 3998 gente
1341 3924 1532 3994 jngum
1583 3921 1838 3976 Romanae
1863 3917 2042 3973 domi-

452 4029 692 4088 nationis
724 4026 1042 4080 excutiente
1077 4034 1130 4079 et
1165 4019 1478 4092 Bulgariam
1513 4018 1722 4088 rapinis
1763 4027 1927 4086 atque
1960 4015 2044 4070 iu-

453 4119 666 4174 rendiis
701 4125 899 4185 agente
929 4115 1275 4182 ferenteque.
1306 4110 1476 4181 Scnpi
1507 4125 1725 4180 quoque
1752 4119 1808 4164 et
1848 4107 2044 4163 Naisus

452 4212 835 4274 vastabantur,
869 4207 1001 4277 quin
1049 4205 1230 4274 ipsum
1277 4202 1443 4257 etiam
1495 4201 1779 4262 Sirmium,
1832 4209 1887 4254 et
1926 4215 2048 4270 qua:

451 4304 599 4358 circa
645 4301 862 4354 Saviam
906 4311 1124 4351 amnem
1164 4295 1268 4348 sita
1311 4299 1441 4346 sunt
1482 4291 1681 4362 oppida
1722 4305 1949 4360 quaeque
1980 4290 2048 4344 ad

453 4393 652 4448 Istrum
724 4403 898 4458 usque
959 4384 1217 4439 Vidinam
1260 4383 1444 4451 jacent
1493 4381 1745 4436 civitates
1808 4381 2049 4450 graviter

454 4487 801 4542 laborabant.
850 4478 982 4534 Inde
1034 4492 1231 4532 rursus
1281 4472 1582 4528 Chorobati
1630 4481 1686 4526 et
1731 4470 2048 4525 Dioclenses

455 4578 786 4633 rebellantes
823 4573 1140 4628 universum
1167 4567 1444 4638 Illyricum
1478 4563 1835 4620 infestabant.

531 4868 688 4946 101
717 4867 772 4920 2.
808 4864 905 4920 His
935 4871 1248 4919 commOtus
1295 4866 1351 4912 et
1400 4857 1456 4911 in
1507 4867 1726 4924 gravem
1779 4849 2050 4906 adductus

457 4973 666 5018 metum
727 4947 1026 5028 imperator
1093 4947 1672 5018 Michael‘cogitabat
1736 4951 2048 4998 consortem

459 5056 700 5124 aliquem
750 5061 1036 5104 assumere
1076 5043 1324 5113 imperii,
1363 5040 1451 5095 cui
1491 5036 1810 5100 secundam,
1837 5035 1941 5088 hoc
1970 5040 2055 5088 est

457 5143 712 5209 Czesaris,
749 5139 1071 5209 dignitatem
1119 5134 1424 5189 conferret.
1481 5128 1618 5196 Quia
1669 5142 1800 5181 vero
1847 5125 2054 5179 familia

460 5238 583 5308 ejus
615 5245 668 5288 et
695 5230 1140 5302 consanguinitas
1183 5235 1302 5280 erat
1361 5223 1626 5279 exhausta
1654 5262 1669 5288 ,
1711 5217 2054 5287 consumptis

464 5307 613 5381 varia
645 5325 799 5379 clade
832 5322 1129 5393 plerisque,
1160 5315 1637 5385 circumspiciebat
1668 5312 1815 5365 inter
1841 5324 1936 5364 eos
1959 5307 2054 5378 qui

2146 3015 2425 3086 ραστήσας
2460 3013 2561 3066 κάν
2608 3010 2688 3082 τῷ
2726 3007 2872 3064 κατὰ
2898 3008 2994 3062 τοῦ
3038 3005 3336 3078 Οὑρσελίου
3374 3003 3601 3075 πολέμῳ
3630 3002 3730 3057 καὶ

2146 3105 2340 3159 ἐαυτὸν
2375 3103 2676 3175 προέμενος
2729 3100 2874 3172 ὑπὲρ
2918 3100 3018 3170 τῆς
3057 3097 3154 3152 τοῦ
3198 3095 3407 3168 πατρὸς
3451 3097 3730 3168 σωτηρίας

2145 3197 2336 3262 δεινῶς
2374 3193 2819 3268 τετραυμάτιστο
2863 3191 2940 3256 ὡς
2980 3190 3182 3263 μικροῦ
3219 3191 3332 3244 δεῖν
3371 3189 3596 3262 ἔξαιμος
3633 3205 3730 3260 γε·

2145 3289 2320 3359 γονὼς
2357 3287 2627 3357 ἐπανῆλθε
2670 3284 2807 3356 πρὸς
2844 3284 2906 3339 τὺ
2943 3283 3274 3350 Βυζάντιον,
3315 3281 3632 3338 ἐπανελθὼν
3671 3282 3732 3335 δὲ

2147 3385 2243 3440 καὶ
2267 3383 2590 3452 ἐπιμελείας
2625 3367 2805 3452 τυχὼν
2833 3380 2917 3434 ὅτι
2958 3378 3222 3450 πλείστης
3247 3376 3358 3432 τῶν
3390 3377 3489 3447 μέν
3519 3377 3583 3430 ἐκ
3620 3377 3734 3429 τῶν

2147 3471 2482 3544 τραυμάτων
2515 3469 2827 3540 ἀλγηδόνων
2849 3468 3190 3538 ἀπήλλακτο,
3221 3467 3451 3538 καχεξίᾳ
3471 3467 3530 3520 δὲ
3564 3465 3731 3520 σπλά-

2148 3581 2330 3636 γχνων
2369 3560 2654 3632 συσχεθεὶς
2709 3561 2884 3630 ὑδέρῳ
2937 3559 3168 3628 ληφθεὶς
3217 3559 3562 3630 ἀπηγόρευτο
3596 3556 3735 3629 πρὸς

2149 3657 2261 3710 τῶν
2309 3654 2546 3726 ἰατρῶν,
2596 3651 2944 3722 ἀτονησάσης
2981 3651 3082 3720 τῆς
3117 3649 3316 3720 τέχνης
3366 3647 3735 3718 ἐπικουρῆσαι

2149 3751 2229 3820 τῷ
2262 3749 2568 3816 κάμνοντι·
2612 3745 2738 3798 ἐπεὶ⁵
2776 3742 2909 3813 γοῦν
2952 3741 3098 3796 οὕτω
3136 3741 3314 3797 ταῦτα
3349 3741 3548 3812 συνέϐη
3578 3743 3673 3796 καὶ
3704 3742 3736 3795 6

2153 3844 2372 3913 Καῖσαρ
2402 3841 2493 3894 τὸν
2536 3838 2737 3908 εὐκλεῆ
2769 3837 2882 3908 βίον
2909 3836 2988 3900 είς
3023 3835 3114 3890 τὸν
3141 3835 3428 3906 μοναδικὸν
3471 3836 3742 3904 perﬂuet--

2150 3935 2273 4008 ψεν,
2308 3935 2337 3988 6
2382 3934 2636 4005 βασιλεὺς
2664 3931 2884 4003 Μιχαὴλ
2924 3928 3172 4000 φροντίσι
3219 3928 3442 3999 μυρίαις
3484 3927 3736 3992 ἐπάλαιε,

2152 4027 2261 4080 τῶν
2294 4043 2355 4081 τε
2385 4024 2610 4080 Σκυθῶν
2635 4024 2860 4095 Θρᾴκην
2883 4039 2942 4075 τε
2968 4021 3066 4075 καὶ
3095 4018 3440 4074 Μακεδονίαν
3472 4035 3741 4089 κατατρε-

2151 4120 2380 4190 χόντων,
2417 4115 2512 4170 τοῦ
2537 4132 2594 4170 τε
2631 4113 2942 4168 Σθλαϐίνων
2969 4111 3158 4174 ἔθνους
3184 4110 3285 4180 τῆς
3313 4109 3562 4172 δουλείας
3609 4109 3741 4163 Ῥω-

2155 4210 2334 4282 μαίων
2388 4207 2799 4278 άφηνιάσαντος
2837 4205 2930 4259 καὶ
2969 4201 3066 4274 τὴν
3117 4200 3443 4270 Βουλγᾶρων
3485 4199 3743 4273 δηοῦντός

2151 4320 2211 4357 τε
2268 4301 2366 4355 καὶ
2407 4297 2754 4368 ληϊζομένου.
2806 4291 3043 4348 Σκοῦποί
3077 4307 3138 4345 τε
3191 4289 3288 4344 καὶ
3323 4289 3529 4351 Ναῖσος
3572 4289 3746 4356 ἐπορ-

2153 4393 2364 4460 θοῦντο,
2400 4391 2486 4463 [Ρ.
2519 4389 2610 4462 69]
2643 4389 2740 4443 καὶ
2779 4386 2914 4442 αὐτὸ
2939 4386 3005 4457 δὴ
3040 4384 3102 4438 τὸ
3128 4383 3357 4454 Σίρμιον
3391 4380 3580 4435 καὶτὰ
3612 4381 3746 4450 περὶ

2151 4487 2244 4539 τὶν
2271 4483 2473 4537 Σαὸίαν
2502 4481 2750 4550 ποταμὸν
2786 4478 2960 4549 χωρία
2991 4477 3085 4529 καὶ
3115 4477 3173 4530 αἱ
3209 4474 3528 4545 παρίστριοι
3557 4471 3746 4534 πόλεις

2153 4578 2211 4631 αι
2267 4577 2431 4646 μέχρι
2491 4571 2724 4642 Βυδίνης
2773 4569 2962 4632 κακῶς
3013 4566 3331 4620 διετίθεντο.
3411 4561 3652 4616 Ἐκεῖθεν
3696 4561 3746 4613 δ’

2155 4668 2313 4732 αὖθις
2375 4663 2695 4736 Χωροὸἀτοι
2762 4661 2858 4716 καὶ
2923 4659 3168 4722 Διοκλεῖς
3226 4657 3341 4729 (30)
3403 4655 3748 4718 ἀποστάντες

2151 4761 2302 4815 ἅπαν
2331 4760 2392 4812 τὸ
2428 4755 2720 4827 Ἰλλυρικὸν
2752 4752 2939 4816 κακῶς
2970 4751 3260 4806 διετίθουν.

2231 4850 2300 4922 β’.
2341 4849 2560 4905 Τούτων
2601 4847 2777 4909 οὕτως
2819 4844 3126 4917 γινομένων
3161 4842 3190 4895 6
3221 4840 3484 4912 βασιλεὺς
3525 4837 3745 4910 Μιχαὴλ

2157 4946 2238 5009 είς
2279 4944 2396 5006 δέος
2446 4941 2775 4996 ἐκπέπτωκε
2807 4941 2986 5008 μέγα,
3030 4936 3127 4990 καὶ
3155 4933 3456 4988 ἐσκέπτετο
3489 4932 3751 4986 κοινωνόν

2157 5051 2280 5090 τινα
2308 5030 2721 5104 προσλαϐέσθαι
2743 5029 2838 5083 καὶ
2863 5029 2962 5098 τὴν
2991 5026 3257 5095 δευτέραν
3282 5023 3432 5094 αὐτῷ
3450 5023 3751 5090 ἀπονεῖμαι

2151 5125 2346 5198 τιμὴν,
2381 5122 2525 5194 φημὶ
2551 5121 2616 5194 δὴ
2643 5120 2742 5191 τὴν
2770 5118 2866 5174 τοῦ
2897 5119 3199 5188 Καίσαρος.
3244 5115 3398 5169 Ἐπεὶ
3443 5115 3499 5168 δέ
3525 5113 3586 5167 τὸ
3615 5129 3753 5180 συγ-

2161 5217 2319 5288 γενὲς
2373 5213 2539 5271 αὐτοῦ
2587 5213 2736 5267 ἅπαν
2787 5209 3099 5281 καθῄρητο,
3151 5206 3290 5276 πρὸς
3336 5205 3447 5259 τῶν
3501 5207 3560 5258 ἐν
3603 5198 3752 5258 τέλει

2160 5312 2286 5373 τοὺς
2318 5305 2795 5380 στρατηγοτάτους
2824 5302 3100 5370 ἀπέϐλεψε
3135 5299 3230 5353 καὶ
3269 5298 3449 5371 ἐζήτει
3475 5297 3755 5352 καθκέαυ-

466 5423 703 5476 honores
731 5415 990 5488 gerebant
1045 5421 1098 5468 et
1129 5427 1227 5466 sua
1260 5409 1434 5480 ipsius
1467 5406 1581 5461 acri
1619 5402 2038 5460 consideratiom

2160 5404 2253 5457 τὸν
2286 5401 2427 5473 μετὰ
2473 5399 2580 5452 τῶν
2633 5395 3010 5468 περιοικιδίων
3058 5393 3149 5447 τὸν
3195 5391 3366 5462 πείρᾳ
3401 5388 3750 5461 πραγμάτιον

465 5513 708 5568 adhibita
739 5520 794 5566 cl.
821 5507 1250 5564 domesticorum
1282 5502 1472 5556 intime
1505 5497 1862 5553 familiarium
1909 5509 2038 5550 con-

2157 5497 2251 5548 καὶ
2295 5494 2555 5563 φρονήσει
2589 5491 2684 5544 καὶ
2715 5490 2888 5560 ἀρετῇ
2929 5485 3038 5540 τῶν
3069 5484 3244 5540 ἄλλων
3283 5479 3745 5536 πλεονεκτοῦντα.

1509 5661 1714 5724 Caroli
1759 5661 1853 5720 Du
1889 5660 2127 5720 Fresne
2164 5661 2260 5719 Du
2300 5658 2513 5736 Gange
2549 5663 2738 5717 noue.

541 5829 649 5897 ('56)
684 5824 1014 5894 Χωροσάτοι
1045 5819 1144 5897 καί
1176 5813 1466 5897 mordet}.
1515 5809 1724 5865 Bellum
1774 5810 1876 5863 hoc
1934 5807 2034 5862 Scr

2147 5822 2218 5861 nn
2276 5814 2629 5877 prosequitur
2707 5801 2975 5873 Scylitzes
3029 5814 3084 5871 p.
3129 5799 3228 5857 85f
3280 5807 3332 5854 et
3407 5811 3549 5868 seq.,
3597 5804 3654 5850 ut
3695 5800 3753 5848 ex

467 5887 688 5957 Atuza'l.
722 5887 856 5952 |.'\'.
898 5906 1013 5948 not.
1046 5892 1111 5945 ad
1139 5905 1193 5960 p.
1226 5887 1316 5940 ιο.
