4154 6460
473 439 575 510 151

1678 434 2101 501 NICEPHORI
2139 433 2477 497 BRYENNI
2487 435 2514 496 ῐ

3640 431 3746 500 1'52

473 557 893 630 primogenitam
928 558 1300 614 communium
1331 557 1565 614 filiarum
1604 570 1716 612 non
1767 556 1844 611 illi
1876 555 2052 610 solum

2192 550 2360 603 ὲταῖν
2389 546 2579 604 ἀλλαὶν
2627 549 2966 621 ἐφρόντιζον,
3001 549 3094 604 καὶ
3129 549 3331 621 μᾶλλον
3364 547 3462 619 τῆς
3504 549 3604 621 ήδη
3639 552 3742 621 ρη-

478 650 572 702 υηί
603 647 813 718 pucllm,
840 649 932 703 sed
955 647 1218 704 fratribus
1243 659 1504 720 praeterea
1523 647 1642 719 ejus
1665 646 2056 712 sororibusque

478 741 850 796 consulerent.
887 740 1022 797 Tres
1049 756 1213 812 porro
1242 743 1380 797 filias
1414 748 1794 810 susceperant,
1820 752 2056 808 quarum

483 830 760 884 minimam
803 841 929 884 natu
960 829 1308 885 Theodoram
1342 829 1411 885 ab
1444 831 1559 900 ipsa
1600 829 1775 899 prima
1829 824 2061 880 infantia

483 921 593 975 Dco
615 931 889 977 sacratam
914 923 1272 988 virginalibus
1291 923 1494 992 nuptiis
1519 919 1867 975 immaculato
1887 919 2063 988 Spon-

485 1030 546 1066 s0
596 1015 1017 1082 coniunxerant.
1073 1014 1146 1070 De
1194 1015 1322 1070 aliis
1370 1015 1587 1070 duabus
1629 1013 1787 1083 107
1845 1009 2062 1066 solliciti

443 1114 660 1182 erant,
716 1107 952 1160 maxime
991 1116 1172 1162 autem
1230 1107 1297 1162 de
1346 1105 1508 1160 modo
1541 1115 1842 1160 memorata
1891 1103 2062 1158 Irene.

483 1195 618 1251 Erat
642 1197 786 1251 enim
815 1197 1221 1253 adulescentula
1258 1197 1450 1265 gratiis
1476 1195 1726 1260 afﬂuens,
1768 1194 1942 1250 forma
1971 1210 2068 1264 pa-

485 1287 621 1341 riter
675 1289 922 1359 corporis
979 1300 1031 1343 et
1080 1287 1370 1358 splendore
1427 1303 1642 1342 morum
1703 1285 1941 1358 fulgens.
1999 1285 2068 1340 Ut

489 1389 671 1434 autem
729 1381 894 1451 hujus
939 1381 1178 1454 conjugii
1239 1381 1572 1436 mentionem
1631 1389 1804 1435 mater
1863 1380 2067 1443 intulit,

488 1482 889 1527 concurrerunt
931 1474 1177 1527 certatim
1224 1472 1278 1526 in
1322 1487 1384 1526 ea
1435 1470 1840 1539 comprobanda
1888 1468 2072 1525 Caesar

489 1572 545 1618 et
585 1565 1037 1633 protovestiarius
1069 1566 1205 1634 ipse,
1232 1564 1493 1636 inclytus,
1519 1563 1763 1633 inquam,
1793 1560 2070 1616 Androni-

490 1671 624 1721 cus;
652 1657 746 1727 qui
785 1658 1006 1728 quidem
1049 1672 1114 1711 ea
1162 1657 1539 1726 propositione
1574 1664 1786 1710 tantum
1841 1661 1927 1707 est
1976 1667 2072 1718 εα-

490 1748 644 1804 visus
684 1758 744 1805 ut
776 1765 914 1820 pene
965 1751 1142 1804 morbi
1192 1750 1628 1806 oblivisceretur.
1680 1748 1864 1814 Quare
1894 1745 2073 1801 venti-

2162 644 2348 715 θείσης
2373 646 2611 716 Εἰρήνης
2633 660 2646 674 ·
2680 647 2777 699 καὶ
2803 646 2912 716 γὰρ
2941 641 3010 717 ἦν
3035 646 3278 716 χαρίτων
3321 649 3355 717 ή
3391 647 3570 710 νεᾶνις
3606 645 3742 700 ἀνά-

2163 734 2362 800 πλεως,
2403 736 2522 808 ὥρᾳ
2575 753 2635 789 τε
2698 735 2954 807 σώματος
3008 735 3396 806 διαλάμπουσα
3445 737 3540 790 καὶ
3593 735 3747 804 ἠθῶν

2163 826 2437 894 ἀγλαΐαις.
2501 827 2588 890 Ὠς
2638 827 2770 895 γοῦν
2813 827 3080 898 ήταύτης
3132 828 3319 898 μήτηρ
3368 827 3466 898 τήν
3517 825 3749 897 γνώμην

2164 918 2505 988 εἰσήνεγκεν,
2544 919 2571 971 ὃ
2602 937 2660 972 τε
2693 921 2912 990 Καῖσαρ
2943 919 3134 989 ἐπῄνει
3163 919 3306 973 καὶὸ
3337 919 3748 989 πρωτοϐεστιά-

2169 1028 2302 1081 ριος,
2334 1014 2361 1064 ὁ
2383 1011 2611 1077 κλεινὸς,
2634 1012 2802 1082 φημί,
2846 1013 3206 1082 Ἀνδρόνικος,
3224 1011 3369 1081 ήσθη
3400 1009 3496 1065 καί
3522 1011 3748 1092 μονονοὺ

2167 1106 2262 1158 καὶ
2284 1106 2382 1175 τῆς
2413 1105 2570 1158 νόσου
2613 1104 3030 1160 ἐπελανθάνετο.
3083 1105 3192 1158 Καὶ
3234 1103 3568 1174 φοιτήσαντά
3616 1120 3751 1156 ποτε

2170 1197 2308 1268 πρὸς
2333 1197 2498 1251 αὑτὸν
2523 1199 2616 1251 τὸν
2669 1197 2954 1268 Κομνηνδν
3003 1197 3242 1260 ’Δλέξιον
3277 1195 3385 1268 ίδίᾳ
3411 1193 3754 1264 παραλαϐὼν

2170 1290 2502 1346 ἐπυνθάνετο
2561 1292 2610 1344 εί
2673 1291 2917 1360 βούλοιτο
2961 1289 3183 1356 γυναικὶ
3233 1287 3616 1357 συναφθῆναιο
3655 1286 3756 1340 καὶ

2172 1384 2280 1455 γὰρ
2312 1383 2451 1456 ἔφθη
2475 1383 2777 1437 ἀποόιοῦσα
2825 1384 2859 1454 ή
2895 1381 3089 1452 πρώην
3119 1380 3294 1451 τούτῳ
3315 1378 3757 1451 συναρμοσθεϊσα

2172 1476 2421 1546 θυγάτηρ
2448 1476 2545 1530 τοῦ
2583 1474 2854 1546 Ἀ-ργυροῦ
2896 1474 3007 1544 (Η)
3037 1472 3247 1526 ἐκείνου
3277 1471 3470 1541 ἀνδρὸς
3497 1469 3760 1539 εὐγενοῦς

2173 1568 2268 1620 καὶ
2296 1566 2512 1638 πλούτῳ
2536 1567 2816 1638 κομῶντος
2839 1567 2937 1619 καὶ
2951 1565 3195 1636 κτήσεως
3220 1563 3302 1617 ὅτι
3321 1562 3580 1632 πλείστης
3604 1562 3759 1624 ὄντος

2173 1658 2460 1712 δεσπότου.
2518 1658 2607 1722 Ὠς
2655 1658 2714 1712 δὲ
2747 1657 3132 1726 συντιθέμενον
3164 1653 3355 1709 τοῦτον
3379 1645 3563 1724 εὗρεν,
3595 1653 3762 1718 εὐθὺς

2175 1748 2422 1818 περὶτοῦ
2459 1749 2656 1820 κήδους
2689 1747 3054 1820 ἀπήγγελλεν.
3098 1747 3158 1800 Ὅ
3175 1747 3232 1800 δὲ
3283 1745 3652 1811 ξυνετώτατος
3683 1744 3764 1799 ῶν

491 1847 698 1892 tantem
753 1839 820 1893 ad
873 1855 932 1894 se
981 1839 1142 1896 ofﬁcii
1198 1855 1362 1894 causa
1418 1838 1758 1894 Comnenum
1823 1836 2071 1891 Alexium

2187 1839 2338 1910 είπερ
2380 1856 2466 1901 τις
2496 1839 2654 1903 ἄλλος
2683 1839 2793 1893 τῶν
2833 1839 2971 1893 νέων
3003 1838 3147 1911 ήσθη
3189 1839 3287 1908 μὲν
3318 1837 3398 1909 τῷ
3425 1835 3763 1906 ἀκούσματι,

493 1944 620 1984 cum
654 1931 907 2000 privatim
940 1932 1666 2003 aggressusinterrogasset,
1700 1929 1893 2000 ecquid
1917 1928 2078 1984 vellet

2187 1906 2391 2002 ἀνήρτα
2415 1929 2462 1982 δ’
2489 1931 2640 2000 ὅμως
2704 1930 2773 1984 τά
2816 1931 2947 2001 περὶ
2995 1906 3200 1984 τούτου
3233 1928 3312 1998 τῷ
3350 1906 3620 1997 θελήματι
3662 1925 3766 1995 τῆς

496 2037 725 2078 uxorem
788 2023 986 2077 ducere
1036 2023 1185 2095 (nam
1233 2019 1398 2094 paulo
1447 2032 1572 2078 ante
1611 2023 1791 2077 vivere
1840 2021 2078 2076 desierat

497 2128 659 2182 quam
694 2113 740 2170 is
767 2115 868 2169 sibi
899 2129 1073 2184 nuper
1111 2114 1479 2186 desponderat
1524 2113 1632 2168 filia
1683 2111 1876 2182 Argyri
1930 2111 2080 2165 illius

495 2205 600 2261 viri
651 2207 856 2263 nobilis
907 2218 962 2264 et
1016 2207 1251 2278 pecunia
1303 2205 1852 2276 possessionibusque
1902 2201 2080 2256 omnis

497 2300 715 2371 generis
744 2299 1138 2370 abundantis);
1176 2311 1234 2355 ut
1264 2309 1444 2354 autem
1490 2297 1880 2354 assentientem
1929 2295 2083 2348 inve-

500 2392 602 2455 nit,
659 2392 952 2464 cogitatam
1007 2391 1323 2447 afl‘tnitatem
1372 2391 1607 2460 aperuit.
1659 2387 1758 2444 Hic
1817 2387 1908 2441 ille
1965 2401 2084 2440 om-

503 2485 654 2539 nium
682 2483 1143 2554 prudentissimus
1171 2483 1388 2553 juvenis
1439 2496 1552 2536 rem
1582 2479 1800 2550 quidem
1835 2477 2085 2548 probavit

503 2586 558 2630 et
586 2575 961 2645 propositione
986 2575 1288 2629 delectatus
1319 2581 1424 2635 est,
1455 2571 1782 2640 significavit
1809 2579 1992 2623 tamen
2026 2584 2085 2623 se

503 2666 743 2738 pendere
799 2664 854 2719 in
900 2665 1008 2720 hoc
1049 2681 1117 2720 ex
1169 2664 1448 2719 voluntate
1497 2661 1711 2716 matris.
1771 2660 1964 2728 Magna
1995 2659 2087 2713 hic

505 2755 798 2825 occupatio
824 2752 968 2809 facta
1005 2763 1089 2810 est
1119 2753 1392 2809 universae
1416 2751 1649 2808 Caesaris
1697 2750 1907 2815 domui,
1965 2749 2087 2820 pul-

504 2844 780 2906 cherrima
809 2844 1102 2900 Andronici
1131 2844 1364 2915 conjuge
1391 2843 1688 2898 familiares
1719 2856 1912 2897 etnnes
1933 2839 2088 2895 adbi-

505 2935 690 2994 bente.
715 2945 1052 3007 urgenteque
1086 2943 1147 2991 ut
1185 2951 1286 3006 pro
1323 2950 1382 2992 se
1431 2935 1666 3006 quisque
1695 2932 2092 2989 contenderent

506 3029 564 3084 in
611 3028 948 3099 expediendo
996 3029 1217 3099 negotio
1248 3043 1357 3083 non
1399 3027 1630 3082 modicis
1682 3023 2092 3081 difﬁcultatibus

507 3121 790 3189 impedito.
818 3117 956 3176 Nam
992 3135 1171 3190 neque
1205 3119 1519 3190 imperatori
1545 3118 1797 3186 placebat
1821 3117 1871 3172 ei
1903 3117 2090 3188 generi

508 3213 767 3285 conjungi
804 3214 1034 3285 nuptiali
1076 3212 1483 3270 necessitudine
1509 3212 1877 3277 Comnennm,
1917 3225 2094 3282 neque

509 3309 568 3361 in
598 3307 703 3362 hoc
746 3306 1120 3377 propendebat
1149 3306 1324 3375 ipsius
1350 3305 1616 3362 Comneni
1673 3312 1847 3359 mater
1871 3305 2096 3374 antiqua

510 3399 814 3454 offensione
837 3413 867 3453 a
899 3397 1113 3455 Caesare
1143 3413 1208 3455 ac
1236 3398 1444 3454 familia
1489 3397 1722 3454 Caesaris
1764 3397 2093 3471 abhorrens.

511 3485 785 3546 Praeterea
829 3489 998 3546 frater
1029 3489 1379 3560 imperatoris
1419 3489 1924 3562 Porphyrogenitus
1948 3489 2098 3544 Con-

511 3582 790 3638 stantinus
817 3583 1171 3640 vehementer
1221 3597 1412 3638 amans
1467 3597 1795 3652 generosum
1843 3581 2095 3636 Alexium

511 3689 624 3728 non
656 3675 1002 3744 permittebat
1030 3674 1134 3744 ipsi
1164 3675 1305 3729 utin
1345 3675 1563 3744 nuptias
1608 3689 1733 3729 cum
1785 3672 1970 3728 fratris
2014 3672 2099 3728 sui

515 3765 751 3821 Caesaris
801 3775 960 3836 nepte
1002 3767 1381 3822 consentiret:
1417 3776 1536 3821 erat
1584 3767 1731 3821 enim
1785 3765 1888 3835 ipsi
1941 3778 2099 3821 soror

515 3869 649 3914 natu
685 3858 945 3926 grandior
974 3857 1084 3914 Zoe
1125 3858 1367 3924 nomine,
1423 3873 1589 3930 quam
1637 3858 1833 3915 Alexio
1885 3857 2101 3912 volebat

514 3966 742 4006 uxorem
768 3951 921 4006 dare.
974 3949 1079 4007 Tot
1111 3951 1413 4009 obstaculis
1441 3952 1747 4008 destinatas
1775 3951 1954 4006 Alexii
1975 3965 2102 4006 cum

512 4040 674 4098 lrene
717 4042 934 4112 nuptias
967 4042 1131 4114 108
1165 4043 1509 4098 morantibus
1545 4057 1654 4098 non
1700 4042 1914 4098 remisit
1970 4056 2106 4097 con-

517 4133 818 4189 tentionem
848 4134 1276 4204 prudentissima
1315 4135 1514 4191 mulier
1543 4134 1729 4192 lrenes
1759 4144 1954 4200 mater,
2003 4148 2106 4189 nec

519 4224 670 4280 dedit
700 4239 953 4279 somnum
983 4226 1181 4293 oculis,
1204 4241 1308 4283 nec
1335 4227 1781 4284 dormitationem
1807 4227 2104 4299 palpebris,

518 4331 624 4372 nec
657 4318 894 4389 denique
926 4318 1178 4387 pecuniis
1226 4320 1470 4391 pepercit
1503 4320 1684 4391 quoad
1731 4321 2108 4392 pulcherrimo

515 4409 782 4478 juvenutn
808 4410 1238 4480 pulcherrimam
1267 4413 1545 4484 virginum
1576 4413 1874 4485 copulavit,
1907 4413 2108 4469 Alexio

519 4502 757 4559 lrenem.
806 4505 889 4559 Ac
932 4513 1083 4575 pater
1125 4507 1350 4577 quidem
1390 4507 1616 4577 virginis
1657 4515 1783 4578 post
1834 4506 2110 4562 celebrata

2183 2022 2412 2094 μητρός.
2457 2023 2546 2076 Ἐν
2586 2022 2796 2092 ἀγῶσιν
2845 2018 2939 2076 οὖν
2985 2021 3149 2084 εὐθὺς
3200 2022 3348 2084 ἄπας
3401 2023 3430 2074 δ
3477 2012 3625 2082 οἶκος
3667 2016 3768 2070 τοῦ

2182 2114 2482 2182 Καίσαρος,
2507 2116 2604 2183 τῆς
2636 2114 2929 2184 καλλίστης
2969 2111 3157 2167 πασῶν
3188 2110 3467 2182 γυναικῶν
3492 2111 3771 2182 διεγειρά-

2185 2226 2285 2280 σης
2341 2207 2426 2281 [Ρ.
2465 2208 2556 2280 75]
2603 2210 2752 2263 ana»
2804 2209 2865 2261 τὸ
2924 2207 3330 2278 θεραπευτικὸν
3379 2205 3476 2259 καὶ
3518 2203 3770 2259 οἰκίδιον.

2184 2299 2324 2354 Οὔτε
2365 2301 2472 2372 γὰρ
2502 2299 2580 2371 τῷ
2631 2301 2847 2371 βασιλεῖ
2907 2299 3189 2372 πρόθυμον
3240 2295 3311 2369 ἦν
3353 2297 3413 2351 τὸ
3444 2297 3534 2349 διά
3571 2295 3776 2365 κήδους

2188 2391 2527 2460 συναφθῆναι
2564 2391 2641 2462 τῷ
2691 2392 2882 2444 τούτου
2935 2392 3087 2460 γένει
3113 2393 3207 2444 τὸν
3256 2387 3563 2459 Κομνηνὸν,
3594 2383 3710 2439 οὔθ’
3740 2387 3777 2455 ή

2191 2485 2377 2554 μήτηρ
2420 2482 2614 2536 τούτου
2667 2483 2949 2555 πρόθυμος
3010 2478 3079 2554 ἦν
3136 2481 3374 2552 ἀρχαίαν
3425 2479 3624 2548 ἔχουσα
3671 2478 3779 2547 τὴν

2187 2572 2512 2643 δυσμένειαν
2533 2573 2666 2643 πρὸς
2695 2573 2955 2645 Καίσαρά
2980 2590 3039 2626 τε
3058 2573 3151 2625 καὶ
3181 2571 3280 2643 τὴν
3308 2570 3488 2624 οίκίαν
3513 2569 3607 2622 τοῦ
3639 2569 3781 2624 Καί-

2192 2681 2378 2736 σαρος,
2418 2665 2448 2718 δ
2483 2682 2544 2718 τε
2579 2665 2685 2736 μὴν
2713 2664 2806 2718 τοῦ
2835 2664 3164 2735 κρατοῦντος
3198 2663 3532 2732 αὑτάδελφος
3569 2663 3599 2714 ὁ
3627 2661 3781 2730 Πορ-

2192 2757 2594 2826 φυρογέννητος
2639 2758 3047 2821 Κωνσταντίνος
3071 2755 3277 2826 σφόδρα
3318 2753 3491 2826 φιλῶν
3529 2751 3621 2806 τὸν
3653 2767 3786 2820 γεν-

2193 2851 2344 2901 ναῖον
2378 2847 2616 2914 Ἀλὲξιον
2647 2847 2709 2901 οῦ
2735 2847 3033 2919 συνεχώρει
3059 2848 3234 2916 τούτῳ
3267 2847 3360 2900 τὸν
3391 2846 3569 2916 γάμον
3594 2843 3788 2898 ἀσπά-

2197 2939 2396 2994 σασθαι
2425 2941 2518 2993 τὸν
2548 2942 2646 3010 τῆς
2673 2940 2885 2994 ἐκείνου
2916 2940 3138 3009 ἀνεψιᾶς
3160 2955 3173 2970 ·
3195 2935 3262 3010 ἦν
3279 2938 3387 3011 γὰρ
3405 2936 3555 3007 αὐτῷ
3575 2935 3788 3006 ἀδελφὴ

2197 3031 2570 3102 πρεσϐυτέρα,
2606 3032 2731 3101 Ζωὴ
2759 3031 2822 3084 τὸ
2863 3031 3058 3102 ὄνομα,
3088 3031 3157 3101 ἢν
3202 3028 3457 3084 ἐϐούλετο
3478 3027 3652 3097 τούτῳ
3687 3043 3788 3079 συ-

2199 3123 2409 3188 ζεῦξαι.
2442 3123 2731 3177 Τοσούτων
2786 3122 2970 3176 τοίνυν
2994 3123 3166 3177 ὀντων
3227 3121 3336 3176 τῶν
3365 3119 3638 3191 ὲμποδίων
3680 3119 3791 3174 οὐκ

2121 3235 2166 3297 C
2199 3219 2400 3289 ἀνῆκεν
2424 3221 2459 3290 ή
2500 3219 2848 3290 συνετωτάτη
2896 3217 3090 3271 πασῶν
3115 3215 3415 3286 γυναικῶν,
3446 3214 3557 3268 οὐδ’
3583 3211 3792 3266 ἔδωκεν

2201 3309 2372 3366 ὕπνον
2402 3313 2516 3375 τοῖς
2543 3310 2848 3380 ὀφθαλμοῖς
2865 3308 2986 3362 οὐδὲ
3003 3325 3210 3376 νυσταγ
3218 3308 3318 3378 μὸν
3334 3308 3447 3371 τοῖς
3466 3305 3792 3376 βλεφάροις,

2200 3405 2324 3458 οὐδὲ
2358 3405 2659 3475 χρημάτων
2710 3402 2974 3471 ἐφείσατο
3009 3401 3120 3454 ἔστ’
3158 3401 3226 3454 ἂν
3272 3399 3350 3470 τῷ
3383 3397 3658 3468 καλλίστῳ
3677 3395 3795 3448 τῶν

2202 3497 2433 3551 νεανιῶν
2483 3497 2583 3566 τὴν
2636 3493 2933 3565 καλλίστην
2973 3491 3403 3565 ἐμνηστεύσατο.
3451 3489 3511 3544 Ὀ
3551 3488 3652 3560 μὲν
3694 3485 3797 3542 οῦν

2204 3587 2390 3657 πατὴρ
2421 3587 2563 3657 μετά
2590 3586 2692 3657 τὴν
2716 3586 3018 3658 μνηστείαν
3063 3583 3272 3655 βραχύν
3301 3600 3420 3637 τινα
3451 3583 3644 3652 χρόνον
3667 3581 3800 3632 ὲπι-

2205 3681 2357 3744 ϐιοὺς
2395 3677 2650 3732 ἐτελεύτα
2681 3678 2768 3730 ἐπ’
2791 3677 3026 3746 ἀγαθαῖς
3057 3679 3177 3740 ταῖς
3199 3675 3380 3730 ἐλπίσι
3397 3674 3496 3745 τὴν
3527 3672 3800 3744 φιλτάτην

2208 3774 2379 3830 παῖδα
2409 3771 2748 3826 καταλιπών.
2792 3772 2933 3824 Ἀλλ’
2965 3767 3121 3834 αὖθις
3149 3771 3312 3842 νικᾷν
3352 3769 3574 3822 ἐδόκουν
3610 3767 3657 3819 οί
3691 3781 3799 3819 πο-

2207 3863 2389 3936 νηροὶ,
2431 3866 2530 3918 καὶ
2573 3863 2604 3917 ό
2649 3862 2826 3933 γάμος
2869 3859 2931 3914 εὖ
2984 3858 3332 3932 παρετίθετο,
3391 3857 3500 3910 τῶν
3553 3851 3802 3925 ἀρχῆθεν

2208 3955 2398 4012 κακῶν
2435 3953 2914 4025 ἑπεισερχομένων
2938 3954 3041 4024 τὴν
3067 3951 3162 4005 τοῦ
3183 3949 3448 4022 βασιλέως
3471 3946 3758 4016 ἁπλότητα
3780 3959 3800 3975 ο

2207 4047 2351 4102 οὕτω
2373 4044 2484 4118 γάρ
2515 4045 2632 4114 ἐγὼ
2681 4044 2837 4099 καλῶ
2871 4042 2975 4113 τὴν
3018 4042 3230 4095 ἐκείνου
3279 4038 3614 4108 κουφότητα.
3651 4031 3800 4086 Ἀλλ’

2213 4141 2513 4213 ὑπερενίκα
2539 4139 2706 4195 πάλιν
2742 4137 2812 4191 τά
2859 4136 2962 4208 τῆς
2993 4133 3282 4204 Προνοίας,
3309 4130 3406 4186 καὶ
3445 4129 3516 4184 τά
3540 4125 3634 4182 τοῦ
3665 4123 3803 4195 φθό-

2211 4251 2306 4289 νου
2335 4232 2412 4297 ὡς
2452 4232 2663 4304 σμῆνος
2709 4231 2775 4284 ὲκ
2805 4226 3018 4284 καπνοῦ
3077 4224 3354 4295 ὑπεχώρει
3391 4221 3486 4274 καὶ
3530 4216 3800 4278 διελύετο,

2213 4323 2307 4377 καὶ
2336 4323 2386 4376 οί
2415 4321 2601 4386 καλῶς
2652 4318 3080 4392 μνηπευθέντες
3109 4315 3227 4386 μετ’
3253 4312 3314 4366 οὐ
3347 4311 3483 4366 πολὺ
3537 4308 3637 4364 καὶ
3659 4323 3804 4377 νυμς

2213 4416 2327 4486 φίοι
2353 4413 2756 4484 ἀπεδείχθησαν
2784 4411 3082 4466 κάλλιστοι.
3107 4408 3212 4460 Τὸν
3249 4404 3306 4459 δὲ
3330 4404 3532 4475 τρόπον
3562 4397 3806 4471 ἐροῦμεν

2214 4509 2311 4563 ἐπὶ
2352 4507 2451 4578 τὴν
2500 4505 2742 4578 ἀρχῆθεν
2820 4501 3147 4559 ἀκολουθίαν
3221 4495 3631 4568 ἀναδραμόντες
3701 4489 3805 4543 τοῦ

521 4596 802 4664 sponsalia
833 4599 983 4654 brevi
1028 4608 1310 4669 superstes
1353 4601 1535 4671 spatio
1572 4601 1808 4657 decessit
1845 4601 1900 4655 in
1948 4601 2109 4657 bonis
2133 4590 2188 4649 D
2214 4602 2400 4670 λόγου.

523 4689 728 4761 spebus
758 4690 1142 4747 charissimam
1175 4691 1341 4746 filiam
1377 4691 1718 4762 relinquens.
1776 4690 1882 4745 Sed
1944 4706 2142 4747 rursus
2217 4695 2438 4748 vincere
2489 4689 2817 4747 videbantur
2869 4688 3119 4743 mali:et
3175 4698 3479 4742 consensus
3528 4683 3584 4738 in
3640 4681 3812 4735 hasce

523 4785 744 4856 nuptias
797 4795 948 4842 recta
1002 4786 1389 4851 recusabatur,
1425 4786 1626 4856 pravis
1677 4784 1994 4842 hominibus
2046 4796 2110 4841 ut
2173 4787 2382 4844 dudum
2441 4786 2690 4844 solebant
2728 4783 3078 4854 imperatoris
3147 4777 3487 4852 simplicitati
3536 4775 3717 4830 denuo
3749 4775 3810 4831 in

527 4899 692 4938 suum
724 4892 992 4953 quaestum
1045 4881 1462 4952 obrepentibus.
1524 4877 1946 4949 Simplicitatem
2009 4894 2144 4937 voco
2172 4896 2295 4952 quae
2348 4880 2545 4936 levitas
2585 4878 2726 4934 forte
2766 4878 2966 4933 melius
3027 4877 3328 4932 diceretur.
3377 4871 3580 4927 Verum
3615 4871 3680 4924 ad
3711 4885 3814 4924 ex-

529 4985 766 5030 tremum
827 4975 1112 5045 superavit
1159 4974 1526 5044 providentia,
1581 4982 1635 5028 et
1678 4986 1868 5028 omnes
1916 4973 1996 5027 illi
2041 4975 2110 5028 ab
2145 4973 2350 5031 invidia
2398 4976 2590 5030 structi
2647 4984 2947 5046 apparatus
2979 4976 3060 5029 sic
3120 4976 3488 5033 evanuerunt,
3539 4976 3598 5020 ut
3628 4963 3813 5018 solent

529 5073 752 5125 admoto
779 5071 929 5124 fumo
950 5084 1079 5140 apes
1109 5069 1320 5138 fugere.
1354 5067 1415 5122 Ei
1448 5068 1541 5136 qui
1571 5067 1846 5138 sponsalia
1907 5069 2314 5125 celebraverant
2365 5052 2722 5141 postmodum
2773 5069 3029 5140 legitimis
3067 5069 3170 5123 rite
3239 5065 3447 5135 nuptiis
3509 5072 3639 5118 sunt
3671 5073 3811 5116 con-

527 5165 722 5234 juncti.
756 5163 1041 5231 Quomodo
1080 5164 1135 5219 id
1175 5163 1464 5234 contigerit
1517 5171 1702 5232 postea
1736 5164 1969 5229 dicetur,
2025 5163 2119 5218 ubi
2159 5163 2308 5220 hunc
2342 5165 2658 5221 sermonem’
2680 5179 3047 5220 resumemus.

607 5262 658 5316 7.
720 5260 962 5317 Joannes
1023 5263 1352 5333 Bryennius,
1419 5262 1579 5332 cujus
1647 5261 1815 5332 paulo
1868 5260 2084 5332 superiu

2301 5261 2369 5326 ζ’.
2405 5261 2464 5315 Ὀ
2491 5262 2780 5333 Βρυέννιος
2822 5261 3097 5328 Ἰωάννης,
3127 5248 3189 5311 οῦ
3223 5255 3330 5325 πρὸ
3352 5255 3584 5326 βραχέος
3602 5253 3630 5304 ὁ
3655 5251 3816 5320 λόγος

533 5355 678 5412 facta
700 5366 787 5412 est
838 5356 1068 5422 mentio,
1116 5356 1309 5412 videns
1366 5355 1594 5411 fratrem
1651 5363 2003 5410 cunctantem
2065 5368 2084 5408 ε

2231 5353 2500 5426 ἐμνήσθη,
2523 5353 2665 5424 ὁρῶν
2695 5353 2790 5408 τὸν
2807 5351 3040 5422 ἀδελφὸν
3071 5349 3151 5403 ἑτι
3178 5347 3442 5417 μέλλοντα
3458 5347 3555 5399 καὶ
3582 5340 3816 5397 ἀναδυό·

533 5452 987 5520 tergiversantem
1022 5466 1087 5506 ac
1115 5450 1264 5504 omni
1291 5464 1394 5521 ope
1417 5449 1592 5504 vitare
1621 5448 1934 5520 cupientem
1967 5463 2036 5503 ne
2065 5449 2079 5501 i

2236 5465 2400 5519 μενον
2431 5448 2526 5502 καὶ
2550 5447 2834 5518 διαδρᾶναι
2865 5446 2940 5509 ὡς
2961 5440 3074 5498 οἷόν
3101 5460 3160 5495 τε
3195 5440 3496 5494 σπεύδοντα
3518 5437 3553 5506 ἢ
3583 5437 3661 5498 εἰς
3682 5435 3817 5487 ἀπο-

536 5544 899 5601 dcfcctionem
939 5552 994 5600 et
1024 5543 1376 5600 rebellionem
1432 5542 1828 5613 implicaretur,
1879 5541 2084 5597 decrev.

2235 5541 2464 5596 στασίαν
2498 5539 2774 5612 χωρῆσαι,
2801 5539 2914 5593 δεῖν
2963 5535 3120 5608 ᾠήθη
3175 5531 3597 5605 παρασκευάσαι
3627 5525 3820 5580 τοῦτον

1581 5681 1782 5746 Caroli
1815 5684 1906 5745 Du
1937 5681 2175 5744 Fresne
2201 5680 2295 5741 Du
2325 5682 2529 5761 Gange
2560 5685 2751 5743 notae.

614 5819 1084 5950 ξῐῒιρωέἶὲἔυροῦ.
1121 5820 1257 5890 Quis
1311 5820 1402 5876 ille
1443 5818 1707 5892 Argyrus,
1780 5815 2032 5887 pluribus
2074 5815 2446 5886 disceptamus
2530 5816 2586 5872 in
2660 5811 2913 5867 Familiis
2986 5806 3324 5882 Byzantinis,
3359 5802 3456 5860 ubi
3485 5801 3551 5859 de
3578 5796 3826 5868 Arum!

540 5911 666 5955 ῐιιιῐι
695 5908 901 5952 tamuta
910 5934 924 5949 .
