  <div class='ocr_page' id='page_1' title='image "/cluster/home/n/w/nwhite01/storage/ocr_20150623/127/coo.31924054870328/084.png"; bbox 0 0 4154 6464; ppageno 0'>
   <div class='ocr_carea' id='block_1_1' title="bbox 454 460 560 523">
    <p class='ocr_par' dir='ltr' id='par_1_1' title="bbox 454 460 560 523">
     <span class='ocr_line' id='line_1_1' title="bbox 454 460 560 523; baseline 0.094 -10"><span class='ocrx_word' id='word_1_1' title='bbox 454 460 560 523; x_wconf 60' lang='grc' dir='ltr'>ιςἿ</span> 
     </span>
    </p>
   </div>
   <div class='ocr_carea' id='block_1_2' title="bbox 1637 459 2536 526">
    <p class='ocr_par' dir='ltr' id='par_1_2' title="bbox 1637 459 2536 526">
     <span class='ocr_line' id='line_1_2' title="bbox 1637 459 2536 526; baseline 0.008 -8"><span class='ocrx_word' id='word_1_2' title='bbox 1637 459 2188 524; x_wconf 78' lang='lat' dir='ltr'><strong>HISTORIARUM</strong></span> <span class='ocrx_word' id='word_1_3' title='bbox 2227 465 2374 524; x_wconf 84' lang='lat' dir='ltr'><strong>LIB.</strong></span> <span class='ocrx_word' id='word_1_4' title='bbox 2416 465 2536 526; x_wconf 81' lang='lat' dir='ltr'><strong>III.</strong></span> 
     </span>
    </p>
   </div>
   <div class='ocr_carea' id='block_1_3' title="bbox 3637 462 3747 527">
    <p class='ocr_par' dir='ltr' id='par_1_3' title="bbox 3637 462 3747 527">
     <span class='ocr_line' id='line_1_3' title="bbox 3637 462 3747 527; baseline 0.009 -1"><span class='ocrx_word' id='word_1_5' title='bbox 3637 462 3747 527; x_wconf 61' lang='lat'><strong>155~</strong></span> 
     </span>
    </p>
   </div>
   <div class='ocr_carea' id='block_1_4' title="bbox 459 561 2075 641">
    <p class='ocr_par' dir='ltr' id='par_1_4' title="bbox 459 561 2055 634">
     <span class='ocr_line' id='line_1_4' title="bbox 459 561 2055 634; baseline -0.001 -17"><span class='ocrx_word' id='word_1_6' title='bbox 459 568 556 617; x_wconf 72' lang='grc' dir='ltr'>καὶ</span> <span class='ocrx_word' id='word_1_7' title='bbox 599 567 808 621; x_wconf 75' lang='grc' dir='ltr'>ἄκοντι</span> <span class='ocrx_word' id='word_1_8' title='bbox 856 561 958 618; x_wconf 77' lang='grc' dir='ltr'>τοῦ</span> <span class='ocrx_word' id='word_1_9' title='bbox 1006 561 1169 634; x_wconf 78' lang='grc' dir='ltr'>ἔργου</span> <span class='ocrx_word' id='word_1_10' title='bbox 1223 561 1483 632; x_wconf 76' lang='grc' dir='ltr'>ἅψασθαι.</span> <span class='ocrx_word' id='word_1_11' title='bbox 1531 561 1669 627; x_wconf 74' lang='grc' dir='ltr'>Τοὺς</span> <span class='ocrx_word' id='word_1_12' title='bbox 1711 562 2055 634; x_wconf 77' lang='grc' dir='ltr'>προῦχοντας</span> 
     </span>
    </p>
   </div>
   <div class='ocr_carea' id='block_1_5' title="bbox 2176 561 3754 641">
    <p class='ocr_par' dir='ltr' id='par_1_5' title="bbox 2176 568 3754 641">
     <span class='ocr_line' id='line_1_5' title="bbox 2176 568 3754 641; baseline 0.003 -17"><span class='ocrx_word' id='word_1_13' title='bbox 2176 568 2262 624; x_wconf 71' lang='lat' dir='ltr'><strong>sibi</strong></span> <span class='ocrx_word' id='word_1_14' title='bbox 2296 568 2636 623; x_wconf 88' lang='lat' dir='ltr'><strong>ellicieudum</strong></span> <span class='ocrx_word' id='word_1_15' title='bbox 2671 577 2728 623; x_wconf 94' lang='lat' dir='ltr'><strong>ut</strong></span> <span class='ocrx_word' id='word_1_16' title='bbox 2757 570 2982 625; x_wconf 90' lang='lat' dir='ltr'><strong>omnino</strong></span> <span class='ocrx_word' id='word_1_17' title='bbox 3022 571 3064 626; x_wconf 84' lang='lat' dir='ltr'><strong>is</strong></span> <span class='ocrx_word' id='word_1_18' title='bbox 3092 569 3402 640; x_wconf 78' lang='lat' dir='ltr'><strong>adigeretur</strong></span> <span class='ocrx_word' id='word_1_19' title='bbox 3451 580 3754 641; x_wconf 83' lang='lat' dir='ltr'><strong>quantum-</strong></span> 
     </span>
    </p>
   </div>
   <div class='ocr_carea' id='block_1_6' title="bbox 458 647 2059 719">
    <p class='ocr_par' dir='ltr' id='par_1_6' title="bbox 458 647 2059 719">
     <span class='ocr_line' id='line_1_6' title="bbox 458 647 2059 719; baseline -0.002 -13"><span class='ocrx_word' id='word_1_20' title='bbox 458 654 644 707; x_wconf 77' lang='grc' dir='ltr'><strong>τοίνυν</strong></span> <span class='ocrx_word' id='word_1_21' title='bbox 693 662 908 714; x_wconf 70' lang='grc' dir='ltr'>πάντας</span> <span class='ocrx_word' id='word_1_22' title='bbox 961 649 1064 718; x_wconf 80' lang='grc' dir='ltr'>τῆς</span> <span class='ocrx_word' id='word_1_23' title='bbox 1125 647 1329 712; x_wconf 86' lang='grc' dir='ltr'>πόλεως</span> <span class='ocrx_word' id='word_1_24' title='bbox 1390 649 1714 718; x_wconf 70' lang='grc' dir='ltr'>κοινωνῆσαι</span> <span class='ocrx_word' id='word_1_25' title='bbox 1771 649 1921 719; x_wconf 84' lang='grc' dir='ltr'>αὐτῷ</span> <span class='ocrx_word' id='word_1_26' title='bbox 1963 650 2059 702; x_wconf 80' lang='grc' dir='ltr'><strong>τού</strong></span> 
     </span>
    </p>
   </div>
   <div class='ocr_carea' id='block_1_7' title="bbox 463 739 2060 814">
    <p class='ocr_par' dir='ltr' id='par_1_7' title="bbox 463 739 2060 814">
     <span class='ocr_line' id='line_1_7' title="bbox 463 739 2060 814; baseline -0.003 -16"><span class='ocrx_word' id='word_1_27' title='bbox 463 746 787 814; x_wconf 75' lang='grc' dir='ltr'><strong>σκέμματος</strong></span> <span class='ocrx_word' id='word_1_28' title='bbox 849 742 1050 804; x_wconf 78' lang='grc' dir='ltr'>πείσας</span> <span class='ocrx_word' id='word_1_29' title='bbox 1074 740 1165 794; x_wconf 69' lang='grc' dir='ltr'>καὶ</span> <span class='ocrx_word' id='word_1_30' title='bbox 1198 740 1298 812; x_wconf 84' lang='grc' dir='ltr'>τὴν</span> <span class='ocrx_word' id='word_1_31' title='bbox 1344 739 1791 810; x_wconf 81' lang='grc' dir='ltr'>Ἀδριανούπολιν</span> <span class='ocrx_word' id='word_1_32' title='bbox 1837 740 2060 794; x_wconf 75' lang='grc' dir='ltr'>ἃπασαν</span> 
     </span>
    </p>
   </div>
   <div class='ocr_carea' id='block_1_8' title="bbox 466 831 2060 903">
    <p class='ocr_par' dir='ltr' id='par_1_8' title="bbox 466 831 2060 903">
     <span class='ocr_line' id='line_1_8' title="bbox 466 831 2060 903; baseline -0.001 -18"><span class='ocrx_word' id='word_1_33' title='bbox 466 837 611 903; x_wconf 73' lang='grc' dir='ltr'>ὑπὲρ</span> <span class='ocrx_word' id='word_1_34' title='bbox 662 831 840 887; x_wconf 81' lang='grc' dir='ltr'>αὑτοῦ</span> <span class='ocrx_word' id='word_1_35' title='bbox 885 831 1261 900; x_wconf 76' lang='grc' dir='ltr'>ποιησάμενος</span> <span class='ocrx_word' id='word_1_36' title='bbox 1320 831 1530 901; x_wconf 70' lang='grc' dir='ltr'>ωχνῶς</span> <span class='ocrx_word' id='word_1_37' title='bbox 1567 831 1920 901; x_wconf 79' lang='grc' dir='ltr'>μετεκαλεῖτο</span> <span class='ocrx_word' id='word_1_38' title='bbox 1969 833 2060 884; x_wconf 74' lang='grc' dir='ltr'><strong>τὸν</strong></span> 
     </span>
    </p>
   </div>
   <div class='ocr_carea' id='block_1_9' title="bbox 465 921 2061 994">
    <p class='ocr_par' dir='ltr' id='par_1_9' title="bbox 465 921 2061 994">
     <span class='ocr_line' id='line_1_9' title="bbox 465 921 2061 994; baseline -0.003 -14"><span class='ocrx_word' id='word_1_39' title='bbox 465 925 720 994; x_wconf 71' lang='grc' dir='ltr'>ἀδελφόν.</span> <span class='ocrx_word' id='word_1_40' title='bbox 763 924 923 978; x_wconf 76' lang='grc' dir='ltr'>Ἐπεὶ</span> <span class='ocrx_word' id='word_1_41' title='bbox 970 923 1016 976; x_wconf 88' lang='grc' dir='ltr'>δ’</span> <span class='ocrx_word' id='word_1_42' title='bbox 1051 921 1344 975; x_wconf 78' lang='grc' dir='ltr'>ἀνθίστατο</span> <span class='ocrx_word' id='word_1_43' title='bbox 1396 923 1518 986; x_wconf 86' lang='grc' dir='ltr'>ταῖς</span> <span class='ocrx_word' id='word_1_44' title='bbox 1557 922 1750 976; x_wconf 87' lang='grc' dir='ltr'>τούτου</span> <span class='ocrx_word' id='word_1_45' title='bbox 1799 923 2061 994; x_wconf 73' lang='grc' dir='ltr'><strong>πράξεσιν</strong></span> 
     </span>
    </p>
   </div>
   <div class='ocr_carea' id='block_1_10' title="bbox 466 1012 2062 1086">
    <p class='ocr_par' dir='ltr' id='par_1_10' title="bbox 466 1012 2062 1086">
     <span class='ocr_line' id='line_1_10' title="bbox 466 1012 2062 1086; baseline -0.002 -17"><span class='ocrx_word' id='word_1_46' title='bbox 466 1019 498 1069; x_wconf 81' lang='grc' dir='ltr'>ὁ</span> <span class='ocrx_word' id='word_1_47' title='bbox 525 1015 1018 1086; x_wconf 83' lang='grc' dir='ltr'>Ταραχανειώτης,</span> <span class='ocrx_word' id='word_1_48' title='bbox 1079 1012 1220 1084; x_wconf 75' lang='grc' dir='ltr'>ἀνὴρ</span> <span class='ocrx_word' id='word_1_49' title='bbox 1251 1014 1369 1076; x_wconf 81' lang='grc' dir='ltr'>νέος</span> <span class='ocrx_word' id='word_1_50' title='bbox 1423 1013 1522 1082; x_wconf 86' lang='grc' dir='ltr'>μὲν</span> <span class='ocrx_word' id='word_1_51' title='bbox 1568 1013 1651 1066; x_wconf 78' lang='grc' dir='ltr'>ἔτι</span> <span class='ocrx_word' id='word_1_52' title='bbox 1695 1014 2062 1076; x_wconf 74' lang='grc' dir='ltr'>συνετώτατος</span> 
     </span>
    </p>
   </div>
   <div class='ocr_carea' id='block_1_11' title="bbox 468 1107 2062 1182">
    <p class='ocr_par' dir='ltr' id='par_1_11' title="bbox 468 1107 2062 1182">
     <span class='ocr_line' id='line_1_11' title="bbox 468 1107 2062 1182; baseline -0.003 -17"><span class='ocrx_word' id='word_1_53' title='bbox 468 1112 517 1165; x_wconf 82' lang='grc' dir='ltr'>δ’</span> <span class='ocrx_word' id='word_1_54' title='bbox 557 1109 719 1182; x_wconf 76' lang='grc' dir='ltr'>εἴπερ</span> <span class='ocrx_word' id='word_1_55' title='bbox 750 1126 835 1173; x_wconf 88' lang='grc' dir='ltr'><strong>τις</strong></span> <span class='ocrx_word' id='word_1_56' title='bbox 866 1107 1024 1172; x_wconf 77' lang='grc' dir='ltr'>ἄλλος</span> <span class='ocrx_word' id='word_1_57' title='bbox 1067 1109 1164 1161; x_wconf 78' lang='grc' dir='ltr'>καὶ</span> <span class='ocrx_word' id='word_1_58' title='bbox 1215 1107 1649 1178; x_wconf 80' lang='grc' dir='ltr'>φρονιμώτατος,</span> <span class='ocrx_word' id='word_1_59' title='bbox 1679 1107 1775 1160; x_wconf 68' lang='grc' dir='ltr'><strong>κα)⁸</strong></span> <span class='ocrx_word' id='word_1_60' title='bbox 1804 1107 1942 1178; x_wconf 83' lang='grc' dir='ltr'>πρὸς</span> <span class='ocrx_word' id='word_1_61' title='bbox 1969 1107 2062 1160; x_wconf 59' lang='grc' dir='ltr'>τιν</span> 
     </span>
    </p>
   </div>
   <div class='ocr_carea' id='block_1_12' title="bbox 473 1197 2063 1274">
    <p class='ocr_par' dir='ltr' id='par_1_12' title="bbox 473 1197 2063 1274">
     <span class='ocr_line' id='line_1_12' title="bbox 473 1197 2063 1274; baseline -0.004 -17"><span class='ocrx_word' id='word_1_62' title='bbox 473 1203 705 1274; x_wconf 77' lang='grc' dir='ltr'>βασιλέα</span> <span class='ocrx_word' id='word_1_63' title='bbox 735 1203 832 1257; x_wconf 71' lang='grc' dir='ltr'>καὶ</span> <span class='ocrx_word' id='word_1_64' title='bbox 859 1201 949 1254; x_wconf 78' lang='grc' dir='ltr'><strong>τὸν</strong></span> <span class='ocrx_word' id='word_1_65' title='bbox 985 1199 1282 1269; x_wconf 79' lang='grc' dir='ltr'>λογοθὲτην</span> <span class='ocrx_word' id='word_1_66' title='bbox 1329 1199 1617 1254; x_wconf 80' lang='grc' dir='ltr'>ἐπέστελλε</span> <span class='ocrx_word' id='word_1_67' title='bbox 1644 1197 1823 1270; x_wconf 77' lang='grc' dir='ltr'>ζητῶν</span> <span class='ocrx_word' id='word_1_68' title='bbox 1843 1200 2063 1252; x_wconf 85' lang='grc' dir='ltr'>ἐπικου-</span> 
     </span>
    </p>
   </div>
   <div class='ocr_carea' id='block_1_13' title="bbox 479 1290 2067 1365">
    <p class='ocr_par' dir='ltr' id='par_1_13' title="bbox 479 1290 2067 1365">
     <span class='ocr_line' id='line_1_13' title="bbox 479 1290 2067 1365; baseline -0.004 -17"><span class='ocrx_word' id='word_1_69' title='bbox 479 1297 647 1365; x_wconf 75' lang='grc' dir='ltr'>ρῆσαι</span> <span class='ocrx_word' id='word_1_70' title='bbox 670 1294 757 1348; x_wconf 84' lang='grc' dir='ltr'>διὰ</span> <span class='ocrx_word' id='word_1_71' title='bbox 779 1291 1214 1364; x_wconf 75' lang='grc' dir='ltr'>στρατεύματος,</span> <span class='ocrx_word' id='word_1_72' title='bbox 1239 1291 1315 1356; x_wconf 84' lang='grc' dir='ltr'>ὡς</span> <span class='ocrx_word' id='word_1_73' title='bbox 1338 1291 1636 1362; x_wconf 85' lang='grc' dir='ltr'>δυνηθῆναι</span> <span class='ocrx_word' id='word_1_74' title='bbox 1661 1291 1758 1364; x_wconf 80' lang='grc' dir='ltr'>τὴν</span> <span class='ocrx_word' id='word_1_75' title='bbox 1779 1290 2067 1360; x_wconf 77' lang='grc' dir='ltr'>άνάψασαν</span> 
     </span>
    </p>
   </div>
   <div class='ocr_carea' id='block_1_14' title="bbox 477 1377 2064 1455">
    <p class='ocr_par' dir='ltr' id='par_1_14' title="bbox 477 1377 2064 1455">
     <span class='ocr_line' id='line_1_14' title="bbox 477 1377 2064 1455; baseline -0.001 -19"><span class='ocrx_word' id='word_1_76' title='bbox 477 1385 584 1455; x_wconf 73' lang='grc' dir='ltr'>ἢδη</span> <span class='ocrx_word' id='word_1_77' title='bbox 614 1385 956 1438; x_wconf 83' lang='grc' dir='ltr'>ἀποστασίαν</span> <span class='ocrx_word' id='word_1_78' title='bbox 983 1384 1256 1439; x_wconf 84' lang='grc' dir='ltr'>καθελεῖν.</span> <span class='ocrx_word' id='word_1_79' title='bbox 1292 1377 1453 1438; x_wconf 71' lang='grc' dir='ltr'>Οὗτοι</span> <span class='ocrx_word' id='word_1_80' title='bbox 1481 1383 1540 1436; x_wconf 80' lang='grc' dir='ltr'>δὲ</span> <span class='ocrx_word' id='word_1_81' title='bbox 1585 1381 1687 1436; x_wconf 75' lang='grc' dir='ltr'>εἴτ’</span> <span class='ocrx_word' id='word_1_82' title='bbox 1727 1382 2064 1454; x_wconf 85' lang='grc' dir='ltr'>ἀποροῦντες</span> 
     </span>
    </p>
   </div>
   <div class='ocr_carea' id='block_1_15' title="bbox 478 1473 2064 1550">
    <p class='ocr_par' dir='ltr' id='par_1_15' title="bbox 478 1473 2064 1550">
     <span class='ocr_line' id='line_1_15' title="bbox 478 1473 2064 1550; baseline -0.004 -18"><span class='ocrx_word' id='word_1_83' title='bbox 478 1477 832 1550; x_wconf 80' lang='grc' dir='ltr'>στρατιωτῶν</span> <span class='ocrx_word' id='word_1_84' title='bbox 861 1477 960 1531; x_wconf 75' lang='grc' dir='ltr'>εἶτ’</span> <span class='ocrx_word' id='word_1_85' title='bbox 1001 1476 1224 1547; x_wconf 83' lang='grc' dir='ltr'>ἀμελῶς</span> <span class='ocrx_word' id='word_1_86' title='bbox 1255 1476 1394 1542; x_wconf 83' lang='grc' dir='ltr'>πρὸς</span> <span class='ocrx_word' id='word_1_87' title='bbox 1423 1474 1484 1529; x_wconf 77' lang='grc' dir='ltr'>τὸ</span> <span class='ocrx_word' id='word_1_88' title='bbox 1513 1475 1678 1544; x_wconf 84' lang='grc' dir='ltr'>ἔργον</span> <span class='ocrx_word' id='word_1_89' title='bbox 1699 1473 2064 1544; x_wconf 82' lang='grc' dir='ltr'>διατιθέμενοι</span> 
     </span>
    </p>
   </div>
   <div class='ocr_carea' id='block_1_16' title="bbox 475 1564 2067 1639">
    <p class='ocr_par' dir='ltr' id='par_1_16' title="bbox 475 1564 2067 1639">
     <span class='ocr_line' id='line_1_16' title="bbox 475 1564 2067 1639; baseline -0.005 -15"><span class='ocrx_word' id='word_1_90' title='bbox 475 1571 739 1639; x_wconf 73' lang='grc' dir='ltr'>οὐδεμίαν</span> <span class='ocrx_word' id='word_1_91' title='bbox 763 1567 911 1639; x_wconf 79' lang='grc' dir='ltr'>αύτῷ</span> <span class='ocrx_word' id='word_1_92' title='bbox 937 1567 1192 1639; x_wconf 82' lang='grc' dir='ltr'>βοήθειαν</span> <span class='ocrx_word' id='word_1_93' title='bbox 1225 1566 1668 1637; x_wconf 81' lang='grc' dir='ltr'>ἐκπεπόμφασιν.</span> <span class='ocrx_word' id='word_1_94' title='bbox 1716 1565 1833 1634; x_wconf 79' lang='grc' dir='ltr'><strong>Ἐφ’</strong></span> <span class='ocrx_word' id='word_1_95' title='bbox 1873 1564 2067 1628; x_wconf 75' lang='grc' dir='ltr'>ἱκανὰς</span> 
     </span>
    </p>
   </div>
   <div class='ocr_carea' id='block_1_17' title="bbox 476 1656 2067 1732">
    <p class='ocr_par' dir='ltr' id='par_1_17' title="bbox 476 1656 2067 1732">
     <span class='ocr_line' id='line_1_17' title="bbox 476 1656 2067 1732; baseline -0.004 -16"><span class='ocrx_word' id='word_1_96' title='bbox 476 1661 696 1732; x_wconf 76' lang='grc' dir='ltr'>ἡμέρας</span> <span class='ocrx_word' id='word_1_97' title='bbox 759 1660 854 1715; x_wconf 78' lang='grc' dir='ltr'><strong>οὖν</strong></span> <span class='ocrx_word' id='word_1_98' title='bbox 935 1660 1206 1730; x_wconf 82' lang='grc' dir='ltr'>ἀντισχὼν</span> <span class='ocrx_word' id='word_1_99' title='bbox 1255 1659 1332 1722; x_wconf 87' lang='grc' dir='ltr'>ὡς</span> <span class='ocrx_word' id='word_1_100' title='bbox 1386 1657 1536 1728; x_wconf 71' lang='grc' dir='ltr'>ἐώρα</span> <span class='ocrx_word' id='word_1_101' title='bbox 1583 1656 2067 1728; x_wconf 78' lang='grc' dir='ltr'>ὁμοφρονήσαντας</span> 
     </span>
    </p>
   </div>
   <div class='ocr_carea' id='block_1_18' title="bbox 476 1743 2067 1824">
    <p class='ocr_par' dir='ltr' id='par_1_18' title="bbox 476 1743 2067 1824">
     <span class='ocr_line' id='line_1_18' title="bbox 476 1743 2067 1824; baseline -0.005 -16"><span class='ocrx_word' id='word_1_102' title='bbox 476 1753 730 1815; x_wconf 73' lang='grc' dir='ltr'>ἅπαντας</span> <span class='ocrx_word' id='word_1_103' title='bbox 757 1752 852 1806; x_wconf 73' lang='grc' dir='ltr'>καὶ</span> <span class='ocrx_word' id='word_1_104' title='bbox 886 1751 1080 1805; x_wconf 72' lang='grc' dir='ltr'>ἑαυτὸν</span> <span class='ocrx_word' id='word_1_105' title='bbox 1115 1751 1200 1824; x_wconf 84' lang='grc' dir='ltr'><strong>[Ρ.</strong></span> <span class='ocrx_word' id='word_1_106' title='bbox 1238 1748 1330 1821; x_wconf 76' lang='grc'><strong>74]</strong></span> <span class='ocrx_word' id='word_1_107' title='bbox 1363 1750 1444 1812; x_wconf 86' lang='grc' dir='ltr'><strong>είς</strong></span> <span class='ocrx_word' id='word_1_108' title='bbox 1489 1749 1737 1803; x_wconf 83' lang='grc' dir='ltr'>κίνδυνον</span> <span class='ocrx_word' id='word_1_109' title='bbox 1781 1743 2067 1820; x_wconf 81' lang='grc' dir='ltr'>προῦπτον</span> 
     </span>
    </p>
   </div>
   <div class='ocr_carea' id='block_1_19' title="bbox 475 1837 2068 1912">
    <p class='ocr_par' dir='ltr' id='par_1_19' title="bbox 475 1837 2068 1912">
     <span class='ocr_line' id='line_1_19' title="bbox 475 1837 2068 1912; baseline -0.005 -15"><span class='ocrx_word' id='word_1_110' title='bbox 475 1841 848 1907; x_wconf 79' lang='grc' dir='ltr'>καταστάντα,</span> <span class='ocrx_word' id='word_1_111' title='bbox 883 1841 1080 1912; x_wconf 71' lang='grc' dir='ltr'>μικρὸν</span> <span class='ocrx_word' id='word_1_112' title='bbox 1103 1840 1341 1893; x_wconf 77' lang='grc' dir='ltr'>ἐνεδίδου</span> <span class='ocrx_word' id='word_1_113' title='bbox 1374 1837 1475 1908; x_wconf 80' lang='grc' dir='ltr'>τῆς</span> <span class='ocrx_word' id='word_1_114' title='bbox 1503 1838 1708 1908; x_wconf 83' lang='grc' dir='ltr'>πολλῆς</span> <span class='ocrx_word' id='word_1_115' title='bbox 1737 1838 2068 1903; x_wconf 82' lang='grc' dir='ltr'>ἐνστάσεως,</span> 
     </span>
    </p>
   </div>
   <div class='ocr_carea' id='block_1_20' title="bbox 475 1914 2142 2004">
    <p class='ocr_par' dir='ltr' id='par_1_20' title="bbox 475 1914 2142 2004">
     <span class='ocr_line' id='line_1_20' title="bbox 475 1914 2142 2004; baseline -0.005 -16"><span class='ocrx_word' id='word_1_116' title='bbox 475 1936 574 1988; x_wconf 76' lang='grc' dir='ltr'>καὶ</span> <span class='ocrx_word' id='word_1_117' title='bbox 629 1933 731 2002; x_wconf 85' lang='grc' dir='ltr'>τῆς</span> <span class='ocrx_word' id='word_1_118' title='bbox 791 1933 1107 2004; x_wconf 88' lang='grc' dir='ltr'>Βρυεννίων</span> <span class='ocrx_word' id='word_1_119' title='bbox 1160 1931 1368 2003; x_wconf 74' lang='grc' dir='ltr'>μητρὸς</span> <span class='ocrx_word' id='word_1_120' title='bbox 1397 1931 1496 2000; x_wconf 83' lang='grc' dir='ltr'>τῆς</span> <span class='ocrx_word' id='word_1_121' title='bbox 1554 1928 2068 2000; x_wconf 85' lang='grc' dir='ltr'>κουροπαλατίσσης</span> <span class='ocrx_word' id='word_1_122' title='bbox 2100 1914 2142 1971; x_wconf 80' lang='grc' dir='ltr'><strong>Β</strong></span> 
     </span>
    </p>
   </div>
   <div class='ocr_carea' id='block_1_21' title="bbox 479 2020 2073 2095">
    <p class='ocr_par' dir='ltr' id='par_1_21' title="bbox 479 2020 2073 2095">
     <span class='ocr_line' id='line_1_21' title="bbox 479 2020 2073 2095; baseline -0.001 -19"><span class='ocrx_word' id='word_1_123' title='bbox 479 2024 687 2094; x_wconf 81' lang='grc' dir='ltr'>’Δννης</span> <span class='ocrx_word' id='word_1_124' title='bbox 716 2023 804 2078; x_wconf 77' lang='grc' dir='ltr'>διὰ</span> <span class='ocrx_word' id='word_1_125' title='bbox 842 2023 1041 2095; x_wconf 79' lang='grc' dir='ltr'>κήδους</span> <span class='ocrx_word' id='word_1_126' title='bbox 1071 2021 1309 2090; x_wconf 66' lang='grc' dir='ltr'>συνάψαι</span> <span class='ocrx_word' id='word_1_127' title='bbox 1349 2020 1541 2075; x_wconf 86' lang='grc' dir='ltr'>τοῦτον</span> <span class='ocrx_word' id='word_1_128' title='bbox 1572 2023 1682 2084; x_wconf 90' lang='grc' dir='ltr'>τοῖς</span> <span class='ocrx_word' id='word_1_129' title='bbox 1711 2021 1870 2074; x_wconf 81' lang='grc' dir='ltr'>παισὶ</span> <span class='ocrx_word' id='word_1_130' title='bbox 1908 2038 2073 2092; x_wconf 87' lang='grc' dir='ltr'>μηνυ-</span> 
     </span>
    </p>
   </div>
   <div class='ocr_carea' id='block_1_22' title="bbox 477 2106 2070 2184">
    <p class='ocr_par' dir='ltr' id='par_1_22' title="bbox 477 2106 2070 2184">
     <span class='ocr_line' id='line_1_22' title="bbox 477 2106 2070 2184; baseline 0 -18"><span class='ocrx_word' id='word_1_131' title='bbox 477 2106 654 2184; x_wconf 77' lang='grc' dir='ltr'>σάσης</span> <span class='ocrx_word' id='word_1_132' title='bbox 677 2114 1117 2184; x_wconf 74' lang='grc' dir='ltr'>ξυγκατετίθετο,</span> <span class='ocrx_word' id='word_1_133' title='bbox 1171 2113 1266 2167; x_wconf 74' lang='grc' dir='ltr'>καὶ</span> <span class='ocrx_word' id='word_1_134' title='bbox 1291 2112 1390 2183; x_wconf 85' lang='grc' dir='ltr'><strong>τὴν</strong></span> <span class='ocrx_word' id='word_1_135' title='bbox 1419 2112 1611 2165; x_wconf 87' lang='grc' dir='ltr'>τούτου</span> <span class='ocrx_word' id='word_1_136' title='bbox 1644 2111 1882 2183; x_wconf 82' lang='grc' dir='ltr'>ἀδελφὴν</span> <span class='ocrx_word' id='word_1_137' title='bbox 1917 2111 2070 2166; x_wconf 74' lang='grc' dir='ltr'>Ἐλέοο</span> 
     </span>
    </p>
   </div>
   <div class='ocr_carea' id='block_1_23' title="bbox 474 2206 2072 2278">
    <p class='ocr_par' dir='ltr' id='par_1_23' title="bbox 474 2206 2072 2278">
     <span class='ocr_line' id='line_1_23' title="bbox 474 2206 2072 2278; baseline 0.001 -18"><span class='ocrx_word' id='word_1_138' title='bbox 474 2225 580 2275; x_wconf 87' lang='grc' dir='ltr'><strong>νην</strong></span> <span class='ocrx_word' id='word_1_139' title='bbox 615 2206 805 2260; x_wconf 81' lang='grc' dir='ltr'>κάλλει</span> <span class='ocrx_word' id='word_1_140' title='bbox 867 2223 928 2260; x_wconf 85' lang='grc' dir='ltr'><strong>τε</strong></span> <span class='ocrx_word' id='word_1_141' title='bbox 980 2207 1399 2278; x_wconf 84' lang='grc' dir='ltr'>διαλάμπουσαν</span> <span class='ocrx_word' id='word_1_142' title='bbox 1447 2206 1542 2260; x_wconf 79' lang='grc' dir='ltr'><strong>καὶ</strong></span> <span class='ocrx_word' id='word_1_143' title='bbox 1599 2207 1924 2277; x_wconf 72' lang='grc' dir='ltr'>κοσμιότητι</span> <span class='ocrx_word' id='word_1_144' title='bbox 1957 2207 2072 2261; x_wconf 87' lang='grc' dir='ltr'>τῶν</span> 
     </span>
    </p>
   </div>
   <div class='ocr_carea' id='block_1_24' title="bbox 479 2297 2066 2370">
    <p class='ocr_par' dir='ltr' id='par_1_24' title="bbox 479 2297 2066 2370">
     <span class='ocr_line' id='line_1_24' title="bbox 479 2297 2066 2370; baseline 0.002 -20"><span class='ocrx_word' id='word_1_145' title='bbox 479 2297 687 2368; x_wconf 80' lang='grc' dir='ltr'>ἡλίκων</span> <span class='ocrx_word' id='word_1_146' title='bbox 733 2297 924 2352; x_wconf 83' lang='grc' dir='ltr'>πασῶν</span> <span class='ocrx_word' id='word_1_147' title='bbox 978 2298 1400 2369; x_wconf 74' lang='grc' dir='ltr'>ὑπερφέρουσαν</span> <span class='ocrx_word' id='word_1_148' title='bbox 1447 2299 1822 2366; x_wconf 66' lang='grc' dir='ltr'>κατεγγυᾶται</span> <span class='ocrx_word' id='word_1_149' title='bbox 1867 2297 1946 2370; x_wconf 80' lang='grc' dir='ltr'>τῷ</span> <span class='ocrx_word' id='word_1_150' title='bbox 1969 2299 2066 2353; x_wconf 84' lang='grc' dir='ltr'>τοῦ</span> 
     </span>
    </p>
   </div>
   <div class='ocr_carea' id='block_1_25' title="bbox 477 2387 2064 2462">
    <p class='ocr_par' dir='ltr' id='par_1_25' title="bbox 477 2387 2064 2462">
     <span class='ocr_line' id='line_1_25' title="bbox 477 2387 2064 2462; baseline 0.002 -20"><span class='ocrx_word' id='word_1_151' title='bbox 477 2387 711 2455; x_wconf 83' lang='grc' dir='ltr'>ἀδελφοῦ</span> <span class='ocrx_word' id='word_1_152' title='bbox 760 2389 1081 2462; x_wconf 85' lang='grc' dir='ltr'>Νικηφόρου</span> <span class='ocrx_word' id='word_1_153' title='bbox 1143 2389 1269 2460; x_wconf 80' lang='grc' dir='ltr'>υἱῷ,</span> <span class='ocrx_word' id='word_1_154' title='bbox 1325 2389 1423 2444; x_wconf 76' lang='grc' dir='ltr'>καὶ</span> <span class='ocrx_word' id='word_1_155' title='bbox 1493 2389 1635 2442; x_wconf 79' lang='grc' dir='ltr'>οὕτω</span> <span class='ocrx_word' id='word_1_156' title='bbox 1680 2390 1888 2454; x_wconf 78' lang='grc' dir='ltr'>τούτοις</span> <span class='ocrx_word' id='word_1_157' title='bbox 1940 2407 2064 2445; x_wconf 90' lang='grc' dir='ltr'>συν-</span> 
     </span>
    </p>
   </div>
   <div class='ocr_carea' id='block_1_26' title="bbox 478 2479 734 2533">
    <p class='ocr_par' dir='ltr' id='par_1_26' title="bbox 478 2479 734 2533">
     <span class='ocr_line' id='line_1_26' title="bbox 478 2479 734 2533; baseline -0.008 0"><span class='ocrx_word' id='word_1_158' title='bbox 478 2479 710 2533; x_wconf 84' lang='grc' dir='ltr'>άπτεται</span> <span class='ocrx_word' id='word_1_159' title='bbox 720 2518 734 2532; x_wconf 97' lang='grc'><strong>.</strong></span> 
     </span>
    </p>
   </div>
   <div class='ocr_carea' id='block_1_27' title="bbox 478 2571 2778 2648">
    <p class='ocr_par' dir='ltr' id='par_1_27' title="bbox 478 2571 2778 2648">
     <span class='ocr_line' id='line_1_27' title="bbox 478 2571 2778 2648; baseline 0.003 -22"><span class='ocrx_word' id='word_1_160' title='bbox 478 2571 740 2627; x_wconf 82' lang='lat' dir='ltr'><strong>aﬂinitate</strong></span> <span class='ocrx_word' id='word_1_161' title='bbox 771 2583 1071 2630; x_wconf 87' lang='lat' dir='ltr'><strong>recusaret.</strong></span> <span class='ocrx_word' id='word_1_162' title='bbox 1113 2575 1302 2644; x_wconf 85' lang='lat' dir='ltr'><strong>Itaque</strong></span> <span class='ocrx_word' id='word_1_163' title='bbox 1367 2573 1460 2629; x_wconf 91' lang='lat' dir='ltr'><strong>ille</strong></span> <span class='ocrx_word' id='word_1_164' title='bbox 1509 2589 1666 2630; x_wconf 88' lang='lat' dir='ltr'><strong>suam</strong></span> <span class='ocrx_word' id='word_1_165' title='bbox 1743 2589 1991 2631; x_wconf 87' lang='lat' dir='ltr'><strong>sororem</strong></span> <span class='ocrx_word' id='word_1_166' title='bbox 2030 2575 2288 2632; x_wconf 86' lang='lat' dir='ltr'><strong>llelenam</strong></span> <span class='ocrx_word' id='word_1_167' title='bbox 2348 2579 2778 2648; x_wconf 77' lang='lat' dir='ltr'><strong>pulchritudine,</strong></span> 
     </span>
    </p>
   </div>
   <div class='ocr_carea' id='block_1_28' title="bbox 2163 662 3744 732">
    <p class='ocr_par' dir='ltr' id='par_1_28' title="bbox 2163 662 3744 732">
     <span class='ocr_line' id='line_1_28' title="bbox 2163 662 3744 732; baseline 0.004 -19"><span class='ocrx_word' id='word_1_168' title='bbox 2163 662 2247 714; x_wconf 85' lang='lat' dir='ltr'><strong>vis</strong></span> <span class='ocrx_word' id='word_1_169' title='bbox 2285 662 2490 716; x_wconf 80' lang='lat' dir='ltr'><strong>invitus</strong></span> <span class='ocrx_word' id='word_1_170' title='bbox 2520 678 2633 715; x_wconf 85' lang='lat' dir='ltr'><strong>rem</strong></span> <span class='ocrx_word' id='word_1_171' title='bbox 2687 677 2992 732; x_wconf 76' lang='lat' dir='ltr'><strong>capessere.</strong></span> <span class='ocrx_word' id='word_1_172' title='bbox 3049 664 3184 717; x_wconf 78' lang='lat' dir='ltr'><strong>Cum</strong></span> <span class='ocrx_word' id='word_1_173' title='bbox 3240 664 3403 732; x_wconf 83' lang='lat' dir='ltr'><strong>igitur</strong></span> <span class='ocrx_word' id='word_1_174' title='bbox 3433 665 3582 720; x_wconf 86' lang='lat' dir='ltr'><strong>cives</strong></span> <span class='ocrx_word' id='word_1_175' title='bbox 3611 679 3744 720; x_wconf 72' lang='lat' dir='ltr'><strong>suos</strong></span> 
     </span>
    </p>
   </div>
   <div class='ocr_carea' id='block_1_29' title="bbox 2161 751 3744 824">
    <p class='ocr_par' dir='ltr' id='par_1_29' title="bbox 2161 751 3744 824">
     <span class='ocr_line' id='line_1_29' title="bbox 2161 751 3744 824; baseline 0.004 -20"><span class='ocrx_word' id='word_1_176' title='bbox 2161 751 2608 821; x_wconf 83' lang='lat' dir='ltr'><strong>Adrianopolitas</strong></span> <span class='ocrx_word' id='word_1_177' title='bbox 2645 756 2930 808; x_wconf 84' lang='lat' dir='ltr'><strong>universos</strong></span> <span class='ocrx_word' id='word_1_178' title='bbox 3014 755 3349 824; x_wconf 84' lang='lat' dir='ltr'><strong>primoribus</strong></span> <span class='ocrx_word' id='word_1_179' title='bbox 3412 756 3564 824; x_wconf 89' lang='lat' dir='ltr'><strong>prius</strong></span> <span class='ocrx_word' id='word_1_180' title='bbox 3638 758 3744 811; x_wconf 83' lang='lat' dir='ltr'><strong>sibi</strong></span> 
     </span>
    </p>
   </div>
   <div class='ocr_carea' id='block_1_30' title="bbox 2163 842 3744 908">
    <p class='ocr_par' dir='ltr' id='par_1_30' title="bbox 2163 842 3744 908">
     <span class='ocr_line' id='line_1_30' title="bbox 2163 842 3744 908; baseline 0.003 -11"><span class='ocrx_word' id='word_1_181' title='bbox 2163 842 2432 899; x_wconf 84' lang='lat' dir='ltr'><strong>devinctis</strong></span> <span class='ocrx_word' id='word_1_182' title='bbox 2485 845 2538 897; x_wconf 91' lang='lat' dir='ltr'><strong>in</strong></span> <span class='ocrx_word' id='word_1_183' title='bbox 2594 860 2750 899; x_wconf 90' lang='lat' dir='ltr'><strong>suam</strong></span> <span class='ocrx_word' id='word_1_184' title='bbox 2808 847 3138 900; x_wconf 86' lang='lat' dir='ltr'><strong>sententiam</strong></span> <span class='ocrx_word' id='word_1_185' title='bbox 3211 847 3486 908; x_wconf 81' lang='lat' dir='ltr'><strong>traxisset,</strong></span> <span class='ocrx_word' id='word_1_186' title='bbox 3551 849 3744 903; x_wconf 87' lang='lat' dir='ltr'><strong>crebro</strong></span> 
     </span>
    </p>
   </div>
   <div class='ocr_carea' id='block_1_31' title="bbox 2163 935 3747 1007">
    <p class='ocr_par' dir='ltr' id='par_1_31' title="bbox 2163 935 3747 1007">
     <span class='ocr_line' id='line_1_31' title="bbox 2163 935 3747 1007; baseline 0.003 -18"><span class='ocrx_word' id='word_1_187' title='bbox 2163 935 2424 991; x_wconf 78' lang='lat' dir='ltr'><strong>invitabat</strong></span> <span class='ocrx_word' id='word_1_188' title='bbox 2453 945 2504 990; x_wconf 90' lang='lat' dir='ltr'><strong>et</strong></span> <span class='ocrx_word' id='word_1_189' title='bbox 2533 938 2846 992; x_wconf 80' lang='lat' dir='ltr'><strong>accersebat</strong></span> <span class='ocrx_word' id='word_1_190' title='bbox 2869 936 3119 1002; x_wconf 75' lang='lat' dir='ltr'><strong>fratrem,</strong></span> <span class='ocrx_word' id='word_1_191' title='bbox 3173 938 3492 1007; x_wconf 88' lang='lat' dir='ltr'><strong>interposito</strong></span> <span class='ocrx_word' id='word_1_192' title='bbox 3519 941 3747 994; x_wconf 85' lang='lat' dir='ltr'><strong>nomine</strong></span> 
     </span>
    </p>
   </div>
   <div class='ocr_carea' id='block_1_32' title="bbox 2164 1026 3757 1096">
    <p class='ocr_par' dir='ltr' id='par_1_32' title="bbox 2164 1026 3757 1096">
     <span class='ocr_line' id='line_1_32' title="bbox 2164 1026 3757 1096; baseline 0.004 -18"><span class='ocrx_word' id='word_1_193' title='bbox 2164 1026 2354 1096; x_wconf 71' lang='lat' dir='ltr'><strong>patria:</strong></span> <span class='ocrx_word' id='word_1_194' title='bbox 2402 1028 2714 1082; x_wconf 89' lang='lat' dir='ltr'><strong>communis</strong></span> <span class='ocrx_word' id='word_1_195' title='bbox 2775 1027 2949 1096; x_wconf 84' lang='lat' dir='ltr'><strong>ipsnm</strong></span> <span class='ocrx_word' id='word_1_196' title='bbox 3009 1027 3074 1081; x_wconf 84' lang='lat' dir='ltr'><strong>ad</strong></span> <span class='ocrx_word' id='word_1_197' title='bbox 3132 1043 3414 1082; x_wconf 87' lang='lat' dir='ltr'><strong>summum</strong></span> <span class='ocrx_word' id='word_1_198' title='bbox 3477 1030 3757 1085; x_wconf 78' lang='lat' dir='ltr'><strong>honorem</strong></span> 
     </span>
    </p>
   </div>
   <div class='ocr_carea' id='block_1_33' title="bbox 2164 1117 3745 1174">
    <p class='ocr_par' dir='ltr' id='par_1_33' title="bbox 2164 1117 3745 1174">
     <span class='ocr_line' id='line_1_33' title="bbox 2164 1117 3745 1174; baseline 0.003 -4"><span class='ocrx_word' id='word_1_199' title='bbox 2164 1117 2507 1172; x_wconf 86' lang='lat' dir='ltr'><strong>concorditer</strong></span> <span class='ocrx_word' id='word_1_200' title='bbox 2557 1118 2823 1172; x_wconf 84' lang='lat' dir='ltr'><strong>vocantis.</strong></span> <span class='ocrx_word' id='word_1_201' title='bbox 2883 1117 3150 1173; x_wconf 84' lang='lat' dir='ltr'><strong>Obstabat</strong></span> <span class='ocrx_word' id='word_1_202' title='bbox 3202 1134 3332 1172; x_wconf 90' lang='lat' dir='ltr'><strong>vero</strong></span> <span class='ocrx_word' id='word_1_203' title='bbox 3409 1119 3494 1172; x_wconf 90' lang='lat' dir='ltr'><strong>his</strong></span> <span class='ocrx_word' id='word_1_204' title='bbox 3551 1134 3745 1174; x_wconf 85' lang='lat' dir='ltr'><strong>eorum</strong></span> 
     </span>
    </p>
   </div>
   <div class='ocr_carea' id='block_1_34' title="bbox 2164 1201 3749 1279">
    <p class='ocr_par' dir='ltr' id='par_1_34' title="bbox 2164 1201 3749 1279">
     <span class='ocr_line' id='line_1_34' title="bbox 2164 1201 3749 1279; baseline 0.003 -19"><span class='ocrx_word' id='word_1_205' title='bbox 2164 1207 2358 1275; x_wconf 81' lang='lat' dir='ltr'><strong>coeptis</strong></span> <span class='ocrx_word' id='word_1_206' title='bbox 2389 1205 2842 1272; x_wconf 82' lang='lat' dir='ltr'><strong>Taraehaniotes,</strong></span> <span class='ocrx_word' id='word_1_207' title='bbox 2869 1206 3088 1277; x_wconf 89' lang='lat' dir='ltr'><strong>juvenis</strong></span> <span class='ocrx_word' id='word_1_208' title='bbox 3125 1207 3214 1262; x_wconf 88' lang='lat' dir='ltr'><strong>ille</strong></span> <span class='ocrx_word' id='word_1_209' title='bbox 3241 1208 3459 1277; x_wconf 84' lang='lat' dir='ltr'><strong>quidem</strong></span> <span class='ocrx_word' id='word_1_210' title='bbox 3495 1209 3588 1268; x_wconf 87' lang='lat' dir='ltr'><strong>sed</strong></span> <span class='ocrx_word' id='word_1_211' title='bbox 3617 1201 3749 1279; x_wconf 87' lang='lat' dir='ltr'><strong>pru-</strong></span> 
     </span>
    </p>
   </div>
   <div class='ocr_carea' id='block_1_35' title="bbox 2166 1297 3749 1368">
    <p class='ocr_par' dir='ltr' id='par_1_35' title="bbox 2166 1297 3749 1368">
     <span class='ocr_line' id='line_1_35' title="bbox 2166 1297 3749 1368; baseline 0.002 -17"><span class='ocrx_word' id='word_1_212' title='bbox 2166 1297 2300 1351; x_wconf 87' lang='lat' dir='ltr'><strong>dens</strong></span> <span class='ocrx_word' id='word_1_213' title='bbox 2331 1297 2379 1353; x_wconf 89' lang='lat' dir='ltr'><strong>si</strong></span> <span class='ocrx_word' id='word_1_214' title='bbox 2407 1297 2702 1368; x_wconf 85' lang='lat' dir='ltr'><strong>quisquam</strong></span> <span class='ocrx_word' id='word_1_215' title='bbox 2739 1299 2882 1354; x_wconf 89' lang='lat' dir='ltr'><strong>alius</strong></span> <span class='ocrx_word' id='word_1_216' title='bbox 2928 1307 2982 1354; x_wconf 90' lang='lat' dir='ltr'><strong>et</strong></span> <span class='ocrx_word' id='word_1_217' title='bbox 3030 1299 3205 1354; x_wconf 90' lang='lat' dir='ltr'><strong>solers</strong></span> <span class='ocrx_word' id='word_1_218' title='bbox 3237 1298 3497 1352; x_wconf 82' lang='lat' dir='ltr'><strong>maxime.</strong></span> <span class='ocrx_word' id='word_1_219' title='bbox 3549 1297 3648 1354; x_wconf 85' lang='lat' dir='ltr'><strong>Hie</strong></span> <span class='ocrx_word' id='word_1_220' title='bbox 3682 1301 3749 1354; x_wconf 89' lang='lat' dir='ltr'><strong>ad</strong></span> 
     </span>
    </p>
   </div>
   <div class='ocr_carea' id='block_1_36' title="bbox 2168 1387 3750 1461">
    <p class='ocr_par' dir='ltr' id='par_1_36' title="bbox 2168 1387 3750 1461">
     <span class='ocr_line' id='line_1_36' title="bbox 2168 1387 3750 1461; baseline 0.004 -20"><span class='ocrx_word' id='word_1_221' title='bbox 2168 1387 2552 1456; x_wconf 89' lang='lat' dir='ltr'><strong>imperatorem</strong></span> <span class='ocrx_word' id='word_1_222' title='bbox 2617 1399 2782 1460; x_wconf 88' lang='lat' dir='ltr'><strong>atque</strong></span> <span class='ocrx_word' id='word_1_223' title='bbox 2833 1389 2902 1445; x_wconf 89' lang='lat' dir='ltr'><strong>ad</strong></span> <span class='ocrx_word' id='word_1_224' title='bbox 2958 1389 3296 1461; x_wconf 83' lang='lat' dir='ltr'><strong>logothetam</strong></span> <span class='ocrx_word' id='word_1_225' title='bbox 3353 1390 3551 1446; x_wconf 83' lang='lat' dir='ltr'><strong>litteris</strong></span> <span class='ocrx_word' id='word_1_226' title='bbox 3602 1392 3750 1447; x_wconf 85' lang='lat' dir='ltr'><strong>datis</strong></span> 
     </span>
    </p>
   </div>
   <div class='ocr_carea' id='block_1_37' title="bbox 2172 1478 3753 1552">
    <p class='ocr_par' dir='ltr' id='par_1_37' title="bbox 2172 1478 3753 1552">
     <span class='ocr_line' id='line_1_37' title="bbox 2172 1478 3753 1552; baseline 0.003 -19"><span class='ocrx_word' id='word_1_227' title='bbox 2172 1478 2333 1550; x_wconf 79' lang='lat'><strong>109</strong></span> <span class='ocrx_word' id='word_1_228' title='bbox 2381 1479 2582 1550; x_wconf 69' lang='lat' dir='ltr'><strong>saepius</strong></span> <span class='ocrx_word' id='word_1_229' title='bbox 2627 1481 2880 1552; x_wconf 81' lang='lat' dir='ltr'><strong>exposuit</strong></span> <span class='ocrx_word' id='word_1_230' title='bbox 2911 1496 3025 1536; x_wconf 91' lang='lat' dir='ltr'><strong>rem</strong></span> <span class='ocrx_word' id='word_1_231' title='bbox 3078 1496 3330 1547; x_wconf 89' lang='lat' dir='ltr'><strong>omnem,</strong></span> <span class='ocrx_word' id='word_1_232' title='bbox 3366 1481 3507 1537; x_wconf 87' lang='lat' dir='ltr'><strong>mitti</strong></span> <span class='ocrx_word' id='word_1_233' title='bbox 3563 1483 3753 1552; x_wconf 88' lang='lat' dir='ltr'><strong>copias</strong></span> 
     </span>
    </p>
   </div>
   <div class='ocr_carea' id='block_1_38' title="bbox 2169 1572 3755 1644">
    <p class='ocr_par' dir='ltr' id='par_1_38' title="bbox 2169 1572 3755 1644">
     <span class='ocr_line' id='line_1_38' title="bbox 2169 1572 3755 1644; baseline 0.003 -20"><span class='ocrx_word' id='word_1_234' title='bbox 2169 1585 2497 1639; x_wconf 81' lang='lat' dir='ltr'><strong>exposcens,</strong></span> <span class='ocrx_word' id='word_1_235' title='bbox 2527 1587 2649 1643; x_wconf 66' lang='lat' dir='ltr'><strong>quas</strong></span> <span class='ocrx_word' id='word_1_236' title='bbox 2687 1581 3080 1629; x_wconf 87' lang='lat' dir='ltr'><strong>tumescentem</strong></span> <span class='ocrx_word' id='word_1_237' title='bbox 3122 1572 3233 1642; x_wconf 85' lang='lat' dir='ltr'><strong>jam</strong></span> <span class='ocrx_word' id='word_1_238' title='bbox 3259 1583 3315 1629; x_wconf 90' lang='lat' dir='ltr'><strong>et</strong></span> <span class='ocrx_word' id='word_1_239' title='bbox 3360 1589 3487 1628; x_wconf 82' lang='lat' dir='ltr'><strong>mox</strong></span> <span class='ocrx_word' id='word_1_240' title='bbox 3525 1583 3755 1644; x_wconf 85' lang='lat' dir='ltr'><strong>eruptu-</strong></span> 
     </span>
    </p>
   </div>
   <div class='ocr_carea' id='block_1_39' title="bbox 2169 1660 3746 1732">
    <p class='ocr_par' dir='ltr' id='par_1_39' title="bbox 2169 1660 3746 1732">
     <span class='ocr_line' id='line_1_39' title="bbox 2169 1660 3746 1732; baseline 0.001 -16"><span class='ocrx_word' id='word_1_241' title='bbox 2169 1674 2286 1716; x_wconf 90' lang='lat' dir='ltr'><strong>ram</strong></span> <span class='ocrx_word' id='word_1_242' title='bbox 2320 1670 2535 1717; x_wconf 88' lang='lat' dir='ltr'><strong>mature</strong></span> <span class='ocrx_word' id='word_1_243' title='bbox 2563 1660 3000 1730; x_wconf 79' lang='lat' dir='ltr'><strong>coniurationem</strong></span> <span class='ocrx_word' id='word_1_244' title='bbox 3023 1662 3420 1732; x_wconf 83' lang='lat' dir='ltr'><strong>opprimerent.</strong></span> <span class='ocrx_word' id='word_1_245' title='bbox 3453 1662 3533 1716; x_wconf 82' lang='lat' dir='ltr'><strong>Illi</strong></span> <span class='ocrx_word' id='word_1_246' title='bbox 3561 1671 3746 1716; x_wconf 87' lang='lat' dir='ltr'><strong>autem</strong></span> 
     </span>
    </p>
   </div>
   <div class='ocr_carea' id='block_1_40' title="bbox 2170 1751 3752 1815">
    <p class='ocr_par' dir='ltr' id='par_1_40' title="bbox 2170 1751 3752 1815">
     <span class='ocr_line' id='line_1_40' title="bbox 2170 1751 3752 1815; baseline -0.001 -9"><span class='ocrx_word' id='word_1_247' title='bbox 2170 1751 2286 1806; x_wconf 87' lang='lat' dir='ltr'><strong>sive</strong></span> <span class='ocrx_word' id='word_1_248' title='bbox 2325 1751 2529 1808; x_wconf 86' lang='lat' dir='ltr'><strong>milites</strong></span> <span class='ocrx_word' id='word_1_249' title='bbox 2558 1752 2625 1808; x_wconf 90' lang='lat' dir='ltr'><strong>ad</strong></span> <span class='ocrx_word' id='word_1_250' title='bbox 2679 1768 2902 1807; x_wconf 92' lang='lat' dir='ltr'><strong>manum</strong></span> <span class='ocrx_word' id='word_1_251' title='bbox 2957 1767 3065 1806; x_wconf 92' lang='lat' dir='ltr'><strong>non</strong></span> <span class='ocrx_word' id='word_1_252' title='bbox 3118 1751 3405 1815; x_wconf 88' lang='lat' dir='ltr'><strong>haberent,</strong></span> <span class='ocrx_word' id='word_1_253' title='bbox 3463 1753 3579 1806; x_wconf 85' lang='lat' dir='ltr'><strong>sive</strong></span> <span class='ocrx_word' id='word_1_254' title='bbox 3633 1766 3752 1805; x_wconf 89' lang='lat' dir='ltr'><strong>rem</strong></span> 
     </span>
    </p>
   </div>
   <div class='ocr_carea' id='block_1_41' title="bbox 2172 1840 3758 1913">
    <p class='ocr_par' dir='ltr' id='par_1_41' title="bbox 2172 1840 3758 1913">
     <span class='ocr_line' id='line_1_41' title="bbox 2172 1840 3758 1913; baseline 0 -18"><span class='ocrx_word' id='word_1_255' title='bbox 2172 1840 2537 1912; x_wconf 83' lang='lat' dir='ltr'><strong>negligerent,</strong></span> <span class='ocrx_word' id='word_1_256' title='bbox 2570 1843 2782 1898; x_wconf 91' lang='lat' dir='ltr'><strong>nullum</strong></span> <span class='ocrx_word' id='word_1_257' title='bbox 2815 1843 2919 1913; x_wconf 91' lang='lat' dir='ltr'><strong>ipsi</strong></span> <span class='ocrx_word' id='word_1_258' title='bbox 2948 1841 3212 1896; x_wconf 83' lang='lat' dir='ltr'><strong>auxilium</strong></span> <span class='ocrx_word' id='word_1_259' title='bbox 3241 1842 3530 1896; x_wconf 90' lang='lat' dir='ltr'><strong>miserunt.</strong></span> <span class='ocrx_word' id='word_1_260' title='bbox 3569 1840 3758 1897; x_wconf 82' lang='lat' dir='ltr'><strong>Perse-</strong></span> 
     </span>
    </p>
   </div>
   <div class='ocr_carea' id='block_1_42' title="bbox 2170 1932 3753 2003">
    <p class='ocr_par' dir='ltr' id='par_1_42' title="bbox 2170 1932 3753 2003">
     <span class='ocr_line' id='line_1_42' title="bbox 2170 1932 3753 2003; baseline 0.001 -18"><span class='ocrx_word' id='word_1_261' title='bbox 2170 1933 2378 1988; x_wconf 89' lang='lat' dir='ltr'><strong>veravit</strong></span> <span class='ocrx_word' id='word_1_262' title='bbox 2409 1941 2588 1989; x_wconf 87' lang='lat' dir='ltr'><strong>tamen</strong></span> <span class='ocrx_word' id='word_1_263' title='bbox 2624 1934 2678 1988; x_wconf 92' lang='lat' dir='ltr'><strong>in</strong></span> <span class='ocrx_word' id='word_1_264' title='bbox 2733 1934 2839 1990; x_wconf 86' lang='lat' dir='ltr'><strong>fide</strong></span> <span class='ocrx_word' id='word_1_265' title='bbox 2888 1935 2968 1989; x_wconf 90' lang='lat' dir='ltr'><strong>sle</strong></span> <span class='ocrx_word' id='word_1_266' title='bbox 3005 1933 3258 1988; x_wconf 85' lang='lat' dir='ltr'><strong>desertus</strong></span> <span class='ocrx_word' id='word_1_267' title='bbox 3294 1933 3490 1987; x_wconf 88' lang='lat' dir='ltr'><strong>diebus</strong></span> <span class='ocrx_word' id='word_1_268' title='bbox 3523 1932 3753 2003; x_wconf 73' lang='lat' dir='ltr'><strong>aliquot.</strong></span> 
     </span>
    </p>
   </div>
   <div class='ocr_carea' id='block_1_43' title="bbox 2170 2023 3756 2096">
    <p class='ocr_par' dir='ltr' id='par_1_43' title="bbox 2170 2023 3756 2096">
     <span class='ocr_line' id='line_1_43' title="bbox 2170 2023 3756 2096; baseline 0.001 -18"><span class='ocrx_word' id='word_1_269' title='bbox 2170 2023 2277 2078; x_wconf 87' lang='lat' dir='ltr'><strong>Sed</strong></span> <span class='ocrx_word' id='word_1_270' title='bbox 2336 2033 2523 2094; x_wconf 88' lang='lat' dir='ltr'><strong>postea</strong></span> <span class='ocrx_word' id='word_1_271' title='bbox 2580 2040 2704 2080; x_wconf 93' lang='lat' dir='ltr'><strong>eum</strong></span> <span class='ocrx_word' id='word_1_272' title='bbox 2771 2026 3012 2096; x_wconf 85' lang='lat' dir='ltr'><strong>denique</strong></span> <span class='ocrx_word' id='word_1_273' title='bbox 3072 2025 3283 2080; x_wconf 86' lang='lat' dir='ltr'><strong>videret</strong></span> <span class='ocrx_word' id='word_1_274' title='bbox 3343 2024 3756 2080; x_wconf 88' lang='lat' dir='ltr'><strong>consentientes</strong></span> 
     </span>
    </p>
   </div>
   <div class='ocr_carea' id='block_1_44' title="bbox 2168 2115 3742 2187">
    <p class='ocr_par' dir='ltr' id='par_1_44' title="bbox 2168 2115 3742 2187">
     <span class='ocr_line' id='line_1_44' title="bbox 2168 2115 3742 2187; baseline 0 -17"><span class='ocrx_word' id='word_1_275' title='bbox 2168 2122 2357 2170; x_wconf 86' lang='lat' dir='ltr'><strong>contra</strong></span> <span class='ocrx_word' id='word_1_276' title='bbox 2393 2115 2684 2171; x_wconf 86' lang='lat' dir='ltr'><strong>universos</strong></span> <span class='ocrx_word' id='word_1_277' title='bbox 2713 2131 2878 2187; x_wconf 86' lang='lat' dir='ltr'><strong>seque</strong></span> <span class='ocrx_word' id='word_1_278' title='bbox 2910 2117 2961 2170; x_wconf 89' lang='lat' dir='ltr'><strong>iu</strong></span> <span class='ocrx_word' id='word_1_279' title='bbox 2997 2116 3251 2186; x_wconf 71' lang='lat' dir='ltr'><strong>praesenti</strong></span> <span class='ocrx_word' id='word_1_280' title='bbox 3302 2115 3544 2184; x_wconf 84' lang='lat' dir='ltr'><strong>periculo</strong></span> <span class='ocrx_word' id='word_1_281' title='bbox 3592 2124 3742 2170; x_wconf 81' lang='lat' dir='ltr'><strong>stare</strong></span> 
     </span>
    </p>
   </div>
   <div class='ocr_carea' id='block_1_45' title="bbox 2166 2207 3752 2280">
    <p class='ocr_par' dir='ltr' id='par_1_45' title="bbox 2166 2207 3752 2280">
     <span class='ocr_line' id='line_1_45' title="bbox 2166 2207 3752 2280; baseline 0.001 -18"><span class='ocrx_word' id='word_1_282' title='bbox 2166 2207 2390 2276; x_wconf 90' lang='lat' dir='ltr'><strong>paulum</strong></span> <span class='ocrx_word' id='word_1_283' title='bbox 2424 2210 2635 2266; x_wconf 87' lang='lat' dir='ltr'><strong>remisit</strong></span> <span class='ocrx_word' id='word_1_284' title='bbox 2670 2210 2737 2266; x_wconf 86' lang='lat' dir='ltr'><strong>de</strong></span> <span class='ocrx_word' id='word_1_285' title='bbox 2763 2211 3102 2265; x_wconf 86' lang='lat' dir='ltr'><strong>vehementia</strong></span> <span class='ocrx_word' id='word_1_286' title='bbox 3138 2209 3338 2280; x_wconf 89' lang='lat' dir='ltr'><strong>prioris</strong></span> <span class='ocrx_word' id='word_1_287' title='bbox 3374 2210 3539 2264; x_wconf 82' lang='lat' dir='ltr'><strong>stu-lii</strong></span> <span class='ocrx_word' id='word_1_288' title='bbox 3573 2209 3752 2264; x_wconf 80' lang='lat' dir='ltr'><strong>adeo-</strong></span> 
     </span>
    </p>
   </div>
   <div class='ocr_carea' id='block_1_46' title="bbox 2171 2301 3754 2374">
    <p class='ocr_par' dir='ltr' id='par_1_46' title="bbox 2171 2301 3754 2374">
     <span class='ocr_line' id='line_1_46' title="bbox 2171 2301 3754 2374; baseline -0.001 -21"><span class='ocrx_word' id='word_1_289' title='bbox 2171 2314 2279 2368; x_wconf 90' lang='lat' dir='ltr'><strong>que</strong></span> <span class='ocrx_word' id='word_1_290' title='bbox 2304 2301 2391 2370; x_wconf 87' lang='lat' dir='ltr'><strong>agi</strong></span> <span class='ocrx_word' id='word_1_291' title='bbox 2416 2316 2602 2357; x_wconf 90' lang='lat' dir='ltr'><strong>secum</strong></span> <span class='ocrx_word' id='word_1_292' title='bbox 2629 2302 2695 2358; x_wconf 90' lang='lat' dir='ltr'><strong>de</strong></span> <span class='ocrx_word' id='word_1_293' title='bbox 2729 2302 3128 2374; x_wconf 87' lang='lat' dir='ltr'><strong>compositione</strong></span> <span class='ocrx_word' id='word_1_294' title='bbox 3157 2318 3355 2373; x_wconf 89' lang='lat' dir='ltr'><strong>passus</strong></span> <span class='ocrx_word' id='word_1_295' title='bbox 3375 2308 3480 2364; x_wconf 84' lang='lat' dir='ltr'><strong>est,</strong></span> <span class='ocrx_word' id='word_1_296' title='bbox 3514 2313 3570 2354; x_wconf 88' lang='lat' dir='ltr'><strong>ut</strong></span> <span class='ocrx_word' id='word_1_297' title='bbox 3591 2302 3754 2354; x_wconf 84' lang='lat' dir='ltr'><strong>etiam</strong></span> 
     </span>
    </p>
   </div>
   <div class='ocr_carea' id='block_1_47' title="bbox 2173 2390 3760 2462">
    <p class='ocr_par' dir='ltr' id='par_1_47' title="bbox 2173 2390 3760 2462">
     <span class='ocr_line' id='line_1_47' title="bbox 2173 2390 3760 2462; baseline -0.002 -17"><span class='ocrx_word' id='word_1_298' title='bbox 2173 2391 2388 2447; x_wconf 88' lang='lat' dir='ltr'><strong>audiret</strong></span> <span class='ocrx_word' id='word_1_299' title='bbox 2473 2390 2869 2462; x_wconf 84' lang='lat' dir='ltr'><strong>Bryenniorum</strong></span> <span class='ocrx_word' id='word_1_300' title='bbox 2981 2403 3206 2448; x_wconf 86' lang='lat' dir='ltr'><strong>matrem</strong></span> <span class='ocrx_word' id='word_1_301' title='bbox 3304 2390 3760 2460; x_wconf 76' lang='lat' dir='ltr'><strong>cnropalatissam</strong></span> 
     </span>
    </p>
   </div>
   <div class='ocr_carea' id='block_1_48' title="bbox 2175 2480 3759 2554">
    <p class='ocr_par' dir='ltr' id='par_1_48' title="bbox 2175 2480 3759 2554">
     <span class='ocr_line' id='line_1_48' title="bbox 2175 2480 3759 2554; baseline -0.001 -20"><span class='ocrx_word' id='word_1_302' title='bbox 2175 2480 2386 2536; x_wconf 85' lang='lat' dir='ltr'><strong>Annam</strong></span> <span class='ocrx_word' id='word_1_303' title='bbox 2425 2493 2802 2553; x_wconf 88' lang='lat' dir='ltr'><strong>annueretque</strong></span> <span class='ocrx_word' id='word_1_304' title='bbox 2829 2485 3029 2554; x_wconf 84' lang='lat' dir='ltr'><strong>petenti</strong></span> <span class='ocrx_word' id='word_1_305' title='bbox 3063 2498 3130 2540; x_wconf 88' lang='lat' dir='ltr'><strong>ne</strong></span> <span class='ocrx_word' id='word_1_306' title='bbox 3177 2482 3304 2538; x_wconf 86' lang='lat' dir='ltr'><strong>filiis</strong></span> <span class='ocrx_word' id='word_1_307' title='bbox 3337 2484 3456 2538; x_wconf 84' lang='lat' dir='ltr'><strong>suis</strong></span> <span class='ocrx_word' id='word_1_308' title='bbox 3489 2480 3759 2551; x_wconf 77' lang='lat' dir='ltr'><strong>conjungi</strong></span> 
     </span>
    </p>
   </div>
   <div class='ocr_carea' id='block_1_49' title="bbox 2856 2575 3759 2648">
    <p class='ocr_par' dir='ltr' id='par_1_49' title="bbox 2856 2575 3759 2648">
     <span class='ocr_line' id='line_1_49' title="bbox 2856 2575 3759 2648; baseline -0.008 -14"><span class='ocrx_word' id='word_1_309' title='bbox 2856 2579 3150 2647; x_wconf 86' lang='lat' dir='ltr'><strong>modestia,</strong></span> <span class='ocrx_word' id='word_1_310' title='bbox 3217 2581 3552 2648; x_wconf 86' lang='lat' dir='ltr'><strong>virtutisque</strong></span> <span class='ocrx_word' id='word_1_311' title='bbox 3613 2575 3759 2630; x_wconf 88' lang='lat' dir='ltr'><strong>fama</strong></span> 
     </span>
    </p>
   </div>
   <div class='ocr_carea' id='block_1_50' title="bbox 478 2665 3745 2742">
    <p class='ocr_par' dir='ltr' id='par_1_50' title="bbox 478 2665 3745 2742">
     <span class='ocr_line' id='line_1_50' title="bbox 478 2665 3745 2742; baseline 0.002 -24"><span class='ocrx_word' id='word_1_312' title='bbox 478 2665 783 2736; x_wconf 66' lang='lat' dir='ltr'><strong>gqualibus</strong></span> <span class='ocrx_word' id='word_1_313' title='bbox 839 2669 1060 2723; x_wconf 90' lang='lat' dir='ltr'><strong>cunctis</strong></span> <span class='ocrx_word' id='word_1_314' title='bbox 1114 2665 1468 2722; x_wconf 85' lang='lat' dir='ltr'><strong>antistantem</strong></span> <span class='ocrx_word' id='word_1_315' title='bbox 1524 2667 1827 2738; x_wconf 87' lang='lat' dir='ltr'><strong>despondet</strong></span> <span class='ocrx_word' id='word_1_316' title='bbox 1885 2666 2070 2723; x_wconf 84' lang='lat' dir='ltr'><strong>fratris</strong></span> <span class='ocrx_word' id='word_1_317' title='bbox 2099 2667 2394 2740; x_wconf 79' lang='lat' dir='ltr'><strong>Nicephori</strong></span> <span class='ocrx_word' id='word_1_318' title='bbox 2477 2672 2612 2739; x_wconf 85' lang='lat' dir='ltr'><strong>filio,</strong></span> <span class='ocrx_word' id='word_1_319' title='bbox 2673 2680 2728 2728; x_wconf 91' lang='lat' dir='ltr'><strong>et</strong></span> <span class='ocrx_word' id='word_1_320' title='bbox 2787 2673 2956 2727; x_wconf 90' lang='lat' dir='ltr'><strong>sicin</strong></span> <span class='ocrx_word' id='word_1_321' title='bbox 3051 2673 3249 2727; x_wconf 85' lang='lat' dir='ltr'><strong>horum</strong></span> <span class='ocrx_word' id='word_1_322' title='bbox 3315 2681 3500 2742; x_wconf 87' lang='lat' dir='ltr'><strong>partes</strong></span> <span class='ocrx_word' id='word_1_323' title='bbox 3566 2669 3745 2740; x_wconf 85' lang='lat' dir='ltr'><strong>palam</strong></span> 
     </span>
    </p>
   </div>
   <div class='ocr_carea' id='block_1_51' title="bbox 480 2759 700 2814">
    <p class='ocr_par' dir='ltr' id='par_1_51' title="bbox 480 2759 700 2814">
     <span class='ocr_line' id='line_1_51' title="bbox 480 2759 700 2814; baseline -0.009 0"><span class='ocrx_word' id='word_1_324' title='bbox 480 2759 700 2814; x_wconf 88' lang='lat' dir='ltr'><strong>transit.</strong></span> 
     </span>
    </p>
   </div>
   <div class='ocr_carea' id='block_1_52' title="bbox 549 2845 2071 2921">
    <p class='ocr_par' dir='ltr' id='par_1_52' title="bbox 549 2845 2071 2921">
     <span class='ocr_line' id='line_1_52' title="bbox 549 2845 2071 2921; baseline 0.001 -17"><span class='ocrx_word' id='word_1_325' title='bbox 549 2855 624 2919; x_wconf 80' lang='grc' dir='ltr'>η’.</span> <span class='ocrx_word' id='word_1_326' title='bbox 667 2848 726 2903; x_wconf 83' lang='grc' dir='ltr'>Ὁ</span> <span class='ocrx_word' id='word_1_327' title='bbox 759 2850 815 2903; x_wconf 81' lang='grc' dir='ltr'>δὲ</span> <span class='ocrx_word' id='word_1_328' title='bbox 862 2849 1116 2919; x_wconf 80' lang='grc' dir='ltr'>βασιλεὺς</span> <span class='ocrx_word' id='word_1_329' title='bbox 1177 2848 1392 2921; x_wconf 82' lang='grc' dir='ltr'>Μιχαὴλ</span> <span class='ocrx_word' id='word_1_330' title='bbox 1420 2850 1717 2920; x_wconf 71' lang='grc' dir='ltr'>ἀγνοήσας,</span> <span class='ocrx_word' id='word_1_331' title='bbox 1747 2845 1931 2921; x_wconf 73' lang='grc' dir='ltr'>οἶμαι,</span> <span class='ocrx_word' id='word_1_332' title='bbox 1971 2850 2071 2914; x_wconf 83' lang='grc' dir='ltr'>τὰς</span> 
     </span>
    </p>
   </div>
   <div class='ocr_carea' id='block_1_53' title="bbox 482 2939 2074 3013">
    <p class='ocr_par' dir='ltr' id='par_1_53' title="bbox 482 2939 2074 3013">
     <span class='ocr_line' id='line_1_53' title="bbox 482 2939 2074 3013; baseline 0 -19"><span class='ocrx_word' id='word_1_333' title='bbox 482 2941 690 3013; x_wconf 80' lang='grc' dir='ltr'>μεταξὺ</span> <span class='ocrx_word' id='word_1_334' title='bbox 724 2941 820 2993; x_wconf 85' lang='grc' dir='ltr'>τοῦ</span> <span class='ocrx_word' id='word_1_335' title='bbox 850 2939 1146 3011; x_wconf 87' lang='grc' dir='ltr'>Βρυεννίου</span> <span class='ocrx_word' id='word_1_336' title='bbox 1170 2942 1269 2994; x_wconf 72' lang='grc' dir='ltr'>καὶ</span> <span class='ocrx_word' id='word_1_337' title='bbox 1297 2940 1391 2994; x_wconf 85' lang='grc' dir='ltr'>τοῦ</span> <span class='ocrx_word' id='word_1_338' title='bbox 1416 2941 1694 3012; x_wconf 87' lang='grc' dir='ltr'>Βασιλάκη</span> <span class='ocrx_word' id='word_1_339' title='bbox 1714 2941 2074 3010; x_wconf 83' lang='grc' dir='ltr'>συμϐιϐάσεις</span> 
     </span>
    </p>
   </div>
   <div class='ocr_carea' id='block_1_54' title="bbox 482 3031 2072 3106">
    <p class='ocr_par' dir='ltr' id='par_1_54' title="bbox 482 3031 2072 3106">
     <span class='ocr_line' id='line_1_54' title="bbox 482 3031 2072 3106; baseline 0 -19"><span class='ocrx_word' id='word_1_340' title='bbox 482 3039 577 3088; x_wconf 72' lang='grc' dir='ltr'><strong>καὶ</strong></span> <span class='ocrx_word' id='word_1_341' title='bbox 605 3035 675 3086; x_wconf 70' lang='grc' dir='ltr'><strong>τὰ</strong></span> <span class='ocrx_word' id='word_1_342' title='bbox 703 3035 886 3102; x_wconf 85' lang='grc' dir='ltr'>ὅρκια,</span> <span class='ocrx_word' id='word_1_343' title='bbox 918 3031 1089 3085; x_wconf 82' lang='grc' dir='ltr'><strong>δοῦκα</strong></span> <span class='ocrx_word' id='word_1_344' title='bbox 1149 3032 1242 3085; x_wconf 77' lang='grc' dir='ltr'><strong>τὸν</strong></span> <span class='ocrx_word' id='word_1_345' title='bbox 1287 3032 1600 3103; x_wconf 86' lang='grc' dir='ltr'>Βασιλάκην</span> <span class='ocrx_word' id='word_1_346' title='bbox 1630 3033 1740 3087; x_wconf 88' lang='grc' dir='ltr'><strong>τῶν</strong></span> <span class='ocrx_word' id='word_1_347' title='bbox 1793 3033 2072 3106; x_wconf 82' lang='grc' dir='ltr'>Ἰλλυριῶν</span> 
     </span>
    </p>
   </div>
   <div class='ocr_carea' id='block_1_55' title="bbox 479 3119 2072 3195">
    <p class='ocr_par' dir='ltr' id='par_1_55' title="bbox 479 3119 2072 3195">
     <span class='ocr_line' id='line_1_55' title="bbox 479 3119 2072 3195; baseline 0 -15"><span class='ocrx_word' id='word_1_348' title='bbox 479 3124 858 3192; x_wconf 77' lang='grc' dir='ltr'>ιξαπέστειλε,</span> <span class='ocrx_word' id='word_1_349' title='bbox 882 3123 1260 3194; x_wconf 84' lang='grc' dir='ltr'>παραγγείλας</span> <span class='ocrx_word' id='word_1_350' title='bbox 1282 3123 1433 3193; x_wconf 79' lang='grc' dir='ltr'>αὐτῷ</span> <span class='ocrx_word' id='word_1_351' title='bbox 1457 3124 1508 3176; x_wconf 76' lang='grc' dir='ltr'><strong>ει</strong></span> <span class='ocrx_word' id='word_1_352' title='bbox 1541 3119 1654 3177; x_wconf 85' lang='grc' dir='ltr'>οἷόν</span> <span class='ocrx_word' id='word_1_353' title='bbox 1689 3140 1751 3176; x_wconf 79' lang='grc' dir='ltr'><strong>τε</strong></span> <span class='ocrx_word' id='word_1_354' title='bbox 1776 3128 2072 3195; x_wconf 83' lang='grc' dir='ltr'>κατασχεῖν</span> 
     </span>
    </p>
   </div>
   <div class='ocr_carea' id='block_1_56' title="bbox 480 3213 2072 3289">
    <p class='ocr_par' dir='ltr' id='par_1_56' title="bbox 480 3213 2072 3289">
     <span class='ocr_line' id='line_1_56' title="bbox 480 3213 2072 3289; baseline -0.003 -18"><span class='ocrx_word' id='word_1_355' title='bbox 480 3219 577 3271; x_wconf 75' lang='grc' dir='ltr'><strong>τὸν</strong></span> <span class='ocrx_word' id='word_1_356' title='bbox 600 3215 892 3289; x_wconf 79' lang='grc' dir='ltr'>Βρυέννιον</span> <span class='ocrx_word' id='word_1_357' title='bbox 917 3217 1014 3268; x_wconf 70' lang='grc' dir='ltr'><strong>καὶ</strong></span> <span class='ocrx_word' id='word_1_358' title='bbox 1037 3213 1325 3286; x_wconf 82' lang='grc' dir='ltr'>δεσμώτην</span> <span class='ocrx_word' id='word_1_359' title='bbox 1363 3213 1554 3267; x_wconf 77' lang='grc' dir='ltr'>τοῦτον</span> <span class='ocrx_word' id='word_1_360' title='bbox 1592 3213 1904 3284; x_wconf 74' lang='grc' dir='ltr'>ἐκπέμπειν</span> <span class='ocrx_word' id='word_1_361' title='bbox 1933 3215 2072 3285; x_wconf 74' lang='grc' dir='ltr'>πρὸς</span> 
     </span>
    </p>
   </div>
   <div class='ocr_carea' id='block_1_57' title="bbox 481 3304 2072 3380">
    <p class='ocr_par' dir='ltr' id='par_1_57' title="bbox 481 3304 2072 3380">
     <span class='ocr_line' id='line_1_57' title="bbox 481 3304 2072 3380; baseline -0.002 -20"><span class='ocrx_word' id='word_1_362' title='bbox 481 3308 590 3380; x_wconf 78' lang='grc' dir='ltr'>τὴν</span> <span class='ocrx_word' id='word_1_363' title='bbox 643 3306 1236 3362; x_wconf 81' lang='grc' dir='ltr'>Κωνσταντινούπολιν.</span> <span class='ocrx_word' id='word_1_364' title='bbox 1275 3305 1744 3375; x_wconf 83' lang='grc' dir='ltr'>Ἀπαγγελθέντος</span> <span class='ocrx_word' id='word_1_365' title='bbox 1783 3306 1842 3360; x_wconf 85' lang='grc' dir='ltr'><strong>δέ</strong></span> <span class='ocrx_word' id='word_1_366' title='bbox 1879 3304 2072 3359; x_wconf 87' lang='grc' dir='ltr'>τούτου</span> 
     </span>
    </p>
   </div>
   <div class='ocr_carea' id='block_1_58' title="bbox 481 3380 2075 3472">
    <p class='ocr_par' dir='ltr' id='par_1_58' title="bbox 481 3380 2075 3472">
     <span class='ocr_line' id='line_1_58' title="bbox 481 3380 2075 3472; baseline -0.001 -18"><span class='ocrx_word' id='word_1_367' title='bbox 481 3400 565 3472; x_wconf 83' lang='grc' dir='ltr'>τῷ</span> <span class='ocrx_word' id='word_1_368' title='bbox 588 3401 881 3471; x_wconf 66' lang='grc' dir='ltr'>Βρυεννίῳ,</span> <span class='ocrx_word' id='word_1_369' title='bbox 938 3400 1050 3454; x_wconf 84' lang='grc' dir='ltr'>δεῖν</span> <span class='ocrx_word' id='word_1_370' title='bbox 1084 3399 1238 3472; x_wconf 80' lang='grc' dir='ltr'>ᾠήθη</span> <span class='ocrx_word' id='word_1_371' title='bbox 1285 3380 1482 3471; x_wconf 74' lang='grc' dir='ltr'>μηκέτι</span> <span class='ocrx_word' id='word_1_372' title='bbox 1517 3398 1726 3469; x_wconf 81' lang='grc' dir='ltr'>μένειν,</span> <span class='ocrx_word' id='word_1_373' title='bbox 1761 3399 1878 3453; x_wconf 83' lang='grc' dir='ltr'>ἀλλ’</span> <span class='ocrx_word' id='word_1_374' title='bbox 1917 3399 2075 3470; x_wconf 77' lang='grc' dir='ltr'>ἐξορ-</span> 
     </span>
    </p>
   </div>
   <div class='ocr_carea' id='block_1_59' title="bbox 487 3488 2075 3564">
    <p class='ocr_par' dir='ltr' id='par_1_59' title="bbox 487 3488 2075 3564">
     <span class='ocr_line' id='line_1_59' title="bbox 487 3488 2075 3564; baseline -0.001 -20"><span class='ocrx_word' id='word_1_375' title='bbox 487 3493 601 3564; x_wconf 82' lang='grc' dir='ltr'>μᾷν</span> <span class='ocrx_word' id='word_1_376' title='bbox 626 3492 723 3545; x_wconf 76' lang='grc' dir='ltr'>καὶ</span> <span class='ocrx_word' id='word_1_377' title='bbox 747 3491 934 3546; x_wconf 80' lang='grc' dir='ltr'>οἴκαδε</span> <span class='ocrx_word' id='word_1_378' title='bbox 963 3492 1209 3546; x_wconf 81' lang='grc' dir='ltr'>ἀπιέναι.</span> <span class='ocrx_word' id='word_1_379' title='bbox 1257 3492 1435 3564; x_wconf 80' lang='grc' dir='ltr'>Ἐξῄει</span> <span class='ocrx_word' id='word_1_380' title='bbox 1461 3488 1557 3546; x_wconf 82' lang='grc' dir='ltr'>οὖν</span> <span class='ocrx_word' id='word_1_381' title='bbox 1585 3491 1774 3563; x_wconf 86' lang='grc' dir='ltr'>ὀλίγην</span> <span class='ocrx_word' id='word_1_382' title='bbox 1799 3492 1922 3546; x_wconf 85' lang='grc' dir='ltr'><strong>τινά</strong></span> <span class='ocrx_word' id='word_1_383' title='bbox 1955 3490 2075 3562; x_wconf 87' lang='grc' dir='ltr'>μεθ’</span> 
     </span>
    </p>
   </div>
   <div class='ocr_carea' id='block_1_60' title="bbox 485 3582 2076 3654">
    <p class='ocr_par' dir='ltr' id='par_1_60' title="bbox 485 3582 2076 3654">
     <span class='ocr_line' id='line_1_60' title="bbox 485 3582 2076 3654; baseline 0 -19"><span class='ocrx_word' id='word_1_384' title='bbox 485 3582 685 3636; x_wconf 72' lang='grc' dir='ltr'>ἑαυτοῦ</span> <span class='ocrx_word' id='word_1_385' title='bbox 709 3584 1110 3654; x_wconf 70' lang='grc' dir='ltr'>ἐπιφερόμενος</span> <span class='ocrx_word' id='word_1_386' title='bbox 1150 3582 1405 3654; x_wconf 88' lang='grc' dir='ltr'>δύναμιν.</span> <span class='ocrx_word' id='word_1_387' title='bbox 1451 3583 1605 3637; x_wconf 73' lang='grc' dir='ltr'>Ἐπεὶ</span> <span class='ocrx_word' id='word_1_388' title='bbox 1628 3583 1686 3637; x_wconf 87' lang='grc' dir='ltr'>δὲ</span> <span class='ocrx_word' id='word_1_389' title='bbox 1733 3584 1828 3637; x_wconf 74' lang='grc' dir='ltr'><strong>καὶ</strong></span> <span class='ocrx_word' id='word_1_390' title='bbox 1851 3585 1880 3636; x_wconf 85' lang='grc' dir='ltr'><strong>ό</strong></span> <span class='ocrx_word' id='word_1_391' title='bbox 1911 3585 2076 3636; x_wconf 88' lang='grc' dir='ltr'>Βασι-</span> 
     </span>
    </p>
   </div>
   <div class='ocr_carea' id='block_1_61' title="bbox 485 3675 2078 3746">
    <p class='ocr_par' dir='ltr' id='par_1_61' title="bbox 485 3675 2078 3746">
     <span class='ocr_line' id='line_1_61' title="bbox 485 3675 2078 3746; baseline 0 -18"><span class='ocrx_word' id='word_1_392' title='bbox 485 3677 662 3746; x_wconf 82' lang='grc' dir='ltr'>λάκης</span> <span class='ocrx_word' id='word_1_393' title='bbox 697 3675 836 3745; x_wconf 72' lang='grc' dir='ltr'>πρὸς</span> <span class='ocrx_word' id='word_1_394' title='bbox 871 3677 932 3729; x_wconf 83' lang='grc' dir='ltr'><strong>τὸ</strong></span> <span class='ocrx_word' id='word_1_395' title='bbox 956 3675 1264 3746; x_wconf 77' lang='grc' dir='ltr'>Δυρράχιον</span> <span class='ocrx_word' id='word_1_396' title='bbox 1294 3676 1656 3745; x_wconf 81' lang='grc' dir='ltr'>ἐπειγόμενος</span> <span class='ocrx_word' id='word_1_397' title='bbox 1689 3676 1808 3728; x_wconf 82' lang='grc' dir='ltr'>ἐκεῖ</span> <span class='ocrx_word' id='word_1_398' title='bbox 1836 3675 2078 3729; x_wconf 86' lang='grc' dir='ltr'>καταλα-</span> 
     </span>
    </p>
   </div>
   <div class='ocr_carea' id='block_1_62' title="bbox 485 3764 2082 3839">
    <p class='ocr_par' dir='ltr' id='par_1_62' title="bbox 485 3764 2082 3839">
     <span class='ocr_line' id='line_1_62' title="bbox 485 3764 2082 3839; baseline -0.001 -19"><span class='ocrx_word' id='word_1_399' title='bbox 485 3767 606 3820; x_wconf 81' lang='grc' dir='ltr'>ϐεῖν</span> <span class='ocrx_word' id='word_1_400' title='bbox 639 3768 729 3820; x_wconf 77' lang='grc' dir='ltr'>τὸν</span> <span class='ocrx_word' id='word_1_401' title='bbox 745 3767 1036 3839; x_wconf 82' lang='grc' dir='ltr'>Βρυέννιον</span> <span class='ocrx_word' id='word_1_402' title='bbox 1060 3767 1311 3833; x_wconf 72' lang='grc' dir='ltr'>ἔσπευδε,</span> <span class='ocrx_word' id='word_1_403' title='bbox 1339 3766 1541 3837; x_wconf 82' lang='grc' dir='ltr'>συνέϐη</span> <span class='ocrx_word' id='word_1_404' title='bbox 1567 3767 1789 3829; x_wconf 81' lang='grc' dir='ltr'>τούτους</span> <span class='ocrx_word' id='word_1_405' title='bbox 1831 3764 2082 3836; x_wconf 62' lang='grc' dir='ltr'>ἀπαντῆ-</span> 
     </span>
    </p>
   </div>
   <div class='ocr_carea' id='block_1_63' title="bbox 487 3858 2078 3932">
    <p class='ocr_par' dir='ltr' id='par_1_63' title="bbox 487 3858 2078 3932">
     <span class='ocr_line' id='line_1_63' title="bbox 487 3858 2078 3932; baseline 0 -20"><span class='ocrx_word' id='word_1_406' title='bbox 487 3876 582 3912; x_wconf 88' lang='grc' dir='ltr'><strong>σαι</strong></span> <span class='ocrx_word' id='word_1_407' title='bbox 615 3860 745 3930; x_wconf 78' lang='grc' dir='ltr'>περὶ</span> <span class='ocrx_word' id='word_1_408' title='bbox 792 3859 1198 3932; x_wconf 79' lang='grc' dir='ltr'>θεσσαλονίκην</span> <span class='ocrx_word' id='word_1_409' title='bbox 1235 3859 1331 3914; x_wconf 84' lang='grc' dir='ltr'>τοῦ</span> <span class='ocrx_word' id='word_1_410' title='bbox 1364 3860 1650 3930; x_wconf 86' lang='grc' dir='ltr'>Βασιλάκη</span> <span class='ocrx_word' id='word_1_411' title='bbox 1702 3858 2078 3931; x_wconf 84' lang='grc' dir='ltr'>προκατειλη-</span> 
     </span>
    </p>
   </div>
   <div class='ocr_carea' id='block_1_64' title="bbox 488 3951 2083 4024">
    <p class='ocr_par' dir='ltr' id='par_1_64' title="bbox 488 3951 2083 4024">
     <span class='ocr_line' id='line_1_64' title="bbox 488 3951 2083 4024; baseline -0.001 -20"><span class='ocrx_word' id='word_1_412' title='bbox 488 3951 655 4020; x_wconf 83' lang='grc' dir='ltr'>φότος</span> <span class='ocrx_word' id='word_1_413' title='bbox 670 3953 731 4005; x_wconf 81' lang='grc' dir='ltr'><strong>τὸ</strong></span> <span class='ocrx_word' id='word_1_414' title='bbox 757 3952 916 4008; x_wconf 83' lang='grc' dir='ltr'>άστυ.</span> <span class='ocrx_word' id='word_1_415' title='bbox 945 3953 1045 4016; x_wconf 82' lang='grc' dir='ltr'>Ὃς</span> <span class='ocrx_word' id='word_1_416' title='bbox 1082 3951 1208 4007; x_wconf 78' lang='grc' dir='ltr'>ἰδὼν</span> <span class='ocrx_word' id='word_1_417' title='bbox 1230 3952 1321 4006; x_wconf 79' lang='grc' dir='ltr'><strong>τὸν</strong></span> <span class='ocrx_word' id='word_1_418' title='bbox 1342 3952 1633 4023; x_wconf 86' lang='grc' dir='ltr'>Βρυέννιον</span> <span class='ocrx_word' id='word_1_419' title='bbox 1672 3951 1932 4024; x_wconf 83' lang='grc' dir='ltr'>βραχεῖαν</span> <span class='ocrx_word' id='word_1_420' title='bbox 1959 3952 2083 4003; x_wconf 79' lang='grc' dir='ltr'>ἐπι-</span> 
     </span>
    </p>
   </div>
   <div class='ocr_carea' id='block_1_65' title="bbox 493 4041 2079 4116">
    <p class='ocr_par' dir='ltr' id='par_1_65' title="bbox 493 4041 2079 4116">
     <span class='ocr_line' id='line_1_65' title="bbox 493 4041 2079 4116; baseline -0.001 -20"><span class='ocrx_word' id='word_1_421' title='bbox 493 4044 801 4116; x_wconf 77' lang='grc' dir='ltr'>φερόμενον</span> <span class='ocrx_word' id='word_1_422' title='bbox 831 4044 1066 4115; x_wconf 85' lang='grc' dir='ltr'>δύναμιν</span> <span class='ocrx_word' id='word_1_423' title='bbox 1096 4044 1192 4098; x_wconf 74' lang='grc' dir='ltr'>καὶ</span> <span class='ocrx_word' id='word_1_424' title='bbox 1224 4044 1369 4098; x_wconf 72' lang='grc' dir='ltr'>κατὰ</span> <span class='ocrx_word' id='word_1_425' title='bbox 1403 4043 1541 4097; x_wconf 86' lang='grc' dir='ltr'>πολὺ</span> <span class='ocrx_word' id='word_1_426' title='bbox 1554 4042 1653 4114; x_wconf 80' lang='grc' dir='ltr'>τῆς</span> <span class='ocrx_word' id='word_1_427' title='bbox 1677 4043 1887 4098; x_wconf 80' lang='grc' dir='ltr'>ἐκείνου</span> <span class='ocrx_word' id='word_1_428' title='bbox 1917 4041 2079 4096; x_wconf 82' lang='grc' dir='ltr'>ἐλάτ-</span> 
     </span>
    </p>
   </div>
   <div class='ocr_carea' id='block_1_66' title="bbox 485 4131 2080 4207">
    <p class='ocr_par' dir='ltr' id='par_1_66' title="bbox 485 4131 2080 4207">
     <span class='ocr_line' id='line_1_66' title="bbox 485 4131 2080 4207; baseline -0.001 -19"><span class='ocrx_word' id='word_1_429' title='bbox 485 4151 642 4200; x_wconf 83' lang='grc' dir='ltr'>τονα,</span> <span class='ocrx_word' id='word_1_430' title='bbox 670 4135 782 4189; x_wconf 86' lang='grc' dir='ltr'>τῶν</span> <span class='ocrx_word' id='word_1_431' title='bbox 817 4135 1020 4206; x_wconf 79' lang='grc' dir='ltr'>ὁρκίων</span> <span class='ocrx_word' id='word_1_432' title='bbox 1044 4134 1234 4207; x_wconf 80' lang='grc' dir='ltr'>ὥσπερ</span> <span class='ocrx_word' id='word_1_433' title='bbox 1257 4132 1656 4204; x_wconf 86' lang='grc' dir='ltr'>ἐπιλαθόμενος</span> <span class='ocrx_word' id='word_1_434' title='bbox 1681 4134 1776 4186; x_wconf 75' lang='grc' dir='ltr'><strong>καὶ</strong></span> <span class='ocrx_word' id='word_1_435' title='bbox 1799 4132 1910 4186; x_wconf 81' lang='grc' dir='ltr'><strong>τῶν</strong></span> <span class='ocrx_word' id='word_1_436' title='bbox 1941 4131 2080 4203; x_wconf 82' lang='grc' dir='ltr'>πρὸς</span> 
     </span>
    </p>
   </div>
   <div class='ocr_carea' id='block_1_67' title="bbox 485 4224 2084 4298">
    <p class='ocr_par' dir='ltr' id='par_1_67' title="bbox 485 4224 2084 4298">
     <span class='ocr_line' id='line_1_67' title="bbox 485 4224 2084 4298; baseline -0.003 -18"><span class='ocrx_word' id='word_1_437' title='bbox 485 4228 584 4281; x_wconf 75' lang='grc' dir='ltr'>τὸν</span> <span class='ocrx_word' id='word_1_438' title='bbox 603 4227 817 4282; x_wconf 86' lang='grc' dir='ltr'>ἐκείνου</span> <span class='ocrx_word' id='word_1_439' title='bbox 841 4227 1180 4298; x_wconf 79' lang='grc' dir='ltr'>αὐτάδελφον</span> <span class='ocrx_word' id='word_1_440' title='bbox 1205 4225 1494 4297; x_wconf 84' lang='grc' dir='ltr'>συνθηκῶν</span> <span class='ocrx_word' id='word_1_441' title='bbox 1519 4225 1812 4297; x_wconf 76' lang='grc' dir='ltr'>ἐξώρμησε</span> <span class='ocrx_word' id='word_1_442' title='bbox 1830 4225 1952 4278; x_wconf 87' lang='grc' dir='ltr'>κατ’</span> <span class='ocrx_word' id='word_1_443' title='bbox 1981 4224 2084 4278; x_wconf 85' lang='grc' dir='ltr'><strong>αὺ-</strong></span> 
     </span>
    </p>
   </div>
   <div class='ocr_carea' id='block_1_68' title="bbox 485 4316 2082 4390">
    <p class='ocr_par' dir='ltr' id='par_1_68' title="bbox 485 4316 2082 4390">
     <span class='ocr_line' id='line_1_68' title="bbox 485 4316 2082 4390; baseline 0 -18"><span class='ocrx_word' id='word_1_444' title='bbox 485 4317 609 4373; x_wconf 82' lang='grc' dir='ltr'>τοῦ.</span> <span class='ocrx_word' id='word_1_445' title='bbox 650 4318 920 4380; x_wconf 81' lang='grc' dir='ltr'>Γενναίως</span> <span class='ocrx_word' id='word_1_446' title='bbox 950 4318 1013 4372; x_wconf 70' lang='grc' dir='ltr'>δὲ</span> <span class='ocrx_word' id='word_1_447' title='bbox 1041 4319 1142 4390; x_wconf 80' lang='grc' dir='ltr'>τὴν</span> <span class='ocrx_word' id='word_1_448' title='bbox 1169 4317 1363 4372; x_wconf 86' lang='grc' dir='ltr'>τούτου</span> <span class='ocrx_word' id='word_1_449' title='bbox 1396 4318 1576 4390; x_wconf 81' lang='grc' dir='ltr'>ὁρμὴν</span> <span class='ocrx_word' id='word_1_450' title='bbox 1605 4318 1943 4382; x_wconf 77' lang='grc' dir='ltr'>ὑποστάντος</span> <span class='ocrx_word' id='word_1_451' title='bbox 1982 4316 2082 4372; x_wconf 82' lang='grc' dir='ltr'>τοῦ</span> 
     </span>
    </p>
   </div>
   <div class='ocr_carea' id='block_1_69' title="bbox 491 4409 2082 4481">
    <p class='ocr_par' dir='ltr' id='par_1_69' title="bbox 491 4409 2082 4481">
     <span class='ocr_line' id='line_1_69' title="bbox 491 4409 2082 4481; baseline 0 -18"><span class='ocrx_word' id='word_1_452' title='bbox 491 4409 786 4481; x_wconf 84' lang='grc' dir='ltr'>Βρυεννίου</span> <span class='ocrx_word' id='word_1_453' title='bbox 807 4412 902 4464; x_wconf 80' lang='grc' dir='ltr'>καὶ</span> <span class='ocrx_word' id='word_1_454' title='bbox 946 4411 1178 4476; x_wconf 84' lang='grc' dir='ltr'>πολλοὺς</span> <span class='ocrx_word' id='word_1_455' title='bbox 1229 4411 1340 4466; x_wconf 86' lang='grc' dir='ltr'>τῶν</span> <span class='ocrx_word' id='word_1_456' title='bbox 1366 4411 1533 4465; x_wconf 80' lang='grc' dir='ltr'>αὑτοῦ</span> <span class='ocrx_word' id='word_1_457' title='bbox 1565 4410 1968 4474; x_wconf 87' lang='grc' dir='ltr'>καταϐαλόντος</span> <span class='ocrx_word' id='word_1_458' title='bbox 1997 4412 2082 4474; x_wconf 80' lang='grc' dir='ltr'><strong>είς</strong></span> 
     </span>
    </p>
   </div>
   <div class='ocr_carea' id='block_1_70' title="bbox 491 4501 2076 4575">
    <p class='ocr_par' dir='ltr' id='par_1_70' title="bbox 491 4501 2076 4575">
     <span class='ocr_line' id='line_1_70' title="bbox 491 4501 2076 4575; baseline 0.001 -22"><span class='ocrx_word' id='word_1_459' title='bbox 491 4518 530 4569; x_wconf 80' lang='grc' dir='ltr'>φ</span> <span class='ocrx_word' id='word_1_460' title='bbox 549 4502 675 4572; x_wconf 61' lang='grc' dir='ltr'>ιγὴν</span> <span class='ocrx_word' id='word_1_461' title='bbox 712 4503 987 4574; x_wconf 73' lang='grc' dir='ltr'>τέτραπτο</span> <span class='ocrx_word' id='word_1_462' title='bbox 1019 4503 1118 4557; x_wconf 72' lang='grc' dir='ltr'>καὶ</span> <span class='ocrx_word' id='word_1_463' title='bbox 1138 4504 1235 4575; x_wconf 82' lang='grc' dir='ltr'>τῆς</span> <span class='ocrx_word' id='word_1_464' title='bbox 1275 4503 1486 4566; x_wconf 87' lang='grc' dir='ltr'>πόλεως</span> <span class='ocrx_word' id='word_1_465' title='bbox 1514 4502 1668 4567; x_wconf 83' lang='grc' dir='ltr'>ἐντὸς</span> <span class='ocrx_word' id='word_1_466' title='bbox 1713 4501 2076 4557; x_wconf 87' lang='grc' dir='ltr'>συνεκλείετο.</span> 
     </span>
    </p>
   </div>
   <div class='ocr_carea' id='block_1_71' title="bbox 2245 2848 3766 2920">
    <p class='ocr_par' dir='ltr' id='par_1_71' title="bbox 2245 2848 3766 2920">
     <span class='ocr_line' id='line_1_71' title="bbox 2245 2848 3766 2920; baseline 0.003 -17"><span class='ocrx_word' id='word_1_467' title='bbox 2245 2848 2299 2903; x_wconf 91' lang='grc'><strong>8.</strong></span> <span class='ocrx_word' id='word_1_468' title='bbox 2334 2850 2404 2904; x_wconf 91' lang='lat' dir='ltr'><strong>At</strong></span> <span class='ocrx_word' id='word_1_469' title='bbox 2433 2851 2731 2920; x_wconf 88' lang='lat' dir='ltr'><strong>imperator</strong></span> <span class='ocrx_word' id='word_1_470' title='bbox 2763 2849 3020 2917; x_wconf 87' lang='lat' dir='ltr'><strong>Michael,</strong></span> <span class='ocrx_word' id='word_1_471' title='bbox 3061 2851 3343 2920; x_wconf 84' lang='lat' dir='ltr'><strong>ignorans,</strong></span> <span class='ocrx_word' id='word_1_472' title='bbox 3378 2849 3594 2919; x_wconf 88' lang='lat' dir='ltr'><strong>opinor,</strong></span> <span class='ocrx_word' id='word_1_473' title='bbox 3628 2867 3766 2908; x_wconf 79' lang='lat' dir='ltr'><strong>eon-</strong></span> 
     </span>
    </p>
   </div>
   <div class='ocr_carea' id='block_1_72' title="bbox 2177 2944 3760 3016">
    <p class='ocr_par' dir='ltr' id='par_1_72' title="bbox 2177 2944 3760 3016">
     <span class='ocr_line' id='line_1_72' title="bbox 2177 2944 3760 3016; baseline 0.003 -19"><span class='ocrx_word' id='word_1_474' title='bbox 2177 2946 2460 3000; x_wconf 88' lang='lat' dir='ltr'><strong>ventioues</strong></span> <span class='ocrx_word' id='word_1_475' title='bbox 2487 2961 2608 3016; x_wconf 84' lang='lat' dir='ltr'><strong>quae</strong></span> <span class='ocrx_word' id='word_1_476' title='bbox 2639 2946 2782 3000; x_wconf 90' lang='lat' dir='ltr'><strong>inter</strong></span> <span class='ocrx_word' id='word_1_477' title='bbox 2808 2945 3140 3015; x_wconf 85' lang='lat' dir='ltr'><strong>Bryennium</strong></span> <span class='ocrx_word' id='word_1_478' title='bbox 3168 2955 3222 2998; x_wconf 90' lang='lat' dir='ltr'><strong>et</strong></span> <span class='ocrx_word' id='word_1_479' title='bbox 3254 2944 3554 2999; x_wconf 88' lang='lat' dir='ltr'><strong>Basilacem</strong></span> <span class='ocrx_word' id='word_1_480' title='bbox 3583 2945 3760 3001; x_wconf 84' lang='lat' dir='ltr'><strong>inter-</strong></span> 
     </span>
    </p>
   </div>
   <div class='ocr_carea' id='block_1_73' title="bbox 2177 3032 3768 3105">
    <p class='ocr_par' dir='ltr' id='par_1_73' title="bbox 2177 3032 3768 3105">
     <span class='ocr_line' id='line_1_73' title="bbox 2177 3032 3768 3105; baseline 0.001 -17"><span class='ocrx_word' id='word_1_481' title='bbox 2177 3035 2470 3100; x_wconf 78' lang='lat' dir='ltr'><strong>cedebant,</strong></span> <span class='ocrx_word' id='word_1_482' title='bbox 2509 3035 2704 3091; x_wconf 89' lang='lat' dir='ltr'><strong>ducem</strong></span> <span class='ocrx_word' id='word_1_483' title='bbox 2729 3035 3036 3105; x_wconf 82' lang='lat' dir='ltr'><strong>Illyriorum</strong></span> <span class='ocrx_word' id='word_1_484' title='bbox 3070 3032 3366 3088; x_wconf 82' lang='lat' dir='ltr'><strong>Basilaccm</strong></span> <span class='ocrx_word' id='word_1_485' title='bbox 3390 3035 3574 3098; x_wconf 91' lang='lat' dir='ltr'><strong>mittit,</strong></span> <span class='ocrx_word' id='word_1_486' title='bbox 3606 3051 3768 3090; x_wconf 83' lang='lat' dir='ltr'><strong>man-</strong></span> 
     </span>
    </p>
   </div>
   <div class='ocr_carea' id='block_1_74' title="bbox 2175 3116 3809 3192">
    <p class='ocr_par' dir='ltr' id='par_1_74' title="bbox 2175 3116 3809 3192">
     <span class='ocr_line' id='line_1_74' title="bbox 2175 3116 3809 3192; baseline -0.001 -14"><span class='ocrx_word' id='word_1_487' title='bbox 2175 3123 2314 3179; x_wconf 87' lang='lat' dir='ltr'><strong>dans</strong></span> <span class='ocrx_word' id='word_1_488' title='bbox 2340 3122 2390 3178; x_wconf 92' lang='lat' dir='ltr'><strong>ei</strong></span> <span class='ocrx_word' id='word_1_489' title='bbox 2427 3134 2484 3177; x_wconf 91' lang='lat' dir='ltr'><strong>ut</strong></span> <span class='ocrx_word' id='word_1_490' title='bbox 2516 3124 2561 3179; x_wconf 91' lang='lat' dir='ltr'><strong>si</strong></span> <span class='ocrx_word' id='word_1_491' title='bbox 2611 3122 2726 3178; x_wconf 86' lang='lat' dir='ltr'><strong>fieri</strong></span> <span class='ocrx_word' id='word_1_492' title='bbox 2785 3130 2994 3192; x_wconf 83' lang='lat' dir='ltr'><strong>posset,</strong></span> <span class='ocrx_word' id='word_1_493' title='bbox 3053 3120 3387 3191; x_wconf 84' lang='lat' dir='ltr'><strong>Bryeunium</strong></span> <span class='ocrx_word' id='word_1_494' title='bbox 3441 3129 3660 3188; x_wconf 87' lang='lat' dir='ltr'><strong>caperet</strong></span> <span class='ocrx_word' id='word_1_495' title='bbox 3708 3116 3809 3178; x_wconf 68' lang='grc' dir='ltr'><strong>οῖ’</strong></span> 
     </span>
    </p>
   </div>
   <div class='ocr_carea' id='block_1_75' title="bbox 2175 3211 3759 3301">
    <p class='ocr_par' dir='ltr' id='par_1_75' title="bbox 2175 3211 3759 3301">
     <span class='ocr_line' id='line_1_75' title="bbox 2175 3211 3759 3301; baseline -0.001 -31"><span class='ocrx_word' id='word_1_496' title='bbox 2175 3215 2416 3270; x_wconf 86' lang='lat' dir='ltr'><strong>vinctum</strong></span> <span class='ocrx_word' id='word_1_497' title='bbox 2455 3214 3014 3288; x_wconf 82' lang='lat' dir='ltr'><strong>Constantinopolim.</strong></span> <span class='ocrx_word' id='word_1_498' title='bbox 3071 3211 3452 3268; x_wconf 87' lang='lat' dir='ltr'><strong>deducendum</strong></span> <span class='ocrx_word' id='word_1_499' title='bbox 3479 3222 3759 3301; x_wconf 50' lang='lat' dir='ltr'><strong>’curaret.</strong></span> 
     </span>
    </p>
   </div>
   <div class='ocr_carea' id='block_1_76' title="bbox 2175 3304 3762 3376">
    <p class='ocr_par' dir='ltr' id='par_1_76' title="bbox 2175 3304 3762 3376">
     <span class='ocr_line' id='line_1_76' title="bbox 2175 3304 3762 3376; baseline -0.001 -16"><span class='ocrx_word' id='word_1_500' title='bbox 2175 3305 2330 3372; x_wconf 84' lang='lat' dir='ltr'><strong>Quod</strong></span> <span class='ocrx_word' id='word_1_501' title='bbox 2360 3321 2482 3361; x_wconf 88' lang='lat' dir='ltr'><strong>eum</strong></span> <span class='ocrx_word' id='word_1_502' title='bbox 2513 3306 2786 3376; x_wconf 85' lang='lat' dir='ltr'><strong>Bryennio</strong></span> <span class='ocrx_word' id='word_1_503' title='bbox 2839 3304 3136 3360; x_wconf 85' lang='lat' dir='ltr'><strong>indicatum</strong></span> <span class='ocrx_word' id='word_1_504' title='bbox 3169 3311 3336 3368; x_wconf 88' lang='lat' dir='ltr'><strong>esset,</strong></span> <span class='ocrx_word' id='word_1_505' title='bbox 3403 3317 3514 3358; x_wconf 91' lang='lat' dir='ltr'><strong>non</strong></span> <span class='ocrx_word' id='word_1_506' title='bbox 3549 3304 3762 3372; x_wconf 79' lang='lat' dir='ltr'><strong>putavit</strong></span> 
     </span>
    </p>
   </div>
   <div class='ocr_carea' id='block_1_77' title="bbox 2181 3394 3764 3470">
    <p class='ocr_par' dir='ltr' id='par_1_77' title="bbox 2181 3394 3764 3470">
     <span class='ocr_line' id='line_1_77' title="bbox 2181 3394 3764 3470; baseline -0.003 -17"><span class='ocrx_word' id='word_1_507' title='bbox 2181 3400 2230 3455; x_wconf 88' lang='lat' dir='ltr'><strong>is</strong></span> <span class='ocrx_word' id='word_1_508' title='bbox 2290 3397 2399 3455; x_wconf 84' lang='lat' dir='ltr'><strong>sibi</strong></span> <span class='ocrx_word' id='word_1_509' title='bbox 2456 3399 2696 3470; x_wconf 86' lang='lat' dir='ltr'><strong>amplius</strong></span> <span class='ocrx_word' id='word_1_510' title='bbox 2763 3396 3158 3460; x_wconf 89' lang='lat' dir='ltr'><strong>cunctandum,</strong></span> <span class='ocrx_word' id='word_1_511' title='bbox 3220 3394 3312 3449; x_wconf 80' lang='lat' dir='ltr'><strong>sed</strong></span> <span class='ocrx_word' id='word_1_512' title='bbox 3368 3394 3764 3464; x_wconf 84' lang='lat' dir='ltr'><strong>erumpendum</strong></span> 
     </span>
    </p>
   </div>
   <div class='ocr_carea' id='block_1_78' title="bbox 2177 3486 3763 3562">
    <p class='ocr_par' dir='ltr' id='par_1_78' title="bbox 2177 3486 3763 3562">
     <span class='ocr_line' id='line_1_78' title="bbox 2177 3486 3763 3562; baseline -0.004 -14"><span class='ocrx_word' id='word_1_513' title='bbox 2177 3495 2360 3548; x_wconf 90' lang='lat' dir='ltr'><strong>statim</strong></span> <span class='ocrx_word' id='word_1_514' title='bbox 2400 3500 2455 3548; x_wconf 89' lang='lat' dir='ltr'><strong>et</strong></span> <span class='ocrx_word' id='word_1_515' title='bbox 2513 3493 2796 3562; x_wconf 86' lang='lat' dir='ltr'><strong>petendam</strong></span> <span class='ocrx_word' id='word_1_516' title='bbox 2851 3492 3108 3560; x_wconf 89' lang='lat' dir='ltr'><strong>patriam.</strong></span> <span class='ocrx_word' id='word_1_517' title='bbox 3173 3488 3288 3543; x_wconf 91' lang='lat' dir='ltr'><strong>Ibat</strong></span> <span class='ocrx_word' id='word_1_518' title='bbox 3327 3486 3494 3558; x_wconf 79' lang='lat' dir='ltr'><strong>igitur</strong></span> <span class='ocrx_word' id='word_1_519' title='bbox 3551 3487 3763 3558; x_wconf 78' lang='lat' dir='ltr'><strong>exiguis</strong></span> 
     </span>
    </p>
   </div>
   <div class='ocr_carea' id='block_1_79' title="bbox 2177 3577 3752 3652">
    <p class='ocr_par' dir='ltr' id='par_1_79' title="bbox 2177 3577 3752 3652">
     <span class='ocr_line' id='line_1_79' title="bbox 2177 3577 3752 3652; baseline -0.005 -12"><span class='ocrx_word' id='word_1_520' title='bbox 2177 3585 2567 3640; x_wconf 86' lang='lat' dir='ltr'><strong>comitantibus</strong></span> <span class='ocrx_word' id='word_1_521' title='bbox 2599 3583 2791 3652; x_wconf 90' lang='lat' dir='ltr'><strong>e0piis.</strong></span> <span class='ocrx_word' id='word_1_522' title='bbox 2821 3582 2960 3636; x_wconf 83' lang='lat' dir='ltr'><strong>Cum</strong></span> <span class='ocrx_word' id='word_1_523' title='bbox 3007 3590 3186 3634; x_wconf 89' lang='lat' dir='ltr'><strong>autem</strong></span> <span class='ocrx_word' id='word_1_524' title='bbox 3240 3578 3514 3634; x_wconf 87' lang='lat' dir='ltr'><strong>Basilaees</strong></span> <span class='ocrx_word' id='word_1_525' title='bbox 3548 3577 3752 3648; x_wconf 82' lang='lat' dir='ltr'><strong>Dyrra-</strong></span> 
     </span>
    </p>
   </div>
   <div class='ocr_carea' id='block_1_80' title="bbox 2177 3671 3758 3742">
    <p class='ocr_par' dir='ltr' id='par_1_80' title="bbox 2177 3671 3758 3742">
     <span class='ocr_line' id='line_1_80' title="bbox 2177 3671 3758 3742; baseline -0.004 -12"><span class='ocrx_word' id='word_1_526' title='bbox 2177 3675 2362 3730; x_wconf 86' lang='lat' dir='ltr'><strong>chium</strong></span> <span class='ocrx_word' id='word_1_527' title='bbox 2399 3674 2662 3730; x_wconf 91' lang='lat' dir='ltr'><strong>festinans</strong></span> <span class='ocrx_word' id='word_1_528' title='bbox 2712 3675 2787 3728; x_wconf 91' lang='lat' dir='ltr'><strong>ibi</strong></span> <span class='ocrx_word' id='word_1_529' title='bbox 2841 3672 3082 3742; x_wconf 86' lang='lat' dir='ltr'><strong>reperire</strong></span> <span class='ocrx_word' id='word_1_530' title='bbox 3126 3671 3456 3741; x_wconf 78' lang='lat' dir='ltr'><strong>Bryenuium</strong></span> <span class='ocrx_word' id='word_1_531' title='bbox 3507 3679 3758 3738; x_wconf 85' lang='lat' dir='ltr'><strong>cuperet.</strong></span> 
     </span>
    </p>
   </div>
   <div class='ocr_carea' id='block_1_81' title="bbox 2180 3762 3764 3838">
    <p class='ocr_par' dir='ltr' id='par_1_81' title="bbox 2180 3762 3764 3838">
     <span class='ocr_line' id='line_1_81' title="bbox 2180 3762 3764 3838; baseline -0.005 -14"><span class='ocrx_word' id='word_1_532' title='bbox 2180 3768 2406 3838; x_wconf 78' lang='lat' dir='ltr'><strong>contigit</strong></span> <span class='ocrx_word' id='word_1_533' title='bbox 2433 3782 2499 3823; x_wconf 91' lang='lat' dir='ltr'><strong>eo</strong></span> <span class='ocrx_word' id='word_1_534' title='bbox 2529 3768 2639 3838; x_wconf 89' lang='lat' dir='ltr'><strong>jam</strong></span> <span class='ocrx_word' id='word_1_535' title='bbox 2667 3780 2890 3837; x_wconf 87' lang='lat' dir='ltr'><strong>egresso</strong></span> <span class='ocrx_word' id='word_1_536' title='bbox 2918 3765 3112 3820; x_wconf 85' lang='lat' dir='ltr'><strong>ambos</strong></span> <span class='ocrx_word' id='word_1_537' title='bbox 3157 3763 3259 3818; x_wconf 90' lang='lat' dir='ltr'><strong>sibi</strong></span> <span class='ocrx_word' id='word_1_538' title='bbox 3293 3766 3359 3817; x_wconf 88' lang='lat' dir='ltr'><strong>ad</strong></span> <span class='ocrx_word' id='word_1_539' title='bbox 3411 3762 3764 3818; x_wconf 85' lang='lat' dir='ltr'><strong>Thessaloni-</strong></span> 
     </span>
    </p>
   </div>
   <div class='ocr_carea' id='block_1_82' title="bbox 2180 3853 3759 3928">
    <p class='ocr_par' dir='ltr' id='par_1_82' title="bbox 2180 3853 3759 3928">
     <span class='ocr_line' id='line_1_82' title="bbox 2180 3853 3759 3928; baseline -0.003 -13"><span class='ocrx_word' id='word_1_540' title='bbox 2180 3875 2299 3915; x_wconf 92' lang='lat' dir='ltr'><strong>cam</strong></span> <span class='ocrx_word' id='word_1_541' title='bbox 2331 3873 2645 3924; x_wconf 89' lang='lat' dir='ltr'><strong>occurrere,</strong></span> <span class='ocrx_word' id='word_1_542' title='bbox 2691 3857 3405 3928; x_wconf 69' lang='lat' dir='ltr'><strong>Basilaee&#39;praaoceupaute</strong></span> <span class='ocrx_word' id='word_1_543' title='bbox 3455 3853 3759 3921; x_wconf 83' lang='lat' dir='ltr'><strong>civitatem,</strong></span> 
     </span>
    </p>
   </div>
   <div class='ocr_carea' id='block_1_83' title="bbox 2181 3948 3764 4022">
    <p class='ocr_par' dir='ltr' id='par_1_83' title="bbox 2181 3948 3764 4022">
     <span class='ocr_line' id='line_1_83' title="bbox 2181 3948 3764 4022; baseline -0.001 -17"><span class='ocrx_word' id='word_1_544' title='bbox 2181 3951 2276 4022; x_wconf 88' lang='lat' dir='ltr'><strong>qui</strong></span> <span class='ocrx_word' id='word_1_545' title='bbox 2333 3959 2394 4005; x_wconf 92' lang='lat' dir='ltr'><strong>ut</strong></span> <span class='ocrx_word' id='word_1_546' title='bbox 2451 3950 2839 4006; x_wconf 82' lang='lat' dir='ltr'><strong>animadvertit</strong></span> <span class='ocrx_word' id='word_1_547' title='bbox 2898 3964 3101 4018; x_wconf 87' lang='lat' dir='ltr'><strong>paucas</strong></span> <span class='ocrx_word' id='word_1_548' title='bbox 3161 3948 3519 4018; x_wconf 86' lang='lat' dir='ltr'><strong>infirmasque</strong></span> <span class='ocrx_word' id='word_1_549' title='bbox 3573 3950 3764 4018; x_wconf 88' lang='lat' dir='ltr'><strong>copias</strong></span> 
     </span>
    </p>
   </div>
   <div class='ocr_carea' id='block_1_84' title="bbox 2181 4038 3762 4116">
    <p class='ocr_par' dir='ltr' id='par_1_84' title="bbox 2181 4038 3762 4116">
     <span class='ocr_line' id='line_1_84' title="bbox 2181 4038 3762 4116; baseline -0.001 -18"><span class='ocrx_word' id='word_1_550' title='bbox 2181 4043 2455 4116; x_wconf 81' lang='lat' dir='ltr'><strong>Bryeunio</strong></span> <span class='ocrx_word' id='word_1_551' title='bbox 2495 4043 2690 4098; x_wconf 87' lang='lat' dir='ltr'><strong>adesse</strong></span> <span class='ocrx_word' id='word_1_552' title='bbox 2721 4043 3004 4112; x_wconf 89' lang='lat' dir='ltr'><strong>multoque</strong></span> <span class='ocrx_word' id='word_1_553' title='bbox 3057 4041 3176 4097; x_wconf 86' lang='lat' dir='ltr'><strong>suis</strong></span> <span class='ocrx_word' id='word_1_554' title='bbox 3229 4039 3547 4106; x_wconf 84' lang='lat' dir='ltr'><strong>inferiores,</strong></span> <span class='ocrx_word' id='word_1_555' title='bbox 3601 4038 3762 4110; x_wconf 76' lang='lat'><strong>110</strong></span> 
     </span>
    </p>
   </div>
   <div class='ocr_carea' id='block_1_85' title="bbox 2183 4128 3761 4203">
    <p class='ocr_par' dir='ltr' id='par_1_85' title="bbox 2183 4128 3761 4203">
     <span class='ocr_line' id='line_1_85' title="bbox 2183 4128 3761 4203; baseline -0.005 -11"><span class='ocrx_word' id='word_1_556' title='bbox 2183 4135 2389 4191; x_wconf 89' lang='lat' dir='ltr'><strong>oblitus</strong></span> <span class='ocrx_word' id='word_1_557' title='bbox 2431 4132 2993 4203; x_wconf 83' lang='lat' dir='ltr'><strong>subitojurisjurandi</strong></span> <span class='ocrx_word' id='word_1_558' title='bbox 3045 4141 3102 4186; x_wconf 92' lang='lat' dir='ltr'><strong>et</strong></span> <span class='ocrx_word' id='word_1_559' title='bbox 3161 4128 3431 4186; x_wconf 80' lang='lat' dir='ltr'><strong>foederum</strong></span> <span class='ocrx_word' id='word_1_560' title='bbox 3467 4145 3590 4184; x_wconf 87' lang='lat' dir='ltr'><strong>cum</strong></span> <span class='ocrx_word' id='word_1_561' title='bbox 3639 4130 3761 4199; x_wconf 87' lang='lat' dir='ltr'><strong>ejus</strong></span> 
     </span>
    </p>
   </div>
   <div class='ocr_carea' id='block_1_86' title="bbox 2183 4220 3756 4300">
    <p class='ocr_par' dir='ltr' id='par_1_86' title="bbox 2183 4220 3756 4300">
     <span class='ocr_line' id='line_1_86' title="bbox 2183 4220 3756 4300; baseline -0.006 -16"><span class='ocrx_word' id='word_1_562' title='bbox 2183 4241 2444 4300; x_wconf 83' lang='lat' dir='ltr'><strong>germano</strong></span> <span class='ocrx_word' id='word_1_563' title='bbox 2474 4225 2707 4281; x_wconf 90' lang='lat' dir='ltr'><strong>ictorum</strong></span> <span class='ocrx_word' id='word_1_564' title='bbox 2738 4225 3015 4280; x_wconf 86' lang='lat' dir='ltr'><strong>hostiliter</strong></span> <span class='ocrx_word' id='word_1_565' title='bbox 3041 4224 3096 4278; x_wconf 91' lang='lat' dir='ltr'><strong>in</strong></span> <span class='ocrx_word' id='word_1_566' title='bbox 3129 4238 3256 4278; x_wconf 89' lang='lat' dir='ltr'><strong>eum</strong></span> <span class='ocrx_word' id='word_1_567' title='bbox 3291 4223 3556 4292; x_wconf 82' lang='lat' dir='ltr'><strong>impetum</strong></span> <span class='ocrx_word' id='word_1_568' title='bbox 3605 4220 3756 4276; x_wconf 86' lang='lat' dir='ltr'><strong>fecit.</strong></span> 
     </span>
    </p>
   </div>
   <div class='ocr_carea' id='block_1_87' title="bbox 2183 4313 3763 4394">
    <p class='ocr_par' dir='ltr' id='par_1_87' title="bbox 2183 4313 3763 4394">
     <span class='ocr_line' id='line_1_87' title="bbox 2183 4313 3763 4394; baseline -0.005 -18"><span class='ocrx_word' id='word_1_569' title='bbox 2183 4319 2290 4376; x_wconf 87' lang='lat' dir='ltr'><strong>Sed</strong></span> <span class='ocrx_word' id='word_1_570' title='bbox 2321 4319 2595 4394; x_wconf 83' lang='lat' dir='ltr'><strong>Bryennio</strong></span> <span class='ocrx_word' id='word_1_571' title='bbox 2646 4317 2858 4373; x_wconf 90' lang='lat' dir='ltr'><strong>fortiter</strong></span> <span class='ocrx_word' id='word_1_572' title='bbox 2885 4317 3179 4373; x_wconf 87' lang='lat' dir='ltr'><strong>resistente</strong></span> <span class='ocrx_word' id='word_1_573' title='bbox 3228 4323 3283 4372; x_wconf 89' lang='lat' dir='ltr'><strong>et</strong></span> <span class='ocrx_word' id='word_1_574' title='bbox 3315 4316 3514 4371; x_wconf 90' lang='lat' dir='ltr'><strong>multos</strong></span> <span class='ocrx_word' id='word_1_575' title='bbox 3547 4330 3579 4370; x_wconf 89' lang='lat' dir='ltr'><strong>e</strong></span> <span class='ocrx_word' id='word_1_576' title='bbox 3612 4313 3763 4370; x_wconf 86' lang='lat' dir='ltr'><strong>Basi-</strong></span> 
     </span>
    </p>
   </div>
   <div class='ocr_carea' id='block_1_88' title="bbox 2183 4407 3761 4478">
    <p class='ocr_par' dir='ltr' id='par_1_88' title="bbox 2183 4407 3761 4478">
     <span class='ocr_line' id='line_1_88' title="bbox 2183 4407 3761 4478; baseline -0.004 -10"><span class='ocrx_word' id='word_1_577' title='bbox 2183 4412 2426 4468; x_wconf 90' lang='lat' dir='ltr'><strong>laeeanis</strong></span> <span class='ocrx_word' id='word_1_578' title='bbox 2460 4410 2764 4478; x_wconf 86' lang='lat' dir='ltr'><strong>occidente,</strong></span> <span class='ocrx_word' id='word_1_579' title='bbox 2792 4410 2860 4466; x_wconf 90' lang='lat' dir='ltr'><strong>ad</strong></span> <span class='ocrx_word' id='word_1_580' title='bbox 2891 4419 3200 4466; x_wconf 84' lang='lat' dir='ltr'><strong>extremum</strong></span> <span class='ocrx_word' id='word_1_581' title='bbox 3227 4409 3342 4476; x_wconf 89' lang='lat' dir='ltr'><strong>ipse</strong></span> <span class='ocrx_word' id='word_1_582' title='bbox 3381 4407 3658 4464; x_wconf 85' lang='lat' dir='ltr'><strong>Basilaees</strong></span> <span class='ocrx_word' id='word_1_583' title='bbox 3705 4407 3761 4462; x_wconf 91' lang='lat' dir='ltr'><strong>in</strong></span> 
     </span>
    </p>
   </div>
   <div class='ocr_carea' id='block_1_89' title="bbox 2181 4497 3763 4576">
    <p class='ocr_par' dir='ltr' id='par_1_89' title="bbox 2181 4497 3763 4576">
     <span class='ocr_line' id='line_1_89' title="bbox 2181 4497 3763 4576; baseline -0.003 -18"><span class='ocrx_word' id='word_1_584' title='bbox 2181 4504 2366 4576; x_wconf 85' lang='lat' dir='ltr'><strong>fugam</strong></span> <span class='ocrx_word' id='word_1_585' title='bbox 2391 4503 2618 4558; x_wconf 85' lang='lat' dir='ltr'><strong>vertitur</strong></span> <span class='ocrx_word' id='word_1_586' title='bbox 2637 4511 2693 4558; x_wconf 89' lang='lat' dir='ltr'><strong>et</strong></span> <span class='ocrx_word' id='word_1_587' title='bbox 2711 4502 2855 4557; x_wconf 91' lang='lat' dir='ltr'><strong>intra</strong></span> <span class='ocrx_word' id='word_1_588' title='bbox 2879 4502 3066 4556; x_wconf 90' lang='lat' dir='ltr'><strong>urbem</strong></span> <span class='ocrx_word' id='word_1_589' title='bbox 3096 4500 3568 4556; x_wconf 81' lang='lat' dir='ltr'><strong>circumcluditur.</strong></span> <span class='ocrx_word' id='word_1_590' title='bbox 3603 4497 3763 4555; x_wconf 88' lang='lat' dir='ltr'><strong>Unde</strong></span> 
     </span>
    </p>
   </div>
   <div class='ocr_carea' id='block_1_90' title="bbox 501 4591 2075 4668">
    <p class='ocr_par' dir='ltr' id='par_1_90' title="bbox 501 4593 2075 4667">
     <span class='ocr_line' id='line_1_90' title="bbox 501 4593 2075 4667; baseline 0 -21"><span class='ocrx_word' id='word_1_591' title='bbox 501 4594 751 4648; x_wconf 82' lang='grc' dir='ltr'>Ἐκεῖθεν</span> <span class='ocrx_word' id='word_1_592' title='bbox 769 4593 866 4648; x_wconf 77' lang='grc' dir='ltr'><strong>οὖν</strong></span> <span class='ocrx_word' id='word_1_593' title='bbox 907 4594 1170 4666; x_wconf 76' lang='grc' dir='ltr'>πρέσϐεις</span> <span class='ocrx_word' id='word_1_594' title='bbox 1209 4595 1500 4667; x_wconf 76' lang='grc' dir='ltr'>ἐκπέμψας</span> <span class='ocrx_word' id='word_1_595' title='bbox 1538 4594 1657 4667; x_wconf 71' lang='grc' dir='ltr'>ᾔτει</span> <span class='ocrx_word' id='word_1_596' title='bbox 1702 4593 2075 4663; x_wconf 77' lang='grc' dir='ltr'>ἀνανεωθῆναί</span> 
     </span>
    </p>
   </div>
   <div class='ocr_carea' id='block_1_91' title="bbox 2176 4591 3766 4668">
    <p class='ocr_par' dir='ltr' id='par_1_91' title="bbox 2181 4591 3766 4668">
     <span class='ocr_line' id='line_1_91' title="bbox 2181 4591 3766 4668; baseline -0.004 -16"><span class='ocrx_word' id='word_1_597' title='bbox 2181 4596 2374 4668; x_wconf 85' lang='lat' dir='ltr'><strong>legatis</strong></span> <span class='ocrx_word' id='word_1_598' title='bbox 2407 4596 2593 4652; x_wconf 91' lang='lat' dir='ltr'><strong>missis</strong></span> <span class='ocrx_word' id='word_1_599' title='bbox 2628 4610 2816 4665; x_wconf 87' lang='lat' dir='ltr'><strong>pacem</strong></span> <span class='ocrx_word' id='word_1_600' title='bbox 2851 4601 2973 4649; x_wconf 89' lang='lat' dir='ltr'><strong>orat</strong></span> <span class='ocrx_word' id='word_1_601' title='bbox 3017 4595 3366 4662; x_wconf 85' lang='lat' dir='ltr'><strong>veniamque,</strong></span> <span class='ocrx_word' id='word_1_602' title='bbox 3402 4591 3766 4658; x_wconf 84' lang='lat' dir='ltr'><strong>renovarique</strong></span> 
     </span>
    </p>
   </div>
   <div class='ocr_carea' id='block_1_92' title="bbox 494 4685 2076 4758">
    <p class='ocr_par' dir='ltr' id='par_1_92' title="bbox 494 4685 2076 4758">
     <span class='ocr_line' id='line_1_92' title="bbox 494 4685 2076 4758; baseline 0.003 -20"><span class='ocrx_word' id='word_1_603' title='bbox 494 4702 650 4753; x_wconf 78' lang='grc' dir='ltr'>σφισι</span> <span class='ocrx_word' id='word_1_604' title='bbox 684 4686 784 4748; x_wconf 83' lang='grc' dir='ltr'>τὰς</span> <span class='ocrx_word' id='word_1_605' title='bbox 829 4685 926 4739; x_wconf 84' lang='grc' dir='ltr'>τοῦ</span> <span class='ocrx_word' id='word_1_606' title='bbox 981 4687 1212 4756; x_wconf 85' lang='grc' dir='ltr'>ἀδελφοῦ</span> <span class='ocrx_word' id='word_1_607' title='bbox 1246 4687 1525 4758; x_wconf 85' lang='grc' dir='ltr'>συνθήκας</span> <span class='ocrx_word' id='word_1_608' title='bbox 1564 4704 1622 4740; x_wconf 89' lang='grc' dir='ltr'><strong>τε</strong></span> <span class='ocrx_word' id='word_1_609' title='bbox 1655 4686 1751 4739; x_wconf 73' lang='grc' dir='ltr'>καὶ</span> <span class='ocrx_word' id='word_1_610' title='bbox 1794 4687 1863 4741; x_wconf 83' lang='grc' dir='ltr'>τὰ</span> <span class='ocrx_word' id='word_1_611' title='bbox 1891 4688 2076 4758; x_wconf 84' lang='grc' dir='ltr'>ὅρκια.</span> 
     </span>
    </p>
   </div>
   <div class='ocr_carea' id='block_1_93' title="bbox 496 4777 2080 4849">
    <p class='ocr_par' dir='ltr' id='par_1_93' title="bbox 496 4777 2080 4849">
     <span class='ocr_line' id='line_1_93' title="bbox 496 4777 2080 4849; baseline -0.001 -17"><span class='ocrx_word' id='word_1_612' title='bbox 496 4779 769 4842; x_wconf 79' lang='grc' dir='ltr'>Κάκεῖνος</span> <span class='ocrx_word' id='word_1_613' title='bbox 803 4779 971 4833; x_wconf 80' lang='grc' dir='ltr'>αὐτὸν</span> <span class='ocrx_word' id='word_1_614' title='bbox 1005 4778 1332 4849; x_wconf 81' lang='grc' dir='ltr'>ὑποδέχεται</span> <span class='ocrx_word' id='word_1_615' title='bbox 1381 4779 1529 4848; x_wconf 80' lang='grc' dir='ltr'>μάλα</span> <span class='ocrx_word' id='word_1_616' title='bbox 1559 4778 1817 4847; x_wconf 83' lang='grc' dir='ltr'>ἀσμένως</span> <span class='ocrx_word' id='word_1_617' title='bbox 1845 4777 1942 4832; x_wconf 87' lang='grc' dir='ltr'>καὶ</span> <span class='ocrx_word' id='word_1_618' title='bbox 1977 4777 2080 4840; x_wconf 74' lang='grc' dir='ltr'>τὰς</span> 
     </span>
    </p>
   </div>
   <div class='ocr_carea' id='block_1_94' title="bbox 496 4859 2080 4944">
    <p class='ocr_par' dir='ltr' id='par_1_94' title="bbox 496 4859 2080 4944">
     <span class='ocr_line' id='line_1_94' title="bbox 496 4859 2080 4944; baseline -0.003 -17"><span class='ocrx_word' id='word_1_619' title='bbox 496 4873 796 4944; x_wconf 81' lang='grc' dir='ltr'>ξυμϐάσεις</span> <span class='ocrx_word' id='word_1_620' title='bbox 832 4873 1058 4944; x_wconf 87' lang='grc' dir='ltr'>ἐκύρου.</span> <span class='ocrx_word' id='word_1_621' title='bbox 1104 4859 1246 4928; x_wconf 80' lang='grc' dir='ltr'>Ἀλλ’</span> <span class='ocrx_word' id='word_1_622' title='bbox 1288 4876 1317 4927; x_wconf 81' lang='grc' dir='ltr'>ὁ</span> <span class='ocrx_word' id='word_1_623' title='bbox 1371 4874 1470 4944; x_wconf 84' lang='grc' dir='ltr'><strong>μὲν</strong></span> <span class='ocrx_word' id='word_1_624' title='bbox 1519 4873 1726 4944; x_wconf 69' lang='grc' dir='ltr'>ἥπτετο</span> <span class='ocrx_word' id='word_1_625' title='bbox 1787 4871 1890 4941; x_wconf 80' lang='grc' dir='ltr'>τῆς</span> <span class='ocrx_word' id='word_1_626' title='bbox 1941 4871 2080 4942; x_wconf 78' lang='grc' dir='ltr'>πρὸς</span> 
     </span>
    </p>
   </div>
   <div class='ocr_carea' id='block_1_95' title="bbox 509 4959 2080 5035">
    <p class='ocr_par' dir='ltr' id='par_1_95' title="bbox 509 4959 2080 5035">
     <span class='ocr_line' id='line_1_95' title="bbox 509 4959 2080 5035; baseline -0.004 -17"><span class='ocrx_word' id='word_1_627' title='bbox 509 4964 973 5035; x_wconf 79' lang='grc' dir='ltr'>Ἀδριανούπολιν,</span> <span class='ocrx_word' id='word_1_628' title='bbox 1001 4964 1030 5016; x_wconf 87' lang='grc' dir='ltr'><strong>δ</strong></span> <span class='ocrx_word' id='word_1_629' title='bbox 1061 4963 1289 5032; x_wconf 75' lang='grc' dir='ltr'>ἀδελφὸς</span> <span class='ocrx_word' id='word_1_630' title='bbox 1319 4963 1378 5016; x_wconf 86' lang='grc' dir='ltr'><strong>δέ</strong></span> <span class='ocrx_word' id='word_1_631' title='bbox 1405 4962 1623 5032; x_wconf 84' lang='grc' dir='ltr'>ἀπήντα</span> <span class='ocrx_word' id='word_1_632' title='bbox 1650 4961 1789 5032; x_wconf 87' lang='grc' dir='ltr'><strong>μετά</strong></span> <span class='ocrx_word' id='word_1_633' title='bbox 1821 4959 2080 5030; x_wconf 85' lang='grc' dir='ltr'>πλείστης</span> 
     </span>
    </p>
   </div>
   <div class='ocr_carea' id='block_1_96' title="bbox 493 5052 2081 5127">
    <p class='ocr_par' dir='ltr' id='par_1_96' title="bbox 493 5052 2081 5127">
     <span class='ocr_line' id='line_1_96' title="bbox 493 5052 2081 5127; baseline -0.004 -17"><span class='ocrx_word' id='word_1_634' title='bbox 493 5057 582 5110; x_wconf 82' lang='grc' dir='ltr'><strong>ὅτι</strong></span> <span class='ocrx_word' id='word_1_635' title='bbox 639 5056 942 5127; x_wconf 88' lang='grc' dir='ltr'>δυνάμεως.</span> <span class='ocrx_word' id='word_1_636' title='bbox 997 5055 1328 5110; x_wconf 83' lang='grc' dir='ltr'>Μακεδόνων</span> <span class='ocrx_word' id='word_1_637' title='bbox 1357 5071 1417 5108; x_wconf 89' lang='grc' dir='ltr'><strong>τε</strong></span> <span class='ocrx_word' id='word_1_638' title='bbox 1442 5055 1551 5125; x_wconf 84' lang='grc' dir='ltr'><strong>γὰρ</strong></span> <span class='ocrx_word' id='word_1_639' title='bbox 1587 5055 1685 5108; x_wconf 75' lang='grc' dir='ltr'>καὶ</span> <span class='ocrx_word' id='word_1_640' title='bbox 1721 5052 1952 5124; x_wconf 78' lang='grc' dir='ltr'>Θρᾳκῶν</span> <span class='ocrx_word' id='word_1_641' title='bbox 1979 5053 2081 5114; x_wconf 75' lang='grc' dir='ltr'>τὰς</span> 
     </span>
    </p>
   </div>
   <div class='ocr_carea' id='block_1_97' title="bbox 493 5143 2081 5218">
    <p class='ocr_par' dir='ltr' id='par_1_97' title="bbox 493 5143 2081 5218">
     <span class='ocr_line' id='line_1_97' title="bbox 493 5143 2081 5218; baseline -0.004 -15"><span class='ocrx_word' id='word_1_642' title='bbox 493 5148 681 5213; x_wconf 70' lang='grc' dir='ltr'>τάξεις</span> <span class='ocrx_word' id='word_1_643' title='bbox 714 5149 930 5213; x_wconf 79' lang='grc' dir='ltr'>ἁπάσας</span> <span class='ocrx_word' id='word_1_644' title='bbox 979 5144 1093 5218; x_wconf 74' lang='grc' dir='ltr'>εἶχε</span> <span class='ocrx_word' id='word_1_645' title='bbox 1137 5148 1256 5218; x_wconf 83' lang='grc' dir='ltr'>μεθ’</span> <span class='ocrx_word' id='word_1_646' title='bbox 1280 5146 1478 5200; x_wconf 77' lang='grc' dir='ltr'>ἐαυτοῦ</span> <span class='ocrx_word' id='word_1_647' title='bbox 1530 5146 1647 5216; x_wconf 75' lang='grc' dir='ltr'><strong>ἅμα</strong></span> <span class='ocrx_word' id='word_1_648' title='bbox 1691 5145 1942 5216; x_wconf 85' lang='grc' dir='ltr'>λοχαγοῖς</span> <span class='ocrx_word' id='word_1_649' title='bbox 1987 5143 2081 5197; x_wconf 75' lang='grc' dir='ltr'>καὶ</span> 
     </span>
    </p>
   </div>
   <div class='ocr_carea' id='block_1_98' title="bbox 498 5237 2082 5313">
    <p class='ocr_par' dir='ltr' id='par_1_98' title="bbox 498 5237 2082 5313">
     <span class='ocr_line' id='line_1_98' title="bbox 498 5237 2082 5313; baseline -0.003 -17"><span class='ocrx_word' id='word_1_650' title='bbox 498 5243 923 5313; x_wconf 69' lang='grc' dir='ltr'>φαλαΥΥάρχαις</span> <span class='ocrx_word' id='word_1_651' title='bbox 958 5243 1054 5296; x_wconf 81' lang='grc' dir='ltr'><strong>καὶ</strong></span> <span class='ocrx_word' id='word_1_652' title='bbox 1106 5241 1294 5304; x_wconf 80' lang='grc' dir='ltr'>αὐτοῖς</span> <span class='ocrx_word' id='word_1_653' title='bbox 1330 5240 1396 5311; x_wconf 85' lang='grc' dir='ltr'><strong>δὴ</strong></span> <span class='ocrx_word' id='word_1_654' title='bbox 1431 5242 1547 5303; x_wconf 83' lang='grc' dir='ltr'>τοῖς</span> <span class='ocrx_word' id='word_1_655' title='bbox 1589 5240 1940 5310; x_wconf 86' lang='grc' dir='ltr'>στρατηγοῖς.</span> <span class='ocrx_word' id='word_1_656' title='bbox 1969 5237 2082 5292; x_wconf 75' lang='grc' dir='ltr'>Καὶ</span> 
     </span>
    </p>
   </div>
   <div class='ocr_carea' id='block_1_99' title="bbox 499 5330 2080 5408">
    <p class='ocr_par' dir='ltr' id='par_1_99' title="bbox 499 5330 2080 5408">
     <span class='ocr_line' id='line_1_99' title="bbox 499 5330 2080 5408; baseline -0.005 -18"><span class='ocrx_word' id='word_1_657' title='bbox 499 5338 551 5390; x_wconf 84' lang='grc' dir='ltr'>οἱ</span> <span class='ocrx_word' id='word_1_658' title='bbox 584 5336 842 5408; x_wconf 80' lang='grc' dir='ltr'>ἄρχοντες</span> <span class='ocrx_word' id='word_1_659' title='bbox 872 5335 930 5388; x_wconf 76' lang='grc' dir='ltr'>δὲ</span> <span class='ocrx_word' id='word_1_660' title='bbox 969 5335 1079 5390; x_wconf 84' lang='grc' dir='ltr'>τῶν</span> <span class='ocrx_word' id='word_1_661' title='bbox 1103 5334 1314 5388; x_wconf 76' lang='grc' dir='ltr'>πόλεων</span> <span class='ocrx_word' id='word_1_662' title='bbox 1357 5334 1594 5401; x_wconf 80' lang='grc' dir='ltr'>ξυνῆσαν</span> <span class='ocrx_word' id='word_1_663' title='bbox 1625 5331 1774 5402; x_wconf 82' lang='grc' dir='ltr'>αὐτῷ</span> <span class='ocrx_word' id='word_1_664' title='bbox 1815 5330 2080 5396; x_wconf 74' lang='grc' dir='ltr'>ἅπαντες,</span> 
     </span>
    </p>
   </div>
   <div class='ocr_carea' id='block_1_100' title="bbox 498 5415 2082 5497">
    <p class='ocr_par' dir='ltr' id='par_1_100' title="bbox 498 5415 2082 5497">
     <span class='ocr_line' id='line_1_100' title="bbox 498 5415 2082 5497; baseline -0.006 -15"><span class='ocrx_word' id='word_1_665' title='bbox 498 5431 753 5493; x_wconf 62' lang='grc' dir='ltr'>κακεῖνος</span> <span class='ocrx_word' id='word_1_666' title='bbox 786 5429 1034 5491; x_wconf 78' lang='grc' dir='ltr'>ἃπαντας</span> <span class='ocrx_word' id='word_1_667' title='bbox 1063 5425 1362 5497; x_wconf 80' lang='grc' dir='ltr'>χαριέντως</span> <span class='ocrx_word' id='word_1_668' title='bbox 1387 5422 1713 5494; x_wconf 81' lang='grc' dir='ltr'>ὑπεδέχετο·</span> <span class='ocrx_word' id='word_1_669' title='bbox 1750 5422 1845 5475; x_wconf 75' lang='grc' dir='ltr'><strong>καὶ</strong></span> <span class='ocrx_word' id='word_1_670' title='bbox 1874 5420 1983 5492; x_wconf 88' lang='grc' dir='ltr'><strong>γάρ</strong></span> <span class='ocrx_word' id='word_1_671' title='bbox 2013 5415 2082 5491; x_wconf 73' lang='grc' dir='ltr'>ἦν</span> 
     </span>
    </p>
   </div>
   <div class='ocr_carea' id='block_1_101' title="bbox 497 5512 2083 5592">
    <p class='ocr_par' dir='ltr' id='par_1_101' title="bbox 497 5512 2083 5592">
     <span class='ocr_line' id='line_1_101' title="bbox 497 5512 2083 5592; baseline -0.005 -18"><span class='ocrx_word' id='word_1_672' title='bbox 497 5521 777 5592; x_wconf 83' lang='grc' dir='ltr'>προσηνὴς</span> <span class='ocrx_word' id='word_1_673' title='bbox 799 5521 830 5573; x_wconf 84' lang='grc' dir='ltr'><strong>ό</strong></span> <span class='ocrx_word' id='word_1_674' title='bbox 863 5519 1003 5592; x_wconf 81' lang='grc' dir='ltr'>ἀνὴρ</span> <span class='ocrx_word' id='word_1_675' title='bbox 1027 5518 1122 5572; x_wconf 77' lang='grc' dir='ltr'>καὶ</span> <span class='ocrx_word' id='word_1_676' title='bbox 1153 5517 1409 5588; x_wconf 80' lang='grc' dir='ltr'>εὐόμιλος</span> <span class='ocrx_word' id='word_1_677' title='bbox 1437 5515 1599 5585; x_wconf 83' lang='grc' dir='ltr'>εῐπερ</span> <span class='ocrx_word' id='word_1_678' title='bbox 1631 5531 1717 5578; x_wconf 87' lang='grc' dir='ltr'><strong>τις</strong></span> <span class='ocrx_word' id='word_1_679' title='bbox 1745 5512 1925 5576; x_wconf 78' lang='grc' dir='ltr'>ἄλλος.</span> <span class='ocrx_word' id='word_1_680' title='bbox 1948 5512 2083 5566; x_wconf 86' lang='grc' dir='ltr'>Τότε</span> 
     </span>
    </p>
   </div>
   <div class='ocr_carea' id='block_1_102' title="bbox 501 5605 2086 5682">
    <p class='ocr_par' dir='ltr' id='par_1_102' title="bbox 501 5605 2086 5682">
     <span class='ocr_line' id='line_1_102' title="bbox 501 5605 2086 5682; baseline -0.004 -18"><span class='ocrx_word' id='word_1_681' title='bbox 501 5613 606 5682; x_wconf 80' lang='grc' dir='ltr'>μὲν</span> <span class='ocrx_word' id='word_1_682' title='bbox 632 5609 727 5667; x_wconf 84' lang='grc' dir='ltr'><strong>οὖν</strong></span> <span class='ocrx_word' id='word_1_683' title='bbox 753 5610 1356 5682; x_wconf 75' lang='grc' dir='ltr'>στρατοπεδευσάμενοι</span> <span class='ocrx_word' id='word_1_684' title='bbox 1394 5605 1718 5681; x_wconf 81' lang='grc' dir='ltr'>ἀριστεῦσαι</span> <span class='ocrx_word' id='word_1_685' title='bbox 1745 5605 2086 5676; x_wconf 85' lang='grc' dir='ltr'>παρεσκευά-</span> 
     </span>
    </p>
   </div>
   <div class='ocr_carea' id='block_1_103' title="bbox 499 5697 2084 5775">
    <p class='ocr_par' dir='ltr' id='par_1_103' title="bbox 499 5697 2084 5775">
     <span class='ocr_line' id='line_1_103' title="bbox 499 5697 2084 5775; baseline -0.005 -19"><span class='ocrx_word' id='word_1_686' title='bbox 499 5705 676 5766; x_wconf 77' lang='grc' dir='ltr'>ζοντο.</span> <span class='ocrx_word' id='word_1_687' title='bbox 724 5703 892 5759; x_wconf 79' lang='grc' dir='ltr'>Ἀλλά</span> <span class='ocrx_word' id='word_1_688' title='bbox 948 5703 1026 5775; x_wconf 83' lang='grc' dir='ltr'>τῷ</span> <span class='ocrx_word' id='word_1_689' title='bbox 1072 5703 1345 5774; x_wconf 86' lang='grc' dir='ltr'>Βρυεννίῳ</span> <span class='ocrx_word' id='word_1_690' title='bbox 1398 5698 1621 5771; x_wconf 77' lang='grc' dir='ltr'>Ἰωάννῃ</span> <span class='ocrx_word' id='word_1_691' title='bbox 1681 5700 1910 5768; x_wconf 68' lang='grc' dir='ltr'>ἠρεμεῖν</span> <span class='ocrx_word' id='word_1_692' title='bbox 1964 5697 2084 5749; x_wconf 76' lang='grc' dir='ltr'>οὔτι</span> 
     </span>
    </p>
   </div>
   <div class='ocr_carea' id='block_1_104' title="bbox 497 5788 2084 5863">
    <p class='ocr_par' dir='ltr' id='par_1_104' title="bbox 497 5788 2084 5863">
     <span class='ocr_line' id='line_1_104' title="bbox 497 5788 2084 5863; baseline -0.008 -10"><span class='ocrx_word' id='word_1_693' title='bbox 497 5799 619 5853; x_wconf 79' lang='grc' dir='ltr'>δέον</span> <span class='ocrx_word' id='word_1_694' title='bbox 647 5799 824 5854; x_wconf 83' lang='grc' dir='ltr'>ἐδόκει</span> <span class='ocrx_word' id='word_1_695' title='bbox 849 5797 960 5851; x_wconf 70' lang='grc' dir='ltr'>οὐδ’</span> <span class='ocrx_word' id='word_1_696' title='bbox 991 5795 1357 5851; x_wconf 80' lang='grc' dir='ltr'>ἀναϐαλέσθαι</span> <span class='ocrx_word' id='word_1_697' title='bbox 1399 5794 1492 5847; x_wconf 79' lang='grc' dir='ltr'><strong>τδν</strong></span> <span class='ocrx_word' id='word_1_698' title='bbox 1539 5791 1750 5863; x_wconf 82' lang='grc' dir='ltr'>καιρόν.</span> <span class='ocrx_word' id='word_1_699' title='bbox 1791 5788 2084 5859; x_wconf 73' lang='grc' dir='ltr'>Ἐπιιρερό-</span> 
     </span>
    </p>
   </div>
   <div class='ocr_carea' id='block_1_105' title="bbox 502 5883 2082 5971">
    <p class='ocr_par' dir='ltr' id='par_1_105' title="bbox 502 5883 2082 5965">
     <span class='ocr_line' id='line_1_105' title="bbox 502 5883 2082 5965; baseline -0.008 -17"><span class='ocrx_word' id='word_1_700' title='bbox 502 5907 663 5965; x_wconf 71' lang='grc' dir='ltr'>μενος</span> <span class='ocrx_word' id='word_1_701' title='bbox 690 5891 784 5949; x_wconf 79' lang='grc' dir='ltr'><strong>οὖν</strong></span> <span class='ocrx_word' id='word_1_702' title='bbox 820 5891 940 5964; x_wconf 81' lang='grc' dir='ltr'>μεθ’</span> <span class='ocrx_word' id='word_1_703' title='bbox 984 5889 1177 5945; x_wconf 76' lang='grc' dir='ltr'>ἑαυτοῦ</span> <span class='ocrx_word' id='word_1_704' title='bbox 1233 5887 1298 5943; x_wconf 75' lang='grc' dir='ltr'><strong>τὰ</strong></span> <span class='ocrx_word' id='word_1_705' title='bbox 1328 5888 1422 5959; x_wconf 71' lang='grc' dir='ltr'>τῆς</span> <span class='ocrx_word' id='word_1_706' title='bbox 1466 5885 1742 5957; x_wconf 77' lang='grc' dir='ltr'>βασιλείας</span> <span class='ocrx_word' id='word_1_707' title='bbox 1778 5883 2082 5954; x_wconf 64' lang='grc' dir='ltr'>παράσημα</span> 
     </span>
    </p>
   </div>
   <div class='ocr_carea' id='block_1_106' title="bbox 2182 4671 3764 4757">
    <p class='ocr_par' dir='ltr' id='par_1_106' title="bbox 2182 4671 3764 4757">
     <span class='ocr_line' id='line_1_106' title="bbox 2182 4671 3764 4757; baseline -0.006 -13"><span class='ocrx_word' id='word_1_708' title='bbox 2182 4689 2325 4744; x_wconf 89' lang='lat' dir='ltr'><strong>inter</strong></span> <span class='ocrx_word' id='word_1_709' title='bbox 2354 4688 2503 4756; x_wconf 88' lang='lat' dir='ltr'><strong>ipsos</strong></span> <span class='ocrx_word' id='word_1_710' title='bbox 2528 4671 2772 4757; x_wconf 80' lang='lat' dir='ltr'><strong>postulat</strong></span> <span class='ocrx_word' id='word_1_711' title='bbox 2797 4685 3189 4740; x_wconf 89' lang='lat' dir='ltr'><strong>conventiones</strong></span> <span class='ocrx_word' id='word_1_712' title='bbox 3221 4682 3390 4753; x_wconf 89' lang='lat' dir='ltr'><strong>pacis,</strong></span> <span class='ocrx_word' id='word_1_713' title='bbox 3433 4696 3571 4751; x_wconf 89' lang='lat' dir='ltr'><strong>quas</strong></span> <span class='ocrx_word' id='word_1_714' title='bbox 3612 4679 3764 4750; x_wconf 88' lang='lat' dir='ltr'><strong>prius</strong></span> 
     </span>
    </p>
   </div>
   <div class='ocr_carea' id='block_1_107' title="bbox 2181 4769 3764 4852">
    <p class='ocr_par' dir='ltr' id='par_1_107' title="bbox 2181 4769 3764 4852">
     <span class='ocr_line' id='line_1_107' title="bbox 2181 4769 3764 4852; baseline -0.006 -17"><span class='ocrx_word' id='word_1_715' title='bbox 2181 4782 2297 4852; x_wconf 84' lang='lat' dir='ltr'><strong>ipse</strong></span> <span class='ocrx_word' id='word_1_716' title='bbox 2341 4795 2465 4841; x_wconf 86' lang='lat' dir='ltr'><strong>eum</strong></span> <span class='ocrx_word' id='word_1_717' title='bbox 2495 4779 2616 4850; x_wconf 83' lang='lat' dir='ltr'><strong>ejus</strong></span> <span class='ocrx_word' id='word_1_718' title='bbox 2647 4779 2813 4832; x_wconf 91' lang='lat' dir='ltr'><strong>fratre</strong></span> <span class='ocrx_word' id='word_1_719' title='bbox 2840 4776 3155 4846; x_wconf 75' lang='lat' dir='ltr'><strong>iuramento</strong></span> <span class='ocrx_word' id='word_1_720' title='bbox 3191 4775 3522 4828; x_wconf 84' lang='lat' dir='ltr'><strong>firmaverat.</strong></span> <span class='ocrx_word' id='word_1_721' title='bbox 3553 4769 3764 4825; x_wconf 81' lang='lat' dir='ltr'><strong>Annuit</strong></span> 
     </span>
    </p>
   </div>
   <div class='ocr_carea' id='block_1_108' title="bbox 2181 4860 3764 4938">
    <p class='ocr_par' dir='ltr' id='par_1_108' title="bbox 2181 4860 3764 4938">
     <span class='ocr_line' id='line_1_108' title="bbox 2181 4860 3764 4938; baseline -0.006 -12"><span class='ocrx_word' id='word_1_722' title='bbox 2181 4871 2336 4926; x_wconf 74' lang='lat' dir='ltr'><strong>valde</strong></span> <span class='ocrx_word' id='word_1_723' title='bbox 2368 4869 2596 4925; x_wconf 88' lang='lat' dir='ltr'><strong>libenter</strong></span> <span class='ocrx_word' id='word_1_724' title='bbox 2639 4866 2946 4938; x_wconf 87' lang='lat' dir='ltr'><strong>Bryennius</strong></span> <span class='ocrx_word' id='word_1_725' title='bbox 3000 4874 3055 4921; x_wconf 90' lang='lat' dir='ltr'><strong>et</strong></span> <span class='ocrx_word' id='word_1_726' title='bbox 3109 4863 3286 4919; x_wconf 89' lang='lat' dir='ltr'><strong>foedus</strong></span> <span class='ocrx_word' id='word_1_727' title='bbox 3337 4877 3462 4917; x_wconf 89' lang='lat' dir='ltr'><strong>cum</strong></span> <span class='ocrx_word' id='word_1_728' title='bbox 3515 4860 3764 4916; x_wconf 84' lang='lat' dir='ltr'><strong>Basilaco</strong></span> 
     </span>
    </p>
   </div>
   <div class='ocr_carea' id='block_1_109' title="bbox 2180 4953 3764 5030">
    <p class='ocr_par' dir='ltr' id='par_1_109' title="bbox 2180 4953 3764 5030">
     <span class='ocr_line' id='line_1_109' title="bbox 2180 4953 3764 5030; baseline -0.006 -12"><span class='ocrx_word' id='word_1_729' title='bbox 2180 4960 2376 5019; x_wconf 87' lang='lat' dir='ltr'><strong>sancit.</strong></span> <span class='ocrx_word' id='word_1_730' title='bbox 2421 4960 2621 5030; x_wconf 85' lang='lat' dir='ltr'><strong>Sicque</strong></span> <span class='ocrx_word' id='word_1_731' title='bbox 2674 4959 2774 5014; x_wconf 88' lang='lat' dir='ltr'><strong>iter</strong></span> <span class='ocrx_word' id='word_1_732' title='bbox 2817 4957 3056 5027; x_wconf 89' lang='lat' dir='ltr'><strong>capessit</strong></span> <span class='ocrx_word' id='word_1_733' title='bbox 3100 4953 3502 5025; x_wconf 85' lang='lat' dir='ltr'><strong>Adriauopolim</strong></span> <span class='ocrx_word' id='word_1_734' title='bbox 3532 4966 3764 5009; x_wconf 84' lang='lat' dir='ltr'><strong>versus:</strong></span> 
     </span>
    </p>
   </div>
   <div class='ocr_carea' id='block_1_110' title="bbox 2181 5047 3766 5127">
    <p class='ocr_par' dir='ltr' id='par_1_110' title="bbox 2181 5047 3766 5127">
     <span class='ocr_line' id='line_1_110' title="bbox 2181 5047 3766 5127; baseline -0.006 -16"><span class='ocrx_word' id='word_1_735' title='bbox 2181 5071 2291 5127; x_wconf 89' lang='lat' dir='ltr'><strong>quo</strong></span> <span class='ocrx_word' id='word_1_736' title='bbox 2345 5056 2538 5111; x_wconf 89' lang='lat' dir='ltr'><strong>itinere</strong></span> <span class='ocrx_word' id='word_1_737' title='bbox 2563 5053 2788 5108; x_wconf 87' lang='lat' dir='ltr'><strong>fratrem</strong></span> <span class='ocrx_word' id='word_1_738' title='bbox 2845 5050 3036 5106; x_wconf 88' lang='lat' dir='ltr'><strong>habuit</strong></span> <span class='ocrx_word' id='word_1_739' title='bbox 3073 5048 3297 5105; x_wconf 90' lang='lat' dir='ltr'><strong>obvium</strong></span> <span class='ocrx_word' id='word_1_740' title='bbox 3347 5062 3470 5102; x_wconf 91' lang='lat' dir='ltr'><strong>eum</strong></span> <span class='ocrx_word' id='word_1_741' title='bbox 3528 5047 3766 5101; x_wconf 79' lang='lat' dir='ltr'><strong>maximo</strong></span> 
     </span>
    </p>
   </div>
   <div class='ocr_carea' id='block_1_111' title="bbox 2181 5135 3766 5207">
    <p class='ocr_par' dir='ltr' id='par_1_111' title="bbox 2181 5135 3766 5207">
     <span class='ocr_line' id='line_1_111' title="bbox 2181 5135 3766 5207; baseline -0.008 -3"><span class='ocrx_word' id='word_1_742' title='bbox 2181 5147 2449 5204; x_wconf 79' lang='lat' dir='ltr'><strong>exercitu.</strong></span> <span class='ocrx_word' id='word_1_743' title='bbox 2483 5144 2845 5200; x_wconf 88' lang='lat' dir='ltr'><strong>Macedonum</strong></span> <span class='ocrx_word' id='word_1_744' title='bbox 2897 5143 3042 5198; x_wconf 90' lang='lat' dir='ltr'><strong>enim</strong></span> <span class='ocrx_word' id='word_1_745' title='bbox 3090 5149 3144 5196; x_wconf 92' lang='lat' dir='ltr'><strong>et</strong></span> <span class='ocrx_word' id='word_1_746' title='bbox 3195 5138 3472 5193; x_wconf 85' lang='lat' dir='ltr'><strong>Thracqu</strong></span> <span class='ocrx_word' id='word_1_747' title='bbox 3519 5135 3766 5207; x_wconf 88' lang='lat' dir='ltr'><strong>legiones</strong></span> 
     </span>
    </p>
   </div>
   <div class='ocr_carea' id='block_1_112' title="bbox 2182 5227 3764 5294">
    <p class='ocr_par' dir='ltr' id='par_1_112' title="bbox 2182 5227 3764 5294">
     <span class='ocr_line' id='line_1_112' title="bbox 2182 5227 3764 5294; baseline -0.009 0"><span class='ocrx_word' id='word_1_748' title='bbox 2182 5253 2376 5294; x_wconf 90' lang='lat' dir='ltr'><strong>omnes</strong></span> <span class='ocrx_word' id='word_1_749' title='bbox 2421 5236 2656 5293; x_wconf 87' lang='lat' dir='ltr'><strong>habebat</strong></span> <span class='ocrx_word' id='word_1_750' title='bbox 2684 5248 2872 5290; x_wconf 91' lang='lat' dir='ltr'><strong>secum</strong></span> <span class='ocrx_word' id='word_1_751' title='bbox 2897 5249 3022 5288; x_wconf 89' lang='lat' dir='ltr'><strong>cum</strong></span> <span class='ocrx_word' id='word_1_752' title='bbox 3060 5229 3477 5286; x_wconf 88' lang='lat' dir='ltr'><strong>centurionibus</strong></span> <span class='ocrx_word' id='word_1_753' title='bbox 3505 5239 3558 5282; x_wconf 91' lang='lat' dir='ltr'><strong>et</strong></span> <span class='ocrx_word' id='word_1_754' title='bbox 3589 5227 3764 5282; x_wconf 90' lang='lat' dir='ltr'><strong>tribu-</strong></span> 
     </span>
    </p>
   </div>
   <div class='ocr_carea' id='block_1_113' title="bbox 2184 5320 3766 5402">
    <p class='ocr_par' dir='ltr' id='par_1_113' title="bbox 2184 5320 3766 5402">
     <span class='ocr_line' id='line_1_113' title="bbox 2184 5320 3766 5402; baseline -0.008 -17"><span class='ocrx_word' id='word_1_755' title='bbox 2184 5331 2269 5386; x_wconf 90' lang='lat' dir='ltr'><strong>nis</strong></span> <span class='ocrx_word' id='word_1_756' title='bbox 2304 5331 2550 5402; x_wconf 88' lang='lat' dir='ltr'><strong>ipsisque</strong></span> <span class='ocrx_word' id='word_1_757' title='bbox 2600 5327 2857 5387; x_wconf 88' lang='lat' dir='ltr'><strong>ducibus.</strong></span> <span class='ocrx_word' id='word_1_758' title='bbox 2913 5325 3193 5395; x_wconf 84' lang='lat' dir='ltr'><strong>Principes</strong></span> <span class='ocrx_word' id='word_1_759' title='bbox 3227 5337 3445 5393; x_wconf 84' lang='lat' dir='ltr'><strong>quoque</strong></span> <span class='ocrx_word' id='word_1_760' title='bbox 3482 5320 3766 5376; x_wconf 85' lang='lat' dir='ltr'><strong>civitatum</strong></span> 
     </span>
    </p>
   </div>
   <div class='ocr_carea' id='block_1_114' title="bbox 2185 5410 3769 5488">
    <p class='ocr_par' dir='ltr' id='par_1_114' title="bbox 2185 5410 3769 5488">
     <span class='ocr_line' id='line_1_114' title="bbox 2185 5410 3769 5488; baseline -0.009 -10"><span class='ocrx_word' id='word_1_761' title='bbox 2185 5439 2291 5478; x_wconf 88' lang='lat' dir='ltr'><strong>una</strong></span> <span class='ocrx_word' id='word_1_762' title='bbox 2321 5437 2513 5478; x_wconf 91' lang='lat' dir='ltr'><strong>omnes</strong></span> <span class='ocrx_word' id='word_1_763' title='bbox 2542 5420 2940 5488; x_wconf 80' lang='lat' dir='ltr'><strong>aderantzipse</strong></span> <span class='ocrx_word' id='word_1_764' title='bbox 2986 5431 3149 5487; x_wconf 88' lang='lat' dir='ltr'><strong>porro</strong></span> <span class='ocrx_word' id='word_1_765' title='bbox 3199 5415 3488 5468; x_wconf 87' lang='lat' dir='ltr'><strong>universos</strong></span> <span class='ocrx_word' id='word_1_766' title='bbox 3537 5410 3769 5466; x_wconf 87' lang='lat' dir='ltr'><strong>comiter</strong></span> 
     </span>
    </p>
   </div>
   <div class='ocr_carea' id='block_1_115' title="bbox 2185 5498 3768 5580">
    <p class='ocr_par' dir='ltr' id='par_1_115' title="bbox 2185 5498 3768 5580">
     <span class='ocr_line' id='line_1_115' title="bbox 2185 5498 3768 5580; baseline -0.01 -12"><span class='ocrx_word' id='word_1_767' title='bbox 2185 5510 2510 5580; x_wconf 85' lang='lat' dir='ltr'><strong>excipiebat,</strong></span> <span class='ocrx_word' id='word_1_768' title='bbox 2541 5517 2658 5563; x_wconf 90' lang='lat' dir='ltr'><strong>erat</strong></span> <span class='ocrx_word' id='word_1_769' title='bbox 2687 5507 2833 5563; x_wconf 90' lang='lat' dir='ltr'><strong>enim</strong></span> <span class='ocrx_word' id='word_1_770' title='bbox 2869 5521 3174 5578; x_wconf 86' lang='lat' dir='ltr'><strong>congressu</strong></span> <span class='ocrx_word' id='word_1_771' title='bbox 3227 5504 3504 5559; x_wconf 87' lang='lat' dir='ltr'><strong>humanus</strong></span> <span class='ocrx_word' id='word_1_772' title='bbox 3555 5502 3600 5554; x_wconf 87' lang='lat' dir='ltr'><strong>si</strong></span> <span class='ocrx_word' id='word_1_773' title='bbox 3642 5498 3768 5567; x_wconf 88' lang='lat' dir='ltr'><strong>quis</strong></span> 
     </span>
    </p>
   </div>
   <div class='ocr_carea' id='block_1_116' title="bbox 2187 5589 3766 5658">
    <p class='ocr_par' dir='ltr' id='par_1_116' title="bbox 2187 5589 3766 5658">
     <span class='ocr_line' id='line_1_116' title="bbox 2187 5589 3766 5658; baseline -0.01 0"><span class='ocrx_word' id='word_1_774' title='bbox 2187 5603 2350 5658; x_wconf 89' lang='lat' dir='ltr'><strong>alius.</strong></span> <span class='ocrx_word' id='word_1_775' title='bbox 2410 5599 2614 5656; x_wconf 90' lang='lat' dir='ltr'><strong>Omnes</strong></span> <span class='ocrx_word' id='word_1_776' title='bbox 2670 5599 2751 5654; x_wconf 89' lang='lat' dir='ltr'><strong>illi</strong></span> <span class='ocrx_word' id='word_1_777' title='bbox 2813 5606 2996 5654; x_wconf 88' lang='lat' dir='ltr'><strong>autem</strong></span> <span class='ocrx_word' id='word_1_778' title='bbox 3054 5605 3185 5651; x_wconf 92' lang='lat' dir='ltr'><strong>tunc</strong></span> <span class='ocrx_word' id='word_1_779' title='bbox 3221 5593 3416 5649; x_wconf 86' lang='lat' dir='ltr'><strong>armati</strong></span> <span class='ocrx_word' id='word_1_780' title='bbox 3465 5599 3520 5646; x_wconf 91' lang='lat' dir='ltr'><strong>et</strong></span> <span class='ocrx_word' id='word_1_781' title='bbox 3580 5589 3766 5658; x_wconf 84' lang='lat' dir='ltr'><strong>pransi</strong></span> 
     </span>
    </p>
   </div>
   <div class='ocr_carea' id='block_1_117' title="bbox 2189 5677 3765 5766">
    <p class='ocr_par' dir='ltr' id='par_1_117' title="bbox 2189 5677 3765 5766">
     <span class='ocr_line' id='line_1_117' title="bbox 2189 5677 3765 5766; baseline -0.01 -16"><span class='ocrx_word' id='word_1_782' title='bbox 2189 5693 2363 5766; x_wconf 86' lang='lat' dir='ltr'><strong>parati</strong></span> <span class='ocrx_word' id='word_1_783' title='bbox 2398 5691 2463 5746; x_wconf 87' lang='lat' dir='ltr'><strong>ad</strong></span> <span class='ocrx_word' id='word_1_784' title='bbox 2492 5707 2606 5746; x_wconf 90' lang='lat' dir='ltr'><strong>rem</strong></span> <span class='ocrx_word' id='word_1_785' title='bbox 2642 5691 2780 5746; x_wconf 87' lang='lat' dir='ltr'><strong>bene</strong></span> <span class='ocrx_word' id='word_1_786' title='bbox 2812 5689 3108 5762; x_wconf 87' lang='lat' dir='ltr'><strong>gerendam</strong></span> <span class='ocrx_word' id='word_1_787' title='bbox 3149 5695 3326 5741; x_wconf 88' lang='lat' dir='ltr'><strong>erant.</strong></span> <span class='ocrx_word' id='word_1_788' title='bbox 3361 5683 3538 5747; x_wconf 86' lang='lat' dir='ltr'><strong>Quare</strong></span> <span class='ocrx_word' id='word_1_789' title='bbox 3563 5677 3765 5734; x_wconf 83' lang='lat' dir='ltr'><strong>Joauni</strong></span> 
     </span>
    </p>
   </div>
   <div class='ocr_carea' id='block_1_118' title="bbox 2192 5773 3765 5856">
    <p class='ocr_par' dir='ltr' id='par_1_118' title="bbox 2192 5773 3765 5856">
     <span class='ocr_line' id='line_1_118' title="bbox 2192 5773 3765 5856; baseline -0.011 -16"><span class='ocrx_word' id='word_1_790' title='bbox 2192 5786 2464 5856; x_wconf 83' lang='lat' dir='ltr'><strong>Bryennio</strong></span> <span class='ocrx_word' id='word_1_791' title='bbox 2505 5799 2852 5854; x_wconf 82' lang='lat' dir='ltr'><strong>nequaquam</strong></span> <span class='ocrx_word' id='word_1_792' title='bbox 2893 5783 3070 5837; x_wconf 92' lang='lat' dir='ltr'><strong>visum</strong></span> <span class='ocrx_word' id='word_1_793' title='bbox 3107 5793 3226 5832; x_wconf 87' lang='lat' dir='ltr'><strong>esse</strong></span> <span class='ocrx_word' id='word_1_794' title='bbox 3253 5773 3617 5830; x_wconf 84' lang='lat' dir='ltr'><strong>cunctandum</strong></span> <span class='ocrx_word' id='word_1_795' title='bbox 3669 5778 3765 5825; x_wconf 87' lang='lat' dir='ltr'><strong>aut</strong></span> 
     </span>
    </p>
   </div>
   <div class='ocr_carea' id='block_1_119' title="bbox 2191 5864 3769 5951">
    <p class='ocr_par' dir='ltr' id='par_1_119' title="bbox 2191 5864 3769 5951">
     <span class='ocr_line' id='line_1_119' title="bbox 2191 5864 3769 5951; baseline -0.011 -14"><span class='ocrx_word' id='word_1_796' title='bbox 2191 5878 2568 5951; x_wconf 65' lang='lat' dir='ltr'><strong>negligentiam</strong></span> <span class='ocrx_word' id='word_1_797' title='bbox 2600 5877 2960 5936; x_wconf 79' lang='lat' dir='ltr'><strong>occasionem.</strong></span> <span class='ocrx_word' id='word_1_798' title='bbox 2995 5873 3138 5928; x_wconf 70' lang='lat' dir='ltr'><strong>Adiit</strong></span> <span class='ocrx_word' id='word_1_799' title='bbox 3167 5886 3298 5940; x_wconf 81' lang='lat' dir='ltr'><strong>ergo</strong></span> <span class='ocrx_word' id='word_1_800' title='bbox 3329 5867 3551 5923; x_wconf 83' lang='lat' dir='ltr'><strong>fratrem</strong></span> <span class='ocrx_word' id='word_1_801' title='bbox 3585 5864 3769 5922; x_wconf 78' lang='lat' dir='ltr'><strong>ferens</strong></span> 
     </span>
    </p>
   </div>
  </div>
