  <div class='ocr_page' id='page_1' title='image "/cluster/home/n/w/nwhite01/storage/ocr_20150623/127/coo.31924054870328/085.png"; bbox 0 0 4154 6432; ppageno 0'>
   <div class='ocr_carea' id='block_1_1' title="bbox 470 380 580 453">
    <p class='ocr_par' dir='ltr' id='par_1_1' title="bbox 470 380 580 453">
     <span class='ocr_line' id='line_1_1' title="bbox 470 380 580 453; baseline 0.027 -3"><span class='ocrx_word' id='word_1_1' title='bbox 470 380 580 453; x_wconf 73' lang='grc' dir='ltr'><strong>ιῦὗ</strong></span> 
     </span>
    </p>
   </div>
   <div class='ocr_carea' id='block_1_2' title="bbox 1675 391 2508 456">
    <p class='ocr_par' dir='ltr' id='par_1_2' title="bbox 1675 391 2508 456">
     <span class='ocr_line' id='line_1_2' title="bbox 1675 391 2508 456; baseline 0.005 -4"><span class='ocrx_word' id='word_1_2' title='bbox 1675 391 2095 454; x_wconf 80' lang='lat' dir='ltr'><strong>NICEPHORI</strong></span> <span class='ocrx_word' id='word_1_3' title='bbox 2137 392 2508 456; x_wconf 73' lang='lat' dir='ltr'><strong>DRYENNII</strong></span> 
     </span>
    </p>
   </div>
   <div class='ocr_carea' id='block_1_3' title="bbox 3639 394 3742 466">
    <p class='ocr_par' dir='ltr' id='par_1_3' title="bbox 3639 394 3742 466">
     <span class='ocr_line' id='line_1_3' title="bbox 3639 394 3742 466; baseline 0.019 -2"><span class='ocrx_word' id='word_1_4' title='bbox 3639 394 3742 466; x_wconf 80' lang='grc'><strong>156</strong></span> 
     </span>
    </p>
   </div>
   <div class='ocr_carea' id='block_1_4' title="bbox 465 505 2030 585">
    <p class='ocr_par' dir='ltr' id='par_1_4' title="bbox 465 505 2030 581">
     <span class='ocr_line' id='line_1_4' title="bbox 465 505 2030 581; baseline 0.003 -21"><span class='ocrx_word' id='word_1_5' title='bbox 465 521 657 568; x_wconf 68' lang='lat' dir='ltr'><strong>secum</strong></span> <span class='ocrx_word' id='word_1_6' title='bbox 702 505 938 576; x_wconf 69' lang='lat' dir='ltr'><strong>insignia</strong></span> <span class='ocrx_word' id='word_1_7' title='bbox 963 507 1200 576; x_wconf 87' lang='lat' dir='ltr'><strong>imperii,</strong></span> <span class='ocrx_word' id='word_1_8' title='bbox 1240 507 1580 580; x_wconf 85' lang='lat' dir='ltr'><strong>induercque</strong></span> <span class='ocrx_word' id='word_1_9' title='bbox 1617 509 1707 564; x_wconf 88' lang='lat' dir='ltr'><strong>illa</strong></span> <span class='ocrx_word' id='word_1_10' title='bbox 1744 512 1920 581; x_wconf 83' lang='lat' dir='ltr'><strong>ipsum</strong></span> <span class='ocrx_word' id='word_1_11' title='bbox 1954 527 2030 564; x_wconf 88' lang='lat' dir='ltr'><strong>ur-</strong></span> 
     </span>
    </p>
   </div>
   <div class='ocr_carea' id='block_1_5' title="bbox 2134 505 3740 585">
    <p class='ocr_par' dir='ltr' id='par_1_5' title="bbox 2157 511 3740 585">
     <span class='ocr_line' id='line_1_5' title="bbox 2157 511 3740 585; baseline 0.006 -25"><span class='ocrx_word' id='word_1_12' title='bbox 2157 511 2438 579; x_wconf 73' lang='grc' dir='ltr'>ἠνάγκαζε</span> <span class='ocrx_word' id='word_1_13' title='bbox 2467 512 2560 566; x_wconf 68' lang='grc' dir='ltr'>τὸν</span> <span class='ocrx_word' id='word_1_14' title='bbox 2591 512 2822 582; x_wconf 79' lang='grc' dir='ltr'>ἀδελφὸν</span> <span class='ocrx_word' id='word_1_15' title='bbox 2851 513 3024 568; x_wconf 72' lang='grc' dir='ltr'>ταῦτα</span> <span class='ocrx_word' id='word_1_16' title='bbox 3049 511 3463 585; x_wconf 74' lang='grc' dir='ltr'>περιϐαλέσθαι.</span> <span class='ocrx_word' id='word_1_17' title='bbox 3495 512 3740 570; x_wconf 81' lang='grc' dir='ltr'>Ἐκείνου</span> 
     </span>
    </p>
   </div>
   <div class='ocr_carea' id='block_1_6' title="bbox 467 599 2052 669">
    <p class='ocr_par' dir='ltr' id='par_1_6' title="bbox 467 599 2052 669">
     <span class='ocr_line' id='line_1_6' title="bbox 467 599 2052 669; baseline 0 -12"><span class='ocrx_word' id='word_1_18' title='bbox 467 601 651 669; x_wconf 66' lang='lat' dir='ltr'><strong>gebat.</strong></span> <span class='ocrx_word' id='word_1_19' title='bbox 704 599 841 655; x_wconf 81' lang='lat' dir='ltr'><strong>Cum</strong></span> <span class='ocrx_word' id='word_1_20' title='bbox 876 612 1056 656; x_wconf 89' lang='lat' dir='ltr'><strong>autem</strong></span> <span class='ocrx_word' id='word_1_21' title='bbox 1089 601 1270 657; x_wconf 83' lang='lat' dir='ltr'><strong>adhuc</strong></span> <span class='ocrx_word' id='word_1_22' title='bbox 1293 603 1385 658; x_wconf 93' lang='lat' dir='ltr'><strong>ille</strong></span> <span class='ocrx_word' id='word_1_23' title='bbox 1434 603 1797 660; x_wconf 78' lang='lat' dir='ltr'><strong>frustraretur</strong></span> <span class='ocrx_word' id='word_1_24' title='bbox 1831 613 1885 659; x_wconf 89' lang='lat' dir='ltr'><strong>et</strong></span> <span class='ocrx_word' id='word_1_25' title='bbox 1914 615 2052 658; x_wconf 85' lang='lat' dir='ltr'><strong>tem-</strong></span> 
     </span>
    </p>
   </div>
   <div class='ocr_carea' id='block_1_7' title="bbox 467 691 2052 764">
    <p class='ocr_par' dir='ltr' id='par_1_7' title="bbox 467 691 2052 764">
     <span class='ocr_line' id='line_1_7' title="bbox 467 691 2052 764; baseline 0.002 -19"><span class='ocrx_word' id='word_1_26' title='bbox 467 706 574 761; x_wconf 80' lang='lat' dir='ltr'><strong>pus</strong></span> <span class='ocrx_word' id='word_1_27' title='bbox 606 692 675 745; x_wconf 89' lang='lat' dir='ltr'><strong>ad</strong></span> <span class='ocrx_word' id='word_1_28' title='bbox 707 691 1118 746; x_wconf 87' lang='lat' dir='ltr'><strong>deliberandum</strong></span> <span class='ocrx_word' id='word_1_29' title='bbox 1173 702 1446 762; x_wconf 84' lang='lat' dir='ltr'><strong>posceret,</strong></span> <span class='ocrx_word' id='word_1_30' title='bbox 1504 695 1776 764; x_wconf 74' lang='lat' dir='ltr'><strong>persuasit</strong></span> <span class='ocrx_word' id='word_1_31' title='bbox 1810 693 2052 748; x_wconf 85' lang='lat' dir='ltr'><strong>Joannes</strong></span> 
     </span>
    </p>
   </div>
   <div class='ocr_carea' id='block_1_8' title="bbox 467 781 2053 856">
    <p class='ocr_par' dir='ltr' id='par_1_8' title="bbox 467 781 2053 856">
     <span class='ocr_line' id='line_1_8' title="bbox 467 781 2053 856; baseline 0.001 -18"><span class='ocrx_word' id='word_1_32' title='bbox 467 781 685 838; x_wconf 89' lang='lat' dir='ltr'><strong>cunctis</strong></span> <span class='ocrx_word' id='word_1_33' title='bbox 712 781 978 838; x_wconf 89' lang='lat' dir='ltr'><strong>militibus</strong></span> <span class='ocrx_word' id='word_1_34' title='bbox 1003 794 1060 839; x_wconf 91' lang='lat' dir='ltr'><strong>et</strong></span> <span class='ocrx_word' id='word_1_35' title='bbox 1083 785 1339 851; x_wconf 86' lang='lat' dir='ltr'><strong>ducibus,</strong></span> <span class='ocrx_word' id='word_1_36' title='bbox 1381 796 1442 842; x_wconf 91' lang='lat' dir='ltr'><strong>ut</strong></span> <span class='ocrx_word' id='word_1_37' title='bbox 1466 803 1574 856; x_wconf 91' lang='lat' dir='ltr'><strong>qua</strong></span> <span class='ocrx_word' id='word_1_38' title='bbox 1601 789 1834 856; x_wconf 87' lang='lat' dir='ltr'><strong>quisque</strong></span> <span class='ocrx_word' id='word_1_39' title='bbox 1869 797 2053 856; x_wconf 82' lang='lat' dir='ltr'><strong>posset</strong></span> 
     </span>
    </p>
   </div>
   <div class='ocr_carea' id='block_1_9' title="bbox 468 868 2052 942">
    <p class='ocr_par' dir='ltr' id='par_1_9' title="bbox 468 868 2052 942">
     <span class='ocr_line' id='line_1_9' title="bbox 468 868 2052 942; baseline 0.006 -19"><span class='ocrx_word' id='word_1_40' title='bbox 468 868 623 924; x_wconf 89' lang='lat' dir='ltr'><strong>illum</strong></span> <span class='ocrx_word' id='word_1_41' title='bbox 647 870 988 938; x_wconf 86' lang='lat' dir='ltr'><strong>impellerent</strong></span> <span class='ocrx_word' id='word_1_42' title='bbox 1005 881 1057 926; x_wconf 88' lang='lat' dir='ltr'><strong>et</strong></span> <span class='ocrx_word' id='word_1_43' title='bbox 1079 883 1338 942; x_wconf 76' lang='lat' dir='ltr'><strong>cogerent</strong></span> <span class='ocrx_word' id='word_1_44' title='bbox 1357 876 1422 930; x_wconf 87' lang='lat' dir='ltr'><strong>ad</strong></span> <span class='ocrx_word' id='word_1_45' title='bbox 1446 879 1873 932; x_wconf 84' lang='lat' dir='ltr'><strong>assentiendum.</strong></span> <span class='ocrx_word' id='word_1_46' title='bbox 1912 877 2052 933; x_wconf 75' lang='lat' dir='ltr'><strong>Vicit</strong></span> 
     </span>
    </p>
   </div>
   <div class='ocr_carea' id='block_1_10' title="bbox 466 963 2046 1040">
    <p class='ocr_par' dir='ltr' id='par_1_10' title="bbox 466 963 2046 1040">
     <span class='ocr_line' id='line_1_10' title="bbox 466 963 2046 1040; baseline 0.005 -22"><span class='ocrx_word' id='word_1_47' title='bbox 466 963 648 1019; x_wconf 87' lang='lat' dir='ltr'><strong>adhuc</strong></span> <span class='ocrx_word' id='word_1_48' title='bbox 677 973 858 1018; x_wconf 87' lang='lat' dir='ltr'><strong>tamen</strong></span> <span class='ocrx_word' id='word_1_49' title='bbox 895 964 995 1018; x_wconf 82' lang='lat' dir='ltr'><strong>viri</strong></span> <span class='ocrx_word' id='word_1_50' title='bbox 1026 968 1336 1022; x_wconf 80' lang='lat' dir='ltr'><strong>constantia</strong></span> <span class='ocrx_word' id='word_1_51' title='bbox 1371 976 1480 1022; x_wconf 90' lang='lat' dir='ltr'><strong>tam</strong></span> <span class='ocrx_word' id='word_1_52' title='bbox 1513 970 1750 1023; x_wconf 83' lang='lat' dir='ltr'><strong>vividum</strong></span> <span class='ocrx_word' id='word_1_53' title='bbox 1785 971 2046 1040; x_wconf 88' lang='lat' dir='ltr'><strong>impetum</strong></span> 
     </span>
    </p>
   </div>
   <div class='ocr_carea' id='block_1_11' title="bbox 424 1030 2045 1130">
    <p class='ocr_par' dir='ltr' id='par_1_11' title="bbox 424 1030 2045 1130">
     <span class='ocr_line' id='line_1_11' title="bbox 424 1030 2045 1130; baseline 0.005 -22"><span class='ocrx_word' id='word_1_54' title='bbox 424 1030 434 1062; x_wconf 39' lang='lat'><strong>&#39;1</strong></span> <span class='ocrx_word' id='word_1_55' title='bbox 465 1054 816 1118; x_wconf 75' lang='lat' dir='ltr'><strong>instantium,</strong></span> <span class='ocrx_word' id='word_1_56' title='bbox 845 1056 1196 1125; x_wconf 82' lang='lat' dir='ltr'><strong>obtinuitque</strong></span> <span class='ocrx_word' id='word_1_57' title='bbox 1229 1075 1437 1114; x_wconf 88' lang='lat' dir='ltr'><strong>moram</strong></span> <span class='ocrx_word' id='word_1_58' title='bbox 1473 1062 1525 1114; x_wconf 94' lang='lat' dir='ltr'><strong>in</strong></span> <span class='ocrx_word' id='word_1_59' title='bbox 1559 1061 1702 1116; x_wconf 87' lang='lat' dir='ltr'><strong>diem</strong></span> <span class='ocrx_word' id='word_1_60' title='bbox 1741 1074 2045 1130; x_wconf 89' lang='lat' dir='ltr'><strong>posterum,</strong></span> 
     </span>
    </p>
   </div>
   <div class='ocr_carea' id='block_1_12' title="bbox 461 1147 2047 1220">
    <p class='ocr_par' dir='ltr' id='par_1_12' title="bbox 461 1147 2047 1220">
     <span class='ocr_line' id='line_1_12' title="bbox 461 1147 2047 1220; baseline 0.008 -20"><span class='ocrx_word' id='word_1_61' title='bbox 461 1161 598 1214; x_wconf 86' lang='lat' dir='ltr'><strong>quo,</strong></span> <span class='ocrx_word' id='word_1_62' title='bbox 625 1155 686 1201; x_wconf 92' lang='lat' dir='ltr'><strong>ut</strong></span> <span class='ocrx_word' id='word_1_63' title='bbox 704 1147 906 1213; x_wconf 86' lang='lat' dir='ltr'><strong>aiebat,</strong></span> <span class='ocrx_word' id='word_1_64' title='bbox 931 1152 1274 1219; x_wconf 76' lang='lat' dir='ltr'><strong>congregatis</strong></span> <span class='ocrx_word' id='word_1_65' title='bbox 1300 1153 1533 1207; x_wconf 89' lang='lat' dir='ltr'><strong>ducibus</strong></span> <span class='ocrx_word' id='word_1_66' title='bbox 1558 1165 1612 1206; x_wconf 89' lang='lat' dir='ltr'><strong>et</strong></span> <span class='ocrx_word' id='word_1_67' title='bbox 1646 1154 1904 1220; x_wconf 80' lang='lat' dir='ltr'><strong>tribunis,</strong></span> <span class='ocrx_word' id='word_1_68' title='bbox 1931 1156 2047 1211; x_wconf 85' lang='lat' dir='ltr'><strong>dis-</strong></span> 
     </span>
    </p>
   </div>
   <div class='ocr_carea' id='block_1_13' title="bbox 463 1239 2046 1316">
    <p class='ocr_par' dir='ltr' id='par_1_13' title="bbox 463 1239 2046 1316">
     <span class='ocr_line' id='line_1_13' title="bbox 463 1239 2046 1316; baseline 0.007 -23"><span class='ocrx_word' id='word_1_69' title='bbox 463 1239 710 1307; x_wconf 89' lang='lat' dir='ltr'><strong>quireret</strong></span> <span class='ocrx_word' id='word_1_70' title='bbox 743 1242 874 1310; x_wconf 88' lang='lat' dir='ltr'><strong>quid</strong></span> <span class='ocrx_word' id='word_1_71' title='bbox 899 1242 1042 1298; x_wconf 80' lang='lat' dir='ltr'><strong>facto</strong></span> <span class='ocrx_word' id='word_1_72' title='bbox 1070 1255 1214 1299; x_wconf 86' lang='lat' dir='ltr'><strong>esset</strong></span> <span class='ocrx_word' id='word_1_73' title='bbox 1269 1260 1408 1312; x_wconf 92' lang='lat' dir='ltr'><strong>opus</strong></span> <span class='ocrx_word' id='word_1_74' title='bbox 1439 1247 1679 1316; x_wconf 80' lang='lat' dir='ltr'><strong>quidque</strong></span> <span class='ocrx_word' id='word_1_75' title='bbox 1712 1249 1764 1303; x_wconf 87' lang='lat' dir='ltr'><strong>in</strong></span> <span class='ocrx_word' id='word_1_76' title='bbox 1795 1264 2046 1304; x_wconf 87' lang='lat' dir='ltr'><strong>commu-</strong></span> 
     </span>
    </p>
   </div>
   <div class='ocr_carea' id='block_1_14' title="bbox 465 1331 2046 1409">
    <p class='ocr_par' dir='ltr' id='par_1_14' title="bbox 465 1331 2046 1409">
     <span class='ocr_line' id='line_1_14' title="bbox 465 1331 2046 1409; baseline 0.007 -24"><span class='ocrx_word' id='word_1_77' title='bbox 465 1345 535 1386; x_wconf 89' lang='lat' dir='ltr'><strong>ne</strong></span> <span class='ocrx_word' id='word_1_78' title='bbox 562 1332 864 1400; x_wconf 81' lang='lat' dir='ltr'><strong>expediret.</strong></span> <span class='ocrx_word' id='word_1_79' title='bbox 913 1331 978 1388; x_wconf 84' lang='lat' dir='ltr'><strong>Et</strong></span> <span class='ocrx_word' id='word_1_80' title='bbox 1007 1334 1148 1388; x_wconf 88' lang='lat' dir='ltr'><strong>diem</strong></span> <span class='ocrx_word' id='word_1_81' title='bbox 1179 1335 1394 1402; x_wconf 87' lang='lat' dir='ltr'><strong>quidem</strong></span> <span class='ocrx_word' id='word_1_82' title='bbox 1427 1337 1575 1392; x_wconf 84' lang='lat' dir='ltr'><strong>illam</strong></span> <span class='ocrx_word' id='word_1_83' title='bbox 1609 1339 1763 1393; x_wconf 89' lang='lat' dir='ltr'><strong>lucro</strong></span> <span class='ocrx_word' id='word_1_84' title='bbox 1793 1343 2046 1409; x_wconf 86' lang='lat' dir='ltr'><strong>apposuit</strong></span> 
     </span>
    </p>
   </div>
   <div class='ocr_carea' id='block_1_15' title="bbox 463 1424 2046 1501">
    <p class='ocr_par' dir='ltr' id='par_1_15' title="bbox 463 1424 2046 1501">
     <span class='ocr_line' id='line_1_15' title="bbox 463 1424 2046 1501; baseline 0.006 -24"><span class='ocrx_word' id='word_1_85' title='bbox 463 1424 757 1494; x_wconf 81' lang='lat' dir='ltr'><strong>consopita</strong></span> <span class='ocrx_word' id='word_1_86' title='bbox 787 1425 1004 1480; x_wconf 88' lang='lat' dir='ltr'><strong>interim</strong></span> <span class='ocrx_word' id='word_1_87' title='bbox 1063 1428 1216 1496; x_wconf 76' lang='grc' dir='ltr'>ιιι</span> <span class='ocrx_word' id='word_1_88' title='bbox 1258 1428 1444 1484; x_wconf 82' lang='lat' dir='ltr'><strong>fratris</strong></span> <span class='ocrx_word' id='word_1_89' title='bbox 1485 1438 1544 1485; x_wconf 86' lang='lat' dir='ltr'><strong>et</strong></span> <span class='ocrx_word' id='word_1_90' title='bbox 1597 1431 1904 1501; x_wconf 83' lang='lat' dir='ltr'><strong>principum</strong></span> <span class='ocrx_word' id='word_1_91' title='bbox 1940 1435 2046 1486; x_wconf 85' lang='lat' dir='ltr'><strong>im-</strong></span> 
     </span>
    </p>
   </div>
   <div class='ocr_carea' id='block_1_16' title="bbox 460 1514 2045 1594">
    <p class='ocr_par' dir='ltr' id='par_1_16' title="bbox 460 1514 2045 1594">
     <span class='ocr_line' id='line_1_16' title="bbox 460 1514 2045 1594; baseline 0.006 -25"><span class='ocrx_word' id='word_1_92' title='bbox 460 1523 615 1584; x_wconf 82' lang='lat' dir='ltr'><strong>petu.</strong></span> <span class='ocrx_word' id='word_1_93' title='bbox 642 1514 920 1571; x_wconf 70' lang='lat' dir='ltr'><strong>Caeterum</strong></span> <span class='ocrx_word' id='word_1_94' title='bbox 954 1517 1158 1587; x_wconf 85' lang='lat' dir='ltr'><strong>aliquid</strong></span> <span class='ocrx_word' id='word_1_95' title='bbox 1190 1521 1456 1587; x_wconf 82' lang='lat' dir='ltr'><strong>postridie</strong></span> <span class='ocrx_word' id='word_1_96' title='bbox 1484 1523 1714 1592; x_wconf 77' lang='lat' dir='ltr'><strong>contigit</strong></span> <span class='ocrx_word' id='word_1_97' title='bbox 1739 1539 1851 1593; x_wconf 88' lang='lat' dir='ltr'><strong>quo</strong></span> <span class='ocrx_word' id='word_1_98' title='bbox 1886 1525 2045 1594; x_wconf 87' lang='lat' dir='ltr'><strong>plane</strong></span> 
     </span>
    </p>
   </div>
   <div class='ocr_carea' id='block_1_17' title="bbox 461 1600 2044 1676">
    <p class='ocr_par' dir='ltr' id='par_1_17' title="bbox 461 1600 2044 1676">
     <span class='ocr_line' id='line_1_17' title="bbox 461 1600 2044 1676; baseline 0.009 -18"><span class='ocrx_word' id='word_1_99' title='bbox 461 1615 687 1662; x_wconf 86' lang='lat' dir='ltr'><strong>coactus</strong></span> <span class='ocrx_word' id='word_1_100' title='bbox 732 1614 816 1662; x_wconf 83' lang='lat' dir='ltr'><strong>est</strong></span> <span class='ocrx_word' id='word_1_101' title='bbox 879 1610 1237 1676; x_wconf 74' lang='lat' dir='ltr'><strong>quantumvis</strong></span> <span class='ocrx_word' id='word_1_102' title='bbox 1287 1611 1491 1668; x_wconf 72' lang='lat' dir='ltr'><strong>invitus</strong></span> <span class='ocrx_word' id='word_1_103' title='bbox 1538 1600 1804 1670; x_wconf 67' lang='lat' dir='ltr'><strong>voluntati</strong></span> <span class='ocrx_word' id='word_1_104' title='bbox 1851 1631 2044 1673; x_wconf 90' lang='lat' dir='ltr'><strong>eorum</strong></span> 
     </span>
    </p>
   </div>
   <div class='ocr_carea' id='block_1_18' title="bbox 459 1697 830 1766">
    <p class='ocr_par' dir='ltr' id='par_1_18' title="bbox 459 1697 830 1766">
     <span class='ocr_line' id='line_1_18' title="bbox 459 1697 830 1766; baseline 0.005 -16"><span class='ocrx_word' id='word_1_105' title='bbox 459 1697 830 1766; x_wconf 84' lang='lat' dir='ltr'><strong>acquiescere.</strong></span> 
     </span>
    </p>
   </div>
   <div class='ocr_carea' id='block_1_19' title="bbox 530 1788 2042 1866">
    <p class='ocr_par' dir='ltr' id='par_1_19' title="bbox 530 1788 2042 1866">
     <span class='ocr_line' id='line_1_19' title="bbox 530 1788 2042 1866; baseline 0.011 -23"><span class='ocrx_word' id='word_1_106' title='bbox 530 1788 588 1843; x_wconf 88' lang='lat'><strong>9.</strong></span> <span class='ocrx_word' id='word_1_107' title='bbox 623 1788 742 1846; x_wconf 80' lang='lat' dir='ltr'><strong>Hoc</strong></span> <span class='ocrx_word' id='word_1_108' title='bbox 790 1792 900 1848; x_wconf 90' lang='lat' dir='ltr'><strong>tale</strong></span> <span class='ocrx_word' id='word_1_109' title='bbox 948 1793 1208 1861; x_wconf 82' lang='lat' dir='ltr'><strong>quiddam</strong></span> <span class='ocrx_word' id='word_1_110' title='bbox 1266 1794 1386 1851; x_wconf 82' lang='lat' dir='ltr'><strong>fuit.</strong></span> <span class='ocrx_word' id='word_1_111' title='bbox 1425 1795 1759 1856; x_wconf 65' lang='lat' dir='ltr'><strong>Prasidiarii</strong></span> <span class='ocrx_word' id='word_1_112' title='bbox 1799 1801 2042 1866; x_wconf 77' lang='lat' dir='ltr'><strong>civitatis</strong></span> 
     </span>
    </p>
   </div>
   <div class='ocr_carea' id='block_1_20' title="bbox 460 1878 2035 1965">
    <p class='ocr_par' dir='ltr' id='par_1_20' title="bbox 460 1878 2035 1965">
     <span class='ocr_line' id='line_1_20' title="bbox 460 1878 2035 1965; baseline 0.013 -32"><span class='ocrx_word' id='word_1_113' title='bbox 460 1878 848 1952; x_wconf 81' lang='lat' dir='ltr'><strong>Trajanopolis</strong></span> <span class='ocrx_word' id='word_1_114' title='bbox 881 1884 1118 1940; x_wconf 75' lang='lat' dir='ltr'><strong>ofﬁcium</strong></span> <span class='ocrx_word' id='word_1_115' title='bbox 1147 1896 1200 1942; x_wconf 89' lang='lat' dir='ltr'><strong>et</strong></span> <span class='ocrx_word' id='word_1_116' title='bbox 1227 1889 1386 1944; x_wconf 77' lang='lat' dir='ltr'><strong>[idem</strong></span> <span class='ocrx_word' id='word_1_117' title='bbox 1429 1902 1686 1958; x_wconf 73' lang='lat' dir='ltr'><strong>praestare</strong></span> <span class='ocrx_word' id='word_1_118' title='bbox 1725 1895 2035 1965; x_wconf 67' lang='lat' dir='ltr'><strong>imperatori</strong></span> 
     </span>
    </p>
   </div>
   <div class='ocr_carea' id='block_1_21' title="bbox 453 1975 2040 2060">
    <p class='ocr_par' dir='ltr' id='par_1_21' title="bbox 453 1975 2040 2060">
     <span class='ocr_line' id='line_1_21' title="bbox 453 1975 2040 2060; baseline 0.012 -35"><span class='ocrx_word' id='word_1_119' title='bbox 453 1975 745 2039; x_wconf 81' lang='lat' dir='ltr'><strong>cupientes</strong></span> <span class='ocrx_word' id='word_1_120' title='bbox 793 1987 977 2044; x_wconf 88' lang='lat' dir='ltr'><strong>portas</strong></span> <span class='ocrx_word' id='word_1_121' title='bbox 1033 1979 1185 2035; x_wconf 84' lang='lat' dir='ltr'><strong>urbis</strong></span> <span class='ocrx_word' id='word_1_122' title='bbox 1239 1983 1559 2039; x_wconf 87' lang='lat' dir='ltr'><strong>clauserunt</strong></span> <span class='ocrx_word' id='word_1_123' title='bbox 1613 1985 2040 2060; x_wconf 80' lang='lat' dir='ltr'><strong>insederuntqne</strong></span> 
     </span>
    </p>
   </div>
   <div class='ocr_carea' id='block_1_22' title="bbox 457 2068 2036 2148">
    <p class='ocr_par' dir='ltr' id='par_1_22' title="bbox 457 2068 2036 2148">
     <span class='ocr_line' id='line_1_22' title="bbox 457 2068 2036 2148; baseline 0.015 -31"><span class='ocrx_word' id='word_1_124' title='bbox 457 2079 744 2120; x_wconf 80' lang='lat' dir='ltr'><strong>murorum</strong></span> <span class='ocrx_word' id='word_1_125' title='bbox 775 2068 972 2138; x_wconf 82' lang='lat' dir='ltr'><strong>pinnas</strong></span> <span class='ocrx_word' id='word_1_126' title='bbox 1013 2081 1274 2142; x_wconf 86' lang='lat' dir='ltr'><strong>tauquam</strong></span> <span class='ocrx_word' id='word_1_127' title='bbox 1312 2081 1707 2148; x_wconf 79' lang='lat' dir='ltr'><strong>propugnaturi</strong></span> <span class='ocrx_word' id='word_1_128' title='bbox 1737 2081 2036 2141; x_wconf 83' lang='lat' dir='ltr'><strong>civitatem.</strong></span> 
     </span>
    </p>
   </div>
   <div class='ocr_carea' id='block_1_23' title="bbox 454 2152 2038 2242">
    <p class='ocr_par' dir='ltr' id='par_1_23' title="bbox 454 2152 2038 2242">
     <span class='ocr_line' id='line_1_23' title="bbox 454 2152 2038 2242; baseline 0.015 -34"><span class='ocrx_word' id='word_1_129' title='bbox 454 2152 575 2211; x_wconf 73' lang='lat' dir='ltr'><strong>Hoc</strong></span> <span class='ocrx_word' id='word_1_130' title='bbox 604 2157 796 2214; x_wconf 88' lang='lat' dir='ltr'><strong>audito</strong></span> <span class='ocrx_word' id='word_1_131' title='bbox 837 2162 1003 2222; x_wconf 80' lang='lat' dir='ltr'><strong>multi</strong></span> <span class='ocrx_word' id='word_1_132' title='bbox 1038 2178 1069 2218; x_wconf 89' lang='lat' dir='ltr'><strong>e</strong></span> <span class='ocrx_word' id='word_1_133' title='bbox 1103 2166 1370 2222; x_wconf 83' lang='lat' dir='ltr'><strong>militibus</strong></span> <span class='ocrx_word' id='word_1_134' title='bbox 1419 2169 1670 2242; x_wconf 87' lang='lat' dir='ltr'><strong>Bryennii</strong></span> <span class='ocrx_word' id='word_1_135' title='bbox 1721 2174 1906 2230; x_wconf 86' lang='lat' dir='ltr'><strong>studio</strong></span> <span class='ocrx_word' id='word_1_136' title='bbox 1955 2178 2038 2231; x_wconf 76' lang='lat' dir='ltr'><strong>vi-</strong></span> 
     </span>
    </p>
   </div>
   <div class='ocr_carea' id='block_1_24' title="bbox 451 2245 2034 2338">
    <p class='ocr_par' dir='ltr' id='par_1_24' title="bbox 451 2245 2034 2338">
     <span class='ocr_line' id='line_1_24' title="bbox 451 2245 2034 2338; baseline 0.016 -39"><span class='ocrx_word' id='word_1_137' title='bbox 451 2245 611 2300; x_wconf 73' lang='lat' dir='ltr'><strong>sendi</strong></span> <span class='ocrx_word' id='word_1_138' title='bbox 642 2262 757 2303; x_wconf 87' lang='lat' dir='ltr'><strong>rem</strong></span> <span class='ocrx_word' id='word_1_139' title='bbox 791 2265 988 2306; x_wconf 77' lang='lat' dir='ltr'><strong>novam</strong></span> <span class='ocrx_word' id='word_1_140' title='bbox 1026 2253 1260 2312; x_wconf 86' lang='lat' dir='ltr'><strong>inermes</strong></span> <span class='ocrx_word' id='word_1_141' title='bbox 1289 2274 1666 2318; x_wconf 70' lang='lat' dir='ltr'><strong>accurrerunt.</strong></span> <span class='ocrx_word' id='word_1_142' title='bbox 1697 2264 2034 2338; x_wconf 65' lang='lat' dir='ltr'><strong>Traiano-po-</strong></span> 
     </span>
    </p>
   </div>
   <div class='ocr_carea' id='block_1_25' title="bbox 456 2334 2038 2431">
    <p class='ocr_par' dir='ltr' id='par_1_25' title="bbox 456 2334 2038 2431">
     <span class='ocr_line' id='line_1_25' title="bbox 456 2334 2038 2431; baseline 0.016 -39"><span class='ocrx_word' id='word_1_143' title='bbox 456 2334 611 2394; x_wconf 88' lang='lat' dir='ltr'><strong>litani</strong></span> <span class='ocrx_word' id='word_1_144' title='bbox 639 2356 770 2397; x_wconf 82' lang='lat' dir='ltr'><strong>vero</strong></span> <span class='ocrx_word' id='word_1_145' title='bbox 795 2344 998 2402; x_wconf 92' lang='lat' dir='ltr'><strong>milites</strong></span> <span class='ocrx_word' id='word_1_146' title='bbox 1034 2348 1087 2402; x_wconf 91' lang='lat' dir='ltr'><strong>in</strong></span> <span class='ocrx_word' id='word_1_147' title='bbox 1121 2351 1202 2405; x_wconf 84' lang='lat' dir='ltr'><strong>sic</strong></span> <span class='ocrx_word' id='word_1_148' title='bbox 1232 2354 1558 2412; x_wconf 74' lang='lat' dir='ltr'><strong>accedentes</strong></span> <span class='ocrx_word' id='word_1_149' title='bbox 1591 2360 1838 2415; x_wconf 75' lang='lat' dir='ltr'><strong>convicia</strong></span> <span class='ocrx_word' id='word_1_150' title='bbox 1866 2362 2038 2431; x_wconf 89' lang='lat' dir='ltr'><strong>jacie-</strong></span> 
     </span>
    </p>
   </div>
   <div class='ocr_carea' id='block_1_26' title="bbox 449 2431 2036 2519">
    <p class='ocr_par' dir='ltr' id='par_1_26' title="bbox 449 2431 2036 2519">
     <span class='ocr_line' id='line_1_26' title="bbox 449 2431 2036 2519; baseline 0.016 -36"><span class='ocrx_word' id='word_1_151' title='bbox 449 2431 589 2486; x_wconf 78' lang='lat' dir='ltr'><strong>bant</strong></span> <span class='ocrx_word' id='word_1_152' title='bbox 618 2431 992 2490; x_wconf 77' lang='lat' dir='ltr'><strong>inﬁdelitatem</strong></span> <span class='ocrx_word' id='word_1_153' title='bbox 1029 2440 1393 2511; x_wconf 78' lang='lat' dir='ltr'><strong>increpantes.</strong></span> <span class='ocrx_word' id='word_1_154' title='bbox 1425 2447 1750 2519; x_wconf 83' lang='lat' dir='ltr'><strong>Bryenuiaui</strong></span> <span class='ocrx_word' id='word_1_155' title='bbox 1786 2468 1948 2519; x_wconf 86' lang='lat' dir='ltr'><strong>porro</strong></span> <span class='ocrx_word' id='word_1_156' title='bbox 1981 2464 2036 2509; x_wconf 87' lang='lat' dir='ltr'><strong>et</strong></span> 
     </span>
    </p>
   </div>
   <div class='ocr_carea' id='block_1_27' title="bbox 451 2521 2032 2608">
    <p class='ocr_par' dir='ltr' id='par_1_27' title="bbox 451 2521 2032 2608">
     <span class='ocr_line' id='line_1_27' title="bbox 451 2521 2032 2608; baseline 0.015 -32"><span class='ocrx_word' id='word_1_157' title='bbox 451 2521 560 2591; x_wconf 82' lang='lat' dir='ltr'><strong>ipsi</strong></span> <span class='ocrx_word' id='word_1_158' title='bbox 615 2527 1024 2595; x_wconf 73' lang='lat' dir='ltr'><strong>exprobrabant</strong></span> <span class='ocrx_word' id='word_1_159' title='bbox 1072 2532 1323 2600; x_wconf 87' lang='lat' dir='ltr'><strong>inclusis,</strong></span> <span class='ocrx_word' id='word_1_160' title='bbox 1372 2550 1428 2592; x_wconf 85' lang='lat' dir='ltr'><strong>et</strong></span> <span class='ocrx_word' id='word_1_161' title='bbox 1491 2551 1616 2608; x_wconf 86' lang='lat' dir='ltr'><strong>post</strong></span> <span class='ocrx_word' id='word_1_162' title='bbox 1675 2545 1841 2596; x_wconf 70' lang='lat' dir='ltr'><strong>verba</strong></span> <span class='ocrx_word' id='word_1_163' title='bbox 1900 2563 2032 2601; x_wconf 79' lang='lat' dir='ltr'><strong>saxa</strong></span> 
     </span>
    </p>
   </div>
   <div class='ocr_carea' id='block_1_28' title="bbox 453 2613 2034 2698">
    <p class='ocr_par' dir='ltr' id='par_1_28' title="bbox 453 2613 2034 2698">
     <span class='ocr_line' id='line_1_28' title="bbox 453 2613 2034 2698; baseline 0.018 -33"><span class='ocrx_word' id='word_1_164' title='bbox 453 2613 736 2684; x_wconf 84' lang='lat' dir='ltr'><strong>utrimque</strong></span> <span class='ocrx_word' id='word_1_165' title='bbox 779 2618 1139 2677; x_wconf 87' lang='lat' dir='ltr'><strong>mittebantur</strong></span> <span class='ocrx_word' id='word_1_166' title='bbox 1181 2643 1194 2680; x_wconf 94' lang='lat'><strong>:</strong></span> <span class='ocrx_word' id='word_1_167' title='bbox 1244 2627 1436 2698; x_wconf 90' lang='lat' dir='ltr'><strong>sicque</strong></span> <span class='ocrx_word' id='word_1_168' title='bbox 1468 2633 1670 2687; x_wconf 89' lang='lat' dir='ltr'><strong>bellum</strong></span> <span class='ocrx_word' id='word_1_169' title='bbox 1705 2637 2034 2693; x_wconf 75' lang='lat' dir='ltr'><strong>velitationi-</strong></span> 
     </span>
    </p>
   </div>
   <div class='ocr_carea' id='block_1_29' title="bbox 455 2701 2030 2792">
    <p class='ocr_par' dir='ltr' id='par_1_29' title="bbox 455 2701 2030 2792">
     <span class='ocr_line' id='line_1_29' title="bbox 455 2701 2030 2792; baseline 0.02 -38"><span class='ocrx_word' id='word_1_170' title='bbox 455 2701 558 2758; x_wconf 91' lang='lat' dir='ltr'><strong>bus</strong></span> <span class='ocrx_word' id='word_1_171' title='bbox 611 2702 910 2762; x_wconf 77' lang='lat' dir='ltr'><strong>fundarum</strong></span> <span class='ocrx_word' id='word_1_172' title='bbox 964 2711 1346 2772; x_wconf 88' lang='lat' dir='ltr'><strong>inchoabatur.</strong></span> <span class='ocrx_word' id='word_1_173' title='bbox 1400 2719 1514 2776; x_wconf 84' lang='lat' dir='ltr'><strong>Hoc</strong></span> <span class='ocrx_word' id='word_1_174' title='bbox 1562 2738 1693 2792; x_wconf 80' lang='lat' dir='ltr'><strong>ergo</strong></span> <span class='ocrx_word' id='word_1_175' title='bbox 1746 2727 1799 2780; x_wconf 92' lang='lat' dir='ltr'><strong>in</strong></span> <span class='ocrx_word' id='word_1_176' title='bbox 1850 2739 2030 2786; x_wconf 86' lang='lat' dir='ltr'><strong>castra</strong></span> 
     </span>
    </p>
   </div>
   <div class='ocr_carea' id='block_1_30' title="bbox 451 2796 2030 2894">
    <p class='ocr_par' dir='ltr' id='par_1_30' title="bbox 451 2796 2030 2894">
     <span class='ocr_line' id='line_1_30' title="bbox 451 2796 2030 2894; baseline 0.018 -45"><span class='ocrx_word' id='word_1_177' title='bbox 451 2796 702 2854; x_wconf 81' lang='lat' dir='ltr'><strong>nuntiato</strong></span> <span class='ocrx_word' id='word_1_178' title='bbox 745 2815 1149 2862; x_wconf 87' lang='lat' dir='ltr'><strong>concurrerunt</strong></span> <span class='ocrx_word' id='word_1_179' title='bbox 1197 2811 1410 2879; x_wconf 84' lang='lat' dir='ltr'><strong>plures,</strong></span> <span class='ocrx_word' id='word_1_180' title='bbox 1460 2831 1700 2885; x_wconf 85' lang='lat' dir='ltr'><strong>quorum</strong></span> <span class='ocrx_word' id='word_1_181' title='bbox 1751 2827 1807 2873; x_wconf 89' lang='lat' dir='ltr'><strong>et</strong></span> <span class='ocrx_word' id='word_1_182' title='bbox 1860 2823 2030 2894; x_wconf 91' lang='lat' dir='ltr'><strong>aliqui</strong></span> 
     </span>
    </p>
   </div>
   <div class='ocr_carea' id='block_1_31' title="bbox 445 2887 2030 2979">
    <p class='ocr_par' dir='ltr' id='par_1_31' title="bbox 445 2887 2030 2979">
     <span class='ocr_line' id='line_1_31' title="bbox 445 2887 2030 2979; baseline 0.018 -38"><span class='ocrx_word' id='word_1_183' title='bbox 445 2887 629 2945; x_wconf 84' lang='lat' dir='ltr'><strong>scalas</strong></span> <span class='ocrx_word' id='word_1_184' title='bbox 685 2895 1086 2963; x_wconf 78' lang='lat' dir='ltr'><strong>expedierunt,</strong></span> <span class='ocrx_word' id='word_1_185' title='bbox 1143 2909 1402 2972; x_wconf 87' lang='lat' dir='ltr'><strong>tanquam</strong></span> <span class='ocrx_word' id='word_1_186' title='bbox 1459 2922 1582 2961; x_wconf 82' lang='lat' dir='ltr'><strong>mox</strong></span> <span class='ocrx_word' id='word_1_187' title='bbox 1621 2915 1928 2979; x_wconf 76' lang='lat' dir='ltr'><strong>aggressuri</strong></span> <span class='ocrx_word' id='word_1_188' title='bbox 1979 2915 2030 2968; x_wconf 82' lang='lat' dir='ltr'><strong>vi</strong></span> 
     </span>
    </p>
   </div>
   <div class='ocr_carea' id='block_1_32' title="bbox 445 2983 2029 3070">
    <p class='ocr_par' dir='ltr' id='par_1_32' title="bbox 445 2983 2029 3070">
     <span class='ocr_line' id='line_1_32' title="bbox 445 2983 2029 3070; baseline 0.016 -36"><span class='ocrx_word' id='word_1_189' title='bbox 445 2990 638 3045; x_wconf 76' lang='lat' dir='ltr'><strong>aperta</strong></span> <span class='ocrx_word' id='word_1_190' title='bbox 671 2983 949 3042; x_wconf 87' lang='lat' dir='ltr'><strong>civitatem</strong></span> <span class='ocrx_word' id='word_1_191' title='bbox 977 2999 1034 3044; x_wconf 89' lang='lat' dir='ltr'><strong>et</strong></span> <span class='ocrx_word' id='word_1_192' title='bbox 1068 2993 1241 3058; x_wconf 85' lang='lat' dir='ltr'><strong>primo</strong></span> <span class='ocrx_word' id='word_1_193' title='bbox 1267 2997 1508 3053; x_wconf 85' lang='lat' dir='ltr'><strong>clamore</strong></span> <span class='ocrx_word' id='word_1_194' title='bbox 1541 3014 1598 3053; x_wconf 86' lang='lat' dir='ltr'><strong>se</strong></span> <span class='ocrx_word' id='word_1_195' title='bbox 1628 3012 1885 3070; x_wconf 80' lang='lat' dir='ltr'><strong>capturos</strong></span> <span class='ocrx_word' id='word_1_196' title='bbox 1922 3008 2029 3059; x_wconf 90' lang='lat' dir='ltr'><strong>mi-</strong></span> 
     </span>
    </p>
   </div>
   <div class='ocr_carea' id='block_1_33' title="bbox 446 3072 2031 3162">
    <p class='ocr_par' dir='ltr' id='par_1_33' title="bbox 446 3072 2031 3162">
     <span class='ocr_line' id='line_1_33' title="bbox 446 3072 2031 3162; baseline 0.014 -37"><span class='ocrx_word' id='word_1_197' title='bbox 446 3081 662 3128; x_wconf 83' lang='lat' dir='ltr'><strong>nantes.</strong></span> <span class='ocrx_word' id='word_1_198' title='bbox 709 3072 822 3130; x_wconf 86' lang='lat' dir='ltr'><strong>Hoe</strong></span> <span class='ocrx_word' id='word_1_199' title='bbox 869 3079 1104 3134; x_wconf 90' lang='lat' dir='ltr'><strong>tumultu</strong></span> <span class='ocrx_word' id='word_1_200' title='bbox 1147 3084 1212 3136; x_wconf 88' lang='lat' dir='ltr'><strong>ad</strong></span> <span class='ocrx_word' id='word_1_201' title='bbox 1251 3082 1577 3154; x_wconf 83' lang='lat' dir='ltr'><strong>Bryenniutn</strong></span> <span class='ocrx_word' id='word_1_202' title='bbox 1607 3091 1835 3156; x_wconf 86' lang='lat' dir='ltr'><strong>perlato,</strong></span> <span class='ocrx_word' id='word_1_203' title='bbox 1869 3108 2031 3162; x_wconf 71' lang='lat' dir='ltr'><strong>grave</strong></span> 
     </span>
    </p>
   </div>
   <div class='ocr_carea' id='block_1_34' title="bbox 2153 604 3740 676">
    <p class='ocr_par' dir='ltr' id='par_1_34' title="bbox 2153 604 3740 676">
     <span class='ocr_line' id='line_1_34' title="bbox 2153 604 3740 676; baseline 0.001 -18"><span class='ocrx_word' id='word_1_204' title='bbox 2153 605 2209 658; x_wconf 82' lang='grc' dir='ltr'><strong>δὲ</strong></span> <span class='ocrx_word' id='word_1_205' title='bbox 2236 604 2602 674; x_wconf 79' lang='grc' dir='ltr'>ἁναδυομένου</span> <span class='ocrx_word' id='word_1_206' title='bbox 2643 607 2738 659; x_wconf 79' lang='grc' dir='ltr'>καὶ</span> <span class='ocrx_word' id='word_1_207' title='bbox 2794 606 3102 675; x_wconf 77' lang='grc' dir='ltr'><strong>σκέψασθαι</strong></span> <span class='ocrx_word' id='word_1_208' title='bbox 3131 607 3262 676; x_wconf 79' lang='grc' dir='ltr'><strong>περὶ</strong></span> <span class='ocrx_word' id='word_1_209' title='bbox 3287 605 3480 658; x_wconf 85' lang='grc' dir='ltr'>τούτου</span> <span class='ocrx_word' id='word_1_210' title='bbox 3508 606 3740 676; x_wconf 70' lang='grc' dir='ltr'>ζητοῦν-</span> 
     </span>
    </p>
   </div>
   <div class='ocr_carea' id='block_1_35' title="bbox 2153 693 3742 768">
    <p class='ocr_par' dir='ltr' id='par_1_35' title="bbox 2153 693 3742 768">
     <span class='ocr_line' id='line_1_35' title="bbox 2153 693 3742 768; baseline 0.002 -19"><span class='ocrx_word' id='word_1_211' title='bbox 2153 715 2262 758; x_wconf 80' lang='grc' dir='ltr'>τος,</span> <span class='ocrx_word' id='word_1_212' title='bbox 2293 697 2454 758; x_wconf 79' lang='grc' dir='ltr'>αὐτὸς</span> <span class='ocrx_word' id='word_1_213' title='bbox 2473 697 2724 751; x_wconf 79' lang='grc' dir='ltr'><strong>ἀνέπειθε</strong></span> <span class='ocrx_word' id='word_1_214' title='bbox 2758 699 2966 761; x_wconf 79' lang='grc' dir='ltr'><strong>πάντας</strong></span> <span class='ocrx_word' id='word_1_215' title='bbox 2983 700 3031 751; x_wconf 77' lang='grc' dir='ltr'>εἰ</span> <span class='ocrx_word' id='word_1_216' title='bbox 3064 693 3174 752; x_wconf 79' lang='grc' dir='ltr'>οἷόν</span> <span class='ocrx_word' id='word_1_217' title='bbox 3198 715 3256 751; x_wconf 85' lang='grc' dir='ltr'><strong>τε</strong></span> <span class='ocrx_word' id='word_1_218' title='bbox 3284 699 3376 751; x_wconf 74' lang='grc' dir='ltr'><strong>τὸν</strong></span> <span class='ocrx_word' id='word_1_219' title='bbox 3410 698 3580 768; x_wconf 82' lang='grc' dir='ltr'>ἄνδρα</span> <span class='ocrx_word' id='word_1_220' title='bbox 3623 699 3742 768; x_wconf 73' lang='grc' dir='ltr'><strong>βιά-</strong></span> 
     </span>
    </p>
   </div>
   <div class='ocr_carea' id='block_1_36' title="bbox 2153 789 3738 860">
    <p class='ocr_par' dir='ltr' id='par_1_36' title="bbox 2153 789 3738 860">
     <span class='ocr_line' id='line_1_36' title="bbox 2153 789 3738 860; baseline 0.004 -22"><span class='ocrx_word' id='word_1_221' title='bbox 2153 789 2372 840; x_wconf 85' lang='grc' dir='ltr'>σασθαι.</span> <span class='ocrx_word' id='word_1_222' title='bbox 2412 789 2599 842; x_wconf 77' lang='grc' dir='ltr'>Ἐνίκα</span> <span class='ocrx_word' id='word_1_223' title='bbox 2637 789 2692 841; x_wconf 81' lang='grc' dir='ltr'>δὲ</span> <span class='ocrx_word' id='word_1_224' title='bbox 2739 790 2889 857; x_wconf 84' lang='grc' dir='ltr'>ὅμως</span> <span class='ocrx_word' id='word_1_225' title='bbox 2930 791 3142 842; x_wconf 82' lang='grc' dir='ltr'>ἐκείνου</span> <span class='ocrx_word' id='word_1_226' title='bbox 3208 791 3270 842; x_wconf 74' lang='grc' dir='ltr'>τὸ</span> <span class='ocrx_word' id='word_1_227' title='bbox 3307 789 3582 860; x_wconf 75' lang='grc' dir='ltr'>σταθηρδν</span> <span class='ocrx_word' id='word_1_228' title='bbox 3637 792 3738 859; x_wconf 82' lang='grc' dir='ltr'>τῆς</span> 
     </span>
    </p>
   </div>
   <div class='ocr_carea' id='block_1_37' title="bbox 2152 877 3744 951">
    <p class='ocr_par' dir='ltr' id='par_1_37' title="bbox 2152 877 3744 951">
     <span class='ocr_line' id='line_1_37' title="bbox 2152 877 3744 951; baseline 0.004 -24"><span class='ocrx_word' id='word_1_229' title='bbox 2152 877 2374 945; x_wconf 71' lang='grc' dir='ltr'>γνώμης</span> <span class='ocrx_word' id='word_1_230' title='bbox 2404 894 2416 907; x_wconf 88' lang='grc'><strong>·</strong></span> <span class='ocrx_word' id='word_1_231' title='bbox 2471 879 2807 946; x_wconf 70' lang='grc' dir='ltr'>ἀπεφαίνετο</span> <span class='ocrx_word' id='word_1_232' title='bbox 2857 881 2965 950; x_wconf 82' lang='grc' dir='ltr'>γὰρ</span> <span class='ocrx_word' id='word_1_233' title='bbox 3015 882 3072 942; x_wconf 79' lang='grc' dir='ltr'><strong>ἐς</strong></span> <span class='ocrx_word' id='word_1_234' title='bbox 3127 881 3302 932; x_wconf 82' lang='grc' dir='ltr'>νέωτα</span> <span class='ocrx_word' id='word_1_235' title='bbox 3359 880 3744 951; x_wconf 72' lang='grc' dir='ltr'>συναθροίζειν</span> 
     </span>
    </p>
   </div>
   <div class='ocr_carea' id='block_1_38' title="bbox 2152 967 3736 1042">
    <p class='ocr_par' dir='ltr' id='par_1_38' title="bbox 2152 967 3736 1042">
     <span class='ocr_line' id='line_1_38' title="bbox 2152 967 3736 1042; baseline 0.004 -24"><span class='ocrx_word' id='word_1_236' title='bbox 2152 967 2416 1035; x_wconf 68' lang='grc' dir='ltr'>ἄρχοντάς</span> <span class='ocrx_word' id='word_1_237' title='bbox 2473 985 2530 1020; x_wconf 86' lang='grc' dir='ltr'><strong>τε</strong></span> <span class='ocrx_word' id='word_1_238' title='bbox 2574 971 2668 1022; x_wconf 76' lang='grc' dir='ltr'>καὶ</span> <span class='ocrx_word' id='word_1_239' title='bbox 2729 971 3071 1042; x_wconf 77' lang='grc' dir='ltr'>στρατηγοὺς</span> <span class='ocrx_word' id='word_1_240' title='bbox 3103 970 3223 1040; x_wconf 78' lang='grc' dir='ltr'>ἃμα</span> <span class='ocrx_word' id='word_1_241' title='bbox 3282 971 3377 1023; x_wconf 72' lang='grc' dir='ltr'>καὶ</span> <span class='ocrx_word' id='word_1_242' title='bbox 3432 971 3736 1040; x_wconf 73' lang='grc' dir='ltr'>λοχαγοὺς,</span> 
     </span>
    </p>
   </div>
   <div class='ocr_carea' id='block_1_39' title="bbox 2151 1057 3734 1132">
    <p class='ocr_par' dir='ltr' id='par_1_39' title="bbox 2151 1057 3734 1132">
     <span class='ocr_line' id='line_1_39' title="bbox 2151 1057 3734 1132; baseline 0.003 -22"><span class='ocrx_word' id='word_1_243' title='bbox 2151 1057 2234 1129; x_wconf 73' lang='grc' dir='ltr'>[ιι.</span> <span class='ocrx_word' id='word_1_244' title='bbox 2272 1057 2363 1129; x_wconf 59' lang='grc' dir='ltr'>7η</span> <span class='ocrx_word' id='word_1_245' title='bbox 2404 1061 2496 1112; x_wconf 79' lang='grc' dir='ltr'><strong>καὶ</strong></span> <span class='ocrx_word' id='word_1_246' title='bbox 2526 1061 2721 1130; x_wconf 78' lang='grc' dir='ltr'>βουλὴν</span> <span class='ocrx_word' id='word_1_247' title='bbox 2783 1061 3107 1130; x_wconf 75' lang='grc' dir='ltr'><strong>προθεῖναι,</strong></span> <span class='ocrx_word' id='word_1_248' title='bbox 3152 1064 3242 1115; x_wconf 70' lang='grc' dir='ltr'>καὶ</span> <span class='ocrx_word' id='word_1_249' title='bbox 3284 1063 3520 1132; x_wconf 80' lang='grc' dir='ltr'>ζητῆσαι</span> <span class='ocrx_word' id='word_1_250' title='bbox 3579 1065 3734 1132; x_wconf 79' lang='grc' dir='ltr'>κοινῇ</span> 
     </span>
    </p>
   </div>
   <div class='ocr_carea' id='block_1_40' title="bbox 2149 1153 3734 1224">
    <p class='ocr_par' dir='ltr' id='par_1_40' title="bbox 2149 1153 3734 1224">
     <span class='ocr_line' id='line_1_40' title="bbox 2149 1153 3734 1224; baseline 0.002 -21"><span class='ocrx_word' id='word_1_251' title='bbox 2149 1153 2209 1204; x_wconf 82' lang='grc' dir='ltr'><strong>τὸ</strong></span> <span class='ocrx_word' id='word_1_252' title='bbox 2244 1154 2377 1205; x_wconf 76' lang='grc' dir='ltr'>πᾶσι</span> <span class='ocrx_word' id='word_1_253' title='bbox 2405 1154 2706 1223; x_wconf 73' lang='grc' dir='ltr'><strong>συμφέρον.</strong></span> <span class='ocrx_word' id='word_1_254' title='bbox 2735 1153 2892 1224; x_wconf 78' lang='grc' dir='ltr'>κατά</span> <span class='ocrx_word' id='word_1_255' title='bbox 2927 1154 3028 1222; x_wconf 85' lang='grc' dir='ltr'>μὲν</span> <span class='ocrx_word' id='word_1_256' title='bbox 3059 1155 3232 1224; x_wconf 77' lang='grc' dir='ltr'>αὐτὴν</span> <span class='ocrx_word' id='word_1_257' title='bbox 3263 1154 3477 1223; x_wconf 76' lang='grc' dir='ltr'>ἡμέραν</span> <span class='ocrx_word' id='word_1_258' title='bbox 3514 1153 3734 1223; x_wconf 79' lang='grc' dir='ltr'>ἐκείνην</span> 
     </span>
    </p>
   </div>
   <div class='ocr_carea' id='block_1_41' title="bbox 2149 1244 3734 1318">
    <p class='ocr_par' dir='ltr' id='par_1_41' title="bbox 2149 1244 3734 1318">
     <span class='ocr_line' id='line_1_41' title="bbox 2149 1244 3734 1318; baseline -0.004 -16"><span class='ocrx_word' id='word_1_259' title='bbox 2149 1247 2210 1302; x_wconf 81' lang='grc' dir='ltr'><strong>οὓ</strong></span> <span class='ocrx_word' id='word_1_260' title='bbox 2223 1266 2294 1301; x_wconf 88' lang='grc' dir='ltr'><strong>τω</strong></span> <span class='ocrx_word' id='word_1_261' title='bbox 2324 1247 2625 1300; x_wconf 85' lang='grc' dir='ltr'>κατεύνασε</span> <span class='ocrx_word' id='word_1_262' title='bbox 2653 1246 2751 1318; x_wconf 82' lang='grc' dir='ltr'>τὴν</span> <span class='ocrx_word' id='word_1_263' title='bbox 2778 1247 2872 1300; x_wconf 78' lang='grc' dir='ltr'><strong>τοῦ</strong></span> <span class='ocrx_word' id='word_1_264' title='bbox 2901 1246 3134 1313; x_wconf 78' lang='grc' dir='ltr'>ἀδελφοῦ</span> <span class='ocrx_word' id='word_1_265' title='bbox 3167 1262 3225 1299; x_wconf 81' lang='grc' dir='ltr'><strong>τε</strong></span> <span class='ocrx_word' id='word_1_266' title='bbox 3267 1247 3361 1299; x_wconf 71' lang='grc' dir='ltr'><strong>καὶ</strong></span> <span class='ocrx_word' id='word_1_267' title='bbox 3391 1246 3498 1297; x_wconf 88' lang='grc' dir='ltr'><strong>τῶν</strong></span> <span class='ocrx_word' id='word_1_268' title='bbox 3531 1244 3734 1315; x_wconf 73' lang='grc' dir='ltr'>ἀρχόν-</span> 
     </span>
    </p>
   </div>
   <div class='ocr_carea' id='block_1_42' title="bbox 2147 1337 3729 1410">
    <p class='ocr_par' dir='ltr' id='par_1_42' title="bbox 2147 1337 3729 1410">
     <span class='ocr_line' id='line_1_42' title="bbox 2147 1337 3729 1410; baseline -0.003 -17"><span class='ocrx_word' id='word_1_269' title='bbox 2147 1358 2257 1393; x_wconf 83' lang='grc' dir='ltr'><strong>των</strong></span> <span class='ocrx_word' id='word_1_270' title='bbox 2277 1341 2477 1410; x_wconf 74' lang='grc' dir='ltr'>ὁρμήν.</span> <span class='ocrx_word' id='word_1_271' title='bbox 2519 1341 2682 1394; x_wconf 80' lang='grc' dir='ltr'>Ἀλλά</span> <span class='ocrx_word' id='word_1_272' title='bbox 2740 1358 2792 1394; x_wconf 91' lang='grc' dir='ltr'><strong>τι</strong></span> <span class='ocrx_word' id='word_1_273' title='bbox 2849 1340 3128 1410; x_wconf 79' lang='grc' dir='ltr'>ξυμπεσὸν</span> <span class='ocrx_word' id='word_1_274' title='bbox 3187 1340 3378 1392; x_wconf 76' lang='grc' dir='ltr'>ἔπεισε</span> <span class='ocrx_word' id='word_1_275' title='bbox 3432 1337 3622 1391; x_wconf 83' lang='grc' dir='ltr'>τοῦτον</span> <span class='ocrx_word' id='word_1_276' title='bbox 3657 1339 3729 1407; x_wconf 80' lang='grc' dir='ltr'>τῇ</span> 
     </span>
    </p>
   </div>
   <div class='ocr_carea' id='block_1_43' title="bbox 2149 1427 3730 1506">
    <p class='ocr_par' dir='ltr' id='par_1_43' title="bbox 2149 1427 3730 1506">
     <span class='ocr_line' id='line_1_43' title="bbox 2149 1427 3730 1506; baseline -0.005 -20"><span class='ocrx_word' id='word_1_277' title='bbox 2149 1433 2389 1506; x_wconf 78' lang='grc' dir='ltr'>ἐπιούσῃ</span> <span class='ocrx_word' id='word_1_278' title='bbox 2442 1433 2536 1488; x_wconf 71' lang='grc' dir='ltr'>καὶ</span> <span class='ocrx_word' id='word_1_279' title='bbox 2595 1435 2801 1489; x_wconf 73' lang='grc' dir='ltr'>ἄκοντα</span> <span class='ocrx_word' id='word_1_280' title='bbox 2863 1431 3087 1497; x_wconf 80' lang='grc' dir='ltr'>ὑπεῖξαι</span> <span class='ocrx_word' id='word_1_281' title='bbox 3142 1430 3221 1501; x_wconf 82' lang='grc' dir='ltr'>τῷ</span> <span class='ocrx_word' id='word_1_282' title='bbox 3291 1428 3496 1484; x_wconf 86' lang='grc' dir='ltr'>τούτων</span> <span class='ocrx_word' id='word_1_283' title='bbox 3571 1427 3730 1499; x_wconf 71' lang='grc' dir='ltr'>θελή-</span> 
     </span>
    </p>
   </div>
   <div class='ocr_carea' id='block_1_44' title="bbox 2147 1543 2304 1598">
    <p class='ocr_par' dir='ltr' id='par_1_44' title="bbox 2147 1543 2304 1598">
     <span class='ocr_line' id='line_1_44' title="bbox 2147 1543 2304 1598; baseline 0.013 -18"><span class='ocrx_word' id='word_1_284' title='bbox 2147 1543 2304 1598; x_wconf 76' lang='grc' dir='ltr'>ματι.</span> 
     </span>
    </p>
   </div>
   <div class='ocr_carea' id='block_1_45' title="bbox 2218 1782 3732 1862">
    <p class='ocr_par' dir='ltr' id='par_1_45' title="bbox 2218 1782 3732 1862">
     <span class='ocr_line' id='line_1_45' title="bbox 2218 1782 3732 1862; baseline -0.008 -14"><span class='ocrx_word' id='word_1_285' title='bbox 2218 1793 2282 1848; x_wconf 82' lang='grc' dir='ltr'><strong>θ’.</strong></span> <span class='ocrx_word' id='word_1_286' title='bbox 2319 1793 2430 1862; x_wconf 73' lang='grc' dir='ltr'>Τῆς</span> <span class='ocrx_word' id='word_1_287' title='bbox 2453 1790 2561 1861; x_wconf 77' lang='grc' dir='ltr'>γὰρ</span> <span class='ocrx_word' id='word_1_288' title='bbox 2593 1787 3084 1860; x_wconf 80' lang='grc' dir='ltr'>Τραῖανουπὸλεως</span> <span class='ocrx_word' id='word_1_289' title='bbox 3130 1782 3732 1854; x_wconf 77' lang='grc' dir='ltr'><strong>στρατοπεδευσάμενοι</strong></span> 
     </span>
    </p>
   </div>
   <div class='ocr_carea' id='block_1_46' title="bbox 2144 1875 3733 1953">
    <p class='ocr_par' dir='ltr' id='par_1_46' title="bbox 2144 1875 3733 1953">
     <span class='ocr_line' id='line_1_46' title="bbox 2144 1875 3733 1953; baseline -0.009 -13"><span class='ocrx_word' id='word_1_290' title='bbox 2144 1885 2358 1940; x_wconf 82' lang='grc' dir='ltr'>εὔνοιαν</span> <span class='ocrx_word' id='word_1_291' title='bbox 2421 1881 2655 1952; x_wconf 73' lang='grc' dir='ltr'>φυλάξαι</span> <span class='ocrx_word' id='word_1_292' title='bbox 2712 1881 2849 1953; x_wconf 82' lang='grc' dir='ltr'>πρὸς</span> <span class='ocrx_word' id='word_1_293' title='bbox 2905 1881 2996 1934; x_wconf 81' lang='grc' dir='ltr'><strong>τὸν</strong></span> <span class='ocrx_word' id='word_1_294' title='bbox 3047 1878 3356 1950; x_wconf 77' lang='grc' dir='ltr'>κρατοῦντα</span> <span class='ocrx_word' id='word_1_295' title='bbox 3405 1875 3733 1945; x_wconf 76' lang='grc' dir='ltr'>βουλόμενοι</span> 
     </span>
    </p>
   </div>
   <div class='ocr_carea' id='block_1_47' title="bbox 2144 1964 3726 2044">
    <p class='ocr_par' dir='ltr' id='par_1_47' title="bbox 2144 1964 3726 2044">
     <span class='ocr_line' id='line_1_47' title="bbox 2144 1964 3726 2044; baseline -0.01 -11"><span class='ocrx_word' id='word_1_296' title='bbox 2144 1979 2244 2041; x_wconf 77' lang='grc' dir='ltr'>τὰς</span> <span class='ocrx_word' id='word_1_297' title='bbox 2285 1976 2462 2039; x_wconf 85' lang='grc' dir='ltr'>πύλας</span> <span class='ocrx_word' id='word_1_298' title='bbox 2516 1976 2616 2044; x_wconf 82' lang='grc' dir='ltr'><strong>τῆς</strong></span> <span class='ocrx_word' id='word_1_299' title='bbox 2674 1974 2884 2035; x_wconf 80' lang='grc' dir='ltr'>πόλεως</span> <span class='ocrx_word' id='word_1_300' title='bbox 2931 1971 3331 2026; x_wconf 86' lang='grc' dir='ltr'>ἀπεκλείσαντο</span> <span class='ocrx_word' id='word_1_301' title='bbox 3380 1972 3471 2022; x_wconf 76' lang='grc' dir='ltr'><strong>καὶ</strong></span> <span class='ocrx_word' id='word_1_302' title='bbox 3509 1967 3602 2020; x_wconf 73' lang='grc' dir='ltr'><strong>ἐπὶ</strong></span> <span class='ocrx_word' id='word_1_303' title='bbox 3624 1964 3726 2028; x_wconf 80' lang='grc' dir='ltr'><strong>τάς</strong></span> 
     </span>
    </p>
   </div>
   <div class='ocr_carea' id='block_1_48' title="bbox 2146 2057 3720 2138">
    <p class='ocr_par' dir='ltr' id='par_1_48' title="bbox 2146 2057 3720 2138">
     <span class='ocr_line' id='line_1_48' title="bbox 2146 2057 3720 2138; baseline -0.01 -14"><span class='ocrx_word' id='word_1_304' title='bbox 2146 2069 2403 2134; x_wconf 74' lang='grc' dir='ltr'><strong>ἐπάλξεις</strong></span> <span class='ocrx_word' id='word_1_305' title='bbox 2454 2068 2690 2138; x_wconf 77' lang='grc' dir='ltr'><strong>ἀνῄεσαν</strong></span> <span class='ocrx_word' id='word_1_306' title='bbox 2755 2063 3126 2135; x_wconf 79' lang='grc' dir='ltr'><strong>φρουροῦντες</strong></span> <span class='ocrx_word' id='word_1_307' title='bbox 3193 2061 3357 2131; x_wconf 80' lang='grc' dir='ltr'>δῆθεν</span> <span class='ocrx_word' id='word_1_308' title='bbox 3403 2059 3502 2129; x_wconf 79' lang='grc' dir='ltr'><strong>τὴν</strong></span> <span class='ocrx_word' id='word_1_309' title='bbox 3542 2057 3720 2110; x_wconf 82' lang='grc' dir='ltr'>πόλιν.</span> 
     </span>
    </p>
   </div>
   <div class='ocr_carea' id='block_1_49' title="bbox 2145 2147 3725 2233">
    <p class='ocr_par' dir='ltr' id='par_1_49' title="bbox 2145 2147 3725 2233">
     <span class='ocr_line' id='line_1_49' title="bbox 2145 2147 3725 2233; baseline -0.011 -17"><span class='ocrx_word' id='word_1_310' title='bbox 2145 2162 2448 2233; x_wconf 83' lang='grc' dir='ltr'>Πυθόμενοι</span> <span class='ocrx_word' id='word_1_311' title='bbox 2491 2161 2547 2213; x_wconf 81' lang='grc' dir='ltr'>δὲ</span> <span class='ocrx_word' id='word_1_312' title='bbox 2570 2158 2729 2212; x_wconf 80' lang='grc' dir='ltr'>τοῦτο</span> <span class='ocrx_word' id='word_1_313' title='bbox 2761 2157 2947 2211; x_wconf 79' lang='grc' dir='ltr'>πολλοὶ</span> <span class='ocrx_word' id='word_1_314' title='bbox 2974 2155 3082 2209; x_wconf 89' lang='grc' dir='ltr'><strong>τῶν</strong></span> <span class='ocrx_word' id='word_1_315' title='bbox 3133 2151 3482 2224; x_wconf 79' lang='grc' dir='ltr'>στρατιωτῶν</span> <span class='ocrx_word' id='word_1_316' title='bbox 3509 2147 3725 2214; x_wconf 76' lang='grc' dir='ltr'>ἐξέθεον</span> 
     </span>
    </p>
   </div>
   <div class='ocr_carea' id='block_1_50' title="bbox 2139 2237 3727 2324">
    <p class='ocr_par' dir='ltr' id='par_1_50' title="bbox 2139 2237 3727 2324">
     <span class='ocr_line' id='line_1_50' title="bbox 2139 2237 3727 2324; baseline -0.012 -14"><span class='ocrx_word' id='word_1_317' title='bbox 2139 2258 2219 2319; x_wconf 83' lang='grc' dir='ltr'>ὡς</span> <span class='ocrx_word' id='word_1_318' title='bbox 2256 2256 2392 2324; x_wconf 81' lang='grc' dir='ltr'>πρὸς</span> <span class='ocrx_word' id='word_1_319' title='bbox 2430 2254 2528 2323; x_wconf 81' lang='grc' dir='ltr'>τὴν</span> <span class='ocrx_word' id='word_1_320' title='bbox 2553 2252 2681 2306; x_wconf 82' lang='grc' dir='ltr'>θέαν</span> <span class='ocrx_word' id='word_1_321' title='bbox 2709 2250 2924 2315; x_wconf 71' lang='grc' dir='ltr'>ἄοπλοι,</span> <span class='ocrx_word' id='word_1_322' title='bbox 2954 2250 3006 2302; x_wconf 83' lang='grc' dir='ltr'><strong>οι</strong></span> <span class='ocrx_word' id='word_1_323' title='bbox 3027 2249 3084 2301; x_wconf 76' lang='grc' dir='ltr'>δὲ</span> <span class='ocrx_word' id='word_1_324' title='bbox 3103 2246 3203 2314; x_wconf 80' lang='grc' dir='ltr'><strong>τῆς</strong></span> <span class='ocrx_word' id='word_1_325' title='bbox 3229 2245 3433 2304; x_wconf 76' lang='grc' dir='ltr'>πόλεως</span> <span class='ocrx_word' id='word_1_326' title='bbox 3449 2237 3727 2302; x_wconf 80' lang='grc' dir='ltr'>ὠνείδιζόν</span> 
     </span>
    </p>
   </div>
   <div class='ocr_carea' id='block_1_51' title="bbox 2143 2327 3726 2410">
    <p class='ocr_par' dir='ltr' id='par_1_51' title="bbox 2143 2327 3726 2410">
     <span class='ocr_line' id='line_1_51' title="bbox 2143 2327 3726 2410; baseline -0.012 -8"><span class='ocrx_word' id='word_1_327' title='bbox 2143 2365 2200 2402; x_wconf 85' lang='grc' dir='ltr'><strong>τε</strong></span> <span class='ocrx_word' id='word_1_328' title='bbox 2234 2347 2362 2410; x_wconf 77' lang='grc' dir='ltr'>τοὺς</span> <span class='ocrx_word' id='word_1_329' title='bbox 2393 2345 2648 2406; x_wconf 73' lang='grc' dir='ltr'>ἐπιόντας</span> <span class='ocrx_word' id='word_1_330' title='bbox 2683 2343 2778 2396; x_wconf 71' lang='grc' dir='ltr'>καὶ</span> <span class='ocrx_word' id='word_1_331' title='bbox 2808 2345 2890 2405; x_wconf 77' lang='grc' dir='ltr'><strong>εἰς</strong></span> <span class='ocrx_word' id='word_1_332' title='bbox 2914 2338 3176 2396; x_wconf 78' lang='grc' dir='ltr'>ἀπιστίαν</span> <span class='ocrx_word' id='word_1_333' title='bbox 3211 2335 3598 2397; x_wconf 80' lang='grc' dir='ltr'>ἀπέσκωπτον,</span> <span class='ocrx_word' id='word_1_334' title='bbox 3625 2327 3726 2384; x_wconf 74' lang='grc' dir='ltr'>καὶ</span> 
     </span>
    </p>
   </div>
   <div class='ocr_carea' id='block_1_52' title="bbox 2142 2422 3724 2526">
    <p class='ocr_par' dir='ltr' id='par_1_52' title="bbox 2142 2422 3724 2526">
     <span class='ocr_line' id='line_1_52' title="bbox 2142 2422 3724 2526; baseline -0.013 -33"><span class='ocrx_word' id='word_1_335' title='bbox 2142 2441 2193 2493; x_wconf 78' lang='grc' dir='ltr'>οι</span> <span class='ocrx_word' id='word_1_336' title='bbox 2219 2438 2374 2502; x_wconf 78' lang='grc' dir='ltr'>ἐκτὸς</span> <span class='ocrx_word' id='word_1_337' title='bbox 2399 2435 2797 2519; x_wconf 73' lang='grc' dir='ltr'>ἀντωνείδιζον.</span> <span class='ocrx_word' id='word_1_338' title='bbox 2839 2429 2972 2486; x_wconf 68' lang='grc' dir='ltr'>Εἶτα</span> <span class='ocrx_word' id='word_1_339' title='bbox 3018 2431 3113 2484; x_wconf 69' lang='grc' dir='ltr'>καὶ</span> <span class='ocrx_word' id='word_1_340' title='bbox 3161 2425 3582 2526; x_wconf 44' lang='grc' dir='ltr'>ἀκροὸοέσμοῖς</span> <span class='ocrx_word' id='word_1_341' title='bbox 3607 2422 3724 2526; x_wconf 47' lang='grc' dir='ltr'>τοῖς</span> 
     </span>
    </p>
   </div>
   <div class='ocr_carea' id='block_1_53' title="bbox 2142 2510 3726 2595">
    <p class='ocr_par' dir='ltr' id='par_1_53' title="bbox 2142 2510 3726 2595">
     <span class='ocr_line' id='line_1_53' title="bbox 2142 2510 3726 2595; baseline -0.013 -13"><span class='ocrx_word' id='word_1_342' title='bbox 2142 2528 2229 2583; x_wconf 74' lang='grc' dir='ltr'><strong>διὰ</strong></span> <span class='ocrx_word' id='word_1_343' title='bbox 2258 2527 2552 2595; x_wconf 70' lang='grc' dir='ltr'>σφενδόνης</span> <span class='ocrx_word' id='word_1_344' title='bbox 2575 2510 2695 2577; x_wconf 61' lang='grc' dir='ltr'>κατδ</span> <span class='ocrx_word' id='word_1_345' title='bbox 2729 2522 2978 2592; x_wconf 77' lang='grc' dir='ltr'>ἀλλήλων</span> <span class='ocrx_word' id='word_1_346' title='bbox 3019 2519 3341 2589; x_wconf 80' lang='grc' dir='ltr'>ἐκέχρηντο.</span> <span class='ocrx_word' id='word_1_347' title='bbox 3372 2510 3578 2566; x_wconf 81' lang='grc' dir='ltr'>Τούτου</span> <span class='ocrx_word' id='word_1_348' title='bbox 3611 2511 3726 2563; x_wconf 81' lang='grc' dir='ltr'>τοί·-</span> 
     </span>
    </p>
   </div>
   <div class='ocr_carea' id='block_1_54' title="bbox 2141 2601 3725 2686">
    <p class='ocr_par' dir='ltr' id='par_1_54' title="bbox 2141 2601 3725 2686">
     <span class='ocr_line' id='line_1_54' title="bbox 2141 2601 3725 2686; baseline -0.014 -12"><span class='ocrx_word' id='word_1_349' title='bbox 2141 2638 2237 2674; x_wconf 89' lang='grc' dir='ltr'><strong>νυν</strong></span> <span class='ocrx_word' id='word_1_350' title='bbox 2285 2617 2727 2686; x_wconf 74' lang='grc' dir='ltr'>ἀπαγγελθέντος</span> <span class='ocrx_word' id='word_1_351' title='bbox 2791 2616 2874 2679; x_wconf 76' lang='grc' dir='ltr'><strong>εἰς</strong></span> <span class='ocrx_word' id='word_1_352' title='bbox 2939 2613 3000 2667; x_wconf 72' lang='grc' dir='ltr'>τὸ</span> <span class='ocrx_word' id='word_1_353' title='bbox 3048 2606 3412 2682; x_wconf 86' lang='grc' dir='ltr'>στρατόπεδον</span> <span class='ocrx_word' id='word_1_354' title='bbox 3471 2601 3725 2671; x_wconf 78' lang='grc' dir='ltr'>ξυνέθεον</span> 
     </span>
    </p>
   </div>
   <div class='ocr_carea' id='block_1_55' title="bbox 2142 2694 3725 2795">
    <p class='ocr_par' dir='ltr' id='par_1_55' title="bbox 2142 2694 3725 2795">
     <span class='ocr_line' id='line_1_55' title="bbox 2142 2694 3725 2795; baseline -0.014 -28"><span class='ocrx_word' id='word_1_355' title='bbox 2142 2714 2416 2774; x_wconf 77' lang='grc' dir='ltr'>πλείονεςο</span> <span class='ocrx_word' id='word_1_356' title='bbox 2451 2713 2503 2764; x_wconf 76' lang='grc' dir='ltr'>οἱ</span> <span class='ocrx_word' id='word_1_357' title='bbox 2553 2710 2611 2763; x_wconf 81' lang='grc' dir='ltr'><strong>δὲ</strong></span> <span class='ocrx_word' id='word_1_358' title='bbox 2660 2709 2755 2762; x_wconf 75' lang='grc' dir='ltr'>καὶ</span> <span class='ocrx_word' id='word_1_359' title='bbox 2786 2707 3031 2776; x_wconf 78' lang='grc' dir='ltr'>κλίμακα</span> <span class='ocrx_word' id='word_1_360' title='bbox 3078 2701 3390 2774; x_wconf 75' lang='grc' dir='ltr'>ἐσχεδίαζον</span> <span class='ocrx_word' id='word_1_361' title='bbox 3439 2694 3725 2795; x_wconf 40' lang='grc' dir='ltr'>τὴν-πόλιν</span> 
     </span>
    </p>
   </div>
   <div class='ocr_carea' id='block_1_56' title="bbox 2143 2789 3722 2879">
    <p class='ocr_par' dir='ltr' id='par_1_56' title="bbox 2143 2789 3722 2879">
     <span class='ocr_line' id='line_1_56' title="bbox 2143 2789 3722 2879; baseline -0.016 -17"><span class='ocrx_word' id='word_1_362' title='bbox 2143 2809 2396 2879; x_wconf 80' lang='grc' dir='ltr'>αἱρήσειν</span> <span class='ocrx_word' id='word_1_363' title='bbox 2451 2802 2700 2857; x_wconf 78' lang='grc' dir='ltr'>αὐτοόοεὶ</span> <span class='ocrx_word' id='word_1_364' title='bbox 2757 2797 3133 2862; x_wconf 73' lang='grc' dir='ltr'>ἀπειλοῦντες.</span> <span class='ocrx_word' id='word_1_365' title='bbox 3171 2795 3483 2854; x_wconf 80' lang='grc' dir='ltr'>Φθάσαντος</span> <span class='ocrx_word' id='word_1_366' title='bbox 3518 2789 3576 2843; x_wconf 74' lang='grc' dir='ltr'><strong>δέ</strong></span> <span class='ocrx_word' id='word_1_367' title='bbox 3623 2789 3722 2838; x_wconf 83' lang='grc' dir='ltr'>τοῦ</span> 
     </span>
    </p>
   </div>
   <div class='ocr_carea' id='block_1_57' title="bbox 2139 2881 3722 2992">
    <p class='ocr_par' dir='ltr' id='par_1_57' title="bbox 2139 2881 3722 2992">
     <span class='ocr_line' id='line_1_57' title="bbox 2139 2881 3722 2992; baseline 0.027 -57"><span class='ocrx_word' id='word_1_368' title='bbox 2139 2906 2301 2972; x_wconf 59' lang='grc' dir='ltr'><strong>λόγου</strong></span> <span class='ocrx_word' id='word_1_369' title='bbox 2335 2903 2593 2973; x_wconf 71' lang='grc' dir='ltr'>καὶπρὸς</span> <span class='ocrx_word' id='word_1_370' title='bbox 2623 2899 2715 2954; x_wconf 74' lang='grc' dir='ltr'><strong>τὸν</strong></span> <span class='ocrx_word' id='word_1_371' title='bbox 2759 2899 3050 2971; x_wconf 84' lang='grc' dir='ltr'>Βρυέννιον</span> <span class='ocrx_word' id='word_1_372' title='bbox 3087 2894 3258 2951; x_wconf 79' lang='grc' dir='ltr'>δεινὸν</span> <span class='ocrx_word' id='word_1_373' title='bbox 3293 2891 3429 2992; x_wconf 60' lang='grc' dir='ltr'><strong>ᾧξτο</strong></span> <span class='ocrx_word' id='word_1_374' title='bbox 3471 2889 3519 2941; x_wconf 61' lang='grc' dir='ltr'>εί</span> <span class='ocrx_word' id='word_1_375' title='bbox 3549 2881 3722 2992; x_wconf 53' lang='grc' dir='ltr'><strong>αὐῗξῢ</strong></span> 
     </span>
    </p>
   </div>
   <div class='ocr_carea' id='block_1_58' title="bbox 2144 2973 3724 3068">
    <p class='ocr_par' dir='ltr' id='par_1_58' title="bbox 2144 2973 3724 3068">
     <span class='ocr_line' id='line_1_58' title="bbox 2144 2973 3724 3068; baseline -0.015 -17"><span class='ocrx_word' id='word_1_376' title='bbox 2144 2999 2434 3068; x_wconf 83' lang='grc' dir='ltr'>μέλλοντος</span> <span class='ocrx_word' id='word_1_377' title='bbox 2467 2994 2549 3047; x_wconf 72' lang='grc' dir='ltr'>ἔτι</span> <span class='ocrx_word' id='word_1_378' title='bbox 2584 2995 2676 3046; x_wconf 68' lang='grc' dir='ltr'>καὶ</span> <span class='ocrx_word' id='word_1_379' title='bbox 2719 2990 3086 3060; x_wconf 85' lang='grc' dir='ltr'>ἀναδυομένου</span> <span class='ocrx_word' id='word_1_380' title='bbox 3126 2987 3264 3058; x_wconf 82' lang='grc' dir='ltr'>πρὸς</span> <span class='ocrx_word' id='word_1_381' title='bbox 3302 2983 3398 3053; x_wconf 82' lang='grc' dir='ltr'><strong>τὴν</strong></span> <span class='ocrx_word' id='word_1_382' title='bbox 3429 2973 3724 3068; x_wconf 77' lang='grc' dir='ltr'>τυραννίδα</span> 
     </span>
    </p>
   </div>
   <div class='ocr_carea' id='block_1_59' title="bbox 2139 3065 3725 3161">
    <p class='ocr_par' dir='ltr' id='par_1_59' title="bbox 2139 3065 3725 3161">
     <span class='ocr_line' id='line_1_59' title="bbox 2139 3065 3725 3161; baseline -0.016 -17"><span class='ocrx_word' id='word_1_383' title='bbox 2139 3065 2190 3144; x_wconf 74' lang='grc' dir='ltr'><strong>οἱ</strong></span> <span class='ocrx_word' id='word_1_384' title='bbox 2254 3087 2585 3161; x_wconf 85' lang='grc' dir='ltr'>στρατιῶται</span> <span class='ocrx_word' id='word_1_385' title='bbox 2645 3085 2714 3140; x_wconf 82' lang='grc' dir='ltr'>τὰ</span> <span class='ocrx_word' id='word_1_386' title='bbox 2742 3085 2842 3153; x_wconf 64' lang='grc' dir='ltr'>τῆς</span> <span class='ocrx_word' id='word_1_387' title='bbox 2881 3080 3196 3154; x_wconf 80' lang='grc' dir='ltr'>τυραννίδος</span> <span class='ocrx_word' id='word_1_388' title='bbox 3243 3074 3592 3138; x_wconf 72' lang='grc' dir='ltr'>ἐνδείξονται,</span> <span class='ocrx_word' id='word_1_389' title='bbox 3623 3065 3725 3121; x_wconf 78' lang='grc' dir='ltr'>καὶ</span> 
     </span>
    </p>
   </div>
   <div class='ocr_carea' id='block_1_60' title="bbox 449 3161 2030 3274">
    <p class='ocr_par' dir='ltr' id='par_1_60' title="bbox 449 3161 2029 3236">
     <span class='ocr_line' id='line_1_60' title="bbox 449 3161 2029 3236; baseline 0.014 -21"><span class='ocrx_word' id='word_1_390' title='bbox 449 3161 528 3217; x_wconf 88' lang='lat' dir='ltr'><strong>illi</strong></span> <span class='ocrx_word' id='word_1_391' title='bbox 561 3177 663 3219; x_wconf 89' lang='lat' dir='ltr'><strong>nec</strong></span> <span class='ocrx_word' id='word_1_392' title='bbox 695 3167 1038 3224; x_wconf 84' lang='lat' dir='ltr'><strong>tolerandm</strong></span> <span class='ocrx_word' id='word_1_393' title='bbox 1079 3172 1367 3228; x_wconf 87' lang='lat' dir='ltr'><strong>videbatur</strong></span> <span class='ocrx_word' id='word_1_394' title='bbox 1398 3187 1456 3230; x_wconf 93' lang='lat' dir='ltr'><strong>ut</strong></span> <span class='ocrx_word' id='word_1_395' title='bbox 1483 3192 1541 3230; x_wconf 88' lang='lat' dir='ltr'><strong>se</strong></span> <span class='ocrx_word' id='word_1_396' title='bbox 1571 3181 1752 3234; x_wconf 81' lang='lat' dir='ltr'><strong>adhuc</strong></span> <span class='ocrx_word' id='word_1_397' title='bbox 1779 3182 1849 3236; x_wconf 91' lang='lat' dir='ltr'><strong>de</strong></span> <span class='ocrx_word' id='word_1_398' title='bbox 1876 3161 2029 3236; x_wconf 81' lang='lat' dir='ltr'><strong>sum-</strong></span> 
     </span>
    </p>
   </div>
   <div class='ocr_carea' id='block_1_61' title="bbox 2134 3161 3722 3274">
    <p class='ocr_par' dir='ltr' id='par_1_61' title="bbox 2138 3162 3722 3274">
     <span class='ocr_line' id='line_1_61' title="bbox 2138 3162 3722 3274; baseline -0.013 -38"><span class='ocrx_word' id='word_1_399' title='bbox 2138 3183 2309 3236; x_wconf 83' lang='grc' dir='ltr'>ταῦτα</span> <span class='ocrx_word' id='word_1_400' title='bbox 2340 3183 2418 3245; x_wconf 82' lang='grc' dir='ltr'><strong>εἰς</strong></span> <span class='ocrx_word' id='word_1_401' title='bbox 2442 3179 2594 3233; x_wconf 79' lang='grc' dir='ltr'>πόλιν</span> <span class='ocrx_word' id='word_1_402' title='bbox 2643 3177 2845 3247; x_wconf 70' lang='grc' dir='ltr'>ἄνδρας</span> <span class='ocrx_word' id='word_1_403' title='bbox 2885 3175 3158 3245; x_wconf 76' lang='grc' dir='ltr'>φέρουσαν</span> <span class='ocrx_word' id='word_1_404' title='bbox 3217 3166 3476 3274; x_wconf 54' lang='grc' dir='ltr'>ἀγαθοὺς,</span> <span class='ocrx_word' id='word_1_405' title='bbox 3524 3162 3722 3274; x_wconf 35' lang='lat' dir='ltr'><strong>misit</strong></span> 
     </span>
    </p>
   </div>
   <div class='ocr_carea' id='block_1_62' title="bbox 446 3253 2029 3343">
    <p class='ocr_par' dir='ltr' id='par_1_62' title="bbox 446 3253 2029 3343">
     <span class='ocr_line' id='line_1_62' title="bbox 446 3253 2029 3343; baseline 0.015 -36"><span class='ocrx_word' id='word_1_406' title='bbox 446 3253 632 3321; x_wconf 87' lang='lat' dir='ltr'><strong>ptione</strong></span> <span class='ocrx_word' id='word_1_407' title='bbox 675 3257 888 3328; x_wconf 88' lang='lat' dir='ltr'><strong>imperii</strong></span> <span class='ocrx_word' id='word_1_408' title='bbox 935 3273 1232 3319; x_wconf 80' lang='lat' dir='ltr'><strong>cunctante</strong></span> <span class='ocrx_word' id='word_1_409' title='bbox 1281 3269 1480 3324; x_wconf 84' lang='lat' dir='ltr'><strong>milites</strong></span> <span class='ocrx_word' id='word_1_410' title='bbox 1534 3272 1654 3341; x_wconf 87' lang='lat' dir='ltr'><strong>ejus</strong></span> <span class='ocrx_word' id='word_1_411' title='bbox 1708 3272 1787 3328; x_wconf 88' lang='lat' dir='ltr'><strong>sic</strong></span> <span class='ocrx_word' id='word_1_412' title='bbox 1821 3289 1920 3343; x_wconf 87' lang='lat' dir='ltr'><strong>pro</strong></span> <span class='ocrx_word' id='word_1_413' title='bbox 1962 3289 2029 3331; x_wconf 88' lang='lat' dir='ltr'><strong>eo</strong></span> 
     </span>
    </p>
   </div>
   <div class='ocr_carea' id='block_1_63' title="bbox 448 3351 2027 3430">
    <p class='ocr_par' dir='ltr' id='par_1_63' title="bbox 448 3351 2027 3430">
     <span class='ocr_line' id='line_1_63' title="bbox 448 3351 2027 3430; baseline 0.013 -30"><span class='ocrx_word' id='word_1_414' title='bbox 448 3354 708 3414; x_wconf 85' lang='lat' dir='ltr'><strong>tanquam</strong></span> <span class='ocrx_word' id='word_1_415' title='bbox 739 3351 1069 3420; x_wconf 80' lang='lat' dir='ltr'><strong>imperatore</strong></span> <span class='ocrx_word' id='word_1_416' title='bbox 1094 3356 1375 3413; x_wconf 86' lang='lat' dir='ltr'><strong>declarato</strong></span> <span class='ocrx_word' id='word_1_417' title='bbox 1400 3373 1728 3430; x_wconf 78' lang='lat' dir='ltr'><strong>pugnarent,</strong></span> <span class='ocrx_word' id='word_1_418' title='bbox 1754 3373 1800 3418; x_wconf 88' lang='lat' dir='ltr'><strong>et</strong></span> <span class='ocrx_word' id='word_1_419' title='bbox 1831 3365 1883 3418; x_wconf 93' lang='lat' dir='ltr'><strong>in</strong></span> <span class='ocrx_word' id='word_1_420' title='bbox 1907 3381 2027 3421; x_wconf 87' lang='lat' dir='ltr'><strong>eam</strong></span> 
     </span>
    </p>
   </div>
   <div class='ocr_carea' id='block_1_64' title="bbox 447 3439 2030 3517">
    <p class='ocr_par' dir='ltr' id='par_1_64' title="bbox 447 3439 2030 3517">
     <span class='ocr_line' id='line_1_64' title="bbox 447 3439 2030 3517; baseline 0.015 -25"><span class='ocrx_word' id='word_1_421' title='bbox 447 3439 639 3494; x_wconf 83' lang='lat' dir='ltr'><strong>urbem</strong></span> <span class='ocrx_word' id='word_1_422' title='bbox 669 3455 980 3511; x_wconf 79' lang='lat' dir='ltr'><strong>pugnarent</strong></span> <span class='ocrx_word' id='word_1_423' title='bbox 1005 3465 1131 3517; x_wconf 76' lang='lat' dir='ltr'><strong>qua:</strong></span> <span class='ocrx_word' id='word_1_424' title='bbox 1157 3450 1397 3507; x_wconf 83' lang='lat' dir='ltr'><strong>virorum</strong></span> <span class='ocrx_word' id='word_1_425' title='bbox 1437 3453 1659 3509; x_wconf 84' lang='lat' dir='ltr'><strong>fortium</strong></span> <span class='ocrx_word' id='word_1_426' title='bbox 1691 3456 1920 3513; x_wconf 69' lang='lat' dir='ltr'><strong>faciunda</strong></span> <span class='ocrx_word' id='word_1_427' title='bbox 1945 3468 2030 3516; x_wconf 80' lang='lat' dir='ltr'><strong>est</strong></span> 
     </span>
    </p>
   </div>
   <div class='ocr_carea' id='block_1_65' title="bbox 441 3531 2029 3610">
    <p class='ocr_par' dir='ltr' id='par_1_65' title="bbox 441 3531 2029 3610">
     <span class='ocr_line' id='line_1_65' title="bbox 441 3531 2029 3610; baseline 0.011 -22"><span class='ocrx_word' id='word_1_428' title='bbox 441 3545 511 3588; x_wconf 71' lang='lat' dir='ltr'><strong>ac</strong></span> <span class='ocrx_word' id='word_1_429' title='bbox 545 3531 627 3588; x_wconf 86' lang='lat' dir='ltr'><strong>sic</strong></span> <span class='ocrx_word' id='word_1_430' title='bbox 656 3547 688 3588; x_wconf 84' lang='lat' dir='ltr'><strong>a</strong></span> <span class='ocrx_word' id='word_1_431' title='bbox 724 3535 915 3603; x_wconf 89' lang='lat' dir='ltr'><strong>primis</strong></span> <span class='ocrx_word' id='word_1_432' title='bbox 943 3541 1120 3608; x_wconf 88' lang='lat' dir='ltr'><strong>(quod</strong></span> <span class='ocrx_word' id='word_1_433' title='bbox 1154 3542 1348 3610; x_wconf 87' lang='lat' dir='ltr'><strong>aiunt)</strong></span> <span class='ocrx_word' id='word_1_434' title='bbox 1379 3547 1694 3602; x_wconf 85' lang='lat' dir='ltr'><strong>carceribus</strong></span> <span class='ocrx_word' id='word_1_435' title='bbox 1718 3550 1862 3604; x_wconf 80' lang='lat' dir='ltr'><strong>civili</strong></span> <span class='ocrx_word' id='word_1_436' title='bbox 1897 3566 2029 3606; x_wconf 88' lang='lat' dir='ltr'><strong>san-</strong></span> 
     </span>
    </p>
   </div>
   <div class='ocr_carea' id='block_1_66' title="bbox 445 3623 2026 3714">
    <p class='ocr_par' dir='ltr' id='par_1_66' title="bbox 445 3623 2026 3714">
     <span class='ocr_line' id='line_1_66' title="bbox 445 3623 2026 3714; baseline 0.015 -38"><span class='ocrx_word' id='word_1_437' title='bbox 445 3623 612 3692; x_wconf 67' lang='lat' dir='ltr'><strong>guine</strong></span> <span class='ocrx_word' id='word_1_438' title='bbox 651 3628 993 3685; x_wconf 85' lang='lat' dir='ltr'><strong>macularent</strong></span> <span class='ocrx_word' id='word_1_439' title='bbox 1043 3647 1259 3688; x_wconf 86' lang='lat' dir='ltr'><strong>manus.</strong></span> <span class='ocrx_word' id='word_1_440' title='bbox 1309 3635 1502 3690; x_wconf 84' lang='lat' dir='ltr'><strong>Statim</strong></span> <span class='ocrx_word' id='word_1_441' title='bbox 1552 3638 1716 3711; x_wconf 74' lang='lat' dir='ltr'><strong>igitur</strong></span> <span class='ocrx_word' id='word_1_442' title='bbox 1752 3642 1901 3698; x_wconf 88' lang='lat' dir='ltr'><strong>misit</strong></span> <span class='ocrx_word' id='word_1_443' title='bbox 1933 3644 2026 3714; x_wconf 89' lang='lat' dir='ltr'><strong>qui</strong></span> 
     </span>
    </p>
   </div>
   <div class='ocr_carea' id='block_1_67' title="bbox 445 3713 2028 3793">
    <p class='ocr_par' dir='ltr' id='par_1_67' title="bbox 445 3713 2028 3793">
     <span class='ocr_line' id='line_1_67' title="bbox 445 3713 2028 3793; baseline 0.015 -25"><span class='ocrx_word' id='word_1_444' title='bbox 445 3713 681 3771; x_wconf 81' lang='lat' dir='ltr'><strong>militum</strong></span> <span class='ocrx_word' id='word_1_445' title='bbox 735 3719 971 3789; x_wconf 83' lang='lat' dir='ltr'><strong>impetus</strong></span> <span class='ocrx_word' id='word_1_446' title='bbox 1024 3736 1362 3782; x_wconf 83' lang='lat' dir='ltr'><strong>revocarent.</strong></span> <span class='ocrx_word' id='word_1_447' title='bbox 1415 3728 1564 3785; x_wconf 87' lang='lat' dir='ltr'><strong>Missi</strong></span> <span class='ocrx_word' id='word_1_448' title='bbox 1617 3733 1686 3786; x_wconf 93' lang='lat' dir='ltr'><strong>ad</strong></span> <span class='ocrx_word' id='word_1_449' title='bbox 1736 3734 1839 3790; x_wconf 89' lang='lat' dir='ltr'><strong>hoc</strong></span> <span class='ocrx_word' id='word_1_450' title='bbox 1893 3713 2028 3793; x_wconf 88' lang='lat' dir='ltr'><strong>satis</strong></span> 
     </span>
    </p>
   </div>
   <div class='ocr_carea' id='block_1_68' title="bbox 444 3807 2024 3882">
    <p class='ocr_par' dir='ltr' id='par_1_68' title="bbox 444 3807 2024 3882">
     <span class='ocr_line' id='line_1_68' title="bbox 444 3807 2024 3882; baseline 0.015 -24"><span class='ocrx_word' id='word_1_451' title='bbox 444 3813 661 3862; x_wconf 87' lang='lat' dir='ltr'><strong>mature</strong></span> <span class='ocrx_word' id='word_1_452' title='bbox 709 3807 1025 3868; x_wconf 77' lang='lat' dir='ltr'><strong>adfuerunt.</strong></span> <span class='ocrx_word' id='word_1_453' title='bbox 1073 3816 1208 3871; x_wconf 90' lang='lat' dir='ltr'><strong>Cum</strong></span> <span class='ocrx_word' id='word_1_454' title='bbox 1261 3819 1409 3874; x_wconf 88' lang='lat' dir='ltr'><strong>enim</strong></span> <span class='ocrx_word' id='word_1_455' title='bbox 1457 3833 1740 3879; x_wconf 85' lang='lat' dir='ltr'><strong>certamen</strong></span> <span class='ocrx_word' id='word_1_456' title='bbox 1781 3827 2024 3882; x_wconf 75' lang='lat' dir='ltr'><strong>nonduin</strong></span> 
     </span>
    </p>
   </div>
   <div class='ocr_carea' id='block_1_69' title="bbox 441 3896 2025 3985">
    <p class='ocr_par' dir='ltr' id='par_1_69' title="bbox 441 3896 2025 3985">
     <span class='ocr_line' id='line_1_69' title="bbox 441 3896 2025 3985; baseline 0.018 -35"><span class='ocrx_word' id='word_1_457' title='bbox 441 3896 603 3954; x_wconf 74' lang='lat' dir='ltr'><strong>valde</strong></span> <span class='ocrx_word' id='word_1_458' title='bbox 649 3899 987 3969; x_wconf 70' lang='lat' dir='ltr'><strong>incaluisset,</strong></span> <span class='ocrx_word' id='word_1_459' title='bbox 1035 3923 1412 3974; x_wconf 82' lang='lat' dir='ltr'><strong>represserunt</strong></span> <span class='ocrx_word' id='word_1_460' title='bbox 1453 3926 1693 3973; x_wconf 83' lang='lat' dir='ltr'><strong>ruentes.</strong></span> <span class='ocrx_word' id='word_1_461' title='bbox 1729 3919 1849 3985; x_wconf 86' lang='lat' dir='ltr'><strong>Quo</strong></span> <span class='ocrx_word' id='word_1_462' title='bbox 1883 3921 2025 3978; x_wconf 83' lang='lat' dir='ltr'><strong>facto</strong></span> 
     </span>
    </p>
   </div>
   <div class='ocr_carea' id='block_1_70' title="bbox 443 3989 2025 4079">
    <p class='ocr_par' dir='ltr' id='par_1_70' title="bbox 443 3989 2025 4079">
     <span class='ocr_line' id='line_1_70' title="bbox 443 3989 2025 4079; baseline 0.016 -37"><span class='ocrx_word' id='word_1_463' title='bbox 443 3989 621 4046; x_wconf 74' lang='lat' dir='ltr'><strong>visum</strong></span> <span class='ocrx_word' id='word_1_464' title='bbox 659 3991 1020 4064; x_wconf 79' lang='lat' dir='ltr'><strong>Bryenniauis</strong></span> <span class='ocrx_word' id='word_1_465' title='bbox 1049 4009 1128 4054; x_wconf 83' lang='lat' dir='ltr'><strong>est</strong></span> <span class='ocrx_word' id='word_1_466' title='bbox 1179 4003 1316 4057; x_wconf 87' lang='lat' dir='ltr'><strong>satis</strong></span> <span class='ocrx_word' id='word_1_467' title='bbox 1371 4005 1488 4060; x_wconf 81' lang='lat' dir='ltr'><strong>fore</strong></span> <span class='ocrx_word' id='word_1_468' title='bbox 1533 4007 1578 4061; x_wconf 88' lang='lat' dir='ltr'><strong>si</strong></span> <span class='ocrx_word' id='word_1_469' title='bbox 1619 4023 1788 4079; x_wconf 85' lang='lat' dir='ltr'><strong>prOpe</strong></span> <span class='ocrx_word' id='word_1_470' title='bbox 1837 4027 2025 4068; x_wconf 86' lang='lat' dir='ltr'><strong>muros</strong></span> 
     </span>
    </p>
   </div>
   <div class='ocr_carea' id='block_1_71' title="bbox 437 4080 2026 4162">
    <p class='ocr_par' dir='ltr' id='par_1_71' title="bbox 437 4080 2026 4162">
     <span class='ocr_line' id='line_1_71' title="bbox 437 4080 2026 4162; baseline 0.015 -28"><span class='ocrx_word' id='word_1_471' title='bbox 437 4080 683 4136; x_wconf 75' lang='lat' dir='ltr'><strong>civitatis</strong></span> <span class='ocrx_word' id='word_1_472' title='bbox 714 4084 978 4141; x_wconf 83' lang='lat' dir='ltr'><strong>militares</strong></span> <span class='ocrx_word' id='word_1_473' title='bbox 1025 4092 1272 4145; x_wconf 68' lang='lat' dir='ltr'><strong>excubiae</strong></span> <span class='ocrx_word' id='word_1_474' title='bbox 1312 4105 1671 4162; x_wconf 83' lang='lat' dir='ltr'><strong>ponerentur,</strong></span> <span class='ocrx_word' id='word_1_475' title='bbox 1709 4117 1775 4155; x_wconf 86' lang='lat' dir='ltr'><strong>ne</strong></span> <span class='ocrx_word' id='word_1_476' title='bbox 1804 4102 1851 4155; x_wconf 89' lang='lat' dir='ltr'><strong>si</strong></span> <span class='ocrx_word' id='word_1_477' title='bbox 1885 4101 2026 4160; x_wconf 82' lang='lat' dir='ltr'><strong>forte</strong></span> 
     </span>
    </p>
   </div>
   <div class='ocr_carea' id='block_1_72' title="bbox 442 4182 2025 4261">
    <p class='ocr_par' dir='ltr' id='par_1_72' title="bbox 442 4182 2025 4261">
     <span class='ocr_line' id='line_1_72' title="bbox 442 4182 2025 4261; baseline 0.018 -37"><span class='ocrx_word' id='word_1_478' title='bbox 442 4183 779 4242; x_wconf 81' lang='lat' dir='ltr'><strong>pernoctem</strong></span> <span class='ocrx_word' id='word_1_479' title='bbox 812 4191 1160 4248; x_wconf 86' lang='lat' dir='ltr'><strong>erumperent</strong></span> <span class='ocrx_word' id='word_1_480' title='bbox 1183 4182 1531 4256; x_wconf 80' lang='lat' dir='ltr'><strong>Trajauopoli</strong></span> <span class='ocrx_word' id='word_1_481' title='bbox 1566 4192 1786 4261; x_wconf 88' lang='lat' dir='ltr'><strong>quidam</strong></span> <span class='ocrx_word' id='word_1_482' title='bbox 1821 4197 2025 4251; x_wconf 90' lang='lat' dir='ltr'><strong>tumul-</strong></span> 
     </span>
    </p>
   </div>
   <div class='ocr_carea' id='block_1_73' title="bbox 438 4265 2022 4346">
    <p class='ocr_par' dir='ltr' id='par_1_73' title="bbox 438 4265 2022 4346">
     <span class='ocr_line' id='line_1_73' title="bbox 438 4265 2022 4346; baseline 0.017 -28"><span class='ocrx_word' id='word_1_483' title='bbox 438 4271 555 4318; x_wconf 80' lang='lat' dir='ltr'><strong>tum</strong></span> <span class='ocrx_word' id='word_1_484' title='bbox 583 4265 637 4321; x_wconf 88' lang='lat' dir='ltr'><strong>in</strong></span> <span class='ocrx_word' id='word_1_485' title='bbox 664 4268 868 4323; x_wconf 79' lang='lat' dir='ltr'><strong>castris</strong></span> <span class='ocrx_word' id='word_1_486' title='bbox 901 4271 1130 4326; x_wconf 90' lang='lat' dir='ltr'><strong>cicrent.</strong></span> <span class='ocrx_word' id='word_1_487' title='bbox 1167 4275 1323 4346; x_wconf 78' lang='lat'><strong>112</strong></span> <span class='ocrx_word' id='word_1_488' title='bbox 1355 4277 1466 4334; x_wconf 82' lang='lat' dir='ltr'><strong>Hoc</strong></span> <span class='ocrx_word' id='word_1_489' title='bbox 1494 4281 1614 4337; x_wconf 90' lang='lat' dir='ltr'><strong>loco</strong></span> <span class='ocrx_word' id='word_1_490' title='bbox 1642 4298 1728 4340; x_wconf 87' lang='lat' dir='ltr'><strong>res</strong></span> <span class='ocrx_word' id='word_1_491' title='bbox 1753 4297 1873 4342; x_wconf 88' lang='lat' dir='ltr'><strong>erat</strong></span> <span class='ocrx_word' id='word_1_492' title='bbox 1896 4305 2022 4345; x_wconf 89' lang='lat' dir='ltr'><strong>cum</strong></span> 
     </span>
    </p>
   </div>
   <div class='ocr_carea' id='block_1_74' title="bbox 437 4353 2023 4449">
    <p class='ocr_par' dir='ltr' id='par_1_74' title="bbox 437 4353 2023 4449">
     <span class='ocr_line' id='line_1_74' title="bbox 437 4353 2023 4449; baseline 0.016 -41"><span class='ocrx_word' id='word_1_493' title='bbox 437 4353 730 4427; x_wconf 71' lang='lat' dir='ltr'><strong>Nieephori</strong></span> <span class='ocrx_word' id='word_1_494' title='bbox 758 4360 870 4429; x_wconf 81' lang='lat' dir='ltr'><strong>jam</strong></span> <span class='ocrx_word' id='word_1_495' title='bbox 906 4367 1328 4432; x_wconf 77' lang='lat' dir='ltr'><strong>regnaturientis</strong></span> <span class='ocrx_word' id='word_1_496' title='bbox 1353 4369 1496 4425; x_wconf 77' lang='lat' dir='ltr'><strong>ﬁlius</strong></span> <span class='ocrx_word' id='word_1_497' title='bbox 1528 4375 1794 4441; x_wconf 87' lang='lat' dir='ltr'><strong>patricius</strong></span> <span class='ocrx_word' id='word_1_498' title='bbox 1817 4377 2023 4449; x_wconf 81' lang='lat' dir='ltr'><strong>Bryen-</strong></span> 
     </span>
    </p>
   </div>
   <div class='ocr_carea' id='block_1_75' title="bbox 439 4448 2020 4531">
    <p class='ocr_par' dir='ltr' id='par_1_75' title="bbox 439 4448 2020 4531">
     <span class='ocr_line' id='line_1_75' title="bbox 439 4448 2020 4531; baseline 0.015 -28"><span class='ocrx_word' id='word_1_499' title='bbox 439 4448 566 4505; x_wconf 87' lang='lat' dir='ltr'><strong>nius</strong></span> <span class='ocrx_word' id='word_1_500' title='bbox 595 4450 816 4506; x_wconf 71' lang='lat' dir='ltr'><strong>vix-dum</strong></span> <span class='ocrx_word' id='word_1_501' title='bbox 857 4457 1120 4523; x_wconf 81' lang='lat' dir='ltr'><strong>puerilem</strong></span> <span class='ocrx_word' id='word_1_502' title='bbox 1168 4474 1559 4531; x_wconf 79' lang='lat' dir='ltr'><strong>supergressus</strong></span> <span class='ocrx_word' id='word_1_503' title='bbox 1585 4478 1801 4523; x_wconf 64' lang='lat' dir='ltr'><strong>aetatem</strong></span> <span class='ocrx_word' id='word_1_504' title='bbox 1831 4448 2020 4527; x_wconf 84' lang='lat' dir='ltr'><strong>adole-</strong></span> 
     </span>
    </p>
   </div>
   <div class='ocr_carea' id='block_1_76' title="bbox 2137 3257 3722 3349">
    <p class='ocr_par' dir='ltr' id='par_1_76' title="bbox 2137 3257 3722 3349">
     <span class='ocr_line' id='line_1_76' title="bbox 2137 3257 3722 3349; baseline -0.016 -19"><span class='ocrx_word' id='word_1_505' title='bbox 2137 3276 2383 3349; x_wconf 79' lang='grc' dir='ltr'>πρώτης,</span> <span class='ocrx_word' id='word_1_506' title='bbox 2411 3274 2439 3326; x_wconf 85' lang='grc' dir='ltr'><strong>ὃ</strong></span> <span class='ocrx_word' id='word_1_507' title='bbox 2469 3289 2627 3342; x_wconf 82' lang='grc' dir='ltr'>φασι,</span> <span class='ocrx_word' id='word_1_508' title='bbox 2663 3269 2910 3340; x_wconf 77' lang='grc' dir='ltr'>βαλϐῖδος</span> <span class='ocrx_word' id='word_1_509' title='bbox 2931 3266 3180 3337; x_wconf 77' lang='grc' dir='ltr'><strong>ἐμφυλίῳ</strong></span> <span class='ocrx_word' id='word_1_510' title='bbox 3205 3263 3398 3332; x_wconf 85' lang='grc' dir='ltr'>αἵματι</span> <span class='ocrx_word' id='word_1_511' title='bbox 3416 3259 3512 3320; x_wconf 81' lang='grc' dir='ltr'>τὰς</span> <span class='ocrx_word' id='word_1_512' title='bbox 3530 3257 3722 3349; x_wconf 81' lang='grc' dir='ltr'>χεῖρας</span> 
     </span>
    </p>
   </div>
   <div class='ocr_carea' id='block_1_77' title="bbox 2137 3348 3722 3447">
    <p class='ocr_par' dir='ltr' id='par_1_77' title="bbox 2137 3348 3722 3447">
     <span class='ocr_line' id='line_1_77' title="bbox 2137 3348 3722 3447; baseline -0.015 -26"><span class='ocrx_word' id='word_1_513' title='bbox 2137 3348 2448 3439; x_wconf 81' lang='grc' dir='ltr'>μιανοῦσιν.</span> <span class='ocrx_word' id='word_1_514' title='bbox 2507 3363 2687 3426; x_wconf 78' lang='grc' dir='ltr'>Εὐθὺς</span> <span class='ocrx_word' id='word_1_515' title='bbox 2737 3356 2832 3415; x_wconf 83' lang='grc' dir='ltr'>υῦν</span> <span class='ocrx_word' id='word_1_516' title='bbox 2864 3360 3141 3428; x_wconf 77' lang='grc' dir='ltr'>ἐξέπεμπε</span> <span class='ocrx_word' id='word_1_517' title='bbox 3185 3356 3315 3447; x_wconf 75' lang='grc' dir='ltr'>τοὺς</span> <span class='ocrx_word' id='word_1_518' title='bbox 3354 3348 3722 3447; x_wconf 63' lang='grc' dir='ltr'>ἀπείρξρντας</span> 
     </span>
    </p>
   </div>
   <div class='ocr_carea' id='block_1_78' title="bbox 2130 3439 3719 3532">
    <p class='ocr_par' dir='ltr' id='par_1_78' title="bbox 2130 3439 3719 3532">
     <span class='ocr_line' id='line_1_78' title="bbox 2130 3439 3719 3532; baseline -0.016 -19"><span class='ocrx_word' id='word_1_519' title='bbox 2130 3458 2233 3532; x_wconf 72' lang='grc' dir='ltr'>τὴν</span> <span class='ocrx_word' id='word_1_520' title='bbox 2269 3456 2448 3527; x_wconf 78' lang='grc' dir='ltr'>ὁρμὴν</span> <span class='ocrx_word' id='word_1_521' title='bbox 2495 3454 2604 3508; x_wconf 84' lang='grc' dir='ltr'><strong>τῶν</strong></span> <span class='ocrx_word' id='word_1_522' title='bbox 2628 3449 3000 3522; x_wconf 83' lang='grc' dir='ltr'>στρατιωτῶν,</span> <span class='ocrx_word' id='word_1_523' title='bbox 3035 3447 3084 3502; x_wconf 82' lang='grc' dir='ltr'>οἳ</span> <span class='ocrx_word' id='word_1_524' title='bbox 3134 3446 3440 3516; x_wconf 76' lang='grc' dir='ltr'>φθάσαντες</span> <span class='ocrx_word' id='word_1_525' title='bbox 3483 3439 3588 3511; x_wconf 80' lang='grc' dir='ltr'><strong>πρὸ</strong></span> <span class='ocrx_word' id='word_1_526' title='bbox 3619 3439 3719 3490; x_wconf 82' lang='grc' dir='ltr'>τοῦ</span> 
     </span>
    </p>
   </div>
   <div class='ocr_carea' id='block_1_79' title="bbox 2129 3536 3720 3622">
    <p class='ocr_par' dir='ltr' id='par_1_79' title="bbox 2129 3536 3720 3622">
     <span class='ocr_line' id='line_1_79' title="bbox 2129 3536 3720 3622; baseline -0.014 -16"><span class='ocrx_word' id='word_1_527' title='bbox 2129 3551 2212 3616; x_wconf 78' lang='grc' dir='ltr'>εις</span> <span class='ocrx_word' id='word_1_528' title='bbox 2245 3552 2392 3622; x_wconf 84' lang='grc' dir='ltr'>μέγα</span> <span class='ocrx_word' id='word_1_529' title='bbox 2417 3548 2514 3618; x_wconf 78' lang='grc' dir='ltr'>τὴν</span> <span class='ocrx_word' id='word_1_530' title='bbox 2541 3548 2725 3619; x_wconf 80' lang='grc' dir='ltr'><strong>μάχην</strong></span> <span class='ocrx_word' id='word_1_531' title='bbox 2755 3545 2949 3615; x_wconf 74' lang='grc' dir='ltr'>ἐξάψαι</span> <span class='ocrx_word' id='word_1_532' title='bbox 2991 3543 3092 3607; x_wconf 70' lang='grc' dir='ltr'>τὰς</span> <span class='ocrx_word' id='word_1_533' title='bbox 3120 3540 3299 3612; x_wconf 72' lang='grc' dir='ltr'>ὁρμὰς</span> <span class='ocrx_word' id='word_1_534' title='bbox 3357 3536 3720 3608; x_wconf 85' lang='grc' dir='ltr'>ἀνεχαίτισαν</span> 
     </span>
    </p>
   </div>
   <div class='ocr_carea' id='block_1_80' title="bbox 2131 3627 3718 3712">
    <p class='ocr_par' dir='ltr' id='par_1_80' title="bbox 2131 3627 3718 3712">
     <span class='ocr_line' id='line_1_80' title="bbox 2131 3627 3718 3712; baseline -0.013 -11"><span class='ocrx_word' id='word_1_535' title='bbox 2131 3645 2332 3701; x_wconf 73' lang='grc' dir='ltr'>αὐτῶν.</span> <span class='ocrx_word' id='word_1_536' title='bbox 2390 3637 2466 3697; x_wconf 75' lang='grc' dir='ltr'>υῦ</span> <span class='ocrx_word' id='word_1_537' title='bbox 2513 3641 2809 3712; x_wconf 80' lang='grc' dir='ltr'>γενομένου</span> <span class='ocrx_word' id='word_1_538' title='bbox 2847 3639 3022 3693; x_wconf 74' lang='grc' dir='ltr'>ἐδόκει</span> <span class='ocrx_word' id='word_1_539' title='bbox 3081 3635 3414 3706; x_wconf 85' lang='grc' dir='ltr'>ἀποχρῶσαν</span> <span class='ocrx_word' id='word_1_540' title='bbox 3463 3627 3718 3700; x_wconf 72' lang='grc' dir='ltr'>φυλακην</span> 
     </span>
    </p>
   </div>
   <div class='ocr_carea' id='block_1_81' title="bbox 2131 3723 3716 3805">
    <p class='ocr_par' dir='ltr' id='par_1_81' title="bbox 2131 3723 3716 3805">
     <span class='ocr_line' id='line_1_81' title="bbox 2131 3723 3716 3805; baseline -0.011 -14"><span class='ocrx_word' id='word_1_541' title='bbox 2131 3737 2362 3805; x_wconf 70' lang='grc' dir='ltr'>ἔγγιστα</span> <span class='ocrx_word' id='word_1_542' title='bbox 2391 3735 2500 3788; x_wconf 86' lang='grc' dir='ltr'><strong>τῶν</strong></span> <span class='ocrx_word' id='word_1_543' title='bbox 2534 3734 2732 3804; x_wconf 78' lang='grc' dir='ltr'>τειχῶν</span> <span class='ocrx_word' id='word_1_544' title='bbox 2760 3733 2858 3800; x_wconf 81' lang='grc' dir='ltr'>τῆς</span> <span class='ocrx_word' id='word_1_545' title='bbox 2893 3731 3100 3789; x_wconf 79' lang='grc' dir='ltr'>πόλεως</span> <span class='ocrx_word' id='word_1_546' title='bbox 3137 3724 3592 3795; x_wconf 80' lang='grc' dir='ltr'>καταλειφθῆναι,</span> <span class='ocrx_word' id='word_1_547' title='bbox 3633 3723 3716 3792; x_wconf 81' lang='grc' dir='ltr'>μή</span> 
     </span>
    </p>
   </div>
   <div class='ocr_carea' id='block_1_82' title="bbox 2133 3815 3717 3899">
    <p class='ocr_par' dir='ltr' id='par_1_82' title="bbox 2133 3815 3717 3899">
     <span class='ocr_line' id='line_1_82' title="bbox 2133 3815 3717 3899; baseline -0.008 -14"><span class='ocrx_word' id='word_1_548' title='bbox 2133 3846 2251 3892; x_wconf 86' lang='grc' dir='ltr'><strong>πως</strong></span> <span class='ocrx_word' id='word_1_549' title='bbox 2278 3829 2472 3894; x_wconf 81' lang='grc' dir='ltr'>νυκτὸς</span> <span class='ocrx_word' id='word_1_550' title='bbox 2497 3827 2868 3899; x_wconf 73' lang='grc' dir='ltr'>ἐκδραμόντες</span> <span class='ocrx_word' id='word_1_551' title='bbox 2901 3826 3047 3888; x_wconf 86' lang='grc' dir='ltr'>τινὲς</span> <span class='ocrx_word' id='word_1_552' title='bbox 3079 3824 3176 3893; x_wconf 83' lang='grc' dir='ltr'><strong>τῆς</strong></span> <span class='ocrx_word' id='word_1_553' title='bbox 3213 3822 3424 3883; x_wconf 82' lang='grc' dir='ltr'>πόλεως</span> <span class='ocrx_word' id='word_1_554' title='bbox 3459 3819 3517 3872; x_wconf 86' lang='grc' dir='ltr'><strong>τὸ</strong></span> <span class='ocrx_word' id='word_1_555' title='bbox 3548 3815 3717 3886; x_wconf 80' lang='grc' dir='ltr'>στρὰ-</span> 
     </span>
    </p>
   </div>
   <div class='ocr_carea' id='block_1_83' title="bbox 2129 3910 3718 3995">
    <p class='ocr_par' dir='ltr' id='par_1_83' title="bbox 2129 3910 3718 3995">
     <span class='ocr_line' id='line_1_83' title="bbox 2129 3910 3718 3995; baseline -0.01 -18"><span class='ocrx_word' id='word_1_556' title='bbox 2129 3941 2312 3995; x_wconf 84' lang='grc' dir='ltr'>τευμα</span> <span class='ocrx_word' id='word_1_557' title='bbox 2335 3921 2739 3995; x_wconf 77' lang='grc' dir='ltr'>θορυϐήσωσιν.</span> <span class='ocrx_word' id='word_1_558' title='bbox 2779 3921 2868 3982; x_wconf 78' lang='grc' dir='ltr'>Ὠς</span> <span class='ocrx_word' id='word_1_559' title='bbox 2913 3919 2971 3973; x_wconf 80' lang='grc' dir='ltr'>δὲ</span> <span class='ocrx_word' id='word_1_560' title='bbox 3003 3917 3102 3973; x_wconf 75' lang='grc' dir='ltr'><strong>καὶ</strong></span> <span class='ocrx_word' id='word_1_561' title='bbox 3153 3914 3313 3970; x_wconf 81' lang='grc' dir='ltr'>τοῦτο</span> <span class='ocrx_word' id='word_1_562' title='bbox 3349 3911 3652 3973; x_wconf 71' lang='grc' dir='ltr'>τετέλεστο,</span> <span class='ocrx_word' id='word_1_563' title='bbox 3684 3910 3718 3962; x_wconf 83' lang='grc' dir='ltr'>ὁ</span> 
     </span>
    </p>
   </div>
   <div class='ocr_carea' id='block_1_84' title="bbox 2125 4004 3716 4090">
    <p class='ocr_par' dir='ltr' id='par_1_84' title="bbox 2125 4004 3716 4090">
     <span class='ocr_line' id='line_1_84' title="bbox 2125 4004 3716 4090; baseline -0.01 -20"><span class='ocrx_word' id='word_1_564' title='bbox 2125 4018 2221 4072; x_wconf 81' lang='grc' dir='ltr'><strong>τοῦ</strong></span> <span class='ocrx_word' id='word_1_565' title='bbox 2246 4016 2630 4090; x_wconf 80' lang='grc' dir='ltr'>βασιλειῶντος</span> <span class='ocrx_word' id='word_1_566' title='bbox 2683 4014 2788 4084; x_wconf 72' lang='grc' dir='ltr'>ἠδη</span> <span class='ocrx_word' id='word_1_567' title='bbox 2851 4011 3174 4080; x_wconf 75' lang='grc' dir='ltr'>Νικηφόρου</span> <span class='ocrx_word' id='word_1_568' title='bbox 3204 4007 3317 4072; x_wconf 72' lang='grc' dir='ltr'>υίὸς</span> <span class='ocrx_word' id='word_1_569' title='bbox 3362 4007 3391 4059; x_wconf 84' lang='grc' dir='ltr'>ὁ</span> <span class='ocrx_word' id='word_1_570' title='bbox 3425 4004 3716 4072; x_wconf 74' lang='grc' dir='ltr'>πατρίκιος</span> 
     </span>
    </p>
   </div>
   <div class='ocr_carea' id='block_1_85' title="bbox 2127 4094 3718 4186">
    <p class='ocr_par' dir='ltr' id='par_1_85' title="bbox 2127 4094 3718 4186">
     <span class='ocr_line' id='line_1_85' title="bbox 2127 4094 3718 4186; baseline -0.013 -19"><span class='ocrx_word' id='word_1_571' title='bbox 2127 4114 2438 4186; x_wconf 80' lang='grc' dir='ltr'>Βρυέννιος,</span> <span class='ocrx_word' id='word_1_572' title='bbox 2487 4111 2619 4180; x_wconf 76' lang='grc' dir='ltr'>ἄρτι</span> <span class='ocrx_word' id='word_1_573' title='bbox 2656 4107 2756 4178; x_wconf 83' lang='grc' dir='ltr'>τὴν</span> <span class='ocrx_word' id='word_1_574' title='bbox 2789 4103 3048 4172; x_wconf 85' lang='grc' dir='ltr'>παιδικὴν</span> <span class='ocrx_word' id='word_1_575' title='bbox 3095 4099 3314 4170; x_wconf 70' lang='grc' dir='ltr'>ἠλικίαν</span> <span class='ocrx_word' id='word_1_576' title='bbox 3363 4094 3718 4168; x_wconf 82' lang='grc' dir='ltr'>ὑπερελάσας</span> 
     </span>
    </p>
   </div>
   <div class='ocr_carea' id='block_1_86' title="bbox 2126 4189 3714 4274">
    <p class='ocr_par' dir='ltr' id='par_1_86' title="bbox 2126 4189 3714 4274">
     <span class='ocr_line' id='line_1_86' title="bbox 2126 4189 3714 4274; baseline -0.013 -14"><span class='ocrx_word' id='word_1_577' title='bbox 2126 4208 2223 4260; x_wconf 78' lang='grc' dir='ltr'>καὶ</span> <span class='ocrx_word' id='word_1_578' title='bbox 2259 4204 2548 4274; x_wconf 70' lang='grc' dir='ltr'>μειράκιον</span> <span class='ocrx_word' id='word_1_579' title='bbox 2587 4199 2663 4254; x_wconf 85' lang='grc' dir='ltr'>ὣν</span> <span class='ocrx_word' id='word_1_580' title='bbox 2698 4197 2980 4269; x_wconf 66' lang='grc' dir='ltr'>θυμοειδὲς</span> <span class='ocrx_word' id='word_1_581' title='bbox 3002 4196 3106 4251; x_wconf 74' lang='grc' dir='ltr'>,καὶ</span> <span class='ocrx_word' id='word_1_582' title='bbox 3122 4194 3392 4263; x_wconf 83' lang='grc' dir='ltr'>γενναῖον,</span> <span class='ocrx_word' id='word_1_583' title='bbox 3425 4189 3553 4254; x_wconf 81' lang='grc' dir='ltr'>τοὺς</span> <span class='ocrx_word' id='word_1_584' title='bbox 3582 4205 3714 4242; x_wconf 83' lang='grc' dir='ltr'>συν-</span> 
     </span>
    </p>
   </div>
   <div class='ocr_carea' id='block_1_87' title="bbox 2125 4280 3715 4368">
    <p class='ocr_par' dir='ltr' id='par_1_87' title="bbox 2125 4280 3715 4368">
     <span class='ocr_line' id='line_1_87' title="bbox 2125 4280 3715 4368; baseline -0.011 -18"><span class='ocrx_word' id='word_1_585' title='bbox 2125 4297 2429 4368; x_wconf 81' lang='grc' dir='ltr'>ηλικιώτας</span> <span class='ocrx_word' id='word_1_586' title='bbox 2483 4291 2822 4364; x_wconf 77' lang='grc' dir='ltr'>παραλαϐὼν</span> <span class='ocrx_word' id='word_1_587' title='bbox 2857 4290 3056 4360; x_wconf 66' lang='grc' dir='ltr'>(ἧστην</span> <span class='ocrx_word' id='word_1_588' title='bbox 3109 4286 3170 4340; x_wconf 77' lang='grc' dir='ltr'>δὲ</span> <span class='ocrx_word' id='word_1_589' title='bbox 3199 4285 3374 4340; x_wconf 72' lang='grc' dir='ltr'>τούτω</span> <span class='ocrx_word' id='word_1_590' title='bbox 3416 4285 3446 4338; x_wconf 81' lang='grc' dir='ltr'>ὁ</span> <span class='ocrx_word' id='word_1_591' title='bbox 3489 4280 3715 4346; x_wconf 55' lang='lat' dir='ltr'><strong>Karta-</strong></span> 
     </span>
    </p>
   </div>
   <div class='ocr_carea' id='block_1_88' title="bbox 2129 4370 3713 4476">
    <p class='ocr_par' dir='ltr' id='par_1_88' title="bbox 2129 4370 3713 4476">
     <span class='ocr_line' id='line_1_88' title="bbox 2129 4370 3713 4476; baseline -0.01 -37"><span class='ocrx_word' id='word_1_592' title='bbox 2129 4387 2366 4456; x_wconf 73' lang='grc' dir='ltr'>μούντης</span> <span class='ocrx_word' id='word_1_593' title='bbox 2405 4384 2518 4453; x_wconf 67' lang='lat'><strong>(42)</strong></span> <span class='ocrx_word' id='word_1_594' title='bbox 2553 4383 2650 4436; x_wconf 76' lang='grc' dir='ltr'>καὶ</span> <span class='ocrx_word' id='word_1_595' title='bbox 2693 4385 2722 4436; x_wconf 85' lang='grc' dir='ltr'><strong><em>ὸ</em></strong></span> <span class='ocrx_word' id='word_1_596' title='bbox 2771 4380 3106 4476; x_wconf 56' lang='grc' dir='ltr'><strong>ΚινυρτίκηςΔ</strong></span> <span class='ocrx_word' id='word_1_597' title='bbox 3141 4376 3444 4476; x_wconf 46' lang='lat' dir='ltr'><strong>bacillum,</strong></span> <span class='ocrx_word' id='word_1_598' title='bbox 3497 4371 3557 4476; x_wconf 69' lang='grc' dir='ltr'><strong>δν</strong></span> <span class='ocrx_word' id='word_1_599' title='bbox 3614 4370 3713 4476; x_wconf 65' lang='grc' dir='ltr'>καὶ</span> 
     </span>
    </p>
   </div>
   <div class='ocr_carea' id='block_1_89' title="bbox 2137 4465 3713 4543">
    <p class='ocr_par' dir='ltr' id='par_1_89' title="bbox 2137 4465 3713 4543">
     <span class='ocr_line' id='line_1_89' title="bbox 2137 4465 3713 4543; baseline -0.01 -14"><span class='ocrx_word' id='word_1_600' title='bbox 2137 4479 2468 4530; x_wconf 76' lang='grc' dir='ltr'>Ἶωαννικιον</span> <span class='ocrx_word' id='word_1_601' title='bbox 2499 4474 2752 4543; x_wconf 84' lang='grc' dir='ltr'>ἐκάλουν)</span> <span class='ocrx_word' id='word_1_602' title='bbox 2779 4473 2947 4542; x_wconf 66' lang='grc' dir='ltr'>ἀπῄει</span> <span class='ocrx_word' id='word_1_603' title='bbox 2978 4469 3200 4531; x_wconf 74' lang='grc' dir='ltr'>παιδιᾶς</span> <span class='ocrx_word' id='word_1_604' title='bbox 3222 4467 3384 4538; x_wconf 78' lang='grc' dir='ltr'>χάριν</span> <span class='ocrx_word' id='word_1_605' title='bbox 3417 4465 3554 4533; x_wconf 77' lang='grc' dir='ltr'>πρὸς</span> <span class='ocrx_word' id='word_1_606' title='bbox 3581 4465 3713 4523; x_wconf 79' lang='grc' dir='ltr'>τοὺς</span> 
     </span>
    </p>
   </div>
   <div class='ocr_carea' id='block_1_90' title="bbox 437 4542 2030 4639">
    <p class='ocr_par' dir='ltr' id='par_1_90' title="bbox 437 4542 2010 4631">
     <span class='ocr_line' id='line_1_90' title="bbox 437 4542 2010 4631; baseline 0.016 -38"><span class='ocrx_word' id='word_1_607' title='bbox 437 4542 718 4597; x_wconf 78' lang='lat' dir='ltr'><strong>scentulus</strong></span> <span class='ocrx_word' id='word_1_608' title='bbox 747 4555 958 4600; x_wconf 70' lang='lat' dir='ltr'><strong>naturae</strong></span> <span class='ocrx_word' id='word_1_609' title='bbox 1005 4551 1248 4608; x_wconf 86' lang='lat' dir='ltr'><strong>ardentis</strong></span> <span class='ocrx_word' id='word_1_610' title='bbox 1293 4563 1349 4608; x_wconf 90' lang='lat' dir='ltr'><strong>et</strong></span> <span class='ocrx_word' id='word_1_611' title='bbox 1396 4572 1721 4624; x_wconf 71' lang='lat' dir='ltr'><strong>generosum</strong></span> <span class='ocrx_word' id='word_1_612' title='bbox 1773 4563 2010 4631; x_wconf 84' lang='lat' dir='ltr'><strong>spirans,</strong></span> 
     </span>
    </p>
   </div>
   <div class='ocr_carea' id='block_1_91' title="bbox 2134 4542 3710 4639">
    <p class='ocr_par' dir='ltr' id='par_1_91' title="bbox 2134 4542 3710 4639">
     <span class='ocr_line' id='line_1_91' title="bbox 2134 4542 3710 4639; baseline -0.008 -18"><span class='ocrx_word' id='word_1_613' title='bbox 2134 4571 2222 4639; x_wconf 73' lang='grc' dir='ltr'>τὴν</span> <span class='ocrx_word' id='word_1_614' title='bbox 2254 4569 2360 4634; x_wconf 78' lang='grc' dir='ltr'><strong>ἐξω</strong></span> <span class='ocrx_word' id='word_1_615' title='bbox 2379 4569 2478 4636; x_wconf 82' lang='grc' dir='ltr'>τῆς</span> <span class='ocrx_word' id='word_1_616' title='bbox 2502 4566 2714 4627; x_wconf 76' lang='grc' dir='ltr'>πόλεως</span> <span class='ocrx_word' id='word_1_617' title='bbox 2735 4542 2740 4543; x_wconf 13' lang='grc' dir='ltr'><strong>ί</strong></span> <span class='ocrx_word' id='word_1_618' title='bbox 2759 4562 3231 4632; x_wconf 79' lang='grc' dir='ltr'>πεπιστευμένους</span> <span class='ocrx_word' id='word_1_619' title='bbox 3251 4557 3504 4628; x_wconf 80' lang='grc' dir='ltr'>φρουράν</span> <span class='ocrx_word' id='word_1_620' title='bbox 3535 4570 3710 4626; x_wconf 79' lang='grc' dir='ltr'>στρα-</span> 
     </span>
    </p>
   </div>
   <div class='ocr_carea' id='block_1_92' title="bbox 436 4635 2018 4720">
    <p class='ocr_par' dir='ltr' id='par_1_92' title="bbox 436 4635 2018 4720">
     <span class='ocr_line' id='line_1_92' title="bbox 436 4635 2018 4720; baseline 0.015 -34"><span class='ocrx_word' id='word_1_621' title='bbox 436 4635 742 4703; x_wconf 78' lang='lat' dir='ltr'><strong>tequalibus</strong></span> <span class='ocrx_word' id='word_1_622' title='bbox 767 4639 954 4706; x_wconf 85' lang='lat' dir='ltr'><strong>pueris</strong></span> <span class='ocrx_word' id='word_1_623' title='bbox 975 4655 1157 4696; x_wconf 86' lang='lat' dir='ltr'><strong>secum</strong></span> <span class='ocrx_word' id='word_1_624' title='bbox 1189 4649 1522 4718; x_wconf 84' lang='lat' dir='ltr'><strong>assumptis;</strong></span> <span class='ocrx_word' id='word_1_625' title='bbox 1547 4651 1601 4703; x_wconf 88' lang='lat' dir='ltr'><strong>bi</strong></span> <span class='ocrx_word' id='word_1_626' title='bbox 1628 4661 1812 4706; x_wconf 89' lang='lat' dir='ltr'><strong>autem</strong></span> <span class='ocrx_word' id='word_1_627' title='bbox 1840 4667 2018 4720; x_wconf 85' lang='lat' dir='ltr'><strong>erant,</strong></span> 
     </span>
    </p>
   </div>
   <div class='ocr_carea' id='block_1_93' title="bbox 433 4725 2018 4812">
    <p class='ocr_par' dir='ltr' id='par_1_93' title="bbox 433 4725 2018 4812">
     <span class='ocr_line' id='line_1_93' title="bbox 433 4725 2018 4812; baseline 0.015 -33"><span class='ocrx_word' id='word_1_628' title='bbox 433 4725 824 4787; x_wconf 76' lang='lat' dir='ltr'><strong>Catzamuntes</strong></span> <span class='ocrx_word' id='word_1_629' title='bbox 861 4740 917 4786; x_wconf 88' lang='lat' dir='ltr'><strong>et</strong></span> <span class='ocrx_word' id='word_1_630' title='bbox 948 4734 1196 4792; x_wconf 85' lang='lat' dir='ltr'><strong>Curtices</strong></span> <span class='ocrx_word' id='word_1_631' title='bbox 1231 4738 1486 4806; x_wconf 83' lang='lat' dir='ltr'><strong>Basilius,</strong></span> <span class='ocrx_word' id='word_1_632' title='bbox 1523 4757 1685 4812; x_wconf 82' lang='lat' dir='ltr'><strong>quem</strong></span> <span class='ocrx_word' id='word_1_633' title='bbox 1711 4754 1766 4799; x_wconf 83' lang='lat' dir='ltr'><strong>et</strong></span> <span class='ocrx_word' id='word_1_634' title='bbox 1787 4745 2018 4802; x_wconf 86' lang='lat' dir='ltr'><strong>Joanni-</strong></span> 
     </span>
    </p>
   </div>
   <div class='ocr_carea' id='block_1_94' title="bbox 433 4820 2020 4899">
    <p class='ocr_par' dir='ltr' id='par_1_94' title="bbox 433 4820 2020 4899">
     <span class='ocr_line' id='line_1_94' title="bbox 433 4820 2020 4899; baseline 0.014 -26"><span class='ocrx_word' id='word_1_635' title='bbox 433 4820 579 4874; x_wconf 90' lang='lat' dir='ltr'><strong>cium</strong></span> <span class='ocrx_word' id='word_1_636' title='bbox 610 4826 880 4882; x_wconf 72' lang='lat' dir='ltr'><strong>vocabant</strong></span> <span class='ocrx_word' id='word_1_637' title='bbox 910 4845 923 4880; x_wconf 91' lang='lat'><strong>:</strong></span> <span class='ocrx_word' id='word_1_638' title='bbox 957 4828 1068 4883; x_wconf 87' lang='lat' dir='ltr'><strong>abit</strong></span> <span class='ocrx_word' id='word_1_639' title='bbox 1103 4833 1258 4899; x_wconf 88' lang='lat' dir='ltr'><strong>quasi</strong></span> <span class='ocrx_word' id='word_1_640' title='bbox 1287 4833 1399 4888; x_wconf 90' lang='lat' dir='ltr'><strong>ludi</strong></span> <span class='ocrx_word' id='word_1_641' title='bbox 1433 4849 1600 4891; x_wconf 83' lang='lat' dir='ltr'><strong>causa</strong></span> <span class='ocrx_word' id='word_1_642' title='bbox 1637 4838 1703 4892; x_wconf 91' lang='lat' dir='ltr'><strong>ad</strong></span> <span class='ocrx_word' id='word_1_643' title='bbox 1731 4841 2020 4896; x_wconf 80' lang='lat' dir='ltr'><strong>excubito-</strong></span> 
     </span>
    </p>
   </div>
   <div class='ocr_carea' id='block_1_95' title="bbox 431 4913 2016 5000">
    <p class='ocr_par' dir='ltr' id='par_1_95' title="bbox 431 4913 2016 5000">
     <span class='ocr_line' id='line_1_95' title="bbox 431 4913 2016 5000; baseline 0.016 -36"><span class='ocrx_word' id='word_1_644' title='bbox 431 4925 520 4966; x_wconf 84' lang='lat' dir='ltr'><strong>res</strong></span> <span class='ocrx_word' id='word_1_645' title='bbox 551 4922 740 4968; x_wconf 85' lang='lat' dir='ltr'><strong>contra</strong></span> <span class='ocrx_word' id='word_1_646' title='bbox 771 4917 1051 4975; x_wconf 82' lang='lat' dir='ltr'><strong>civitatem</strong></span> <span class='ocrx_word' id='word_1_647' title='bbox 1097 4931 1157 4977; x_wconf 91' lang='lat' dir='ltr'><strong>ut</strong></span> <span class='ocrx_word' id='word_1_648' title='bbox 1201 4913 1407 4980; x_wconf 84' lang='lat' dir='ltr'><strong>dictum</strong></span> <span class='ocrx_word' id='word_1_649' title='bbox 1457 4938 1542 4983; x_wconf 91' lang='lat' dir='ltr'><strong>est</strong></span> <span class='ocrx_word' id='word_1_650' title='bbox 1593 4930 1907 5000; x_wconf 82' lang='lat' dir='ltr'><strong>dispositos,</strong></span> <span class='ocrx_word' id='word_1_651' title='bbox 1958 4943 2016 4989; x_wconf 84' lang='lat' dir='ltr'><strong>et</strong></span> 
     </span>
    </p>
   </div>
   <div class='ocr_carea' id='block_1_96' title="bbox 431 5007 2013 5085">
    <p class='ocr_par' dir='ltr' id='par_1_96' title="bbox 431 5007 2013 5085">
     <span class='ocr_line' id='line_1_96' title="bbox 431 5007 2013 5085; baseline 0.016 -30"><span class='ocrx_word' id='word_1_652' title='bbox 431 5015 624 5059; x_wconf 88' lang='lat' dir='ltr'><strong>omnes</strong></span> <span class='ocrx_word' id='word_1_653' title='bbox 658 5007 875 5073; x_wconf 88' lang='lat' dir='ltr'><strong>quidem</strong></span> <span class='ocrx_word' id='word_1_654' title='bbox 927 5012 1049 5068; x_wconf 90' lang='lat' dir='ltr'><strong>illos</strong></span> <span class='ocrx_word' id='word_1_655' title='bbox 1097 5015 1382 5085; x_wconf 80' lang='lat' dir='ltr'><strong>vigilantes</strong></span> <span class='ocrx_word' id='word_1_656' title='bbox 1428 5021 1714 5077; x_wconf 84' lang='lat' dir='ltr'><strong>inveniens</strong></span> <span class='ocrx_word' id='word_1_657' title='bbox 1761 5023 2013 5082; x_wconf 84' lang='lat' dir='ltr'><strong>laudibus</strong></span> 
     </span>
    </p>
   </div>
   <div class='ocr_carea' id='block_1_97' title="bbox 430 5093 2010 5183">
    <p class='ocr_par' dir='ltr' id='par_1_97' title="bbox 430 5093 2010 5183">
     <span class='ocr_line' id='line_1_97' title="bbox 430 5093 2010 5183; baseline 0.016 -37"><span class='ocrx_word' id='word_1_658' title='bbox 430 5093 612 5150; x_wconf 76' lang='lat' dir='ltr'><strong>aﬂ‘ccit</strong></span> <span class='ocrx_word' id='word_1_659' title='bbox 667 5097 919 5169; x_wconf 85' lang='lat' dir='ltr'><strong>ultraque</strong></span> <span class='ocrx_word' id='word_1_660' title='bbox 977 5107 1336 5174; x_wconf 81' lang='lat' dir='ltr'><strong>pregrediens</strong></span> <span class='ocrx_word' id='word_1_661' title='bbox 1394 5113 1783 5183; x_wconf 76' lang='lat' dir='ltr'><strong>propinquuvit</strong></span> <span class='ocrx_word' id='word_1_662' title='bbox 1835 5117 2010 5171; x_wconf 80' lang='lat' dir='ltr'><strong>muris</strong></span> 
     </span>
    </p>
   </div>
   <div class='ocr_carea' id='block_1_98' title="bbox 430 5187 2010 5279">
    <p class='ocr_par' dir='ltr' id='par_1_98' title="bbox 430 5187 2010 5279">
     <span class='ocr_line' id='line_1_98' title="bbox 430 5187 2010 5279; baseline 0.014 -37"><span class='ocrx_word' id='word_1_663' title='bbox 430 5187 584 5242; x_wconf 88' lang='lat' dir='ltr'><strong>urbis</strong></span> <span class='ocrx_word' id='word_1_664' title='bbox 613 5190 909 5262; x_wconf 78' lang='lat' dir='ltr'><strong>giransque</strong></span> <span class='ocrx_word' id='word_1_665' title='bbox 937 5197 1144 5252; x_wconf 87' lang='lat' dir='ltr'><strong>circum</strong></span> <span class='ocrx_word' id='word_1_666' title='bbox 1180 5215 1211 5253; x_wconf 90' lang='lat' dir='ltr'><strong>e</strong></span> <span class='ocrx_word' id='word_1_667' title='bbox 1254 5201 1433 5257; x_wconf 83' lang='lat' dir='ltr'><strong>vicino</strong></span> <span class='ocrx_word' id='word_1_668' title='bbox 1459 5205 1783 5274; x_wconf 82' lang='lat' dir='ltr'><strong>explorabat</strong></span> <span class='ocrx_word' id='word_1_669' title='bbox 1813 5210 2010 5279; x_wconf 87' lang='lat' dir='ltr'><strong>ecquid</strong></span> 
     </span>
    </p>
   </div>
   <div class='ocr_carea' id='block_1_99' title="bbox 431 5279 2012 5358">
    <p class='ocr_par' dir='ltr' id='par_1_99' title="bbox 431 5279 2012 5358">
     <span class='ocr_line' id='line_1_99' title="bbox 431 5279 2012 5358; baseline 0.015 -25"><span class='ocrx_word' id='word_1_670' title='bbox 431 5279 503 5334; x_wconf 87' lang='lat' dir='ltr'><strong>ibi</strong></span> <span class='ocrx_word' id='word_1_671' title='bbox 539 5283 605 5336; x_wconf 92' lang='lat' dir='ltr'><strong>ad</strong></span> <span class='ocrx_word' id='word_1_672' title='bbox 635 5286 942 5340; x_wconf 88' lang='lat' dir='ltr'><strong>custodiam</strong></span> <span class='ocrx_word' id='word_1_673' title='bbox 981 5288 1326 5358; x_wconf 78' lang='lat' dir='ltr'><strong>vigilaretur.</strong></span> <span class='ocrx_word' id='word_1_674' title='bbox 1371 5292 1441 5350; x_wconf 91' lang='lat' dir='ltr'><strong>Ut</strong></span> <span class='ocrx_word' id='word_1_675' title='bbox 1471 5306 1652 5352; x_wconf 90' lang='lat' dir='ltr'><strong>autem</strong></span> <span class='ocrx_word' id='word_1_676' title='bbox 1687 5315 1798 5354; x_wconf 88' lang='lat' dir='ltr'><strong>non</strong></span> <span class='ocrx_word' id='word_1_677' title='bbox 1825 5299 2012 5356; x_wconf 89' lang='lat' dir='ltr'><strong>dubiis</strong></span> 
     </span>
    </p>
   </div>
   <div class='ocr_carea' id='block_1_100' title="bbox 427 5378 2012 5459">
    <p class='ocr_par' dir='ltr' id='par_1_100' title="bbox 427 5378 2012 5459">
     <span class='ocr_line' id='line_1_100' title="bbox 427 5378 2012 5459; baseline 0.015 -33"><span class='ocrx_word' id='word_1_678' title='bbox 427 5378 766 5444; x_wconf 81' lang='lat' dir='ltr'><strong>argumentis</strong></span> <span class='ocrx_word' id='word_1_679' title='bbox 810 5383 1086 5451; x_wconf 81' lang='lat' dir='ltr'><strong>perspexit</strong></span> <span class='ocrx_word' id='word_1_680' title='bbox 1123 5385 1280 5453; x_wconf 88' lang='lat' dir='ltr'><strong>plane</strong></span> <span class='ocrx_word' id='word_1_681' title='bbox 1309 5403 1504 5444; x_wconf 80' lang='lat' dir='ltr'><strong>omnes</strong></span> <span class='ocrx_word' id='word_1_682' title='bbox 1536 5392 1628 5459; x_wconf 87' lang='lat' dir='ltr'><strong>qui</strong></span> <span class='ocrx_word' id='word_1_683' title='bbox 1659 5407 1878 5449; x_wconf 89' lang='lat' dir='ltr'><strong>murum</strong></span> <span class='ocrx_word' id='word_1_684' title='bbox 1910 5395 2012 5450; x_wconf 83' lang='lat' dir='ltr'><strong>ob-</strong></span> 
     </span>
    </p>
   </div>
   <div class='ocr_carea' id='block_1_101' title="bbox 428 5467 2011 5548">
    <p class='ocr_par' dir='ltr' id='par_1_101' title="bbox 428 5467 2011 5548">
     <span class='ocr_line' id='line_1_101' title="bbox 428 5467 2011 5548; baseline 0.014 -28"><span class='ocrx_word' id='word_1_685' title='bbox 428 5467 675 5525; x_wconf 78' lang='lat' dir='ltr'><strong>tinebant</strong></span> <span class='ocrx_word' id='word_1_686' title='bbox 704 5470 1106 5532; x_wconf 86' lang='lat' dir='ltr'><strong>obdormivisse</strong></span> <span class='ocrx_word' id='word_1_687' title='bbox 1138 5480 1417 5548; x_wconf 86' lang='lat' dir='ltr'><strong>custodes,</strong></span> <span class='ocrx_word' id='word_1_688' title='bbox 1449 5498 1702 5541; x_wconf 74' lang='lat' dir='ltr'><strong>reversus</strong></span> <span class='ocrx_word' id='word_1_689' title='bbox 1748 5496 1896 5542; x_wconf 91' lang='lat' dir='ltr'><strong>retro</strong></span> <span class='ocrx_word' id='word_1_690' title='bbox 1943 5489 2011 5542; x_wconf 90' lang='lat' dir='ltr'><strong>ad</strong></span> 
     </span>
    </p>
   </div>
   <div class='ocr_carea' id='block_1_102' title="bbox 427 5565 2012 5647">
    <p class='ocr_par' dir='ltr' id='par_1_102' title="bbox 427 5565 2012 5647">
     <span class='ocr_line' id='line_1_102' title="bbox 427 5565 2012 5647; baseline 0.013 -33"><span class='ocrx_word' id='word_1_691' title='bbox 427 5574 556 5618; x_wconf 85' lang='lat' dir='ltr'><strong>suos</strong></span> <span class='ocrx_word' id='word_1_692' title='bbox 585 5572 639 5618; x_wconf 89' lang='lat' dir='ltr'><strong>et</strong></span> <span class='ocrx_word' id='word_1_693' title='bbox 668 5565 830 5621; x_wconf 88' lang='lat' dir='ltr'><strong>scalis</strong></span> <span class='ocrx_word' id='word_1_694' title='bbox 852 5567 1002 5637; x_wconf 85' lang='lat' dir='ltr'><strong>prius</strong></span> <span class='ocrx_word' id='word_1_695' title='bbox 1029 5571 1234 5639; x_wconf 87' lang='lat' dir='ltr'><strong>paratis</strong></span> <span class='ocrx_word' id='word_1_696' title='bbox 1265 5585 1467 5630; x_wconf 88' lang='lat' dir='ltr'><strong>temere</strong></span> <span class='ocrx_word' id='word_1_697' title='bbox 1490 5578 1742 5647; x_wconf 87' lang='lat' dir='ltr'><strong>repertis,</strong></span> <span class='ocrx_word' id='word_1_698' title='bbox 1773 5595 1867 5636; x_wconf 88' lang='lat' dir='ltr'><strong>eas</strong></span> <span class='ocrx_word' id='word_1_699' title='bbox 1896 5581 2012 5637; x_wconf 89' lang='lat' dir='ltr'><strong>tolli</strong></span> 
     </span>
    </p>
   </div>
   <div class='ocr_carea' id='block_1_103' title="bbox 2117 4645 3712 4728">
    <p class='ocr_par' dir='ltr' id='par_1_103' title="bbox 2117 4645 3712 4728">
     <span class='ocr_line' id='line_1_103' title="bbox 2117 4645 3712 4728; baseline -0.011 -14"><span class='ocrx_word' id='word_1_700' title='bbox 2117 4661 2344 4723; x_wconf 83' lang='grc' dir='ltr'>τιώτας,</span> <span class='ocrx_word' id='word_1_701' title='bbox 2379 4660 2473 4712; x_wconf 70' lang='grc' dir='ltr'>καὶ</span> <span class='ocrx_word' id='word_1_702' title='bbox 2501 4656 2922 4728; x_wconf 83' lang='grc' dir='ltr'>ἁγρυπνοῦντας</span> <span class='ocrx_word' id='word_1_703' title='bbox 2955 4655 3203 4717; x_wconf 74' lang='grc' dir='ltr'>ἅπαντας</span> <span class='ocrx_word' id='word_1_704' title='bbox 3242 4653 3490 4713; x_wconf 78' lang='grc' dir='ltr'>ἐκείνους</span> <span class='ocrx_word' id='word_1_705' title='bbox 3523 4645 3712 4718; x_wconf 78' lang='grc' dir='ltr'>εὑρὼν</span> 
     </span>
    </p>
   </div>
   <div class='ocr_carea' id='block_1_104' title="bbox 2119 4737 3709 4817">
    <p class='ocr_par' dir='ltr' id='par_1_104' title="bbox 2119 4737 3709 4817">
     <span class='ocr_line' id='line_1_104' title="bbox 2119 4737 3709 4817; baseline -0.008 -13"><span class='ocrx_word' id='word_1_706' title='bbox 2119 4751 2360 4804; x_wconf 78' lang='grc' dir='ltr'>ἐπαίνων</span> <span class='ocrx_word' id='word_1_707' title='bbox 2408 4749 2584 4817; x_wconf 80' lang='grc' dir='ltr'>ἠξίου,</span> <span class='ocrx_word' id='word_1_708' title='bbox 2648 4748 2742 4800; x_wconf 75' lang='grc' dir='ltr'>καὶ</span> <span class='ocrx_word' id='word_1_709' title='bbox 2804 4745 3091 4814; x_wconf 81' lang='grc' dir='ltr'>παρελθὼν</span> <span class='ocrx_word' id='word_1_710' title='bbox 3121 4745 3320 4807; x_wconf 75' lang='grc' dir='ltr'>αὐτοὺς</span> <span class='ocrx_word' id='word_1_711' title='bbox 3347 4742 3580 4809; x_wconf 74' lang='grc' dir='ltr'>πλησίον</span> <span class='ocrx_word' id='word_1_712' title='bbox 3604 4737 3709 4809; x_wconf 85' lang='grc' dir='ltr'>τῆς</span> 
     </span>
    </p>
   </div>
   <div class='ocr_carea' id='block_1_105' title="bbox 2117 4829 3710 4911">
    <p class='ocr_par' dir='ltr' id='par_1_105' title="bbox 2117 4829 3710 4911">
     <span class='ocr_line' id='line_1_105' title="bbox 2117 4829 3710 4911; baseline -0.009 -14"><span class='ocrx_word' id='word_1_713' title='bbox 2117 4844 2328 4906; x_wconf 79' lang='grc' dir='ltr'>πόλεως</span> <span class='ocrx_word' id='word_1_714' title='bbox 2377 4844 2572 4911; x_wconf 84' lang='grc' dir='ltr'>γέγονε</span> <span class='ocrx_word' id='word_1_715' title='bbox 2618 4841 2716 4894; x_wconf 80' lang='grc' dir='ltr'><strong>καὶ</strong></span> <span class='ocrx_word' id='word_1_716' title='bbox 2747 4838 2967 4911; x_wconf 82' lang='grc' dir='ltr'>περιῄει</span> <span class='ocrx_word' id='word_1_717' title='bbox 3011 4837 3189 4908; x_wconf 81' lang='grc' dir='ltr'>ἀγχοῦ</span> <span class='ocrx_word' id='word_1_718' title='bbox 3227 4839 3335 4891; x_wconf 83' lang='grc' dir='ltr'><strong>τῶν</strong></span> <span class='ocrx_word' id='word_1_719' title='bbox 3375 4833 3574 4906; x_wconf 80' lang='grc' dir='ltr'>τειχῶν</span> <span class='ocrx_word' id='word_1_720' title='bbox 3608 4829 3710 4902; x_wconf 74' lang='grc' dir='ltr'>τὴν</span> 
     </span>
    </p>
   </div>
   <div class='ocr_carea' id='block_1_106' title="bbox 2121 4925 3709 5003">
    <p class='ocr_par' dir='ltr' id='par_1_106' title="bbox 2121 4925 3709 5003">
     <span class='ocr_line' id='line_1_106' title="bbox 2121 4925 3709 5003; baseline -0.008 -15"><span class='ocrx_word' id='word_1_721' title='bbox 2121 4936 2225 5003; x_wconf 82' lang='grc' dir='ltr'>τῆς</span> <span class='ocrx_word' id='word_1_722' title='bbox 2255 4935 2465 4997; x_wconf 65' lang='grc' dir='ltr'>πόλεως</span> <span class='ocrx_word' id='word_1_723' title='bbox 2491 4932 2847 5003; x_wconf 80' lang='grc' dir='ltr'>περισκοπῶν</span> <span class='ocrx_word' id='word_1_724' title='bbox 2893 4931 3166 5000; x_wconf 80' lang='grc' dir='ltr'>φυλακήν.</span> <span class='ocrx_word' id='word_1_725' title='bbox 3211 4931 3304 4992; x_wconf 81' lang='grc' dir='ltr'>Ὠς</span> <span class='ocrx_word' id='word_1_726' title='bbox 3329 4929 3374 4982; x_wconf 86' lang='grc' dir='ltr'>δ’</span> <span class='ocrx_word' id='word_1_727' title='bbox 3397 4925 3709 4980; x_wconf 82' lang='grc' dir='ltr'>ὑπνώττον-</span> 
     </span>
    </p>
   </div>
   <div class='ocr_carea' id='block_1_107' title="bbox 2118 5017 3700 5093">
    <p class='ocr_par' dir='ltr' id='par_1_107' title="bbox 2118 5017 3700 5093">
     <span class='ocr_line' id='line_1_107' title="bbox 2118 5017 3700 5093; baseline -0.009 -11"><span class='ocrx_word' id='word_1_728' title='bbox 2118 5044 2219 5090; x_wconf 82' lang='grc' dir='ltr'><strong>τας</strong></span> <span class='ocrx_word' id='word_1_729' title='bbox 2247 5028 2492 5090; x_wconf 73' lang='grc' dir='ltr'>ἅπαντας</span> <span class='ocrx_word' id='word_1_730' title='bbox 2527 5027 2654 5088; x_wconf 68' lang='grc' dir='ltr'>τοὺς</span> <span class='ocrx_word' id='word_1_731' title='bbox 2682 5025 2830 5078; x_wconf 76' lang='grc' dir='ltr'>ἔνδον</span> <span class='ocrx_word' id='word_1_732' title='bbox 2854 5025 3223 5093; x_wconf 81' lang='grc' dir='ltr'>φυλάττοντας</span> <span class='ocrx_word' id='word_1_733' title='bbox 3263 5017 3700 5089; x_wconf 76' lang='grc' dir='ltr'>κατεμάνθανεν,</span> 
     </span>
    </p>
   </div>
   <div class='ocr_carea' id='block_1_108' title="bbox 2119 5106 3735 5211">
    <p class='ocr_par' dir='ltr' id='par_1_108' title="bbox 2119 5106 3735 5211">
     <span class='ocr_line' id='line_1_108' title="bbox 2119 5106 3735 5211; baseline -0.006 -41"><span class='ocrx_word' id='word_1_734' title='bbox 2119 5117 2481 5187; x_wconf 77' lang='grc' dir='ltr'>ὑποστρέφων</span> <span class='ocrx_word' id='word_1_735' title='bbox 2499 5117 2616 5178; x_wconf 79' lang='grc' dir='ltr'>ταῖς</span> <span class='ocrx_word' id='word_1_736' title='bbox 2639 5114 3074 5185; x_wconf 80' lang='grc' dir='ltr'>σχεδιασθείσαις</span> <span class='ocrx_word' id='word_1_737' title='bbox 3097 5109 3426 5181; x_wconf 85' lang='grc' dir='ltr'>ἐντετύχηκε</span> <span class='ocrx_word' id='word_1_738' title='bbox 3450 5106 3700 5211; x_wconf 55' lang='grc' dir='ltr'>κλίμαξι.</span> <span class='ocrx_word' id='word_1_739' title='bbox 3727 5187 3735 5204; x_wconf 49' lang='grc'><strong>.</strong></span> 
     </span>
    </p>
   </div>
   <div class='ocr_carea' id='block_1_109' title="bbox 2116 5203 3700 5278">
    <p class='ocr_par' dir='ltr' id='par_1_109' title="bbox 2116 5203 3700 5278">
     <span class='ocr_line' id='line_1_109' title="bbox 2116 5203 3700 5278; baseline -0.006 -15"><span class='ocrx_word' id='word_1_740' title='bbox 2116 5211 2230 5264; x_wconf 74' lang='grc' dir='ltr'>Καὶ</span> <span class='ocrx_word' id='word_1_741' title='bbox 2253 5209 2457 5268; x_wconf 77' lang='grc' dir='ltr'>ταύτας</span> <span class='ocrx_word' id='word_1_742' title='bbox 2483 5203 2616 5277; x_wconf 81' lang='grc' dir='ltr'>ἆραι</span> <span class='ocrx_word' id='word_1_743' title='bbox 2672 5206 2984 5278; x_wconf 77' lang='grc' dir='ltr'>προστάξας</span> <span class='ocrx_word' id='word_1_744' title='bbox 3029 5207 3143 5266; x_wconf 83' lang='grc' dir='ltr'>τοῖς</span> <span class='ocrx_word' id='word_1_745' title='bbox 3186 5206 3475 5273; x_wconf 78' lang='grc' dir='ltr'>ἑπομένοις</span> <span class='ocrx_word' id='word_1_746' title='bbox 3497 5203 3575 5271; x_wconf 81' lang='grc' dir='ltr'>τῷ</span> <span class='ocrx_word' id='word_1_747' title='bbox 3599 5203 3700 5270; x_wconf 81' lang='grc' dir='ltr'><strong>τῆς</strong></span> 
     </span>
    </p>
   </div>
   <div class='ocr_carea' id='block_1_110' title="bbox 2103 5293 3701 5370">
    <p class='ocr_par' dir='ltr' id='par_1_110' title="bbox 2103 5293 3701 5370">
     <span class='ocr_line' id='line_1_110' title="bbox 2103 5293 3701 5370; baseline -0.005 -16"><span class='ocrx_word' id='word_1_748' title='bbox 2103 5295 2327 5364; x_wconf 68' lang='grc' dir='ltr'>’πόλεως</span> <span class='ocrx_word' id='word_1_749' title='bbox 2350 5300 2520 5370; x_wconf 83' lang='grc' dir='ltr'>τείχει</span> <span class='ocrx_word' id='word_1_750' title='bbox 2583 5303 2917 5370; x_wconf 83' lang='grc' dir='ltr'>προσήρεισε</span> <span class='ocrx_word' id='word_1_751' title='bbox 2953 5300 3048 5352; x_wconf 84' lang='grc' dir='ltr'>καὶ</span> <span class='ocrx_word' id='word_1_752' title='bbox 3081 5299 3301 5368; x_wconf 82' lang='grc' dir='ltr'>πρῶτος</span> <span class='ocrx_word' id='word_1_753' title='bbox 3344 5295 3508 5358; x_wconf 79' lang='grc' dir='ltr'>αὐτὸς</span> <span class='ocrx_word' id='word_1_754' title='bbox 3542 5293 3701 5365; x_wconf 81' lang='grc' dir='ltr'>ἀνῄει</span> 
     </span>
    </p>
   </div>
   <div class='ocr_carea' id='block_1_111' title="bbox 2112 5385 3697 5457">
    <p class='ocr_par' dir='ltr' id='par_1_111' title="bbox 2112 5385 3697 5457">
     <span class='ocr_line' id='line_1_111' title="bbox 2112 5385 3697 5457; baseline -0.003 -11"><span class='ocrx_word' id='word_1_755' title='bbox 2112 5393 2188 5457; x_wconf 77' lang='grc' dir='ltr'><strong>ὡς</strong></span> <span class='ocrx_word' id='word_1_756' title='bbox 2227 5394 2320 5446; x_wconf 80' lang='grc' dir='ltr'><strong>ἐπὶ</strong></span> <span class='ocrx_word' id='word_1_757' title='bbox 2342 5395 2441 5455; x_wconf 71' lang='grc' dir='ltr'><strong>τὰς</strong></span> <span class='ocrx_word' id='word_1_758' title='bbox 2465 5393 2738 5457; x_wconf 76' lang='grc' dir='ltr'>ἐπάλξεις.</span> <span class='ocrx_word' id='word_1_759' title='bbox 2767 5391 3094 5446; x_wconf 82' lang='grc' dir='ltr'>Ξυνείπουτο</span> <span class='ocrx_word' id='word_1_760' title='bbox 3127 5389 3188 5444; x_wconf 84' lang='grc' dir='ltr'><strong>δέ</strong></span> <span class='ocrx_word' id='word_1_761' title='bbox 3221 5389 3272 5443; x_wconf 72' lang='grc' dir='ltr'>οἱ</span> <span class='ocrx_word' id='word_1_762' title='bbox 3301 5389 3397 5443; x_wconf 73' lang='grc' dir='ltr'><strong>καὶ</strong></span> <span class='ocrx_word' id='word_1_763' title='bbox 3425 5389 3473 5442; x_wconf 68' lang='grc' dir='ltr'>οἱ</span> <span class='ocrx_word' id='word_1_764' title='bbox 3497 5385 3697 5441; x_wconf 86' lang='grc' dir='ltr'>λοιποί.</span> 
     </span>
    </p>
   </div>
   <div class='ocr_carea' id='block_1_112' title="bbox 2113 5480 3700 5558">
    <p class='ocr_par' dir='ltr' id='par_1_112' title="bbox 2113 5480 3700 5558">
     <span class='ocr_line' id='line_1_112' title="bbox 2113 5480 3700 5558; baseline -0.004 -18"><span class='ocrx_word' id='word_1_765' title='bbox 2113 5487 2380 5558; x_wconf 73' lang='grc' dir='ltr'>Εὑρόνττς</span> <span class='ocrx_word' id='word_1_766' title='bbox 2409 5487 2468 5541; x_wconf 79' lang='grc' dir='ltr'><strong>δὲ</strong></span> <span class='ocrx_word' id='word_1_767' title='bbox 2491 5487 2619 5550; x_wconf 82' lang='grc' dir='ltr'>τοὺς</span> <span class='ocrx_word' id='word_1_768' title='bbox 2655 5485 2740 5558; x_wconf 89' lang='grc' dir='ltr'><strong>[Ρ.</strong></span> <span class='ocrx_word' id='word_1_769' title='bbox 2769 5486 2862 5557; x_wconf 79' lang='lat'><strong>76]</strong></span> <span class='ocrx_word' id='word_1_770' title='bbox 2915 5485 3164 5554; x_wconf 78' lang='grc' dir='ltr'>φύλακας</span> <span class='ocrx_word' id='word_1_771' title='bbox 3213 5482 3431 5554; x_wconf 78' lang='grc' dir='ltr'>βαθέως</span> <span class='ocrx_word' id='word_1_772' title='bbox 3485 5480 3700 5536; x_wconf 64' lang='lat' dir='ltr'><strong>(atmiis-</strong></span> 
     </span>
    </p>
   </div>
   <div class='ocr_carea' id='block_1_113' title="bbox 2111 5572 3697 5650">
    <p class='ocr_par' dir='ltr' id='par_1_113' title="bbox 2111 5572 3697 5650">
     <span class='ocr_line' id='line_1_113' title="bbox 2111 5572 3697 5650; baseline -0.003 -17"><span class='ocrx_word' id='word_1_773' title='bbox 2111 5595 2307 5644; x_wconf 85' lang='grc' dir='ltr'>τοντας</span> <span class='ocrx_word' id='word_1_774' title='bbox 2330 5583 2425 5633; x_wconf 72' lang='grc' dir='ltr'><strong>καὶ</strong></span> <span class='ocrx_word' id='word_1_775' title='bbox 2456 5579 2624 5650; x_wconf 85' lang='grc' dir='ltr'>μηδέν</span> <span class='ocrx_word' id='word_1_776' title='bbox 2651 5597 2705 5634; x_wconf 90' lang='grc' dir='ltr'><strong>τι</strong></span> <span class='ocrx_word' id='word_1_777' title='bbox 2746 5579 2857 5635; x_wconf 84' lang='grc' dir='ltr'><strong>τῶν</strong></span> <span class='ocrx_word' id='word_1_778' title='bbox 2884 5578 3182 5650; x_wconf 81' lang='grc' dir='ltr'>δρωμένων</span> <span class='ocrx_word' id='word_1_779' title='bbox 3204 5572 3697 5650; x_wconf 72' lang='grc' dir='ltr'>προαισθομένους,</span> 
     </span>
    </p>
   </div>
   <div class='ocr_carea' id='block_1_114' title="bbox 1461 5717 2649 5799">
    <p class='ocr_par' dir='ltr' id='par_1_114' title="bbox 1461 5717 2649 5799">
     <span class='ocr_line' id='line_1_114' title="bbox 1461 5717 2649 5799; baseline 0.006 -22"><span class='ocrx_word' id='word_1_780' title='bbox 1461 5717 1662 5780; x_wconf 82' lang='lat' dir='ltr'><strong>Caroli</strong></span> <span class='ocrx_word' id='word_1_781' title='bbox 1693 5720 1784 5782; x_wconf 92' lang='lat' dir='ltr'><strong>Du</strong></span> <span class='ocrx_word' id='word_1_782' title='bbox 1826 5723 2061 5784; x_wconf 87' lang='lat' dir='ltr'><strong>Fresne</strong></span> <span class='ocrx_word' id='word_1_783' title='bbox 2094 5721 2186 5784; x_wconf 91' lang='lat' dir='ltr'><strong>Du</strong></span> <span class='ocrx_word' id='word_1_784' title='bbox 2223 5723 2427 5799; x_wconf 75' lang='lat' dir='ltr'><strong>Congo</strong></span> <span class='ocrx_word' id='word_1_785' title='bbox 2459 5728 2649 5785; x_wconf 68' lang='lat' dir='ltr'><strong>notre.</strong></span> 
     </span>
    </p>
   </div>
   <div class='ocr_carea' id='block_1_115' title="bbox 499 5831 2030 5924">
    <p class='ocr_par' dir='ltr' id='par_1_115' title="bbox 499 5831 2030 5912">
     <span class='ocr_line' id='line_1_115' title="bbox 499 5831 2030 5912; baseline 0.012 -22"><span class='ocrx_word' id='word_1_786' title='bbox 499 5831 616 5904; x_wconf 65' lang='grc'><strong>(4⁸2)</strong></span> <span class='ocrx_word' id='word_1_787' title='bbox 661 5835 1142 5912; x_wconf 64' lang='grc' dir='ltr'>Κατᾷιμούντης.</span> <span class='ocrx_word' id='word_1_788' title='bbox 1188 5842 1270 5901; x_wconf 80' lang='lat' dir='ltr'><strong>Au</strong></span> <span class='ocrx_word' id='word_1_789' title='bbox 1324 5845 1466 5904; x_wconf 82' lang='lat' dir='ltr'><strong>idem</strong></span> <span class='ocrx_word' id='word_1_790' title='bbox 1528 5863 1652 5906; x_wconf 89' lang='lat' dir='ltr'><strong>cum</strong></span> <span class='ocrx_word' id='word_1_791' title='bbox 1712 5850 2030 5910; x_wconf 27' lang='lat' dir='ltr'><strong>Castamoui‘</strong></span> 
     </span>
    </p>
   </div>
   <div class='ocr_carea' id='block_1_116' title="bbox 2134 5831 2772 5924">
    <p class='ocr_par' dir='ltr' id='par_1_116' title="bbox 2134 5851 2772 5924">
     <span class='ocr_line' id='line_1_116' title="bbox 2134 5851 2772 5924; baseline -0.006 -14"><span class='ocrx_word' id='word_1_792' title='bbox 2134 5853 2195 5910; x_wconf 85' lang='lat' dir='ltr'><strong>tle</strong></span> <span class='ocrx_word' id='word_1_793' title='bbox 2222 5868 2332 5924; x_wconf 89' lang='lat' dir='ltr'><strong>quo</strong></span> <span class='ocrx_word' id='word_1_794' title='bbox 2352 5852 2511 5909; x_wconf 85' lang='lat' dir='ltr'><strong>Anna</strong></span> <span class='ocrx_word' id='word_1_795' title='bbox 2541 5867 2596 5924; x_wconf 91' lang='lat' dir='ltr'><strong>p.</strong></span> <span class='ocrx_word' id='word_1_796' title='bbox 2627 5851 2772 5923; x_wconf 42' lang='lat'><strong>195.?</strong></span> 
     </span>
    </p>
   </div>
  </div>
