4154 6456
482 391 584 457 159

1678 389 2092 456 NICEPHORI
2138 382 2502 446 BRYENNH

3636 364 3744 428 160

479 504 790 575 principum
846 521 1090 562 manum.
1127 507 1339 574 Quibus
1386 509 1475 564 ille
1523 509 1698 579 copiis
1734 506 2055 575 assumptis,

2186 499 2445 554 ιναλαϐὼν
2469 495 2635 565 ἀπῄει
2657 493 2792 564 πρὸς
2816 491 2914 562 τὴν
2936 485 3349 542 Κωνσταντινού
3361 483 3532 536 πολιν.
3557 481 3744 533 Ξυνεί-

479 605 630 650 recta
679 598 1205 669 Constantinopolim
1269 601 1555 665 tendebat,
1606 609 1868 670 sequente
1922 611 2057 666 prze-

2160 608 2292 644 πετο
2321 590 2377 641 δὲ
2419 589 2515 640 καὶ
2565 584 2789 638 Σκυθῶν
2836 583 2935 634 οῦκ
2983 580 3241 648 ἐλαχίστη
3269 594 3351 638 τις
3395 574 3648 641 δύναμις,
3679 572 3743 623 οὐ

481 694 631 740 terea
681 688 856 757 ipsum
889 689 1214 760 Scytharum
1251 707 1356 746 non
1396 708 1560 760 parvo
1591 692 1857 752 exercitu,
1895 703 1999 743 non
2031 700 2063 740 e

2186 680 2269 733 τῶν
2303 679 2470 743 ξένων
2503 677 2598 728 καὶ
2635 674 3003 744 μισθοφόρων,
3041 670 3178 723 άλλά
3231 667 3338 720 τῶν
3382 665 3487 736 πρὸ
3548 661 3746 716 πολλοῦ

489 792 711 846 peregre
761 778 1019 846 profectis
1073 789 1128 835 et
1177 782 1580 851 stipendiariis,
1611 783 1702 838 sed
1753 797 1816 836 ex
1865 779 1933 834 iis
1966 776 2061 847 qui

2186 771 2651 842 ιύτομολησάντων
2689 768 2793 820 ὑπὸ
2812 767 2912 837 τὴν
2944 764 3222 836 βασιλείαν
3257 759 3568 829 Ῥωμαίων.
3600 756 3746 851 eoe-

488 885 597 921 non
630 870 804 925 multo
849 881 976 928 ante
1009 889 1036 925 a
1095 876 1449 944 popularibus
1484 875 1599 930 suis
1647 873 1711 928 ad
1763 872 2061 926 Romanam

447 968 455 1034 ξ
489 956 917 1012 dominationem
954 975 1146 1029 sponte
1174 963 1597 1034 transfugerant.
1626 961 1761 1016 Cum
1789 974 1918 1029 ergo
1948 973 2066 1028 pcr-

440 1019 455 1093 Ι
493 1048 731 1101 venisset
764 1019 1100 1106 domesticus
1131 1019 1444 1106 scholaruin
1471 1067 1640 1121 prope
1669 1019 2059 1104 Constantino-

489 1136 689 1202 polim,
725 1147 906 1193 castra
959 1142 1192 1196 munivit
1243 1151 1300 1197 et
1349 1141 1591 1196 tentabat
1623 1141 1900 1195 civitatem
1953 1151 2063 1190 non

491 1227 724 1283 multum
757 1230 1138 1287 abhorrentem
1169 1234 1238 1288 ab
1271 1247 1338 1287 eo
1366 1233 1692 1302 recipiendo.
1732 1229 1866 1284 Nam
1911 1236 1967 1282 et
1999 1227 2055 1281 in

489 1331 554 1370 ea
585 1319 829 1388 plerique
857 1322 1057 1376 civium
1093 1322 1221 1379 odio
1253 1334 1306 1378 et
1343 1325 1422 1378 ira
1469 1322 1832 1393 praeoccupati
1865 1319 2061 1372 adver-

492 1423 588 1462 sus
618 1408 998 1478 imperatorem
1029 1424 1183 1467 erant
1213 1422 1267 1468 et
1292 1413 1712 1483 generositatem
1745 1410 1849 1465 sibi
1875 1417 2059 1464 notam

489 1503 962 1572 constantiamque
990 1503 1242 1576 Bryennii
1275 1513 1588 1575 reputantes
1625 1503 1978 1558 trahebantur
2006 1499 2059 1552 in

2167 880 2266 925 σας
2330 858 2424 914 οῦν
2492 861 2519 913 ὁ
2575 859 2896 928 δομέστικος
2960 856 3072 909 τῶν
3139 852 3344 923 σχολῶν
3409 851 3576 919 ἔγγὺς
3645 849 3746 918 τῆς

2169 951 2794 1014 Κωνσταντινουπὸλεως
2817 948 3245 1019 ὲστρατοπέδευε
3276 947 3370 999 καὶ
3400 944 3748 1013 ἀπεπειρᾶτο

2171 1046 2391 1112 ταύτης.
2427 1045 2536 1098 Καὶ
2564 1046 2614 1096 οἱ
2647 1043 2795 1106 ἐντὸς
2823 1042 2942 1110 ἅμα
2971 1041 3071 1112 μὲν
3100 1042 3168 1094 δι’
3205 1041 3376 1109 ὀργῆς
3402 1039 3628 1106 ἄγοντες
3651 1035 3752 1088 τὸν

2174 1133 2476 1199 κρατοῦντα
2507 1133 2601 1186 καὶ
2625 1130 2688 1185 τὸ
2720 1133 2968 1200 γενναῖον
2991 1131 3087 1184 καὶ
3118 1129 3388 1198 σταθηρδν
3418 1128 3514 1181 τοῦ
3545 1127 3750 1196 Βρυεν-

2173 1225 2287 1276 νίου
2327 1222 2714 1291 γινώσκοντες,
2765 1223 2834 1292 ἦν
2889 1223 3044 1285 ὲντδς
3097 1221 3370 1292 ἔκρυπτον
3417 1221 3500 1282 είς
3542 1219 3753 1271 ἐκεῖνον

2167 1316 2382 1371 εῠνοιαν
2399 1317 2772 1372 ἀνεκάλυπτον
2793 1316 2919 1388 ήδη.
2972 1316 3140 1369 Ἀλλά
3197 1315 3262 1368 τὸ
3312 1314 3589 1384 δαιμόνιον
3619 1313 3750 1366 ἀντ-

2167 1408 2398 1476 ωπῆσαν
2427 1409 2526 1480 τὴν
2559 1408 2776 1463 πάντων
2823 1407 3036 1462 εὔνοιαν
3068 1407 3276 1476 ταχέως
3308 1407 3388 1469 είς
3412 1406 3473 1459 τὸ
3521 1405 3752 1460 δύσνουν

2173 1499 2507 1569 μετέστρεφε
2539 1500 2684 1554 κατά
2705 1517 2828 1552 τινα
2868 1499 3163 1569 συντυχίαν
3197 1497 3432 1554 τοιάνδε.

489 1604 613 1642 eum
641 1600 787 1647 tanto
817 1592 1001 1648 studio
1037 1605 1097 1648 ut
1138 1594 1252 1662 jam
1289 1609 1320 1648 a
1387 1592 1882 1664 significationibus
1945 1587 2192 1644 externis
2221 1589 2421 1644 favoris
2449 1591 2502 1644 in
2532 1605 2656 1646 eum
2687 1591 2772 1646 sui
2808 1606 2916 1645 non
2975 1599 3380 1660 temperarent;
3440 1587 3534 1643 sed
3591 1587 3762 1642 fatale

489 1680 760 1748 quoddam
789 1697 857 1738 ne
887 1699 978 1739 res
1007 1685 1793 1753 procederetimpedimentum
1857 1681 2091 1746 obstitit,
2145 1695 2258 1750 quo
2317 1680 2692 1737 benevolentia
2750 1681 2990 1737 civitatis
3077 1680 3132 1736 in
3188 1679 3519 1751 Bryenuium
3581 1681 3755 1748 prona

491 1769 690 1824 acerbo
741 1783 964 1842 repente
1013 1773 1142 1828 odio
1187 1784 1518 1830 commutata
1569 1782 1673 1828 est.
1726 1771 1928 1828 Casum
1987 1770 2064 1826 uti
2102 1773 2328 1843 contigit
2361 1773 2616 1828 referam.

569 1864 727 1934 115
764 1867 846 1921 12.
887 1865 1194 1923 Domestico
1237 1867 1545 1924 scholarum
1577 1883 1608 1922 e
1637 1869 1859 1936 regione
1889 1865 2069 1935 palatii

2250 1865 2338 1936 ιβ’.
2369 1867 2478 1920 Τοῦ
2515 1868 2840 1933 δομεστίκου
2868 1875 2976 1922 τῶν
3022 1868 3229 1938 σχολῶν
3261 1866 3489 1935 ἀντικρὺ
3541 1862 3650 1918 τῶν
3697 1865 3760 1916 ὲν

496 1953 917 2012 Blacheruarum
969 1966 1146 2014 castra
1199 1959 1430 2014 habente
1474 1961 1621 2020 circa
1667 1959 1848 2013 locum
1906 1972 2068 2025 quem

499 2059 698 2100 vocant
731 2047 1091 2117 Cosmidium,
1124 2051 1213 2106 ubi
1245 2059 1300 2104 ct
1325 2050 1585 2120 templum
1620 2050 1672 2104 in
1704 2049 1928 2104 nomine
1954 2063 2077 2103 san-

501 2143 715 2190 ctorum
743 2137 955 2192 Cosme:
1002 2155 1065 2195 ac
1104 2139 1349 2194 Damiani
1393 2148 1642 2196 erectum
1669 2148 1752 2194 cst
1779 2139 2074 2194 maximum

503 2232 667 2294 atque
690 2227 1115 2295 pulcherrimum
1139 2229 1404 2299 juxtaque
1432 2243 1531 2284 arx
1561 2239 1828 2293 astructa,
1853 2228 2076 2296 quidam

502 2330 534 2369 e
566 2317 747 2370 servili
783 2333 980 2388 genere
1017 2319 1256 2374 lixarum
1303 2329 1397 2375 aut
1437 2335 1469 2376 e
1519 2320 1784 2391 gregariis
1819 2319 2080 2374 militibus

501 2408 645 2463 vallo
670 2420 1060 2479 procurrentes
1081 2411 1412 2480 trajecerunt
1441 2421 1659 2482 pontem
1686 2421 1740 2468 et
1765 2427 1828 2466 ex
1853 2411 2082 2466 adverso

505 2501 747 2558 civitatis
779 2519 874 2574 per
899 2519 1048 2560 oram
1089 2506 1481 2576 angustissimo
1512 2507 1742 2563 divisam
1789 2507 1930 2563 freto
1953 2522 2083 2562 cur-

509 2591 710 2646 sabant
736 2595 919 2649 studio
949 2611 1013 2651 ac
1039 2597 1366 2653 necessitate
1412 2600 1733 2655 corradendi
1766 2615 1853 2655 res
1883 2615 2084 2670 oppor-

506 2695 670 2740 lunas
722 2695 776 2740 ct
826 2689 1101 2757 rapiendis
1147 2691 1326 2745 obviis
1362 2692 1670 2762 quibusque
1719 2708 1777 2748 se
1828 2693 2082 2762 accinge-

508 2774 661 2829 baut.
692 2773 960 2840 Quoniam
995 2793 1125 2834 vero
1151 2780 1242 2848 qui
1275 2781 1386 2836 illic
1414 2782 1729 2837 habitabant
1770 2782 1882 2852 jam
1923 2793 2081 2837 antea

507 2879 606 2920 sua
639 2867 822 2920 omnia
855 2867 997 2923 intra
1043 2871 1318 2925 civitatem
1361 2874 1790 2938 transtulerant,
1824 2875 1914 2930 ubi
1948 2875 2083 2929 nihil

507 2957 598 3010 isti
627 2959 898 3014 temerarii
928 2975 1186 3018 cursores
1217 2964 1575 3034 supellectilis
1601 2975 1696 3021 aut
1723 2967 1915 3036 praedae
1943 2967 2083 3022 intra

507 3051 700 3107 domos
736 3063 1092 3122 repererunt,
1123 3057 1243 3110 irati
1277 3058 1546 3128 subjicere
1573 3059 1753 3130 ignem
1787 3059 2078 3129 parabant.

508 3140 616 3196 Sed
654 3144 757 3199 hoc
788 3147 1029 3202 sentiens
1055 3147 1396 3204 domesticus
1440 3150 1756 3205 scholarum
1791 3151 1941 3205 misit
1971 3160 2082 3205 sta-

2177 1957 2506 2028 Βλαχέρναις
2559 1960 2839 2013 παλατίων
2868 1959 3432 2031 στρατοπεδεύσαντος
3482 1957 3611 2025 περὶ
3661 1956 3756 2007 τὴν

2176 2050 2341 2104 τὸπον
2366 2051 2424 2103 ὃν
2462 2051 2689 2105 καλοῦσι
2720 2053 3032 2122 Κοσμίδιον,
3067 2052 3126 2105 ἐν
3165 2045 3209 2118 ᾦ
3241 2051 3335 2104 καὶ
3361 2048 3486 2112 ναὸς
3515 2048 3600 2103 ἐπ’
3627 2047 3751 2100 ὀνό-

2182 2158 2310 2211 ματι
2340 2141 2447 2194 τῶν
2478 2140 2913 2214 θαυματουργιῶ
2949 2141 3304 2212 Ἀναργύρων
3335 2140 3548 2210 ἵδρυται
3595 2138 3756 2208 μέγι-

2182 2233 2304 2296 στός
2343 2249 2402 2286 τε
2429 2233 2524 2286 καὶ
2557 2233 2843 2297 κάλλιστος
2876 2233 2973 2287 καὶ
3020 2233 3284 2303 φρούριον
3318 2232 3431 2301 (45)
3472 2229 3760 2302 ᾠκοδόμη-

2179 2341 2292 2387 ται,
2321 2323 2467 2386 τινὲς
2488 2322 2596 2377 τῶν
2629 2322 2724 2376 τοῦ
2755 2321 3005 2393 θητικοῦ,
3035 2323 3115 2378 ἔτι
3145 2340 3209 2390 γε
3251 2323 3357 2394 μὴν
3384 2322 3481 2374 καὶ
3512 2320 3620 2373 τῶν
3661 2319 3760 2373 τοῦ

2183 2414 2576 2486 στρατιωτικοῦ
2606 2415 2703 2468 τοῦ
2731 2415 2973 2486 χάρακος
3009 2415 3368 2477 ὕπεκθέοντες
3400 2411 3671 2466 διέϐαινον
3697 2428 3761 2464 τε

2181 2505 2280 2574 τὴν
2315 2506 2563 2577 γέφυραν
2601 2506 2714 2577 (ﬂ)
2769 2506 2865 2559 καὶ
2922 2506 3256 2578 καταντικρὺ
3288 2507 3389 2574 τῆς
3439 2504 3646 2566 πόλεως
3699 2505 3763 2556 ἐν

2182 2599 2297 2662 τοῖς
2333 2597 2428 2650 τοῦ
2464 2597 2659 2651 Στενοῦ
2699 2598 2996 2666 φοιτῶντες
3035 2598 3259 2668 μέρεσιν
3296 2595 3555 2666 ἀφορμῆς
3595 2593 3762 2663 δῆθεν

2183 2689 2285 2760 τῆς
2311 2690 2422 2743 τῶν
2447 2691 2756 2758 ἀναγκαίων
2791 2690 3123 2760 συγκομιδῆς
3143 2689 3463 2760 δταρπάζειν
3492 2688 3561 2742 τὰ
3583 2702 3761 2756 προσ-

2183 2784 2415 2854 τυχόντα
2456 2785 2761 2840 ὲόούλοντο.
2829 2785 2971 2838 Τῶν.
2998 2785 3044 2838 δ’
3088 2785 3388 2855 οἰκητόρων
3436 2783 3764 2852 φθασάντων

2187 2876 2362 2930 πάντα
2385 2876 2538 2940 ἐντὸς
2566 2877 2896 2947 συγκομίσαι
2924 2877 3023 2947 τῆς
3051 2877 3262 2941 πόλεως
3289 2878 3340 2930 oi
3370 2874 3761 2946 ἐκδραμόντες.

2187 2969 2308 3022 ἐπεὶ
2354 2967 2516 3031 κενὰς
2557 2968 2657 3032 τὰς
2691 2968 2867 3032 οίκίας
2919 2967 3179 3039 λαφύρων
3232 2966 3440 3038 ἑώρων,
3486 2965 3660 3034 θυμοῦ
3700 2981 3764 3018 τε

2187 3059 2591 3128 ἐνεπίμπλαντο
2613 3059 2707 3112 καὶ
2731 3059 3028 3128 πυρπολεῖν
3049 3059 3222 3121 αὐτάς
3238 3057 3577 3127 ιπεχείρουν.
3597 3055 3764 3108 una

2186 3150 2346 3202 τοῦτο
2366 3149 2683 3219 αἰσθόμενος
2703 3151 2732 3202 ὁ
2747 3149 3066 3219 δομὲστικος
3093 3148 3200 3202 τῶν
3238 3147 3445 3218 σχολῶν
3475 3145 3766 3200 ἀπέστειλε

507 3234 606 3286 tim
637 3234 728 3302 qui
761 3245 1080 3292 revocarent
1106 3252 1135 3292 a
1161 3239 1378 3294 vecordi
1402 3249 1578 3309 erepto
1599 3250 1652 3296 et
1679 3242 1856 3311 ignem
1880 3242 2082 3296 exstin.

2189 3240 2276 3294 διά
2307 3242 2506 3310 τάχους
2521 3241 2648 3303 τοὺς
2665 3238 2940 3310 εἴρξοντας
2964 3239 3161 3301 αὐτοὺς
3191 3238 3288 3304 τῆς
3319 3238 3557 3292 ἀτάκτου
3583 3233 3766 3304 ὁρμῆς

513 3333 765 3394 guerent.
812 3325 882 3380 At
935 3326 990 3380 hi
1042 3327 1221 3382 serius
1275 3328 1612 3383 advenerunt
1667 3329 1919 3385 incendio
1952 3329 2085 3399 .jam

515 3414 890 3471 invalescente
938 3415 1150 3486 alteque
1210 3417 1425 3473 sublato
1477 3427 1534 3473 et
1591 3419 1810 3474 obvium
1873 3418 2089 3490 quidvis

514 3519 898 3566 consumente.
932 3510 1034 3569 Per
1065 3510 1212 3568 hunc
1257 3528 1500 3568 errorem
1536 3515 1765 3584 contigit
1797 3516 2090 3586 speciosis-

497 3601 654 3656 ‘sima
691 3618 920 3672 quasque
965 3604 1317 3673 pulcherrimi
1367 3606 1613 3661 suburbii
1643 3605 1881 3662 flammis
1908 3606 2090 3662 defor-

517 3694 676 3748 mari.
706 3694 760 3747 Id
795 3709 924 3748 vero
965 3696 1178 3751 civibus
1203 3696 1821 3767 Constantiuopolitanis
1855 3698 2092 3766 perindi-

516 3799 681 3853 gnum
713 3783 891 3839 visum
922 3799 1110 3841 eorum
1142 3787 1263 3842 odia
1311 3788 1364 3842 in
1409 3787 1663 3858 Bryennii
1702 3800 1885 3860 partes
1922 3790 2092 3845 movit

517 3872 874 3944 favoremque
903 3879 1142 3946 priorem
1185 3894 1403 3934 omnem
1435 3894 1496 3935 ac
1528 3880 1964 3936 benevolentiam
1997 3896 2092 3936 ex-

515 3965 730 4020 stinxit.
753 3965 924 4037 Cujus
955 3983 1104 4024 novre
1132 3969 1350 4025 invidiae
1379 3971 1597 4026 indiciis
1630 3971 1882 4027 videlicet
1905 3987 2093 4027 erum-

517 4057 772 4126 pentibus
801 4058 1104 4129 desperans
1133 4060 1241 4115 dux
1269 4061 1546 4116 exercitus
1587 4061 1785 4116 adduci
1829 4077 1987 4130 posse
2027 4065 2092 4117 ad

516 4164 646 4204 suas
698 4160 878 4219 partes
935 4151 1312 4220 persuasione,
1352 4151 1633 4207 civitatem
1689 4152 1798 4208 vim
1855 4153 2095 4223 experiri

515 4242 795 4297 constituit
829 4253 882 4296 et
913 4242 980 4296 ad
1017 4243 1474 4313 oppugnationem
1516 4259 1575 4299 se
1609 4245 1952 4316 accingebat.

588 4331 675 4385 15.
731 4331 950 4386 interim
1004 4335 1302 4402 imperator
1350 4336 1523 4391 muris
1576 4335 1642 4390 ad
1695 4335 2094 4394 Mediterranea

518 4422 749 4493 objectis
778 4423 930 4477 firma
961 4426 1211 4493 praesidia
1245 4427 1523 4495 imposuit,
1556 4427 1788 4484 ducibus
1829 4429 2096 4498 prmfectis

526 4516 748 4584 proprio
779 4514 943 4570 fratre
970 4516 1330 4572 Constantino
1355 4515 1824 4590 Porphyrogenito
1857 4529 1909 4575 et
1936 4521 2097 4591 116

526 4607 808 4664 Comneno
831 4608 1041 4664 Alexio.
1072 4607 1177 4675 Qui
1214 4611 1440 4678 penuria
1469 4612 1702 4666 militum
1733 4613 1997 4681 quosdam
2027 4628 2092 4669 ex

519 4699 697 4755 obviis
733 4709 1049 4756 auctoratos
1093 4709 1146 4755 et
1198 4702 1552 4757 tumultuarie
1580 4713 1820 4759 armatos
1849 4703 2095 4760 custodi-

518 4795 624 4851 bus
652 4810 933 4851 murorum
981 4796 1338 4862 miscuerunt,
1372 4797 1606 4867 propriis
1659 4799 1824 4852 etiam
1863 4797 2098 4868 quisque

521 4884 746 4941 familiis
775 4888 979 4956 pariter
1007 4887 1254 4952 armatis,
1283 4886 1385 4956 ipsi
1421 4889 1562 4942 ultro
1595 4888 1840 4958 citroque
1867 4903 2098 4944 cursan-

523 4985 607 5032 tes
633 4977 934 5034 defensioni
959 4980 1110 5034 urbis
1139 4979 1507 5034 attendebant.
1528 4978 1647 5046 Quo
1672 4987 1915 5050 tempore
1937 4980 2099 5035 Com-

523 5085 701 5125 uenus
732 5071 951 5127 Alexius
979 5079 1166 5127 cum'e
1205 5073 1440 5142 speculis
1473 5073 1816 5128 observasset
1841 5088 2035 5128 manus
2067 5089 2098 5128 e

527 5159 883 5230 Bryennianis
915 5161 1110 5216 castris
1141 5161 1206 5216 ad
1243 5163 1592 5231 praedandum
1625 5177 1873 5232 egressas
1902 5177 2096 5218 versus

526 5265 677 5305 oram
708 5251 1037 5307 maritimam
1073 5253 1417 5310 descendisse
1463 5269 1793 5324 rursumque
1825 5255 2099 5325 plerisque

2190 3331 2285 3384 καὶ
2316 3331 2376 3384 τὸ
2406 3331 2520 3401 πῦρ
2538 3329 3006 3393 κατασὸἐσοντας.
3030 3330 3124 3392 Et;
3151 3329 3304 3382 οὐδὲν
3329 3328 3380 3407 δ’,
3405 3326 3553 3397 αὐτῷ
3580 3326 3648 3380 τὰ
3667 3326 3771 3395 τῆς

2190 3423 2368 3494 ὁρμῆς
2395 3421 2682 3495 κατέληξε,
2738 3421 2830 3476 τοῦ
2865 3421 3039 3492 πυρὸς
3073 3423 3153 3484 είς
3191 3421 3332 3492 μέγα
3377 3420 3635 3490 ἀρθέντος
3673 3419 3775 3472 καὶ

2191 3517 2300 3568 πᾶν
2338 3515 2398 3568 τὸ
2437 3513 2746 3585 παρατυχὸν
2793 3513 3246 3583 καταφλέγοντος.
3287 3510 3495 3580 Ξυνέϐη
3524 3509 3655 3578 γοῦν
3696 3511 3766 3562 ὲκ

2191 3605 2382 3659 τούτου
2417 3605 2584 3657 πολλά
2614 3603 2722 3656 τῶν
2752 3601 3058 3655 καλλίστων
3092 3598 3433 3670 προαστείων
3488 3594 3776 3666 πυρπολη-

2203 3697 2382 3766 θῆναι.
2419 3695 2591 3750 Τοῦτο
2622 3694 2682 3748 τὸ
2722 3695 2882 3763 ἔργον
2935 3694 3013 3756 είς
3050 3691 3218 3763 θυμὸν
3262 3691 3387 3753 τοὺς
3436 3689 3655 3749 πολίτας
3688 3687 3776 3738 δι-

2192 3786 2377 3857 ήγειρε
2408 3785 2503 3838 καὶ
2535 3783 2621 3856 [Ρ.
2655 3784 2746 3855 78]
2782 3783 2878 3852 τὴν
2916 3781 3132 3835 εὔνοιαν
3168 3779 3372 3834 τούτων
3414 3777 3775 3848 μετέστησεν.

2205 3877 2504 3944 Ἀπογνοὺς
2533 3875 2713 3929 τοίνυν
2743 3875 2772 3928 ὁ
2807 3873 2918 3927 τῶν
2945 3871 3244 3943 ταγμάτων
3271 3868 3499 3940 ἔξαρχος
3530 3864 3623 3920 τοῦ
3654 3881 3776 3916 πει-

2194 3967 2278 4018 θοϊ
2329 3967 2429 4038 τὴν
2498 3966 2654 4020 πόλιν
2712 3961 3169 4042 παραστήσασθαι
3231 3957 3374 4031 πρὸς
3449 3955 3770 4028 πολιορκίαν

2193 4058 2412 4130 ἐχώρει.

2269 4353 2358 4414 ιγ’.
2405 4345 2466 4399 '0
2498 4343 2554 4398 δὲ
2593 4341 2893 4414 τηνικαῦτα
2926 4337 3142 4411 κρατῶν
3192 4337 3290 4408 τῆς
3329 4335 3437 4390 τῶν
3483 4351 3629 4389 κατα
3672 4334 3779 4401 τὴν

2197 4439 2394 4510 χέρσον
2423 4436 2622 4505 τειχῶν
2649 4437 2896 4506 φρουρᾶς
2917 4433 3188 4503 ἐπέστησε
3216 4429 3464 4500 φύλακας
3492 4428 3582 4481 τόν
3605 4445 3663 4480 τε
3691 4431 3776 4480 οι-

2122 4561 2176 4623 D
2201 4530 2346 4583 κεῖον
2369 4527 2644 4597 ὁμαίμονα
2686 4523 3098 4578 Κωνσταντῖνον
3127 4520 3218 4573 τὸν
3256 4517 3780 4623 Πορφυρογέννητον

2201 4621 2298 4676 καὶ
2334 4619 2426 4673 τὸν
2457 4615 2742 4688 Κομνηνόν
2781 4613 3038 4678 Ἀλέξιον,
3079 4612 3130 4666 οἳ
3181 4609 3528 4682 στρατιωτῶν
3574 4608 3783 4679 ἀπορίᾳ

2200 4711 2312 4765 τῶν
2337 4709 2750 4782 προστυχόντων
2772 4707 2923 4768 τινάς
2957 4705 3051 4758 ἐπὶ
3072 4703 3141 4758 τά
3164 4704 3320 4774 τείχη
3352 4700 3780 4762 ἀναϐιϐάσαντες

2201 4805 2455 4868 καὶτοὺς
2499 4801 2709 4856 ἑαυτῶν
2752 4785 3182 4861 καθοπλίσαντες
3227 4797 3383 4850 αὐτοὶ
3433 4793 3782 4866 περιθέοντες

2203 4891 2504 4962 ἐφρούρουν
2526 4890 2627 4960 τὴν
2657 4887 2834 4942 πόλιν.
2863 4887 2954 4941 Ἐν
2991 4888 3092 4957 μιᾷ
3115 4885 3172 4938 δὲ
3194 4884 3304 4939 τῶν
3328 4883 3485 4955 ὡρῶν
3513 4899 3580 4935 πε
3590 4897 3782 4953 ρισκο-

2202 4980 2320 5033 πῶν
2343 4981 2370 5032 ὁ
2401 4978 2686 5049 Κομνηνδς
2727 4975 2962 5041 Ἀλέξιος
2987 4977 3112 5038 τοὺς
3136 4974 3245 5028 ἀπὸ
3280 4973 3647 5044 στρατοπέδου
3681 4971 3779 5024 τοῦ

2204 5071 2495 5142 Βρυεννίου
2542 5069 2823 5140 προνομῆς
2876 5067 3036 5138 χάριν
3077 5065 3214 5136 πρὸς
3267 5065 3338 5118 τὰ
3389 5063 3630 5133 παράλια
3670 5063 3783 5114 τῶν

2203 5161 2396 5234 χώρων
2433 5161 2719 5222 κατιόντας
2772 5159 2865 5212 καὶ
2912 5157 3067 5221 αὖθις
3117 5155 3254 5226 πρὸς
3299 5155 3365 5209 ’τὸ
3419 5151 3784 5224 στρατόπεδον

2202 5253 2662 5324 ἅναστρέφοντας,
2699 5251 2915 5318 ὀλίγους
2959 5249 3019 5302 δὲ
3055 5249 3251 5318 κομιδῇ
3292 5246 3782 5314 καταλειφθέντας,

529 5342 584 5397 in
637 5351 816 5398 castra
863 5343 1216 5400 redeuntibus
1248 5344 1406 5400 valde
1443 5360 1644 5414 paucos
1692 5356 1838 5401 retro
1884 5346 2082 5402 relicto:

2200 5344 2299 5409 τὰς
2330 5345 2505 5401 πύλας
2538 5343 2884 5404 ἀναπετάσας
2920 5340 3086 5404 ἔξεισι
3123 5339 3262 5408 μετά
3296 5338 3404 5390 τῶν
3433 5337 3568 5404 ἀμφ’
3617 5335 3786 5387 αὐτὸν

529 5434 778 5502 haesisse,
807 5435 1088 5506 patefactis
1128 5436 1309 5491 subito
1363 5437 1531 5507 portis
1565 5453 1696 5502 cum
1736 5438 2101 5493 familiaribus

2207 5437 2300 5489 καί
2328 5435 2652 5505 ἐπιθέμενος
2678 5433 2887 5496 τούτοις
2907 5433 3110 5500 ζωγρεῖ
3138 5429 3335 5501 ἄνδρας
3370 5429 3533 5498 μέχρι
3565 5425 3674 5480 τῶν
3701 5424 3788 5475 εἶ-

1550 5601 1752 5664 Caroli
1788 5603 1881 5664 Du
1909 5603 2146 5664 Fresne
2171 5599 2260 5660 Du
2308 5599 2513 5676 Cange
2551 5601 2740 5657 notae.

609 5741 720 5812 uo)
750 5743 1057 5812 Φρούριον.
1095 5743 1157 5799 ν.
1193 5756 1304 5800 not.
1343 5747 1407 5800 ad
1455 5747 1719 5802 Villhard.
1756 5765 1809 5801 η.
1840 5744 1928 5802 86.

609 5811 723 5880 (Η)
752 5811 1053 5870 Διέόαινον
1085 5816 1198 5885 τὴν
1229 5817 1516 5888 γέφυραν.
1571 5817 1757 5876 Pontis
1799 5819 1955 5874 istius
1992 5831 2105 5873 mc-

2213 5743 2698 5798 minitCiunamus
2733 5739 2768 5792 l.
2808 5755 2864 5792 ll.
2900 5737 3063 5794 Plura
3091 5738 3253 5795 etiam
3299 5737 3365 5794 de
3388 5735 3480 5793 illo
3501 5730 3780 5804 congessi-

2216 5829 2336 5869 mus
2363 5813 2428 5867 ad
2464 5809 2728 5867 Villhard.
2760 5825 2813 5863 ιι.
2851 5809 2940 5864 85.
