4154 6432
375 428 464 496 161

1563 430 2112 492 HISTORIARUM
2152 432 2301 494 LIB.
2345 396 2486 495 nn

3551 444 3661 511 162

369 562 513 609 ⁴ιιοσι,
556 542 654 596 καὶ
678 542 813 614 πρὶν
848 542 884 613 ἢ
906 541 1034 606 τοὺς
1066 540 1258 604 ἄλλους
1285 540 1487 609 γνῶναι
1520 542 1582 593 τὸ
1643 542 1827 612 δρᾶμα
1877 543 1975 594 ὲπ-

2080 545 2317 613 rrumpit
2348 544 2666 614 impetuque
2702 545 2754 599 in
2786 546 2886 602 hos
2913 546 3056 602 facto
3080 550 3234 605 vivos
3263 551 3407 621 capit
3433 568 3663 609 numero

389 640 561 691 ἄνεισι
587 636 706 705 μετ’
733 634 923 688 αὐτῶν
955 636 1033 697 εἰς
1059 636 1157 704 τὴν
1196 634 1369 686 πόλιν.
1399 636 1508 687 Καὶ
1533 633 1693 695 εὐθὺς
1738 633 1965 702 περιλά-

376 734 533 799 λητος
560 725 629 799 ἦν
647 731 762 791 τοῖς
785 729 1048 782 ἁπάντων
1074 727 1389 795 στόμασινὴ
1426 725 1522 778 τοῦ
1549 725 1742 795 ἀνδρὸς
1770 726 1964 795 ἀρετή.

391 821 451 873 ’0
494 821 554 874 δὲ
594 820 792 887 φθόνος
823 818 1087 882 ὑπέκνιζε
1142 817 1235 871 τὸν
1268 817 1677 871 Κωνσταντῖνον
1713 816 1969 869 τοσοῦτον

377 914 455 974 ὡς
487 912 580 965 καὶ
611 912 756 964 κατὰ
800 911 1096 981 πρόσωπον
1125 908 1203 979 τῷ
1238 909 1396 981 ἀνδρὶ
1430 906 1851 980 λοιδορήσασθαι
1889 908 1970 961 ὅτι

382 1004 460 1072 μὴ
491 1003 584 1055 καὶ
614 1002 806 1055 τοῦτον
854 1001 1258 1071 συμπράκτορα
1290 1000 1416 1070 ἔσχε
1445 1000 1541 1054 τοῦ
1581 998 1770 1069 ἔργου.
1812 998 1872 1051 '0
1911 998 1970 1051 δὲ

380 1093 603 1165 κρατῶν
629 1092 843 1163 ἠγάσθη
870 1110 929 1145 τε
986 1093 1179 1146 τούτου
1212 1093 1312 1163 τὴν
1357 1092 1560 1164 πρᾶξιν
1613 1091 1710 1144 καὶ
1744 1091 1973 1162 χάριτας

381 1185 535 1254 αὐτῷ
572 1183 825 1253 φανερῶς
876 1182 1168 1253 ὡμολόγει.
1199 1182 1417 1252 Ταύτην
1468 1183 1570 1252 τὴν
1624 1180 1826 1251 πρᾶξιν
1876 1179 1970 1233 τοῦ

382 1274 674 1344 Κομνηνοῦ
704 1274 960 1344 ἀφορμὴν
990 1277 1020 1327 6
1044 1276 1262 1345 Καῖσαρ
1294 1272 1471 1345 εὑρὼν
1497 1273 1588 1325 τὸν
1618 1273 1796 1342 γάμον
1829 1272 1975 1337 ἐξαι-

383 1369 467 1420 τεῖ
491 1368 590 1435 τῆς
625 1366 957 1436 θυγατριδῆς
991 1366 1313 1434 τελεσθῆναι
1336 1363 1433 1417 τοῦ
1464 1365 1645 1434 γάμου
1687 1362 1969 1433 συναφείᾳ.

386 1459 503 1512 Καὶ
536 1456 772 1510 τελεῖται
804 1457 1015 1527 ταχέως
1051 1458 1170 1526 ἃμα
1216 1456 1296 1527 τῷ
1334 1455 1565 1527 λυθῆναι
1598 1456 1699 1526 τὴν
1748 1454 1972 1525 πολιορ-

387 1549 516 1602 κίαν
554 1550 623 1619 τῇ
657 1547 831 1601 πόλει.
867 1546 1055 1600 Ταῦτα
1093 1548 1190 1617 μὲν
1218 1546 1408 1600 τοῦτον
1433 1546 1560 1617 ἔσχε
1587 1547 1680 1601 τὸν
1708 1546 1939 1617 τρόπον.

463 1636 548 1693 ιδ’.
591 1640 651 1692 'O
683 1639 741 1692 δὲ
766 1637 877 1691 τῶν
908 1638 1205 1707 ταγμάτων
1236 1636 1529 1708 κατάρχων
1561 1636 1656 1691 τοῦ
1688 1635 1976 1705 Βρυεννίου

384 1729 666 1798 τηνάλλως
709 1728 853 1799 ὁρῶν
882 1728 1203 1799 τριϐόμενον
1231 1727 1325 1781 τὸν
1365 1731 1469 1799 τῆς
1501 1727 1819 1799 πολιορκίας
1850 1744 1975 1779 και-

390 1822 509 1894 ρὸν,
542 1822 630 1875 ἵνα
658 1821 731 1892 μὴ
761 1820 921 1875 πλέον
947 1819 1237 1889 κακοπαθῇ
1268 1819 1317 1872 οί
1349 1818 1411 1872 τὸ
1444 1818 1786 1889 στράτευμα,
1816 1817 1974 1870 ἐϐού-

2073 632 2260 702 viginti
2292 648 2356 686 ac
2384 635 2700 701 priusquam
2733 635 2825 688 alii
2862 637 3127 692 sentirent
3158 638 3299 693 intra
3331 641 3520 695 urbem
3569 658 3661 696 ra-

2072 723 2169 790 pit.
2207 721 2327 788 Quo
2379 723 2520 777 facto
2572 738 2667 792 per
2714 725 2986 778 civitatem
3025 728 3210 781 statim
3246 729 3388 784 fama
3422 732 3660 800 vulgato,

2073 812 2253 865 omnia
2312 812 2410 866 viri
2475 812 2730 869 laudibus
2799 817 3182 883 personabant.
3242 818 3395 874 Unde
3456 821 3662 876 invidia

2072 905 2213 959 ussit
2245 903 2666 959 Constantinum
2697 906 2751 960 in
2782 915 2991 961 tantum
3026 918 3085 964 ut
3113 924 3296 965 coram
3331 913 3383 965 in
3418 927 3479 967 os
3502 912 3665 967 Com‘

2071 1006 2216 1047 neno
2242 992 2486 1062 jurgium
2525 994 2708 1058 ferret,
2745 997 2890 1065 quod
2926 999 2970 1052 is
3006 1013 3065 1053 se
3098 1001 3309 1054 socium
3343 1002 3408 1056 ad
3444 1003 3494 1057 id
3532 1002 3665 1057 faci-

2072 1097 2178 1136 nus
2210 1098 2317 1137 non
2347 1084 2709 1139 adhibuisset.
2740 1084 3044 1156 Imperator
3071 1098 3250 1144 tamen
3287 1089 3487 1147 factum
3532 1110 3662 1162 pro-

2075 1174 2226 1229 bavit
2258 1186 2311 1230 et
2344 1173 2537 1229 Alexio
2568 1175 2747 1245 palam
2779 1178 2983 1246 gratias
3017 1180 3151 1250 egit.
3172 1179 3250 1234 Ex
3278 1180 3380 1236 hoc
3401 1184 3662 1239 Comneni

2074 1278 2330 1320 successu
2377 1263 2612 1334 indeque
2640 1273 2759 1319 orta
2792 1264 3092 1323 offensione
3124 1268 3467 1325 Constantini
3503 1287 3666 1326 occa-

2074 1355 2282 1412 sionem
2308 1355 2492 1411 Carsar
2524 1357 2764 1424 captavit
2794 1367 3155 1426 opportunam
3189 1361 3417 1429 urgendi
3444 1364 3666 1431 nuptias

2074 1447 2305 1519 propria:
2349 1448 2526 1517 neptis
2562 1463 2686 1503 cum
2718 1449 2910 1504 Alexio
2934 1492 2950 1517 ,
2988 1466 3112 1520 qua:
3138 1462 3190 1508 et
3220 1464 3345 1523 post
3376 1454 3480 1510 sub
3508 1456 3664 1511 obsi-

2071 1539 2254 1594 dionis
2284 1538 2611 1595 solutionem
2644 1540 2750 1594 rite
2779 1541 3066 1596 celebrata:
3096 1554 3246 1598 sunt.

2146 1629 2236 1685 14.
2280 1628 2423 1684 Inter
2462 1630 2577 1685 haec
2615 1631 2759 1685 enim
2809 1631 3136 1702 Bryenniani
3168 1635 3364 1693 ductor
3389 1642 3664 1698 exercitus

2079 1720 2283 1777 frustra
2327 1722 2518 1777 videns
2566 1724 2664 1777 teri
2716 1723 3003 1780 obsidione
3052 1736 3299 1796 tempus,
3335 1746 3405 1785 ne
3447 1735 3667 1789 vexatio

2079 1812 2234 1867 irrita
2265 1817 2539 1868 exercitus
2574 1825 2872 1880 cresceret,
2902 1817 3114 1872 solvere
3143 1818 3482 1877 obsidionem
3517 1825 3667 1894 cogi-

386 1887 516 1964 λετο
542 1909 642 1980 μὲν
658 1887 770 1979 ’την
790 1907 1110 1978 πολιορκίαν
1130 1887 1312 1969 λῦσαι,
1339 1887 1607 1976 ᾐσχύνετο
1632 1905 1678 1957 δ’
1694 1887 1854 1973 ὅμως
1878 1902 1973 1956 καὶ

2082 1905 2267 1968 tabat,
2304 1907 2787 1975 retardabaturque
2835 1908 3014 1963 solum
3065 1911 3272 1979 pudore
3323 1916 3561 1981 quodam
3586 1887 3668 1973 "et

389 2000 582 2055 ἐδεδίει
615 2000 689 2071 μή
710 2000 842 2053 ποτὲ
871 2017 923 2053 τι
955 1998 1193 2069 ξυμϐαίη
1221 1997 1427 2067 σχίσμα
1455 1996 1589 2068 περὶ
1617 1994 1718 2066 τὴν
1751 1993 1976 2048 παλινό-

391 2108 606 2157 στησιν.
653 2092 868 2162 Ἐζήτει
902 2087 996 2145 οὖν
1037 2108 1158 2144 τινα
1214 2089 1492 2161 πρόφασιν
1530 2089 1786 2157 ἑφευρεῖν
1833 2085 1975 2139 ὥστε

392 2183 488 2238 καὶ
513 2182 613 2252 τὴν
632 2182 955 2252 πολιορκίαν
989 2180 1147 2235 λῦσαι
1174 2182 1267 2234 καὶ
1300 2180 1469 2251 μηδέν
1499 2197 1551 2233 τι
1576 2181 1639 2233 ἐκ
1664 2178 1857 2232 τούτου
1890 2194 1978 2230 πε-

390 2273 673 2345 ριέσεσθαι
728 2273 1013 2344 βλαϐερόν.
1066 2273 1223 2327 Οὕτω
1269 2271 1314 2325 δ’
1352 2269 1518 2324 αὐτοῦ
1566 2269 1975 2339 διανοουμένου,

392 2363 796 2431 ἀπαγγέλλεταί
828 2381 881 2416 τι
921 2362 1128 2434 πλῆθος
1173 2359 1398 2415 Σκυθῶν
1442 2360 1635 2415 διαϐὰν
1662 2361 1753 2414 τὸν
1803 2354 1978 2431 Αἷμον

390 2459 491 2513 καὶ
518 2459 586 2510 τὰ
616 2456 759 2511 κατὰ
784 2456 879 2526 τὴν
910 2456 1261 2528 Χερρόνησον
1296 2454 1635 2525 κατατρέχον
1680 2452 1856 2524 χωρία
1885 2454 1980 2506 καὶ

393 2549 737 2621 ληϊζόμενον.
779 2547 948 2600 Τοῦτο
974 2545 1157 2599 τοίνυν
1205 2544 1458 2616 ἀφορμὴν
1486 2542 1664 2614 εὑρὼν
1710 2545 1737 2595 6
1768 2559 1971 2613 στρατ-

396 2644 573 2713 άρχης
602 2641 721 2695 λύει
775 2639 874 2710 τὴν
897 2636 1216 2709 πολιορκίαν
1244 2636 1388 2690 κατὰ
1421 2636 1531 2689 τῶν
1570 2634 1798 2699 Σκυθῶν
1826 2633 1980 2704 ἐξορ-

392 2735 615 2803 μήσας,
666 2731 761 2785 καὶ
811 2729 1049 2799 ἐντυχὼν
1096 2728 1284 2791 αὐτοῖς
1340 2726 1659 2780 ἐπανιοῦσιν
1712 2724 1981 2796 ἐτρέψατο

388 2826 540 2877 κατὰ
566 2822 765 2894 κράτος
787 2822 874 2875 καῖ
907 2820 1067 2890 φόνον
1089 2819 1171 2873 ὄτι
1197 2818 1447 2871 πλεῖστον
1488 2816 1806 2886 εἰργάσατο,
1833 2832 1981 2884 παμ-

394 2911 631 2975 πόλλους
672 2912 732 2965 δὲ
779 2912 1075 2982 ζωγρήσας
1116 2909 1253 2978 πρὸς
1297 2908 1388 2962 τὸν
1434 2907 1663 2976 ἀδελφὸν
1713 2906 1976 2975 ἐπανῆκε.

392 3004 642 3060 Γίνονται
668 3004 761 3057 οὖν
799 3004 850 3056 oi
880 3002 1188 3064 ὲαλωκότες
1210 3001 1406 3069 ἐκείνῳ
1432 3000 1658 3069 ἀφορμὴ
1688 2997 1825 3067 πρὸς
1853 2997 1980 3060 τοὺς

392 3096 610 3159 Σκύθας
652 3095 876 3166 εἰρήνης
923 3111 985 3147 τε
1035 3095 1128 3147 καὶ
1176 3092 1537 3162 ξυμϐάσεως·
1576 3089 1821 3160 ὁμήρους
1870 3088 1981 3157 γὰρ

389 3181 505 3237 τῶν
545 3182 825 3252 ἐπιφανῶν
854 3181 1038 3244 δόντες
1067 3180 1194 3242 τούς
1232 3197 1290 3231 τε
1319 3180 1557 3242 οἰκείους
1597 3176 1981 3249 αἰχμαλώτους

390 3275 655 3345 εἰλήφασι
674 3275 770 3328 καὶ
796 3272 1081 3344 σύμμαχοι
1110 3270 1286 3343 τούτῳ
1318 3272 1688 3342 κατέστησαν.

467 3444 555 3502 ιε’.
609 3445 698 3501 Ἐν
726 3446 837 3514 ὅσῳ
875 3447 933 3501 δὲ
975 3445 1150 3500 ταῦτα
1178 3445 1503 3517 ἐπράττετο,
1545 3447 1575 3501 6
1615 3446 1980 3517 Βοτανειάτης

390 3539 729 3610 Νικηφόρος,
766 3537 852 3611 [Ρ.
903 3539 993 3612 79]
1024 3534 1103 3604 εἷς
1131 3537 1207 3594 ὢν
1236 3538 1345 3592 τῶν
1378 3541 1444 3592 ἐκ
1480 3539 1579 3607 τῆς
1621 3538 1795 3609 Ἐῴας
1825 3541 1981 3607 εὐγε-

390 3631 691 3695 νεστάτων,
742 3632 1050 3701 στρατηγὸς
1076 3630 1186 3684 τῶν
1226 3628 1586 3684 Ἀνατολικῶν
1629 3630 1734 3699 πρὸ
1783 3627 1979 3683 πολλοῦ

391 3722 678 3783 καταστὰς
731 3721 887 3792 παρὰ
925 3721 1215 3786 ὁασιλέως,
1256 3722 1323 3792 ἣν
1370 3719 1559 3773 ὤδινεν
1612 3720 1981 3775 ἐπανάστασιν

389 3816 476 3877 εἰς
511 3813 822 3884 τούμφανὲς
866 3813 1129 3883 ἐξήγαγε.
1175 3811 1382 3866 Μαθὼν
1429 3812 1537 3882 γὰρ
1578 3813 1635 3864 ὲν
1711 3814 1981 3883 ταραχαῖς

390 3902 536 3961 εἶναι
565 3904 635 3958 τὰ
663 3904 804 3958 κατὰ
832 3904 934 3973 τὴν
971 3903 1268 3974 Ἑσπέραν,
1297 3903 1370 3967 ὡς
1389 3902 1499 3956 τῶν
1515 3902 1724 3956 πόλεων
1751 3901 1979 3956 ἁπασῶν

391 3999 500 4052 ὑπὸ
520 3997 614 4050 τὸν
648 3996 935 4068 Βρυέννιον
974 3995 1304 4066 γενομένων,
1334 3995 1463 4059 τοὺς
1501 3995 1645 4049 κατὰ
1677 3994 1778 4065 τὴν
1821 3995 1980 4048 Ἀνα-

388 4088 561 4158 τολὴν
603 4086 696 4140 καὶ
734 4086 896 4150 αὐτὸς
948 4085 1314 4157 συναθροίσας
1352 4083 1697 4155 στρατιώτας
1755 4084 1849 4138 καὶ
1886 4084 1979 4137 τὸν

388 4177 806 4250 Χρυσόσκουλον
825 4175 1200 4246 ἐπιδημοῦντα
1220 4174 1525 4247 τηνικαῦτα
1545 4176 1658 4239 τοῖς
1671 4174 1769 4245 τῆς
1788 4171 1983 4228 Ἑσπέ-

394 4287 499 4338 pa:
534 4270 725 4340 μέρεσι
760 4267 1203 4339 προσλαϐόμενος
1239 4267 1433 4337 (πάλαι
1475 4266 1589 4338 γὰρ
1620 4265 1759 4338 ἔφθη
1791 4283 1975 4337 προσ-

389 4364 653 4433 χωρήσας
709 4359 1030 4430 Ῥωμαίοις,
1104 4358 1344 4430 ὁπηνίκα
1394 4359 1496 4422 τὰς
1530 4358 1688 4429 ἡνίας
1723 4353 1827 4429 ἦγε
1877 4356 1978 4428 τῆς

393 4453 678 4525 βασιλείας
704 4454 733 4507 6
771 4452 1054 4521 Ῥωμανδς
1093 4451 1377 4519 Διογένης,
1408 4449 1486 4514 ὡς
1518 4450 1548 4503 6
1573 4449 1729 4519 λόγος
1764 4448 1979 4519 φθάσας

2084 2005 2256 2061 metu,
2288 2012 2357 2051 ne
2395 1998 2802 2052 dissensionum
2856 1999 3063 2068 aliquid
3115 2000 3255 2055 inter
3290 2003 3432 2058 male
3480 2007 3667 2062 cohae-

2087 2099 2268 2145 rentes
2297 2090 2485 2158 copias
2503 2098 2558 2144 et
2582 2088 2817 2145 defectio
2840 2091 3188 2161 secessioque
3216 2096 3577 2161 quorumdam
3607 2099 3664 2152 in

2088 2180 2246 2249 117
2281 2180 2528 2235 discessu
2560 2180 2815 2234 oriretur.
2846 2179 3134 2245 Quaerebat
3167 2181 3332 2252 igitur
3362 2199 3471 2253 quo
3504 2194 3665 2254 pacto

2084 2284 2334 2325 securam
2368 2279 2422 2323 et
2459 2268 2739 2323 innoxiam
2773 2268 3080 2325 obsidionis
3126 2272 3457 2327 solutionem
3492 2274 3665 2329 babe-

2085 2369 2186 2416 ret.
2263 2361 2387 2415 llaec
2432 2362 2479 2415 ei
2562 2361 2787 2428 agitanti
2867 2362 3092 2416 nuntius
3140 2363 3297 2417 venit
3339 2363 3663 2434 Scytharum

2086 2451 2322 2522 aliquam
2353 2451 2756 2506 multitudinem
2787 2451 3034 2507 Haemum
3068 2462 3465 2524 transgressam
3500 2470 3662 2524 agros

2084 2556 2360 2614 pagosque
2386 2542 2531 2595 circa
2560 2540 2965 2596 Chersonesum
3001 2541 3285 2596 incursare
3320 2552 3663 2612 vastareque.

2086 2637 2225 2692 Hinc
2248 2647 2404 2707 rapto
2426 2644 2689 2705 przetextu
2715 2636 2923 2690 recedit
2952 2650 2981 2688 a
3010 2635 3228 2689 civitate
3248 2636 3403 2705 quasi
3431 2633 3665 2704 Scythas

2085 2726 2415 2797 reprimendi
2464 2725 2644 2779 studio
2691 2725 2871 2794 iisque
2917 2724 3265 2778 commodum
3297 2738 3325 2775 a
3360 2724 3537 2792 praeda
3574 2738 3662 2775 re-

2087 2815 2427 2870 vertentibus
2482 2828 2778 2868 occurrens
2842 2827 3079 2881 pugnam
3143 2813 3440 2867 secundam
3514 2811 3666 2877 fecit,

2088 2907 2226 2963 fusis
2286 2906 2592 2977 fugatisque
2641 2904 2893 2968 cunctis,
2934 2903 3184 2972 plurimis
3222 2903 3526 2959 interfectis
3566 2919 3669 2959 inec

2088 2996 2444 3067 paucioribus
2472 2996 2666 3064 captis.
2697 3009 2837 3064 quos
2868 2993 2935 3047 ad
2968 2993 3191 3047 fratrem
3223 2994 3438 3048 rediens
3476 2993 3525 3047 ei
3566 2994 3668 3047 ob—

2088 3088 2236 3143 tulit.
2261 3086 2362 3153 Qui
2392 3103 2457 3141 ex
2494 3089 2559 3142 iis
2589 3085 2878 3141 occasione
2907 3085 3268 3154 transigenda:
3301 3099 3425 3137 cum
3449 3084 3668 3154 Scythis

2089 3181 2241 3251 pacis
2272 3188 2577 3250 opportune
2609 3186 2785 3247 capta,
2815 3176 3043 3232 redditis
3071 3177 3302 3246 captivis
3334 3177 3469 3231 alios
3497 3192 3527 3230 e
3558 3178 3669 3246 pri-

2084 3271 2332 3326 moribus
2364 3270 2689 3340 Scytharum
2723 3269 2944 3324 obsides
2991 3268 3203 3338 accepit
3238 3268 3503 3324 societate
3538 3284 3665 3324 cum

2084 3364 2153 3420 iis
2187 3364 2344 3418 firma
2380 3364 2700 3418 constituta.

2156 3455 2245 3510 15.
2292 3455 2427 3509 Dum
2460 3464 2640 3510 autem
2673 3457 2788 3510 haec
2816 3454 3181 3526 gerebantur,
3232 3454 3543 3509 Botaniates
3570 3454 3667 3509 Ni-

2082 3549 2354 3618 cephorus
2383 3562 2526 3602 unus
2549 3562 2580 3601 e
2604 3544 2964 3600 nobilissimis
2985 3544 3247 3610 Orientis,
3272 3562 3432 3616 quem
3460 3547 3663 3602 dudum

2084 3635 2378 3704 imperator
2433 3631 2706 3687 universis
2743 3629 3039 3686 Orientalis
3091 3642 3301 3687 tractus
3350 3632 3669 3702 praefecerat

2082 3727 2276 3795 copiis,
2310 3738 2474 3793 quam
2523 3722 2732 3792 pridem
2781 3724 3122 3792 parturiebat
3166 3724 3516 3778 rebellionem
3561 3728 3665 3777 aii-

2082 3817 2303 3888 quando
2347 3815 2523 3883 palam
2578 3813 2821 3882 protulit.
2862 3812 3174 3883 lntelligens
3222 3812 3369 3867 enim
3419 3815 3667 3868 turbatas

2081 3924 2206 3965 esse
2249 3923 2335 3963 res
2376 3906 2690 3962 Occidentis
2715 3943 2729 3969 ,
2765 3904 3081 3959 civitatibus
3136 3904 3413 3973 plerisque
3456 3903 3664 3975 Bryen—

2082 4000 2235 4056 nium
2273 3999 2665 4070 sequentibus,
2697 3996 2939 4052 collectis
2996 4006 3049 4051 et
3100 3996 3219 4066 ipse
3267 3996 3320 4049 in
3368 4011 3535 4050 unum
3571 3997 3665 4064 qui

2081 4099 2240 4148 erant
2270 4093 2418 4145 varie
2457 4104 2553 4159 per
2585 4086 2893 4143 Orientales
2923 4085 3233 4156 provincias
3263 4086 3436 4155 sparsi
3473 4086 3663 4141 militi-

2080 4182 2185 4238 bus
2213 4190 2270 4236 et
2300 4190 2584 4249 assumpto
2609 4178 2979 4250 Chrysosculo
3017 4178 3109 4249 qui
3151 4187 3280 4233 tunc
3309 4179 3363 4232 in
3391 4177 3662 4233 Orciduas

2081 4282 2266 4344 partes
2317 4271 2711 4343 profectionem
2766 4270 3070 4326 adornabat
3099 4270 3334 4340 (dudum
3361 4270 3505 4325 enim
3538 4280 3664 4324 ante

2082 4364 2185 4418 hoc
2215 4373 2428 4432 tempus
2462 4362 2508 4417 is
2539 4361 2799 4417 Romanis
2831 4372 3161 4426 accesserat,
3186 4362 3293 4432 iam
3326 4371 3437 4416 tum
3463 4376 3527 4415 ex
3551 4377 3664 4431 quo

2082 4454 2369 4524 imperium
2401 4452 2818 4509 administrabat
2846 4452 3127 4509 Romanus
3156 4453 3438 4523 Diogenes,
3476 4462 3537 4506 ut
3568 4468 3630 4506 sn

390 4545 685 4616 ἐδήλωσεν)
734 4545 908 4597 ἐπιὼν
961 4542 1060 4607 τὰς
1107 4542 1294 4605 πόλεις
1341 4541 1433 4612 ὑφ’
1482 4542 1677 4597 ἑαυτὸν
1714 4543 1971 4595 ἐποιεῖτο.

2086 4545 2272 4616 perius
2310 4544 2365 4599 in
2404 4544 2508 4600 bac
2554 4544 2784 4599 historia
2831 4543 3166 4613 docuimus),
3193 4543 3383 4599 obiens
3412 4543 3663 4599 civitates

390 4635 624 4689 Πάντων
668 4633 714 4686 δ’
750 4631 903 4703 αὑτῷ
934 4631 1479 4704 προσκεχωρηκότων
1553 4632 1583 4684 6
1637 4629 1977 4701 Μελισσηνὺς

390 4727 731 4797 Νικηφόρος,
760 4726 817 4788 ἐς
849 4722 1173 4794 Βουρτζίους
1202 4740 1264 4777 τε
1290 4722 1386 4778 καὶ
1414 4722 1792 4793 Μελισσηνοὺς
1823 4721 1980 4775 ἀνέλ-

390 4836 507 4873 κων
550 4817 611 4871 τδ
657 4817 829 4885 γένος,
869 4815 950 4885 τῷ
1003 4815 1297 4886 κρατοῦντι
1326 4814 1632 4885 τηνικαῦτα
1689 4814 1978 4883 Ῥωμαίων

388 4912 579 4962 πίστιν
605 4909 788 4977 τηρῶν
818 4907 1079 4978 πολέμιον
1108 4906 1288 4977 ἑαυτῷ
1316 4905 1409 4960 τὸν
1442 4906 1809 4976 Βοτανειάτην
1866 4907 1976 4960 ἀπ-

389 4999 591 5064 έδειξε.
622 4998 1021 5069 Προσεχιὶψησε
1067 4998 1125 5051 δὲ
1168 5001 1370 5069 τούτῳρ,
1406 4999 1502 5053 καὶ
1558 5000 1586 5052 ό
1612 4997 1978 5067 Παλαιολόγος

388 5090 690 5161 Γεὼργιος,
720 5090 859 5161 ἀνὴρ
879 5089 955 5144 ὢν
987 5092 1236 5159 γενναῖος
1260 5091 1368 5145 κάν
1399 5093 1513 5154 τοῖς
1541 5091 1860 5161 πολεμικοῖς
1888 5090 1979 5161 ἔρ-

387 5199 513 5251 γοις
543 5182 786 5253 ἄριστος,
815 5183 943 5254 ἄρτι
967 5183 1013 5236 δ’
1036 5185 1101 5237 ἐκ
1120 5183 1550 5252 Μεσοποταμίας
1581 5182 1754 5238 ἐλθὼν
1789 5182 1976 5254 (ξυνῆν

385 5273 505 5343 γὰρ
532 5274 709 5325 ἐκεῖσε
738 5272 816 5343 τῷ
854 5273 969 5343 ἰδίῳ
1006 5277 1175 5344 πατρὶ
1203 5274 1442 5327 διέποντι
1473 5275 1572 5344 τὴν
1596 5277 1694 5345 τῆς
1720 5276 1973 5328 Μεσοπο-

386 5362 595 5430 ταμίας
617 5361 841 5434 ἀρχὴν),
871 5361 1194 5433 βουλόμενος
1229 5362 1309 5426 είς
1344 5362 1437 5416 τὸν
1464 5364 1773 5433 κρατοῦντα
1795 5363 1975 5416 πίστιν

385 5458 630 5525 τηρῆσαι
656 5455 1018 5524 ἀκράδαντον.

463 5554 563 5613 ις’.
596 5550 654 5600 '0
675 5548 807 5618 γοῦν
830 5548 1193 5619 Βοτανειάτης
1208 5548 1318 5601 τῶν
1342 5547 1518 5602 ἄλλων
1543 5550 1798 5605 ἁπάντων
1822 5550 1973 5621 αὐτῷ

384 5642 935 5712 προσκεχωρηκότων
967 5643 1186 5712 ἀπάρας
1213 5643 1278 5695 ἐκ
1310 5641 1412 5711 τῆς
1439 5641 1679 5711 Φρυγίας
1708 5644 1845 5711 πρὸς
1875 5641 1973 5711 τὴν

384 5730 640 5784 Βιθυνίαν
665 5733 951 5802 ἠπείγετο,
979 5732 1313 5802 διεπέμπετο
1355 5733 1413 5785 δὲ
1445 5736 1541 5786 καὶ
1581 5732 1720 5802 πρὸς
1758 5732 1883 5796 τοὺς
1914 5733 1972 5785 ὲν

385 5821 457 5893 τῇ
497 5820 650 5876 πόλει
677 5821 882 5893 λάθρα,
928 5820 1096 5891 τιμὰς
1149 5824 1415 5892 μεγίστας
1456 5824 1550 5878 καὶ
1600 5822 1809 5893 δωρεὰς
1856 5824 1969 5885 τοῖς

2084 4636 2189 4692 sibi
2217 4635 2561 4707 subjiciebat.
2590 4636 2818 4692 Cunctis
2847 4644 3028 4691 autem
3061 4637 3264 4706 passim
3300 4636 3355 4690 in
3384 4635 3505 4705 ejus
3538 4650 3664 4703 par-

2081 4738 2164 4784 tes
2199 4728 2631 4796 transeuntibus,
2650 4727 2972 4784 Melissenus
2990 4727 3349 4797 Nicephorus,
3378 4742 3407 4780 e
3427 4726 3661 4781 Burtziis

2085 4821 2247 4892 118
2275 4830 2329 4876 et
2354 4820 2657 4877 Mclissenis
2687 4835 2860 4892 genus
2891 4821 3119 4885 ducens,
3153 4821 3310 4873 fidem
3344 4818 3658 4887 imperatori

2080 4928 2330 4979 servans,
2355 4913 2409 4968 in
2440 4927 2499 4968 se
2528 4927 2679 4967 arma
2710 4911 3011 4965 Botaniataa
3044 4910 3336 4965 convertit.
3368 4909 3660 4965 Melisseno

2080 5019 2140 5061 se
2175 5004 2426 5074 adiunxit
2456 5004 2571 5073 pari
2607 5000 2883 5057 tidelitatis
2911 4998 3158 5054 Michaeli
3190 4999 3514 5069 praestanda:
3545 5009 3662 5055 stu-

2079 5097 2171 5152 dio
2202 5095 2537 5165 Palmologus
2564 5092 2851 5164 Georgius,
2885 5092 2967 5146 vir
3004 5090 3162 5147 fortis
3197 5101 3251 5146 et
3284 5092 3491 5147 bellicis
3524 5090 3657 5146 faci-

2080 5188 2307 5241 noribus
2337 5185 2618 5256 egregius,
2650 5197 2843 5237 recens
2872 5198 2902 5237 e
2933 5181 3322 5251 Mesopotamia
3342 5224 3358 5249 ,
3389 5185 3481 5241 ubi
3518 5184 3660 5254 patri

2078 5293 2196 5333 eam
2228 5276 2564 5346 provinciam
2595 5271 2999 5328 administranti
3029 5271 3299 5326 adfuerat.

2151 5545 2236 5600 16.
2258 5545 2570 5600 Botaniates
2592 5543 2775 5614 igitur,
2798 5543 2919 5599 aliis
2942 5542 3153 5596 cunctis
3181 5554 3372 5612 praeter
3396 5540 3495 5593 hos
3516 5539 3657 5592 duos

2078 5640 2178 5709 ipsi
2227 5638 2754 5707 obtemperantibus,
2814 5637 2978 5690 motis
3024 5636 3222 5689 castris
3267 5649 3296 5687 e
3331 5631 3562 5701 Phrygia
3600 5632 3654 5684 iu

2077 5729 2382 5800 Bithyniam
2417 5728 2711 5782 ferebatur.
2745 5725 2961 5779 Miserat
2995 5735 3176 5778 autem
3208 5724 3261 5775 in
3296 5720 3480 5774 urbem
3513 5719 3654 5771 clam

2076 5824 2167 5891 qui
2217 5836 2317 5877 suo
2344 5820 2567 5876 nomine
2619 5818 2958 5890 principibus
2996 5814 3376 5885 promitterent
3406 5824 3655 5869 summos
