4154 6440
421 411 528 474 itif:

1600 413 2141 475 IIlS’l‘ORlARUM
2185 415 2332 476 LIB.
2374 417 2488 479 III.

3587 424 3689 515 me

413 530 565 584 κατὰ
588 526 692 580 τῶν
715 525 979 599 Τούρκων
1006 527 1100 580 καὶ
1119 528 1210 589 τὰς
1230 525 1453 579 ἐκείνων
1472 527 1648 596 ὁρμὰς
1668 527 1985 580 ἀνέστελλον

2114 529 2316 597 impetu
2363 531 2416 585 in
2451 529 2664 588 Turcos
2703 532 2851 590 facto
2892 535 3002 590 vim
3035 550 3228 592 eorum
3278 549 3687 608 represserunt.

415 624 707 684 Δείσαντες
753 623 798 674 δ’
849 624 898 674 οἱ
952 621 1081 692 περὶ
1128 621 1293 673 αὐτὸν
1341 620 1416 689 μὴ
1462 619 1560 673 τοῦ
1607 619 1846 690 πλήθους
1895 620 2004 672 τῶν

415 712 682 783 Τούρκων
733 711 1048 778 φθάσαντος
1086 708 1420 762 κυκλωθεῖεν
1461 707 1596 778 ὁμοῦ
1654 708 1752 762 καὶ
1803 707 2001 778 ἁλῷεν,

414 805 513 858 τὸν
559 801 979 872 Χρυσόσκουλον
1035 801 1176 870 πρὸς
1219 800 1418 863 αὐτοὺς
1457 799 1903 870 ὲκπεπόμφασιν.
1945 797 2001 851 ’0

416 895 480 948 δὲ
503 894 772 964 ὁμιλήσας
795 893 1031 952 ἐκείνοις
1056 893 1153 946 καὶ
1183 892 1379 955 πείσας
1406 893 1665 962 χρήματα
1695 890 1882 944 λαϐεῖν
1908 890 2004 944 καὶ

420 986 822 1056 παλινοστῆσαι
853 985 1038 1039 ἄδειαν
1082 983 1297 1048 τούτοις
1347 983 1624 1056 παρέσχεν
1657 982 1830 1040 ἐλθεῖν
1867 984 2003 1055 πρὸς

416 1079 522 1151 τὴν
548 1079 805 1132 Νίκαιαν.

496 1171 588 1236 ιζ’.
618 1171 909 1240 Γενόμενοι
933 1169 992 1222 δὲ
1016 1171 1146 1241 περὶ
1166 1171 1237 1223 τὰ
1261 1169 1472 1239 ταύτης
1501 1169 1807 1240 προάστεια
1833 1167 2002 1238 ὁρῶσι

417 1263 552 1317 λαὸν
577 1265 666 1318 ὅτι
714 1263 968 1316 πλεῖστον
1001 1263 1149 1316 κατὰ
1195 1262 1485 1332 φάλαγγας
1510 1259 1864 1330 τεταγμένον.
1893 1261 2003 1322 Οὓς

419 1355 696 1425 οἰηθέντες
727 1353 1020 1426 πολεμίους
1061 1350 1203 1410 εἶναι
1251 1355 1349 1408 καὶ
1399 1353 1522 1408 κατ’
1557 1351 1739 1406 αὐτῶν
1787 1351 2002 1422 μέλλειν

420 1447 622 1514 χωρεῖν
661 1443 862 1516 μικροῦ
906 1445 952 1498 δ’
996 1445 1064 1498 ἂν
1118 1444 1225 1497 ὑπὸ
1271 1442 1368 1498 τοῦ
1417 1444 1574 1506 δέους
1623 1442 1997 1511 ἐπεπήγεσαν,

417 1536 754 1603 ἀπογνόντες
806 1535 908 1605 τὴν
949 1535 1255 1605 σωτηρίαν*
1300 1534 1362 1587 τὸ
1404 1534 1517 1604 γὰρ
1565 1532 1830 1604 μάχεσθαι
1863 1532 2000 1600 πρὸς

418 1627 678 1681 τοσοῦτον
725 1627 930 1696 πλῆθος
974 1625 1190 1694 ὀλίγους
1238 1626 1397 1690 ὄντας
1449 1625 1738 1695 ἀμήχανον
1786 1624 2000 1686 τούτοις

417 1719 619 1785 ἐδόκει,
651 1720 714 1772 τό
736 1735 797 1771 τε
818 1720 1020 1789 χωρεῖν
1041 1721 1122 1782 είς
1141 1719 1389 1772 τούπίσω
1422 1719 1516 1772 καὶ
1539 1719 1661 1772 λίαν
1686 1715 1756 1789 ἦν
1786 1717 1998 1771 ἐπικίν-

416 1809 602 1863 δυνον.
630 1807 954 1879 urgeam;
990 1809 1178 1862 τοίνυν
1206 1808 1478 1877 ἀγγέλους
1507 1808 1736 1880 ἠρώτων
1762 1810 1907 1872 τίνες
1937 1814 2005 1862 τε·

2112 621 2326 674 Veritus
2357 631 2539 676 tamen
2572 623 2885 682 Betuiiates
2921 643 2989 682 ne
3019 631 3238 683 tandem
3275 630 3524 699 paucitas
3555 645 3687 686 suo-

2107 729 2226 766 rum
2254 716 2748 771 circumveniretur
2775 719 2843 772 ab
2869 720 3278 776 abundantibus
3301 703 3686 778 numero-Bar-

2105 805 2276 872 baris,
2299 807 2447 862 misit
2482 808 2552 863 ad
2582 823 2680 863 eos
2707 809 3156 881 Chrysosculum,
3187 813 3280 882 qui
3313 814 3528 868 locutus
3555 828 3684 869 cum

2107 895 2242 964 ipsis
2294 896 2453 954 facile
2504 902 2776 968 persuasit
2831 912 2887 958 ut
2938 904 3182 972 pecuniis
3231 905 3470 975 acceptis
3533 913 3680 960 retro

2104 986 2344 1042 redirent
2365 989 2556 1060 sicque
2577 991 2812 1048 Romani
2835 1008 3090 1050 securum
3113 994 3426 1051 habuerunt
3441 996 3674 1052 Nicaeam

2105 1065 2280 1150 usque
2314 1082 2584 1152 reliquum
2618 1085 2743 1140 iter.

2173 1173 2262 1228 17.
2308 1173 2409 1229 Ubi
2442 1189 2608 1243 porro
2635 1175 2702 1231 ad
2734 1177 2848 1244 ipsa
2878 1175 3071 1233 Νίσαια
3100 1179 3357 1234 suburhia
3390 1193 3680 1248 processe-

2101 1271 2258 1330 runt,
2291 1264 2475 1320 vident
2516 1267 2922 1324 multitudinem
2957 1269 3228 1340 ingentem
3256 1284 3351 1339 per
3379 1267 3678 1339 phalanges

2102 1357 2432 1412 Ordinatam.
2458 1357 2632 1424 Quam
2662 1375 2785 1415 cum
2819 1361 3086 1418 infensam
3132 1363 3236 1418 sibi
3271 1371 3326 1416 et
3360 1379 3482 1417 mox
3517 1363 3677 1432 130

2102 1450 2157 1504 in
2213 1450 2363 1517 ipsos
2423 1451 2684 1518 impetum
2750 1453 3016 1508 facturam
3095 1455 3473 1524 opinarentur,
3528 1464 3675 1511 metu

2099 1537 2354 1594 videlicet
2391 1541 2700 1596 vehementi
2739 1544 3023 1598 constricti
3073 1551 3201 1599 sunt
3230 1553 3284 1598 et
3317 1544 3371 1596 in
3398 1557 3675 1597 summam

2100 1627 2294 1684 salutis
2342 1629 2778 1700 desperationem
2827 1643 3146 1688 venerunt:
3201 1633 3479 1704 quomodo
3527 1635 3675 1687 enim

2099 1723 2422 1777 resisterent
2451 1732 2558 1778 tam
2589 1725 2750 1794 pauci
2782 1734 2932 1781 tanto
2959 1727 3225 1796 pluribus,
3254 1735 3350 1781 aut
3375 1743 3486 1796 quo
3517 1725 3678 1796 fugec

2098 1824 2220 1868 rent
2269 1825 2456 1884 parata
2507 1817 2808 1872 victoribus
2853 1817 3215 1886 persequendi
3267 1827 3322 1872 et
3371 1819 3679 1874 circumve-

417 1893 533 1951 εἷεν
573 1899 668 1951 καὶ
693 1899 728 1951 ὃ
753 1915 810 1952 τι
842 1897 1146 1968 βούλονται.
1171 1900 1235 1952 Οἱ
1263 1898 1322 1952 δὲ
1349 1900 1449 1970 μιᾷ
1471 1902 1622 1970 φωνῇ
1653 1899 1884 1970 βασιλέα
1907 1901 1993 1954 τὸν

2103 1905 2284 1960 nieudi
2319 1905 2610 1960 facultate?
2637 1905 2790 1962 Missi
2822 1922 2953 1978 ergo
2979 1908 3186 1976 trepide
3211 1909 3302 1977 qui
3325 1909 3676 1977 explorarent

418 1989 787 2060 Βοτανειὰτην
819 1989 1110 2060 Ῥωμαίων
1154 1990 1460 2060 εὐφήμουν.
1485 1990 1666 2062 ’ὓπερ
1691 1991 1997 2062 πυθόμενκ

415 2084 627 2145 ἐκεῖνος
651 2085 746 2136 καὶ
771 2083 864 2138 τοῦ
891 2083 1044 2146 δέους
1079 2083 1372 2145 ἀπολυθεὶς
1404 2083 1633 2137 εἴσεισιν
1661 2086 1742 2147 εἰς
1776 2085 1874 2153 τὴν
1900 2084 1998 2136 Νί-

414 2191 603 2238 καιαν,
641 2174 961 2244 παραδόξως
982 2173 1126 2227 οὕτω
1151 2174 1458 2239 διασωθείς.
1490 2177 1552 2228 Οί
1581 2175 1690 2246 γὰρ
1718 2176 1814 2242 ξὺν
1847 2174 1998 2244 αὐτῷ

416 2266 556 2336 πρὸς
586 2266 930 2320 ἀποστασίαν
955 2266 1310 2337 χωρήσαντες
1341 2267 1402 2320 οὐ
1426 2267 1645 2330 πλείους
1672 2263 1816 2336 ἦσαν
1843 2283 1999 2338 τρια-

417 2359 617 2412 κοσίων
641 2361 876 2430 ἀνδρῶν,
920 2361 1118 2422 οἵτινες
1146 2359 1263 2432 ἅμα
1307 2362 1460 2432 αὐτῷ
1500 2362 1787 2426 διαϐάντες
1829 2365 1996 2431 μέσον

414 2452 683 2521 παγίὸων,
722 2451 931 2504 πολλῶν
963 2451 1166 2523 δηλαδὴ
1205 2452 1317 2505 τῶν
1344 2454 1736 2525 ὲνεδρευόντων
1776 2456 1994 2521 αὐτοὺς,

416 2548 525 2598 ὑπὸ
545 2548 641 2616 τῆς
663 2548 812 2609 θείας
833 2543 1093 2618 προνοίας
1119 2545 1325 2617 ἀσινεῖς
1347 2545 1706 2616 διεσώθησαν,
1731 2547 1998 2600 δεικνύον-

415 2655 506 2701 τος
533 2639 628 2691 τοῦ
674 2639 811 2694 Θεοῦ
852 2640 1133 2694 κάνταῦθα
1169 2636 1248 2702 ait;
1291 2639 1502 2692 ἐκείνου
1538 2640 1771 2702 διδόντος
1803 2639 1997 2708 φθόνος

413 2731 477 2781 οὐ
515 2729 817 2798 κατισχύει,
863 2731 957 2782 καὶ
1008 2728 1084 2800 μὴ
1127 2729 1365 2794 διδόντος
1413 2729 1632 2799 μάταιοι
1680 2731 1780 2799 μὲν
1827 2725 1991 2796 οὗτοι,

419 2825 624 2894 μάταια
651 2825 708 2878 δὲ
733 2825 844 2878 τῶν
876 2825 1310 2897 στρατευμάτων
1351 2823 1535 2895 πλήθη
1583 2824 1678 2876 καὶ
1719 2823 1865 2892 λόχοι
1899 2824 1996 2876 καὶ

415 2914 696 2983 φάλαγγες
725 2916 1056 2986 ταττόμεναι
1088 2917 1310 2986 ἄριστα,
1349 2920 1482 2969 κενᾶι
1525 2915 1582 2970 δὲ
1612 2915 1760 2969 δεινὰ
1804 2931 1997 2984 στρατ·

300 3008 318 3017 ⁸
413 3007 683 3077 ηγήματα
703 3009 796 3063 καὶ
826 3007 1174 3080 βουλεύματα
1203 3008 1301 3063 καὶ
1336 3009 1682 3062 παντάπασιν
1711 3007 1990 3072 ἄπρακτα.

2100 2004 2519 2065 quaeret-eritque
2548 1996 2618 2050 ab
2643 1997 2870 2051 armatis
2894 1998 2986 2066 qui
3016 2009 3202 2053 essent
3226 2008 3279 2052 et
3299 1999 3430 2068 quid
3455 1999 3674 2054 vellent.

2100 2083 2182 2139 Ad
2215 2100 2279 2140 ea
2311 2086 2386 2139 illi
2421 2101 2526 2140 una
2559 2101 2754 2141 omnes
2787 2101 2919 2142 voce
2942 2086 3279 2143 Botaniatem
3300 2088 3673 2145 [loniaoorum

2102 2178 2488 2248 imperatorem
2519 2179 2914 2234 acclamarunt.
2933 2178 3087 2245 Quod
3115 2181 3202 2234 ille
3226 2181 3456 2235 audiens
3479 2195 3676 2250 magna

2100 2285 2229 2324 cura
2266 2270 2481 2326 solutus
2518 2269 2754 2326 Nicaeam
2794 2272 3076 2342 ingressus
3101 2281 3206 2336 est,
3240 2274 3381 2326 miro
3412 2281 3611 2327 eventu
3638 2286 3672 2327 a

2100 2363 2350 2430 praesenti
2379 2363 2626 2432 periculo
2653 2377 2715 2418 se
2745 2364 3028 2418 liberatum
3064 2366 3365 2434 gratulans.
3396 2365 3500 2432 Qui
3523 2365 3672 2420 enim

2100 2467 2225 2508 cum
2265 2455 2384 2523 ipso
2418 2454 2810 2509 rebellaverant
2841 2469 2946 2509 non
2985 2456 3168 2523 plures
3205 2458 3462 2512 trecentis
3493 2468 3672 2513 erant.

2098 2542 2200 2609 Qui
2236 2546 2499 2601 hactenus
2542 2562 2641 2616 per
2686 2547 2901 2603 medios
2931 2549 3252 2604 insidiarum
3288 2550 3673 2620 multiplicium

2097 2635 2320 2704 laqueos
2347 2637 2530 2692 divina
2561 2641 2752 2707 utique
2797 2655 2960 2694 manu
3007 2639 3243 2694 ducente
3279 2642 3330 2693 in
3365 2650 3539 2694 tutum
3570 2642 3675 2697 hoc

2099 2740 2209 2793 quo
2254 2726 2495 2781 diximus
2545 2729 2709 2781 modo
2758 2740 3158 2796 pervenerunt,
3211 2731 3532 2786 ostendente
3581 2733 3671 2786 hic

2097 2832 2317 2888 quoque
2351 2817 2494 2882 Deo,
2553 2819 2687 2872 nihil
2738 2819 2998 2873 invidiam
3046 2821 3098 2873 in
3135 2836 3231 2874 eos
3266 2836 3424 2890 posse
3470 2823 3674 2890 quibus

2098 2909 2212 2978 ipse
2244 2907 2465 2975 faverit;
2501 2911 2577 2964 uti
2623 2926 2654 2964 e
2693 2911 2969 2964 centrario
3015 2913 3118 2966 nisi
3156 2913 3298 2966 Deus
3333 2915 3587 2968 attinuerit
3613 2921 3672 2967 et

2097 2999 2389 3068 adiuverit,
2422 3014 2558 3054 vana
2606 3000 2853 3066 consilia,
2894 3001 3075 3055 stulta:
3109 3003 3558 3068 machinati-ones,
3595 3004 3673 3056 iu-

2097 3091 2260 3144 utiles
2289 3092 2582 3157 exercitus,
2617 3091 2785 3146 irrita:
2814 3092 3080 3148 bellorum
3112 3104 3278 3159 artes,
3299 3109 3424 3164 spes
3449 3094 3669 3151 fallaces

2097 3191 2151 3236 et
2179 3190 2354 3249 coepta
2393 3196 2652 3236 successu
2679 3197 2857 3236 cassa.

485 3269 582 3343 ιη’.
617 3271 967 3344 Διαδηθείσης
995 3270 1090 3326 οὖν
1133 3271 1234 3342 τῆς
1259 3271 1355 3326 τοῦ
1390 3272 1742 3326 Βοτανειάτου
1784 3290 1993 3342 παρου-

2102 3232 2149 3236 n
3016 3283 3068 3328 et
3089 3275 3269 3329 aulam
3291 3275 3496 3346 regiam
3523 3278 3669 3331 fama

415 3366 541 3432 σίας
563 3369 674 3430 τοῖς
704 3369 761 3421 ἐν
785 3369 856 3436 τῇ
879 3365 1033 3419 πόλει
1053 3367 1150 3420 καὶ
1171 3365 1246 3425 ὡς
1274 3369 1306 3434 ἡ
1335 3366 1590 3420 Νικαέων
1616 3367 1835 3429 ὑπτίαις
1867 3383 1997 3438 χερ-

412 3463 502 3512 σὶν
517 3459 685 3511 αὐτὸν
714 3457 1037 3523 ὑπεδέξατο,
1079 3457 1244 3521 εὐθὺς
1281 3460 1342 3512 έν
1370 3456 1551 3524 λόγοις
1584 3457 1828 3521 ἅπαντες
1851 3454 1994 3528 ἦσαν

411 3553 508 3604 καὶ
569 3549 880 3620 σκέμμασιν
927 3548 980 3604 οῖ
1029 3565 1090 3603 τε
1134 3549 1238 3618 τῆς
1287 3549 1601 3618 συγκλήτου
1651 3548 1851 3618 βουλῆς
1897 3549 1994 3603 καὶ

410 3642 598 3710 συχνοὶ
632 3639 726 3693 τοῦ
756 3639 1024 3711 βήματος,
1061 3639 1158 3693 καὶ
1194 3638 1467 3693 ἐσκόπουν
1495 3640 1648 3704 ὅπως
1675 3640 1995 3694 ἀποσκευά-

412 3749 598 3785 σονται
627 3732 719 3785 τὸν
769 3731 1102 3802 κρατοῦντα,
1151 3729 1499 3800 βασιλεύουσι
1545 3724 1610 3786 δῖ
1653 3732 1872 3795 ἑαυτοῖς
1901 3731 1995 3786 τὸν

411 3827 808 3898 Βοτανειάτην·
848 3825 1095 3897 ἔφθησαν
1129 3826 1242 3896 γὰρ
1289 3824 1428 3896 πρὸς
1468 3825 1633 3880 αὐτὸν
1657 3828 1706 3880 oi
1747 3826 1993 3881 πλεῖστοι

409 3919 589 3989 λάθρα
624 3916 1159 3988 διαπρεσϐεύσασθαι
1200 3917 1297 3970 καὶ
1331 3916 1816 3986 χρυσοσημὰντους
1853 3933 1992 3988 γρα-

408 4012 519 4078 φὰς
555 4007 936 4072 ὑποδέξασθαι.
977 4005 1404 4062 Ἐὄουλεύσαντο
1436 4004 1524 4078 [Ρ.
1569 4004 1662 4078 81]
1715 4007 1810 4060 οὖν
1855 4006 1993 4078 πρὸς

405 4101 503 4153 τὸν
534 4097 879 4170 περιώνυμον
915 4097 1013 4152 τοῦ
1047 4096 1183 4151 Θεοῦ
1218 4097 1422 4166 Imple;
1451 4097 1576 4156 ναὸν
1609 4095 1989 4168 ἀθροισθῆναι,

403 4194 507 4247 καὶ
537 4191 664 4254 τοὺς
691 4191 820 4261 περὶ
843 4189 1042 4252 αὐτοὺς
1063 4189 1396 4250 καθοπλίσαι
1425 4189 1522 4244 καὶ
1549 4189 1676 4254 τοὺς
1701 4188 1991 4260 δεσμώτας

406 4283 703 4350 ἐξαγαγεῖν
746 4281 845 4350 τῆς
893 4280 1162 4351 φρουρᾶς,
1218 4281 1312 4334 καὶ
1345 4277 1522 4343 οὕτως
1571 4279 1991 4346 ἐξαποστέλλειν

407 4374 552 4444 πρὸς
578 4373 706 4436 τοὺς
730 4373 789 4426 ὲν
814 4370 958 4426 τέλει
982 4371 1108 4433 τοὺς
1137 4369 1214 4441 μὴ
1237 4369 1333 4424 τοῦ
1369 4369 1688 4442 σκέμματος
1721 4373 1988 4442 κοινωνή-

408 4481 635 4530 σαντας,
665 4462 990 4526 καὶτούτους
1012 4464 1197 4516 καλεῖν
1227 4463 1366 4534 πρὸς
1394 4463 1806 4535 κοινοπραγίαν.
1831 4465 1985 4518 Κατ-

2093 3362 2365 3416 adveutus
2386 3363 2706 3427 nutantium,
2741 3372 2796 3418 et
2824 3366 3014 3419 amicae
3039 3381 3070 3420 a
3099 3365 3471 3424 Nirtrensibus
3506 3385 3669 3426 cxce-

2096 3455 2319 3523 ptiouis,
2345 3455 2552 3510 multus
2587 3469 2792 3520 sermo,
2835 3457 3005 3514 midta
3040 3459 3362 3514 deliberatio
3390 3461 3670 3517 Conslan-

2097 3547 2581 3616 tiaopolitanorum
2641 3563 2928 3616 procerum
2991 3560 3132 3606 erat.
3195 3550 3499 3609 Universus
3557 3556 3671 3609 fere

2095 3647 2321 3694 senatus
2358 3646 2413 3692 et
2449 3652 2516 3692 ex
2554 3638 2928 3694 ecclesiastico
2955 3641 3125 3710 gradu
3167 3643 3415 3713 plerique
3457 3659 3672 3714 quaere-

2095 3727 2225 3782 bant
2260 3727 2484 3781 modum
2508 3726 2784 3799 redigendi
2812 3730 3091 3786 Michaelis
3122 3734 3176 3787 in
3208 3733 3454 3788 ordinem
3481 3747 3535 3789 et
3566 3736 3671 3791 Bo-

2095 3817 2314 3872 tauiaue
2332 3817 2563 3886 imperio
2579 3820 2941 3889 praeticiendi:
2969 3824 3128 3892 cujus
3156 3823 3404 3880 videlicet
3431 3827 3668 3882 occultis

2093 3909 2160 3965 de
2184 3910 2384 3978 quibus
2402 3909 2607 3964 dictum
2630 3919 2714 3966 est
2742 3911 3107 3982 legationibus
3128 3915 3367 3984 corrupti
3389 3917 3519 3977 etin
3542 3933 3668 3986 spes

2093 4001 2199 4056 sibi
2228 4001 2439 4070 amplas
2467 4001 2854 4072 diplomatibus
2897 4002 3018 4072 ejus
3058 4019 3192 4059 auro
3241 4006 3470 4076 signatis
3507 4008 3660 4077 121

2091 4091 2259 4145 erecti
2296 4089 2530 4146 fuerant.
2580 4091 2948 4148 Decreverunt
2995 4093 3157 4164 igitur
3209 4096 3264 4150 in
3309 4096 3522 4152 celebre
3570 4097 3663 4153 ι)ιυί

2091 4181 2387 4255 Sapientiae
2444 4184 2706 4256 templum
2758 4187 3056 4243 convenire
3115 4187 3322 4263 familia
3377 4204 3666 4263 quemque

2090 4275 2334 4346 ipsorum
2369 4277 2584 4348 propria
2625 4288 2857 4342 armata.
2904 4280 3122 4336 vinctos
3166 4295 3384 4351 quoque
3429 4282 3668 4336 educere

2088 4369 2327 4438 publicis
2351 4370 2638 4435 custodiis,
2669 4381 2722 4425 et
2747 4387 2968 4426 manum
3009 4387 3076 4428 ex
3123 4373 3208 4430 his
3257 4380 3502 4442 paratam
3538 4374 3666 4428 mit-

2093 4468 2206 4515 tere
2230 4461 2438 4515 circum
2477 4461 2780 4532 prtecipuos
2819 4463 3171 4534 magistratus
3201 4463 3295 4533 qui
3329 4463 3668 4533 conjuratio—

408 4558 671 4628 αρχοντες
703 4556 762 4609 δὲ
811 4555 907 4610 τοῦ
951 4555 1268 4626 σκέμματος
1293 4549 1436 4626 ἦσαν
1465 4555 1494 4608 ὅ
1529 4571 1591 4608 τε
1633 4555 1984 4626 Δίμυλιανδς,

2095 4552 2178 4607 nis
2221 4552 2610 4608 conscientiam
2660 4569 2769 4610 non
2816 4554 3123 4620 habebant,
3156 4563 3217 4608 ut
3265 4570 3504 4627 ρει-,ους
3551 4569 3663 4609 non

408 4648 553 4719 ἀνὴρ
574 4647 880 4717 πανοῦργος
901 4645 1039 4717 ὁμοῦ
1067 4645 1163 4700 καὶ
1192 4646 1523 4717 δραστήριος
1544 4647 1638 4700 καὶ
1657 4645 1828 4717 δῆμον
1849 4646 1988 4718 πρὸς

407 4739 640 4805 ἀταξίαν
681 4739 904 4810 κινῆσαι
953 4739 1114 4810 εἰπερ
1137 4754 1224 4802 τις
1257 4737 1416 4802 ἄλλος
1445 4737 1536 4791 καὶ
1566 4737 1864 4808 δυνάμενος
1893 4737 1988 4790 καὶ

407 4831 758 4901 βουλόμενος,
794 4829 890 4896 ξὺν
937 4829 1115 4902 τούτῳ
1146 4828 1204 4883 δὲ
1234 4829 1330 4884 καὶ
1370 4830 1558 4901 συχνοὶ
1585 4829 1694 4882 τῶν
1721 4829 1821 4898 τῆς
1851 4847 1987 4900 συγ-

407 4921 616 4990 κλήτου
647 4918 865 4990 βουλῆς.
901 4919 1122 4984 Ἐδοξεν
1165 4914 1261 4974 οὗν
1311 4919 1497 4983 αὐτοῖς
1528 4919 1637 4991 πρὸ
1685 4918 1778 4973 τοῦ
1821 4919 1986 4991 ἔργον

406 5010 670 5063 κοινωνὸν
697 5011 792 5065 τοῦ
839 5011 1158 5082 σκέμματος
1204 5009 1390 5064 λαὸεῖν
1433 5011 1528 5064 καὶ
1569 5011 1661 5064 τὸν
1704 5010 1983 5082 Καίσαρα,

405 5105 508 5155 καὶ
545 5102 825 5172 πέμπουσι
861 5102 999 5173 πρὸς
1030 5102 1195 5156 αὑτὸν
1224 5101 1316 5155 τὸν
1343 5101 1528 5173 Βαρὺν
1550 5100 1790 5172 Μιχαὴλ,
1817 5102 1987 5171 ἄνδρα

405 5194 676 5264 φρονήσει
724 5194 822 5246 καὶ
869 5193 1042 5266 πείρᾳ
1087 5192 1304 5246 πολλῶν
1351 5192 1702 5264 διαφέροντα.
1739 5187 1847 5246 Ἦν
1875 5193 1932 5246 δὲ
1958 5195 1986 5246 ὀ

400 5286 626 5354 Καῖσαρ
648 5282 952 5354 τηνικαῦτα
969 5283 1324 5358 ἐνδιατρίϐων
1356 5284 1492 5353 πρὸς
1528 5283 1618 5338 τὸν
1653 5284 1711 5338 ὲν
1741 5283 1984 5356 Βλαχέρ-

398 5391 527 5438 ναις
552 5375 678 5429 ναόν
697 5395 710 5408 ·
742 5375 804 5428 ὲν
839 5373 1015 5446 τούτῳ
1045 5375 1152 5447 γὰρ
1189 5373 1348 5444 ἔτυχε
1389 5376 1644 5443 παρεῖναι
1693 5375 1790 5429 καὶ
1819 5375 1985 5430 αὑτὸν

403 5466 654 5539 βασιλέα.
687 5467 799 5522 Καὶ
819 5467 887 5539 δῂ
912 5467 1155 5538 ἐντυχὼν
1186 5468 1214 5520 ὁ
1239 5458 1422 5538 Βαρὺς
1459 5465 1611 5536 αὐτῷ
1647 5469 1777 5538 περὶ
1803 5466 1985 5539 δείλην

400 5558 566 5629 ὀψίαν
588 5548 895 5632 ἀπήγγείλὲ
925 5559 996 5613 τὰ
1026 5559 1120 5613 τοῦ
1146 5560 1427 5632 δράματος
1471 5575 1567 5613 και
1611 5562 1830 5632 γραφήν
1861 5578 1984 5614 τινα

401 5655 852 5726 χρυσοσήμαντον
919 5650 1209 5705 ύπεδείκνυ
1251 5648 1429 5721 τούτῳ
1456 5650 1798 5720 πεμφθεῖσαν
1833 5654 1985 5724 παρὰ

401 5739 496 5793 τοῦ
546 5743 916 5797 Βοτανειάτου
975 5739 1185 5812 δωρεάς
1237 5755 1298 5794 τε
1349 5740 1613 5804 πλείστας
1668 5743 1763 5797 καὶ
1818 5744 1984 5812 τιμὰς

403 5836 892 5910 ἐπαγγελλομένην
919 5831 999 5905 τῷ
1023 5832 1282 5905 Καίσαρι.
1329 5833 1387 5886 ’0
1413 5831 1470 5888 δὲ
1500 5831 1705 5888 τούτων
1735 5833 1982 5898 ἀκούσας

2094 4642 2254 4698 modo
2279 4643 2345 4698 ad
2373 4657 2704 4700 consensum
2735 4647 2830 4700 sed
2861 4652 2914 4700 et
2939 4645 3006 4700 ad
3034 4645 3298 4700 auxilium
3327 4645 3665 4701 attralieren-

2091 4742 2198 4786 tur.
2238 4730 2444 4787 Horum
2482 4735 2836 4789 consiliorum
2873 4745 3127 4790 auctores
3173 4744 3228 4789 et
3274 4736 3544 4790 universae
3579 4733 3662 4788 fa-

2088 4825 2461 4894 ctionislduces
2489 4835 2643 4882 erant
2676 4827 2729 4880 in
2759 4825 2950 4896 primis
2983 4827 3335 4893 Aimilianus,
3376 4827 3541 4880 homo
3565 4842 3658 4881 so-

2088 4917 2198 4972 lers
2247 4918 2452 4986 pariter
2503 4927 2559 4973 et
2608 4926 2884 4979 strenuus.
2921 4933 3031 4988 quo
3080 4933 3243 4974 nemo
3297 4919 3556 4988 populum
3603 4921 3658 4973 in

2088 5011 2411 5065 seditionem
2463 5010 2740 5066 concitare
2783 5010 3060 5065 efﬁcacius
3106 5020 3328 5080 posset,
3375 5011 3661 5066 ardentius

2088 5100 2267 5153 vellet.
2297 5098 2434 5153 Tum
2467 5101 2713 5170 plerique
2744 5111 3046 5165 senatores,
3087 5101 3288 5170 quibus
3319 5112 3447 5158 ante
3474 5103 3663 5156 omnia

2087 5195 2263 5249 visum
2298 5203 2380 5248 est
2410 5195 2601 5248 tentari
2633 5202 2887 5264 oportere
2913 5195 2956 5248 si
2989 5194 3170 5248 Caesar
3209 5195 3262 5248 in
3305 5202 3487 5264 partes
3515 5193 3659 5249 trahi

2087 5293 2302 5356 posset,
2345 5285 2561 5338 mittunt
2594 5284 2662 5339 ad
2701 5300 2827 5340 eum
2861 5285 3175 5341 Michaeiem
3213 5284 3436 5351 Varum,
3477 5287 3656 5340 virum

2089 5375 2375 5444 prudentia
2402 5384 2456 5428 et
2485 5390 2586 5430 usu
2617 5391 2800 5431 rerum
2834 5375 2886 5429 in
2916 5375 3105 5446 paucis
3125 5376 3359 5432 clarum.
3379 5375 3508 5432 Erat
3529 5386 3660 5430 time

2085 5467 2272 5522 Caesar
2307 5467 2360 5520 in
2395 5466 2595 5538 templo
2621 5466 3042 5524 Blacheruarum
3072 5468 3160 5522 ubi
3194 5467 3335 5524 forte
3367 5468 3661 5537 imperator

2088 5559 2428 5612 versabatur.
2461 5558 2540 5614 lbi
2575 5574 2699 5613 eum
2731 5561 2985 5616 convenit
3013 5559 3189 5616 Varus
3228 5560 3332 5616 sub
3375 5572 3660 5628 vesperam

2088 5649 2454 5719 mandataque
2511 5647 2925 5720 coniuratorum
2988 5649 3279 5719 exposuit,
3339 5655 3394 5701 et
3448 5648 3662 5702 litteras

2084 5741 2348 5814 quasdam
2394 5755 2529 5795 auro
2575 5741 2815 5812 signatas
2863 5742 3103 5798 ostendit
3140 5741 3206 5795 ad
3237 5754 3361 5794 eum
3399 5739 3594 5793 missas
3628 5751 3662 5796 a

2088 5833 2371 5892 Botaniate
2418 5831 2559 5891 dona
2615 5833 2662 5889 ei
2716 5833 2948 5905 plurima
2999 5841 3053 5889 et
3103 5831 3372 5888 maximos
3423 5829 3665 5886 honores
