4136 6432
473 397 576 466 ’167

1685 393 2109 458 NICEPHORI
2149 391 2526 453 BRYENNI‘I

3649 383 3752 450 163

479 514 826 588 poliicentes.
860 516 1072 582 Quibus
1102 517 1192 571 ille
1231 515 1454 579 auditis,
1486 513 1622 569 nihil
1655 523 1949 568 cunctatus
1979 524 2067 566 ro-

2174 511 2309 582 μηδὲ
2334 509 2396 562 τὸ
2421 508 2584 579 τυχὸν
2627 507 2928 575 ἀναμείνας
2961 505 3234 576 ἀντέφησε
3272 503 3409 576 πρὸς
3445 503 3539 558 τὸν
3585 503 3757 574 ἄνδρα

470 605 619 668 nuit,
649 606 798 661 aiens
838 607 1002 662 nullis
1025 622 1091 662 se
1125 620 1366 674 unquam
1408 603 1815 660 conditionibus
1854 615 1920 656 eo
1959 599 2056 655 ad-

473 696 794 751 ducendum
827 707 887 752 ut
915 698 1106 753 volens
1137 699 1525 768 imperatorem
1552 695 1741 750 fratris
1771 694 1855 750 sui
1890 692 2058 746 lilium

474 789 758 860 rproderet.
790 790 912 845 Mox
951 807 1075 846 eum
1119 792 1214 862 qui
1251 791 1317 847 ad
1355 806 1416 846 se
1453 799 1678 847 venerat
1715 789 1782 868 ad
1816 787 2063 858 logothe-

480 891 594 936 tam
627 883 829 948 mittit,
871 899 1075 954 rogans
1124 894 1180 939 ut
1232 900 1357 940 cum
1411 884 1626 940 audiret
1675 882 1967 950 auditaque
1997 879 2065 936 ad

483 973 868 1042 imperatorem
913 975 1177 1042 referret,
1212 984 1267 1032 et
1312 991 1434 1047 quae
1466 976 1520 1030 in
1548 990 1662 1031 rem
1693 973 1786 1030 tali
1821 982 2065 1042 tempore

478 1064 660 1117 forent
691 1077 895 1134 ageret.
2019 1072 2032 1081 ’

547 1154 637 1208 19.
669 1156 740 1209 At
779 1156 824 1210 is
859 1157 951 1226 qui
983 1157 1050 1213 ad
1087 1159 1358 1214 Casarem
1396 1167 1623 1213 venerat
1672 1169 1732 1212 se
1761 1154 2066 1225 deprehen-

477 1262 600 1302 sum
653 1258 707 1303 et
754 1249 1043 1322 logotltetaa
1115 1253 1358 1307 deditum
1436 1251 1650 1316 videns,
1701 1249 1994 1320 quemdam
2037 1262 2068 1302 e

474 1337 840 1397 familiaribus
882 1353 1152 1398 astantem
1210 1345 1263 1398 in
1303 1359 1492 1399 aurem
1527 1344 1812 1414 alloquens
1845 1341 1910 1396 ad
1934 1356 2066 1395 con-

471 1426 685 1497 juratos
730 1431 888 1501 122
941 1433 1091 1488 misit
1150 1434 1474 1501 indicatum,
1531 1449 1589 1488 se
1643 1433 2067 1503 haudquaquam

471 1518 580 1574 sibi
612 1525 892 1576 conscium
929 1538 1052 1580 esse.
1077 1537 1266 1580 earum
1288 1525 1486 1580 virium
1513 1525 1683 1579 animi
1713 1535 1767 1580 et
1800 1524 2068 1594 corporis,

466 1625 596 1678 quae
629 1612 887 1668 resistere
939 1617 1232 1671 tormentis
1291 1623 1348 1670 et
1409 1631 1602 1671 vocem
1666 1617 1720 1669 in
1768 1615 2070 1685 quacstione

470 1701 756 1756 continere
790 1717 1036 1772 possent.
1064 1705 1247 1772 Quare
1280 1707 1360 1762 sic
1387 1706 1654 1761 haberent
1679 1722 1738 1762 se
1793 1706 2067 1761 fussnrum

473 1793 660 1847 omnia
711 1809 833 1864 qua:
866 1799 1054 1851 sciret.
1114 1796 1250 1852 Esse
1303 1798 1547 1867 ipsorum
1600 1798 1900 1867 prudentia:
1956 1799 2068 1852 cito

2160 603 2238 666 ώς
2264 600 2380 654 οὔτι
2401 601 2544 654 ἑκὼν
2575 603 2798 672 πρόοιτο
2839 601 2908 654 ἂν
2929 601 2991 653 τὸ
3007 598 3099 652 τοῦ
3127 596 3348 668 ἀνεψιοῦ
3370 596 3467 650 καὶ
3487 595 3755 668 βασιλέως

2164 694 2472 766 συμφέρον.
2502 694 2614 748 Καὶ
2642 693 2816 764 χρὴ...
2859 691 3052 746 τοῦτον
3091 691 3330 745 ἀπιόντα
3362 689 3502 760 πρὸς
3547 688 3640 742 τὸν
3666 688 3756 742 λο-

2164 785 2397 855 γοθέτην
2436 785 2772 856 ἐξέπεμπεν,
2833 783 3068 838 ἀκοῦσαι
3107 783 3301 836 τούτου
3361 779 3603 834 κελεύων
3658 778 3760 834 καὶ

2166 877 2479 933 ἀκούσαντα
2513 879 2652 950 πρὸς
2676 877 2906 948 βασιλέα
2931 877 3250 945 ἀνενεγκεῖν
3271 875 3367 929 καὶ
3396 872 3757 945 οἰκονομῆσαι

2165 971 2237 1026 τά
2259 972 2469 1028 δέοντα.

2244 1148 2330 1204 ιθ⁹.
2369 1149 2429 1203 '0
2474 1148 2532 1202 δὲ
2587 1147 2768 1202 ἀπιὼν
2818 1148 2930 1202 τῶν
2979 1148 3110 1218 περὶ⁵
3158 1147 3322 1202 αὑτὸν
3373 1147 3471 1201 ινα
3520 1147 3760 1211 καλέσας

2169 1242 2460 1297 ἀπέστειλε
2491 1241 2629 1312 πρὸς
2666 1241 2794 1306 τοὺς
2836 1244 3174 1311 συνωμότας,
3209 1239 3431 1310 μηνύων
3463 1239 3647 1301 αὐτοῖς
3682 1239 3758 1302 ώς

2167 1334 2469 1405 ἐπειδήπερ
2505 1332 2652 1404 άλῲη
2691 1333 2768 1404 μὴ
2797 1328 2911 1395 οἷός
2943 1348 3002 1384 τε
3041 1330 3118 1384 ὣν
3167 1330 3358 1402 φέρειν
3408 1331 3679 1399 μάστιγας
3719 1328 3757 1398 ἢ

2170 1426 2396 1488 καὶτὰς
2447 1425 2513 1477 ἐκ
2559 1424 2812 1495 βασάνων
2867 1423 3059 1487 ποινὰς
3100 1422 3321 1492 ἕτοιμός
3371 1422 3491 1474 ἐστι
3527 1421 3760 1492 φράζειν

2169 1518 2314 1587 άπερ
2345 1517 2546 1588 είδείη;
2571 1516 2850 1588 ι’Μελήσει
2881 1515 2926 1570 δ’
2949 1517 3101 1587 ὑμῖν,
3125 1533 3144 1566 ι
3182 1516 3377 1584 φησὶν,
3406 1533 3424 1567 ι
3452 1514 3620 1581 ὀξέως
3639 1513 3763 1584 βου-

2170 1609 2472 1663 λεύσασθαι
2504 1607 2634 1680 περὶ
2667 1607 2762 1661 τοῦ
2797 1606 3192 1678 ξυμφέροντος.
3218 1625 3238 1662 ι
3277 1605 3338 1661 '0
3366 1607 3466 1677 μὲν
3496 1605 3590 1660 οὖν
3623 1605 3762 1660 ταῦ-

2167 1717 2234 1754 τα
2259 1697 2430 1752 εἰπὼν
2469 1699 2717 1768 ἀπήγετο
2751 1700 2890 1770 πρὸς
2937 1697 3030 1753 τὸν
3077 1697 3379 1768 λογοθέτην
3427 1699 3524 1752 καὶ
3573 1697 3755 1752 πάντα

2144 1789 2406 1860 ’ἔφραζεν
2441 1791 2542 1842 ὃσα
2574 1789 2864 1861 ἠπίστατο.
2922 1789 2982 1842 '0
3027 1789 3085 1843 δὲ
3120 1789 3258 1860 πρὸς
3308 1788 3400 1842 τὸν
3448 1787 3762 1859 κρατοῦντα

470 1883 782 1953 providere,
807 1900 916 1954 quo
949 1895 1108 1956 pacto
1161 1887 1210 1942 ei
1249 1903 1540 1942 occurrere
1573 1887 1922 1942 incommodo
1944 1903 2062 1940 ma-

2174 1881 2354 1938 πάντα
2388 1881 2674 1950 ἀνέφερεν.
2702 1881 2900 1951 Ἔτυχε
2932 1880 2990 1934 δὲ
3018 1879 3325 1952 τηνικαῦτα
3360 1880 3555 1952 παρὼν
3589 1881 3684 1934 καὶ
3725 1881 3757 1934 ὁ

473 1972 658 2024 turius
691 1972 904 2040 agendo
931 1988 1054 2042 quae
1079 1976 1260 2028 serius
1305 1975 1677 2030 destinassent
1710 1984 1932 2046 queant.
1956 1975 2053 2031 His

471 2059 567 2113 ille
599 2060 783 2126 dictis,
816 2062 1086 2118 adductus
1138 2067 1204 2119 ad
1251 2065 1583 2135 logothetam
1619 2081 1743 2137 quae
1789 2077 1916 2122 nota
1972 2067 2071 2121 ha-

472 2148 640 2204 bebat
688 2163 886 2206 cuncta
931 2155 1178 2220 protulit.
1223 2154 1528 2225 Logotheta
1584 2172 1714 2213 vero
1744 2172 1871 2212 mox
1897 2160 2070 2227 impe-

472 2242 645 2295 ratori
677 2244 861 2298 omnia
900 2244 1167 2301 referente
1211 2246 1388 2302 adfuit
1423 2246 1564 2302 forte
1622 2264 1870 2318 prresens
1900 2248 2068 2305 Corn-

473 2342 670 2389 nemus
718 2334 942 2391 Alexius
988 2345 1041 2390 et
1093 2339 1224 2407 quid
1269 2339 1541 2409 agendum
1589 2350 1840 2395 censeret
1889 2339 2072 2397 dicere

469 2423 662 2495 jussus
723 2429 932 2496 optime
975 2432 1214 2496 censuit,
1266 2442 1522 2500 oportere
1598 2448 1764 2503 quant
1834 2435 2069 2503 primum

472 2516 666 2572 missis
721 2518 989 2575 militibus
1039 2522 1359 2591 conjuratos
1408 2522 1889 2593 comprehendere.
1923 2524 2071 2579 ldem

467 2623 696 2679 quoque
753 2607 1038 2667 videbatur
1079 2615 1306 2680 Caesari,
1344 2624 1396 2670 et
1453 2615 1728 2684 logotlteta
1782 2615 2070 2686 probabat.

481 2696 588 2751 Sed
617 2698 928 2768 imperatori
966 2717 1076 2757 non
1131 2704 1340 2773 placuit
1381 2706 1620 2772 timenti,
1654 2715 1713 2760 ut
1742 2707 1948 2771 aiebat,
1982 2723 2070 2773 ne,

479 2789 527 2843 si
578 2804 675 2858 per
709 2804 922 2848 noctem
982 2811 1105 2864 quae
1151 2797 1265 2866 jam
1304 2798 1592 2870 ingruebat
1643 2799 1812 2870 aliqui
1851 2799 2073 2854 militari

471 2897 640 2936 manu
701 2896 1052 2955 caperentur,
1094 2889 1365 2945 tumultus
1403 2891 1457 2945 in
1489 2891 1712 2947 civitate
1775 2891 1949 2947 ﬁeret.
1984 2890 2076 2948 Sic

471 2968 639 3041 igitur
671 2973 855 3029 divina
907 2974 1260 3034 Providentia
1319 2995 1503 3035 errare
1571 2981 1918 3052 permittente
1975 2981 2076 3035 int-

469 3064 748 3130 peratoris
794 3065 1069 3135 judicium
1121 3078 1177 3124 et
1230 3085 1337 3124 non
1381 3072 1526 3126 ultra
1573 3087 1739 3142 quam
1799 3071 1854 3126 in
1918 3072 2062 3125 diem

2169 1967 2458 2040 Κομνηνὸς
2513 1968 2772 2036 Ἀλέξιος,
2815 1970 2912 2022 καὶ
2953 1967 3182 2040 γνώμην
3213 1969 3549 2037 εἰσενεγκεῖν
3591 1970 3762 2023 ἀπαι-

2168 2061 2433 2126 τούμενος
2485 2059 2681 2132 βουλὴν
2729 2061 2959 2133 ἀρίστην
2993 2062 3309 2133 εἰσήνεγκε,
3337 2062 3521 2131 φήσας
3551 2062 3624 2124 ὡς
3654 2060 3765 2132 χρὴ

2169 2151 2384 2222 ταχέως
2431 2150 2774 2222 στρατιώτας
2822 2152 3138 2222 ἐκπέμπειν
3183 2151 3408 2206 καὶτοῦ
3445 2151 3768 2222 σκέμματος

2170 2245 2438 2315 ἄρχοντας
2471 2243 2894 2316 ξυλλαμϐάνειν.
2937 2245 3220 2315 Ἐφαίνετο
3267 2245 3368 2315 μὶν
3398 2245 3492 2298 καὶ
3512 2244 3589 2314 τῷ
3623 2245 3768 2298 Καί-

2176 2354 2307 2407 σαρι
2366 2339 2462 2392 καὶ
2534 2336 2614 2408 τῷ
2676 2336 2940 2410 λογοθέτῃ
2986 2338 3190 2408 ἀρίστη
3245 2337 3442 2392 πασῶν
3498 2341 3533 2408 ἡ
3603 2337 3772 2408 βιυλὴ

2172 2429 2352 2499 αὕτη,
2419 2428 2498 2498 τῷ
2545 2429 2603 2482 δὲ
2654 2428 2947 2499 κρατοῦντι
2993 2429 3094 2482 οὐκ
3149 2431 3388 2500 ἤρεσκεν
3437 2446 3452 2460 ⁸
3501 2429 3605 2500 Ιἠδη
3662 2429 3772 2499 γάρ

2172 2521 2332 2592 ὀψίας
2375 2521 2678 2592 οὔσης-τῆς
2725 2520 2876 2592 ὦρας
2919 2520 3096 2576 ἐδόκει
3147 2520 3380 2592 θόρυϐον
3428 2536 3488 2574 τε
3533 2522 3628 2574 καὶ
3664 2537 3774 2574 τα·-

2177 2613 2348 2685 ραχὴν
2406 2613 2665 2683 γενέσθαι
2728 2616 2798 2685 τῇ
2848 2613 3002 2667 πόλει
3052 2613 3199 2678 τινὰ,
3247 2613 3314 2682 ἢν
3366 2612 3542 2683 ἀλῷέν
3599 2629 3772 2677 τινες.

2175 2704 2289 2776 Τῆς
2323 2704 2456 2774 γοῦν
2513 2705 2777 2774 Προνοίας
2821 2703 3107 2776 σφηλάσης
3153 2703 3254 2773 τὴν
3293 2701 3386 2758 τοῦ
3436 2702 3771 2776 κρατοῦντος

2173 2797 2402 2867 γνώμην
2455 2799 2548 2850 καὶ
2587 2799 2667 2861 είς
2691 2799 2790 2869 τὴν
2823 2796 3017 2870 αὔριον
3047 2799 3369 2869 τηρησάσης
3400 2799 3469 2852 τά
3503 2797 3603 2866 τῆς
3640 2795 3771 2850 τού-

2173 2907 2284 2943 των
2317 2889 2673 2960 ζωγριήσεως,
2708 2891 2949 2954 ἀπαντες
2984 2890 3184 2961 ὄρθρου
3215 2889 3408 2962 βαθέος
3440 2890 3501 2942 ὲν
3540 2888 3619 2961 τῷ
3651 2888 3771 2961 ναῷ

2177 2981 2280 3044 τῆς
2310 2980 2404 3034 τοῦ
2433 2981 2570 3034 θεοῦ
2604 2982 2803 3051 Σοφίας
2849 2981 3333 3053 συναθροισθέντες
3363 2983 3461 3046 τάς
3493 2999 3553 3035 τε
3597 2998 3772 3052 φρου-

2179 3074 2279 3145 ράς
2311 3072 2410 3135 τὰς
2445 3075 2504 3126 ὲν
2525 3076 2590 3143 τῇ
2620 3075 2774 3128 πόλει
2807 3075 3120 3140 ἀνοίξαντες
3151 3075 3248 3128 καὶ⁵
3275 3074 3404 3137 τοὺς
3440 3072 3775 3136 καταδίκους

473 3157 779 3213 crastinum
810 3159 1097 3216 diﬂ'erente
1151 3163 1274 3232 ejus
1303 3172 1359 3218 et
1386 3163 1437 3217 ei
1475 3163 1878 3218 adhaerentium
1905 3163 2069 3232 capti‘

2177 3161 2524 3228 ὁπλίσαντες,
2555 3162 2644 3234 [Ρ.
2677 3163 2771 3236 82]
2816 3163 2954 3232 πρὸς
2985 3164 3042 3216 δὲ
3071 3165 3164 3218 καὶ
3201 3164 3324 3218 ὅσον
3359 3157 3506 3234 εἶχεν
3539 3162 3774 3226 ἕκαστος

473 3247 726 3317 vitalem,
789 3251 965 3306 relicti
1031 3254 1305 3325 conjurati
1351 3255 1531 3310 securi
1567 3254 1622 3309 in
1680 3269 1799 3309 eam
1859 3264 2069 3310 noctem

2179 3232 2575 3324 θεραπευτικὸν
2625 3257 2718 3309 καὶ
2753 3232 3060 3323 -οίκετικὸν,
3109 3232 3444 3328 ἐξέπεμπον-
3477 3254 3614 3327 πρὸς
3645 3255 3777 3319 τοὺς

472 3341 740 3412 postridie
775 3343 917 3400 bene
955 3361 1118 3401 mane
1158 3347 1214 3401 in
1249 3348 1454 3418 templo
1504 3347 1561 3404 S.
1594 3347 1818 3418 Sophim
1849 3363 2076 3418 congre-

477 3433 612 3502 gati,
643 3437 849 3505 apertis
909 3439 1062 3493 urbis
1100 3441 1368 3495 custodiis
1393 3451 1447 3496 et
1477 3441 1544 3497 iis
1579 3443 1674 3510 qui
1707 3441 1860 3512 prius
1917 3449 2078 3496 erant

479 3523 650 3579 vincti
713 3527 1070 3599 damnatique
1151 3533 1404 3596 armatis,
1469 3540 1742 3601 praeterea
1807 3543 2074 3602 quantum

478 3615 715 3685 quisque
754 3617 945 3673 habuit
980 3636 1264 3676 servorum
1287 3623 1786 3678 etdomesticorum
1813 3624 2068 3688 armavit,

478 3723 815 3778 manumque
846 3728 910 3766 ex
948 3713 1030 3767 his
1078 3715 1312 3768 validam
1371 3715 1737 3770 circummisit
1785 3718 1852 3770 ad
1877 3727 2068 3786 poten-

471 3803 648 3858 tiores
679 3819 708 3856 a
737 3806 1121 3876 coniuratione
1155 3809 1364 3864 alienos
1390 3823 1515 3863 cum
1563 3809 1728 3864 minis
1755 3810 2069 3864 incendien-

474 3897 529 3950 di
569 3897 762 3952 domos
806 3914 1018 3965 eorum,
1044 3901 1095 3954 ni
1135 3902 1187 3955 in
1219 3905 1631 3969 eonjuratornm
1672 3911 1854 3971 partes
1883 3911 2066 3957 trans-

480 3987 638 4042 irent.
688 3987 907 4046 Litterae
990 4007 1157 4062 porro
1213 4009 1351 4064 quas
1399 3995 1656 4048 mandata
1713 3995 1826 4050 lucc
1877 4008 2070 4049 eorum

2177 3346 2288 3400 τῶν
2315 3349 2376 3401 ἐν
2403 3347 2548 3400 τέλει
2583 3349 2657 3418 μὴ
2700 3349 3075 3420 μετασχόντας
3108 3348 3291 3403 αὐτῶν
3323 3347 3416 3402 τοῦ
3454 3346 3766 3419 βουλεύμα-

2176 3456 2293 3504 τος,
2323 3441 2416 3495 καὶ
2452 3442 2740 3512 ἐμπιπρᾷν
2772 3442 2872 3506 τάς
2913 3441 3092 3504 οίκίας
3120 3441 3382 3513 ἠπείλουν
3427 3443 3477 3493 εί
3518 3439 3593 3511 μὴ
3625 3439 3770 3510 πρὸς

2177 3532 2376 3594 αὐτοὺς
2409 3534 2806 3604 παραγένοιντο
2853 3534 2948 3588 καὶ
2996 3533 3091 3587 τοῦ
3144 3534 3464 3604 σκέμματος
3505 3533 3775 3598 κοινωνή-

2180 3642 2354 3679 σαιεν.
2385 3625 2684 3695 Γράμμασι
2715 3624 2771 3678 δὲ
2807 3625 3200 3695 στελλομένους
3242 3625 3616 3695 ὲφοδιάζοντες
3672 3625 3777 3676 έπ-

2182 3716 2424 3784 έγραφον
2457 3713 2629 3778 οὕτως
2654 3731 2668 3746 ο
2702 3735 2720 3767 ι
2758 3717 2822 3770 Ol.
2853 3715 3149 3786 ἁγιώτατοι
3188 3718 3548 3789 πατριάρχαι,
3579 3719 3612 3788 ἡ
3648 3715 3782 3770 σύν-

2177 3809 2296 3870 οδος
2326 3809 2420 3861 καὶ
2457 3809 2492 3880 ὴ
2551 3807 2855 3878 σύγκλητος
2908 3809 3273 3878 συγκαλοῦσιν
3323 3811 3464 3880 ὑμᾶς
3512 3813 3641 3881 περὶ
3682 3811 3779 3863 τὸν

2181 3903 2533 3973 περιώνυμον
2558 3903 2658 3972 τῆς
2687 3901 2781 3955 τοῦ
2807 3901 2944 3955 Θεοῦ
2978 3902 3199 3971 Σοφίας.
3236 3921 3254 3956 ι
3290 3902 3400 3957 Καὶ
3437 3904 3486 3955 cl
3511 3903 3608 3972 μὲν
3627 3901 3781 3954 έκὸν·

2179 4011 2294 4059 τες,
2321 3995 2369 4048 οἱ
2397 3995 2455 4048 δὲ
2488 3994 2714 4057 ἀκοντες
2755 3994 3102 4065 συνέτρεχον.

475 4080 811 4137 obeuntibus
839 4083 1107 4140 dederunt
1154 4087 1260 4140 hoc
1311 4087 1470 4141 titulo
1501 4088 1835 4157 praescriptas
1862 4093 2059 4142 erant:
2102 4104 2123 4138 ι
2192 4085 2542 4142 Sanctissimi
2583 4084 2932 4157 patriarchae,
2959 4084 3204 4156 synodus
3260 4093 3316 4140 et
3357 4093 3583 4140 senatus
3637 4097 3781 4138 con-

474 4184 675 4230 vocant
708 4177 1005 4249 vos_123
1028 4179 1082 4233 in
1132 4181 1346 4236 celebre
1379 4183 1642 4252 templum
1677 4180 1736 4236 S.
1770 4182 2006 4252 Sophia.
2043 4201 2060 4233 ι
2093 4180 2178 4237 Ad
2211 4198 2377 4254 quam
2436 4181 2755 4238 citationem
2799 4181 2994 4248 partim
3025 4181 3319 4250 _volentes,
3383 4181 3582 4252 partim
3617 4179 3776 4245 inviti

471 4272 683 4341 possim
715 4287 827 4341 quo
875 4277 1219 4329 vocabantur
1259 4279 1681 4333 concurrebant.

461 4429 467 4435 _
546 4367 640 4422 20.
712 4366 810 4424 His
863 4373 1096 4442 principi
1127 4375 1418 4440 nuntiatis,
1486 4375 1802 4432 Comnenus
1849 4375 2076 4430 Alexius

477 4463 674 4531 raptim
720 4465 1035 4530 arcessitur,
1060 4475 1112 4520 et
1157 4467 1452 4537 imperator
1483 4485 1549 4525 ex
1585 4484 1651 4524 eo
1688 4470 1888 4538 quaerit
1941 4471 2074 4540 quid

2261 4379 2330 4426 κ’.
2374 4371 2778 4442 Ἀγγελθέντων
2810 4371 2866 4425 δὲ
2901 4369 3106 4425 τούτων
3145 4368 3228 4440 τῷ
3264 4368 3478 4440 βασιλεῖ
3501 4371 3530 4424 ὁ
3555 4371 3786 4442 Κομνη-

2184 4464 2274 4528 νδς
2321 4463 2558 4527 Ἀλέξιος
2607 4463 3018 4533 μετεπέμπετο,
3053 4461 3149 4515 καὶ
3187 4461 3216 4512 ὁ
3247 4459 3502 4530 βασιλεὺς
3536 4460 3784 4514 ιπυνθά-

478 4567 619 4620 opus
658 4550 802 4608 facto
865 4553 958 4608 tali
1001 4555 1233 4612 articulo
1289 4573 1497 4612 rerum.
1545 4557 1852 4614 Concilium
1909 4559 2069 4630 hujus

2181 4572 2304 4610 νετο
2351 4554 2544 4609 τούτου
2575 4555 2679 4608 ὅτι
2709 4555 2816 4626 χρὴ
2853 4554 3118 4625 πράττειν
3166 4553 3262 4608 ἰπὶ
3309 4556 3424 4618 τοῖς
3475 4553 3774 4626 ξυμόἂσιν.

472 4640 580 4695 fuit
611 4643 879 4713 optimum
935 4655 988 4700 et
1043 4647 1424 4706 utilissimum.
1459 4648 1605 4705 Dixit
1638 4651 1785 4707 enim
1840 4668 2075 4724 congre-

471 4744 612 4804 gnta:
629 4735 768 4806 apud
787 4737 1108 4808 conjuratos
1127 4740 1495 4797 multitudinis
1517 4743 1836 4814 pleramque
1859 4756 2072 4816 partem

487 4826 763 4882 imbellem
830 4840 886 4884 et
937 4829 1059 4885 vilis
1121 4833 1452 4890 conditionis
1481 4849 1648 4890 esse:
1708 4852 1879 4906 quare
1927 4838 2075 4909 ipsos

476 4933 828 4990 nequaquam
886 4921 940 4975 in
1001 4921 1124 4978 loco
1174 4925 1531 4991 constituros,
1569 4927 1613 4982 si
1659 4936 1849 4981 contra
1885 4945 1943 4984 se
1985 4945 2077 4984 ve-

480 5011 694 5093 nientes
739 5013 991 5069 viderent
1050 5017 1203 5072 viros
1251 5017 1548 5074 bellicosos
1611 5029 1763 5075 certo
1799 5022 2075 5091 pugnandi

477 5104 738 5159 concilio.
763 5105 1030 5176 Oportere
1068 5109 1233 5180 igitur
1265 5113 1608 5181 securigeras
1635 5115 1895 5168 custodes
1924 5113 2077 5183 prin-

474 5199 660 5267 cipum
715 5199 902 5254 statim
953 5200 1008 5254 in
1058 5215 1152 5255 eos
1194 5201 1487 5257 immittere
1545 5205 1648 5257 sub
1704 5205 1887 5273 aliquo
1941 5207 2077 5259 duce

475 5276 631 5344 ‘0rti.
663 5286 786 5343 llrcc
832 5290 1061 5344 audiens
1093 5293 1391 5360 imperator
1436 5294 1783 5363 improbavit,
1821 5311 1889 5348 an
1925 5297 2077 5366 igna-

475 5381 565 5433 via
595 5390 907 5450 correptus,
975 5397 1040 5435 an
1075 5383 1401 5438 excellentia
1458 5385 1677 5441 virtutis
1731 5388 2074 5455 superiorem

475 5471 696 5526 casibus
727 5473 980 5529 humanis
1017 5476 1263 5529 animum
1306 5492 1500 5548 gerens
1553 5481 1760 5533 nescio.
1783 5479 1915 5533 Illud
1945 5497 2078 5535 cou-

475 5573 587 5618 stut
625 5564 826 5634 ipsum,
861 5581 982 5621 cum
1012 5569 1283 5637 potuisset
1322 5570 1628 5638 opprimere
1673 5573 1997 5627 seditionem
2023 5581 2078 5626 et

475 5651 757 5710 ﬂammam
801 5660 1067 5713 orientem
1127 5660 1445 5730 priusquam
1498 5663 1550 5715 in
1590 5663 1909 5719 incendium
1957 5682 2074 5719 nta-

487 5743 698 5800 ximum
751 5748 1502 5821 invalescerctexstinguere,
1545 5754 1810 5809 noluisse.

559 5836 650 5892 '21.
681 5837 796 5898 Nec
816 5849 1007 5900 tamen
1052 5844 1140 5900 hic
1197 5845 1434 5902 ces:av-it
1503 5845 1816 5904 Comnenus
1885 5859 2078 5920 umore

2190 4649 2252 4702 '0
2275 4647 2332 4702 δὲ
2382 4647 2578 4720 βουλὴν
2604 4647 2791 4716 εἰσῆγε
2823 4646 2970 4717 μάλα
2997 4647 3095 4716 μὲν
3123 4646 3378 4718 ἀρίστην,
3413 4645 3557 4716 μάλα
3590 4646 3646 4699 δὲ
3676 4646 3780 4699 λυ-

2179 4738 2591 4809 σιτελεστάτην.
2617 4738 2829 4808 Ἔφησε
2872 4739 2981 4808 γὰρ
3015 4738 3093 4802 ώς
3141 4737 3236 4791 τοῦ
3286 4737 3780 4808 συναθροισθέντος

2179 4831 2422 4902 πλήθους
2445 4832 2506 4884 τὸ
2533 4829 2787 4884 πλεῖστον
2817 4829 3094 4900 ἀπόλεμον
3120 4830 3177 4883 τέ
3210 4831 3323 4882 ἐστι
3356 4829 3450 4884 καὶ
3475 4828 3775 4900 βάναυσον,

2177 4927 2273 4976 καὶ
2305 4924 2405 4976 οὐκ
2432 4923 2499 4977 ἂν
2539 4923 2831 4976 ὑποσταῖεν
2858 4923 3348 4992 καθωπλισμένους
3380 4921 3582 4992 ἄνδρας
3629 4921 3776 4974 ἰδόν-

2177 5030 2270 5076 τες
2299 5013 2396 5067 καὶ
2431 5015 2568 5084 πρὸς
2593 5014 2773 5084 μάχην
2801 5014 3075 5085 ι’ἑτοίμους⁹
3111 5032 3129 5064 ι
3158 5013 3278 5084 Χρὴ
3308 5013 3439 5082 γοῦν
3469 5014 3785 5082 πελεκηφό-

2185 5122 2310 5175 ρους
2369 5105 2810 5168 καθοπλίσαντας
2870 5105 3138 5175 βασιλέων
3183 5105 3434 5174 φύλακας
3463 5105 3584 5158 κατ’
3625 5107 3782 5158 ὲκεί-

2180 5215 2287 5250 νων
2316 5199 2655 5268 ἐπιπέμπειν
2684 5199 2782 5251 σὺν
2821 5197 3134 5269 στρατηγῷ.
3164 5216 3181 5248 ι
3233 5197 3294 5250 '0
3321 5197 3377 5250 δὲ
3409 5197 3629 5268 κρατῶν
3662 5197 3778 5250 τῶν

2179 5289 2478 5358 λεχθέντων
2528 5290 2771 5354 ἀκούσας
2822 5293 2922 5361 τὴν
2979 5290 3176 5360 βουλὴν
3208 5290 3604 5361 ἀπεστρέφετο,
3659 5289 3778 5342 εἴτε

2179 5379 2351 5451 δειλία
2382 5381 2662 5451 συσχεθεὶς
2700 5382 2812 5436 εἴτε
2841 5384 3041 5454 ἀρετῆς
3073 5382 3346 5453 ὑπερδολῇ
3379 5381 3639 5451 ἀνωτέρω
3663 5381 3776 5434 τῶν

2183 5473 2599 5543 ξυμπιπτόντων
2630 5477 2731 5547 ¹ἤδη
2769 5477 2945 5548 τούτῳ
2973 5476 3160 5530 παθών
3189 5477 3502 5546 γενόμενος,
3529 5479 3630 5528 οὐκ
3655 5475 3777 5528 ὲπί-

2183 5582 2407 5634 σταμαι.
2433 5567 2584 5631 Τέως
2623 5567 2755 5634 γοῦν
2790 5568 2909 5621 ἐνὸν
2945 5567 3249 5621 καταλῦσαι
3285 5566 3384 5635 τὴν
3435 5564 3628 5618 στάσιν
3675 5567 3775 5618 καὶ

2182 5659 2521 5712 κατασϐέσαι
2553 5660 2613 5712 τὸ
2652 5659 2763 5730 πῦρ
2796 5663 2900 5730 προ
2935 5660 3028 5712 τοῦ
3086 5660 3166 5722 εἰς
3209 5659 3475 5728 μεγίστην
3519 5655 3777 5726 ἀναφθῆο

2183 5766 2272 5804 ναι
2301 5748 2496 5818 φλόγα,
2528 5753 2555 5803 ὁ
2583 5749 2640 5803 δὲ
2673 5753 2774 5805 οὐκ
2796 5752 3083 5822 ἠθέλησεν.

2256 5840 2368 5900 κα’.
2405 5842 2545 5900 ’Δλλ’
2569 5845 2596 5899 ὁ
2627 5844 2916 5915 Κομνηνὸς
2954 5847 3046 5900 καί
3078 5844 3235 5911 αὖθις
3270 5842 3582 5917 ἠνάγκαζεν
3611 5839 3784 5896 αὑτὸν
