4136 6426
410 382 514 446 177

1593 370 2141 435 HISTORIARUM
2177 369 2322 429 LIB.
2368 368 2468 428 IV.

3597 352 3697 418 1:78

407 503 524 562 τοῖς
563 497 743 561 καλοῖς
773 495 956 550 ὁπόσα
992 494 1266 550 πολιτικὸν
1311 492 1479 563 ἄνδρα
1533 488 1824 560 κοσμοῦσι,
1861 488 1956 540 καὶ
1989 486 2014 536 ὁ
2050 533 2053 542 .

2161 486 2268 548 ine,
2297 483 2381 537 vir
2416 481 2657 553 prudens
2697 488 2751 535 ct
2791 479 3088 534 multarum
3135 472 3704 540 artium,cunetisque

416 589 913 660 Στραϐορωςιανὸς,
967 588 1028 651 ὃς
1081 590 1145 640 ὲκ
1183 585 1572 646 Πενταπόλεως
1641 581 1869 651 ὥρμητο
1915 578 2016 645 τῆς

417 681 685 752 Φρυγίας,
715 680 856 752 ἀνὴρ
888 680 1061 743 δεινὸς
1094 679 1188 732 καὶ
1216 679 1545 747 δραστήριος
1572 675 1634 727 τὸ
1677 674 1830 741 γένος
1859 671 2016 725 ἀνέλ-

424 791 540 827 κων
574 774 652 834 εἰς
689 773 914 834 τούτους
951 772 1044 824 καὶ
1073 770 1343 838 συγγενὴς
1375 769 1450 821 ὣν
1480 767 1557 836 τῷ
1583 765 1796 836 βασιλεῖ
1845 764 2021 832 Νικη-

427 868 605 937 ιέὸρῳ.
647 865 1010 954 Ἀπελθόντες
1051 862 1146 917 οὖν
1197 862 1590 930 ἐντυγχάνουσι
1637 859 1712 926 τῷ
1744 855 2022 926 Βρυεννίῳ

429 957 564 1024 περὶ
603 955 700 1023 τὴν
719 948 1180 1024 ΫΘεοδωριιύπολιν
1219 952 1316 1020 τὴν
1354 950 1614 1018 φάλαγγα
1660 948 1889 1011 τάξαντι
1927 948 2024 998 καὶ

432 1047 605 1115 βάδην
646 1043 1024 1116 πορευομένῳ.
1076 1044 1198 1112 Ἔτι
1231 1041 1289 1094 δὲ
1339 1041 1528 1111 πόρρω
1587 1038 1739 1100 ὅντες
1785 1037 1881 1090 καὶ
1925 1037 2024 1097 τὰς

428 1138 617 1201 τάξεις
646 1135 911 1205 θεώμενοι
954 1137 1048 1188 καὶ
1073 1136 1169 1204 τὴν
1200 1134 1458 1202 φάλαγγα
1486 1131 1730 1200 κοσμίως
1767 1146 2026 1182 συντετα-

432 1229 650 1298 γμένην
688 1228 1002 1295 ἐθαύμαζόν
1025 1245 1084 1279 τε
1121 1227 1178 1278 τὸ
1207 1225 1411 1294 πλῆθος
1457 1222 1592 1294 ὁμοῦ
1628 1223 1722 1275 καὶ
1751 1222 1848 1290 τὴν
1872 1219 2025 1283 τάξιν

438 1323 538 1373 καὶ
567 1322 659 1373 τὶν
685 1322 882 1388 ἄγοντα
923 1319 1280 1387 ὲμεγάλυνον.
1330 1318 1483 1369 Ἐπεὶ
1507 1315 1550 1368 δ’
1585 1315 1835 1382 ἐγένοντο
1891 1312 2028 1381 πλη⁴

441 1411 576 1474 σίον,
609 1413 657 1464 οἱ
691 1415 778 1462 ἐπὶ
801 1411 908 1463 τῶν
925 1409 1211 1482 ἑταιρειῶν
1236 1408 1564 1475 τεταγμένοι
1597 1407 1690 1458 καὶ
1712 1404 1782 1456 τά
1821 1401 2027 1456 τούτων

441 1505 584 1574 πρὸς
612 1506 701 1556 τὶν
737 1503 1099 1573 βασιλειῶντα
1133 1503 1418 1570 ἀνέφερον.
1458 1497 1516 1552 Ὀ
1543 1500 1600 1552 δὲ
1630 1497 1897 1558 κελεύσας
1930 1495 2028 1558 τὰς

439 1597 628 1660 τάξεις
655 1595 846 1665 στῆναι
883 1595 978 1648 καὶ
1018 1594 1145 1656 τοὺς
1173 1592 1406 1659 λογάδας
1441 1589 1802 1659 παραλαϐὼν,
1831 1588 1922 1639 τόν
1969 1603 2030 1640 τε

449 1685 782 1740 Μακεδῦνων
811 1686 1074 1756 ἄρχοντα,
1100 1685 1195 1736 καὶ
1221 1683 1454 1754 Θρᾳκῶν
1489 1679 1826 1751 στρατηγούς
1847 1696 1906 1733 τε
1935 1680 2030 1732 καὶ

445 1777 674 1846 ἰλάρχας
693 1777 786 1828 καὶ
819 1777 1108 1846 ἇρχονταζ,
1144 1777 1338 1847 μικρόν
1367 1792 1417 1828 τι
1437 1775 1537 1844 τῆς
1562 1774 1841 1842 φάλαγγος
1870 1771 2034 1837 ὑπεξ-

445 1869 562 1940 ῄει,
618 1870 712 1920 καὶ
746 1869 960 1922 πάντων
993 1868 1317 1922 ἀπιϐάντων
1345 1867 1454 1918 τῶν
1482 1867 1663 1919 ἵππων
1697 1867 1790 1918 καὶ
1820 1883 2034 1936 στοιχη-

442 1963 537 2013 δἰν
573 1961 705 2029 παρ’
729 1960 974 2029 ἀλλήλων
1003 1961 1244 2014 στάντων
1273 1959 1435 2030 μόνος
1470 1961 1710 2028 ἔφιππος
1740 1954 1830 2026 ἦν,
1866 1958 2035 2010 ἵππου

445 2049 648 2102 λευκοῦ
678 2051 776 2121 τὴν
807 2050 998 2121 χρείαν
1024 2049 1190 2103 αὐτοῦ
1215 2047 1574 2119 πληροῦντος.
1610 2047 1832 2100 Ἱστατο
1853 2047 1909 2098 δὲ
1937 2047 2038 2100 οὐκ

447 2145 509 2196 ὲν
535 2145 651 2206 τοῖς
686 2142 874 2206 ὅπλοις
938 2143 1055 2196 ἀλλ’
1097 2145 1154 2195 ὲν
1202 2143 1390 2211 κόσμῳ
1428 2139 1710 2210 βασιλικῷ,
1763 2139 1821 2191 ὃν
1866 2140 2041 2192 ἐδόκει

453 2234 660 2302 μᾶλλον
691 2234 898 2296 ἐκεῖνος
953 2236 1184 2303 κοσμεῖν
1215 2232 1354 2302 ἀνὴρ
1383 2229 1458 2284 ὢν
1485 2231 1688 2299 ἀγαθός
1715 2247 1773 2283 τε
1801 2230 1862 2282 τὸ
1903 2225 2041 2292 εἶδος

454 2325 552 2378 καὶ
584 2324 846 2396 ὁμιλῆσαι
879 2325 1210 2386 δεινότατος.
1241 2323 1618 2392 Ἐγγισάντων
1652 2323 1709 2373 δὲ
1756 2321 1863 2373 τῶν
1904 2321 2040 2389 πρέ»

456 2416 636 2470 σϐεων
691 2416 786 2468 καὶ
812 2414 910 2485 τὴν
945 2415 1152 2484 συνήθη
1177 2414 1438 2481 πρέσϐεσι
1461 2412 1848 2484 ποιησαμένων
1879 2427 2044 2480 προση

451 2507 706 2577 ηγορίαν,
736 2510 828 2560 καὶ
862 2507 1026 2560 αἱ)τοῦ
1046 2506 1138 2558 τοῦ
1171 2506 1502 2576 κρατοῦντος
1528 2502 2038 2574 ἀντιπροσαγορεὺ-

460 2613 676 2661 σαντος,
725 2596 819 2648 καὶ
844 2597 1026 2657 αὐτοῖς
1068 2595 1245 2666 ἠπίως
1280 2594 1752 2664 προσφερομένου,
1782 2592 2042 2662 ἐπειρᾶτο

461 2687 840 2740 ἀναδιδάσκειν
887 2685 1087 2746 αὐτοὺς
1136 2685 1204 2736 δι’
1257 2685 1322 2754 ἢν
1348 2683 1526 2736 αἰτίαν
1562 2682 1660 2752 τὴν
1705 2678 1837 2751 παρ’
1882 2680 2044 2730 αὑτὸν

463 2779 794 2848 ἐποιήσαντο
826 2779 1032 2845 amt».
1081 2777 1257 2846 Χάριν
1314 2777 1539 2845 εἰρήνης
1579 2791 1637 2826 τε
1676 2775 1768 2826 καὶ
1806 2771 2048 2824 σπονδῶν

465 2871 729 2941 φαμένων
787 2870 880 2922 καὶ
935 2868 1331 2940 κοινοπραγίας
1381 2869 1697 2936 πεμφθῆναι
1756 2866 1906 2934 παρα
1955 2861 2048 2914 τοῦ

466 2960 821 3030 κρατοῦντος,
848 2956 1006 3024 αὖθις
1042 2961 1280 3032 ἐπήρετο
1317 2960 1410 3013 ἐπὶ
1461 2960 1576 3012 τίσι
1609 2958 1709 3020 τὰς
1755 2956 2052 3024 ξυμϐάσεις

468 3054 736 3118 αἰτοῦσιν,
770 3055 818 3106 oi
857 3055 914 3107 δὲ
958 3054 1140 3107 πάντα
1186 3053 1472 3125 διεξῄεσαν
1537 3051 1625 3123 [Ρ.
1659 3049 1752 3119 89]
1800 3050 1869 3101 τὰ
1905 3049 2052 3116 παρὰ

2121 576 2190 630 iis
2214 576 2436 630 dotibus
2459 573 2691 644 insignis
2719 588 2840 643 quae
2862 573 3041 626 virum
3066 568 3350 640 politicum
3369 565 3662 619 absolvunt
3680 577 3703 616 ι

2121 677 2331 723 etcum
2362 680 2452 730 eo,
2503 664 2973 718 Straboromanus
3027 657 3368 714 oriunduse
3420 648 3703 719 Pentapoli

2127 760 2392 831 Phrygia,
2433 759 2600 812 homo
2631 771 2759 811 acer
2802 763 2858 810 et
2888 751 3218 814 industrius,
3259 743 3706 814 consanguineus

2126 855 2302 924 ipsius
2357 851 2649 921 Nicephori
2704 848 2959 917 Augusti.
3010 845 3076 900 Hi
3141 842 3370 914 profecti
3437 837 3708 908 Bryennio

2125 954 2426 1002 oet-urrunt
2466 945 2612 1000 circa
2663 939 3122 1007 Theodoropolim
3167 936 3338 990 aciem
3383 933 3708 986 instructam

2127 1039 2346 1095 ducenti
2389 1039 2538 1092 lento
2568 1044 2621 1089 et
2669 1033 2894 1088 militari
2922 1047 3111 1101 passu.
3141 1027 3273 1094 Qure
3302 1042 3426 1080 eum
3469 1041 3536 1080 ex
3577 1038 3709 1092 pro-

2127 1135 2335 1202 pinquo
2364 1139 2677 1190 cernerent,
2729 1142 3021 1182 numerum
3063 1133 3120 1178 et
3168 1121 3414 1176 ordinem
3466 1115 3711 1184 discipli-

2130 1239 2370 1294 namque
2419 1224 2766 1278 mirabantur
2825 1223 3134 1287 ducemque
3189 1215 3340 1270 taciti
3394 1211 3712 1268 laudabant.

2134 1318 2287 1388 131
2330 1316 2449 1371 Mox
2481 1332 2604 1370 cum
2652 1329 2822 1386 prope
2858 1312 3226 1368 accessissent
3256 1305 3712 1378 praecurrentiqu

2131 1411 2444 1466 cohortium
2488 1409 2748 1463 ductores
2773 1447 2789 1469 ,
2841 1405 3038 1460 adesse
3072 1419 3101 1456 a
3137 1397 3610 1467 Constantinopoli
3644 1396 3716 1450 lc-

2132 1511 2288 1572 gatos
2319 1501 2508 1556 missis
2543 1500 2751 1553 nuntiis
2779 1497 3052 1568 Bryeunio
3074 1494 3414 1553 indicarunt,
3449 1488 3716 1559 quijussa

2133 1595 2439 1650 consistere
2474 1595 2617 1654 acie,
2653 1591 2993 1653 primoribus
3023 1588 3317 1648 exercitus,
3349 1583 3489 1636 duce
3523 1592 3719 1646 nempe

2137 1689 2494 1743 Macedonum
2537 1694 2591 1739 et
2620 1683 2896 1737 Thracum
2929 1679 3167 1735 tribunis
3214 1693 3276 1730 ac
3308 1673 3580 1744 praefectis
3607 1671 3720 1725 ala-

2134 1797 2282 1845 rum,
2324 1794 2513 1835 secum
2561 1775 2886 1844 assumptis,
2913 1773 3193 1843 paululum
3241 1785 3270 1822 e
3300 1767 3568 1837 phalange
3599 1778 3724 1832 pro-

2138 1874 2328 1935 cessit,
2369 1871 2461 1926 nbi
2499 1870 2716 1926 cunctis
2760 1870 2904 1923 circa
2932 1881 2996 1919 ex
3039 1877 3182 1931 equo
3216 1858 3456 1927 delapsis
3489 1864 3543 1911 et
3579 1854 3720 1911 serie

2140 1965 2268 2019 hinc
2295 1963 2420 2017 inde
2466 1963 2725 2015 continua
2770 1957 3070 2014 stantibus.
3120 1955 3272 2008 solus
3313 1952 3430 2020 ipse
3473 1949 3528 2002 in
3579 1959 3724 2016 equo

2142 2052 2378 2107 camlido
2403 2051 2674 2113 eminens,
2704 2050 3093 2116 cataphractus
3124 2041 3482 2113 imperatorio
3505 2047 3727 2102 ornatu,

2143 2143 2230 2196 cui
2275 2151 2660 2196 ornamentum
2714 2156 2780 2193 ex
2831 2153 2954 2192 sese
3003 2136 3202 2189 addere
3244 2132 3424 2202 specie
3470 2127 3729 2198 praeclara

2145 2234 2452 2296 videbatur,
2491 2231 2670 2287 forma
2702 2231 2920 2283 heroica
2953 2227 3231 2282 excellens
3270 2233 3324 2276 et
3364 2220 3637 2290 egregiam
3675 2219 3728 2271 in

2147 2340 2446 2396 congressu
2505 2322 2904 2376 humanitatem
2964 2319 3205 2387 spirans,
3264 2315 3472 2383 legatos
3520 2308 3733 2376 excepit

2149 2417 2557 2471 venerationem
2593 2413 2697 2482 ipsi
2736 2425 3033 2479 cengruam
3079 2416 3133 2461 ct
3169 2405 3375 2475 primas
3410 2415 3470 2456 ut
3509 2400 3736 2455 decebat

2150 2509 2515 2564 salutationes
2550 2505 2894 2559 exhibentes.
2949 2501 3094 2565 Quos
3135 2495 3532 2550 humanissima
3571 2490 3734 2545 vicis-

2153 2603 2254 2652 sim
2278 2597 2605 2652 allocutione
2639 2591 2914 2664 dignatuS,
2941 2589 3367 2660 percontabatur
3399 2586 3465 2637 ad
3491 2583 3620 2653 quid
3643 2598 3737 2635 ve-

2154 2689 2358 2755 nirent,
2381 2703 2659 2756 quamque
2683 2701 2794 2740 rem
2821 2685 3041 2742 vellent.
3073 2681 3250 2748 iisque
3287 2675 3740 2745 respondentibus-

2154 2798 2213 2836 se
2246 2781 2311 2834 ad
2349 2780 2694 2834 tractandam
2752 2790 2941 2844 pacem
2999 2774 3067 2827 ab
3118 2773 3446 2840 imperatore
3499 2767 3737 2820 missos:

2158 2888 2354 2927 rursus
2408 2869 2691 2938 quzerebat
2751 2882 2890 2936 quas
2953 2864 3301 2918 conditiones
3361 2856 3742 2912 conventionis

2161 2964 2385 3016 ferrent.
2424 2959 2578 3013 Tunc
2608 2959 2684 3010 illi
2725 2963 2926 3010 cuncta
2966 2953 3270 3008 retulerunt
3300 2965 3420 3018 quae
3449 2948 3744 3014 imperator

2156 3054 2417 3121 jusserat,
2474 3049 2909 3104 Straboromano
2955 3043 3118 3097 verba
3172 3040 3446 3094 faciente:
3480 3037 3566 3088 hic
3596 3034 3740 3087 enim

469 3147 764 3216 βασιλέως,
806 3145 900 3199 τοῦ
946 3145 1420 3217 Στραϐορωμανοῦ
1469 3145 1582 3197 τῶν
1618 3144 1796 3210 λόγων
1847 3142 2053 3209 κατάρ-

2165 3157 2350 3214 utpotc
2389 3140 2832 3209 consanguineus
2881 3133 3198 3204 imperatori
3255 3128 3538 3201 legationis
3582 3133 3746 3193 caput

467 3257 679 3309 χοντος.
709 3234 877 3302 Οὗτος
909 3240 1017 3311 γὰρ
1045 3239 1141 3292 καὶ
1168 3240 1228 3292 τὺ
1278 3240 1376 3306 τῆς
1412 3236 1713 3307 πρεσϐείας
1737 3231 1852 3304 εἶχε
1888 3233 2056 3304 κῦρος

469 3333 569 3386 an
595 3333 794 3396 οίκεῖος
816 3331 893 3384 ὢν
930 3330 1161 3402 βασιλεῖ.
1209 3331 1271 3383 '0
1299 3330 1355 3382 δὲ
1385 3330 1574 3400 ἕτερος
1616 3328 1776 3398 χάριν
1810 3323 1902 3379 τοῦ
1935 3325 2056 3375 πεί-

470 3424 589 3475 θειν
624 3423 932 3476 ἀπέσταλτο
959 3423 1050 3476 διὰ
1073 3423 1171 3494 τὴν
1201 3422 1336 3494 πρὸς
1362 3423 1454 3475 τὸν
1482 3418 1839 3491 βασιλειῶντα
1873 3418 1936 3471 ἐκ
1965 3415 2057 3468 τοῦ

471 3513 675 3582 κήδους
699 3513 1036 3581 οἰκειότητα.

547 3605 616 3673 γ’.
648 3606 726 3658 Τὰ
769 3607 826 3660 δὲ
862 3608 960 3675 τῆς
1007 3605 1303 3676 πρεσϐείας
1333 3602 1476 3676 ἦσαν
1520 3604 1719 3658 τοιάδε·
1763 3623 1780 3654 ι
1821 3603 1992 3672 Ἐγὼ,
2033 3622 2051 3654 ι

479 3695 650 3765 φησὶν
681 3697 709 3747 ὁ
739 3697 980 3765 κρατῶν,
1023 3716 1042 3748 ι
1083 3695 1251 3750 πάλαι
1282 3695 1374 3748 τὸν
1399 3695 1490 3748 σὺν
1511 3694 1724 3763 πατέρα
1753 3693 2062 3760 γινώσκων,

474 3789 647 3859 ἄνδρα
671 3790 841 3844 δεινὸν
871 3790 971 3859 μὲν
1003 3789 1385 3860 στρατηγῆσαι
1411 3789 1506 3840 καὶ
1535 3786 1705 3839 πολλὰ
1737 3785 1876 3839 κατά
1913 3786 2053 3837 Σκυ-

476 3881 590 3934 θῶν
621 3882 1004 3952 ἀναστήσαντα
1025 3881 1287 3951 τρόπαια,
1324 3881 1420 3933 καὶ
1473 3881 1658 3950 μέντοι
1689 3880 1782 3932 καὶ
1836 3879 2068 3949 ξυστρα-

475 3971 676 4036 τεύσας
695 3974 843 4040 αὑτῴ
874 3974 968 4026 καὶ
1001 3974 1121 4034 ταῖς
1145 3973 1442 4041 ἑταιρείαις
1475 3972 1746 4042 πρότερον
1769 3971 2069 4042 σύντροφον

480 4063 653 4134 σχὼν,
682 4065 780 4133 οὐχ
810 4059 976 4134 ἦττον
1009 4065 1103 4116 καὶ
1131 4063 1190 4115 σὲ
1222 4064 1531 4133 ἐπίσταμαι
1557 4061 1709 4125 ἀξιον
1737 4061 1867 4114 ὄντα
1903 4061 2069 4114 παῖδα

479 4156 731 4210 τοιούτου
759 4157 987 4228 πατρὸς.
1024 4156 1122 4209 Δια
1149 4154 1326 4208 ταῦτα
1362 4156 1485 4208 ὲπεί
1517 4172 1582 4224 με
1612 4155 1743 4217 Θεὸς
1777 4155 1855 4213 εἰς
1882 4153 1940 4205 τὸ
1975 4152 2068 4217 βα-

483 4250 686 4303 σίλειον
717 4249 870 4318 -ὖψος
912 4249 1184 4317 ἀνήγαγε,
1234 4246 1499 4316 βούλομαί
1537 4264 1620 4307 σοι
1659 4245 1915 4313 γενέσθαι
1951 4245 2075 4297 ἀντὶ

483 4343 697 4414 πατρδς
743 4341 1132 4410 φιλοστόργου.
1186 4341 1371 4393 Γένοιο
1400 4338 1494 4392 οὖν
1536 4339 1602 4390 σὺ
1638 4338 1807 4407 κάμοὶ
1843 4336 1957 4399 υίὸς
1987 4336 2076 4388 εὖ·

485 4441 723 4507 γνώμων
755 4435 872 4490 ἀνθ’
902 4434 1021 4489 υἱοῦ
1047 4433 1389 4503 ἀγνώμονος,
1418 4432 1721 4504 ὑπερείδων
1748 4431 1847 4500 τὴν
1887 4432 1953 4482 ὲκ
1977 4428 2073 4482 τοῦ

2163 3249 2302 3289 erat.
2359 3236 2506 3287 Alter
2537 3247 2688 3296 vero,
2723 3229 2869 3297 quod
2915 3223 3184 3295 Bryennio
3229 3233 3346 3277 erat
3385 3217 3582 3285 aiIiuis,
3629 3215 3746 3284 ejus

2163 3324 2474 3396 pellicit-udi
2504 3336 2671 3377 causa
2708 3319 2884 3372 fuerat
2918 3315 3235 3384 adjunctus.

2240 3593 2292 3644 5.
2353 3588 2447 3644 llis
2497 3598 2678 3642 autem
2733 3586 2842 3639 lere
2897 3583 3078 3638 verbis
3135 3581 3357 3634 nomine
3405 3575 3752 3646 imperatoris

2172 3682 2470 3736 Botauiata:
2502 3692 2762 3747 expressa
2813 3673 3103 3744 legationis
3137 3668 3407 3725 sententia
3441 3667 3506 3720 ad
3551 3665 3752 3736 Brycn-

2172 3778 2319 3830 nium
2345 3785 2457 3829 est:
2483 3792 2500 3824 ι
2532 3771 2642 3840 Ego
2673 3779 2880 3838 patrem
2907 3776 3058 3820 tuum
3094 3765 3223 3818 olim
3251 3762 3397 3822 novi,
3431 3759 3753 3828 praclarum

2172 3869 2297 3924 belli
2337 3868 2558 3928 ducem,
2586 3864 2793 3932 quique
2839 3861 3007 3914 multa
3041 3855 3270 3911 devictis
3312 3853 3526 3924 Scythis
3557 3860 3757 3921 tropaza

2174 3963 2387 4019 statuit.
2443 3959 2540 4015 Cui
2600 3958 2765 4012 etiam
2823 3952 3046 4008 memini
3110 3949 3268 4018 132
3326 3957 3379 4000 ct
3441 3947 3762 4000 meminisse

2169 4058 2327 4127 juvat
2368 4069 2453 4106 me
2489 4051 2700 4105 socium
2749 4048 2802 4098 in
2853 4041 3296 4112 expeditionibus
3351 4051 3416 4091 ac
3467 4035 3763 4090 contuber-

2177 4147 2352 4199 nalem
2387 4142 2743 4209 sodalemque
2799 4136 2999 4200 fuisse;
3057 4150 3156 4188 nec
3209 4132 3390 4185 minus
3441 4143 3761 4200 persuasum

2180 4237 2353 4290 habeo
2386 4244 2436 4288 te
2459 4233 2688 4301 dignum
2721 4229 2844 4285 talis
2871 4227 3044 4298 patris
3071 4226 3408 4292 minimeque
3438 4223 3763 4290 tlegcneren'i

2177 4343 2300 4384 esse
2329 4326 2534 4391 lilium;
2572 4340 2694 4393 quae
2733 4339 2857 4376 cum
2900 4321 2971 4373 ita
3007 4319 3140 4382 sint,
3179 4318 3437 4386 quoniam
3492 4329 3576 4380 me
3627 4311 3768 4366 Deus

2185 4423 2251 4475 ad
2291 4419 2502 4489 imperii
2530 4418 2746 4472 culmen
2772 4415 2970 4478 evexit,
3008 4412 3276 4465 rharitate
3308 4405 3766 4477 indulgentissimi

483 4501 676 4600 γήρως
709 4529 1018 4582 ἀσθένειαν.
1051 4501 1162 4580 καὶ
1200 4501 1298 4580 νῦν
1349 4526 1448 4594 μὲν
1483 4501 1582 4594 τήν
1613 4523 1752 4592 μετά
1797 4520 2053 4592 βασιλείαε

2182 4517 2352 4584 patris
2387 4521 2437 4566 te
2472 4511 2662 4564 volens
2695 4509 3030 4578 amplector;
3067 4520 3235 4574 quare
3267 4501 3508 4556 vicissim
3551 4512 3779 4566 acquum-

482 4624 748 4696 δευτέραν
772 4622 938 4692 τιμὴν
973 4620 1243 4690 λάμϐανε,
1273 4619 1419 4688 φημὶ
1439 4617 1503 4688 δὴ
1529 4617 1628 4687 τὴν
1651 4616 1746 4669 τοῦ
1774 4615 2073 4684 Καίσαρος,

491 4715 609 4786 μετ’
645 4715 707 4769 όῠ
743 4717 878 4768 πολὺ
915 4715 972 4768 δὲ
1003 4714 1098 4766 καὶ
1135 4712 1381 4780 διάδοχος
1423 4713 1557 4780 ἡμῖν
1587 4709 1950 4780 χρηματίσεις
1978 4708 2078 4778 τῆς

489 4809 767 4880 βασιλείας
792 4807 1102 4877 Ῥωμαίων.
1142 4825 1158 4856 ι
1195 4805 1379 4858 Ταῦτα
1407 4803 1791 4867 διεξελθόντων
1810 4801 1918 4853 τῶν
1943 4801 2082 4871 πρέ-

487 4903 688 4968 σϐεων,
732 4903 896 4973 μηδὲν
947 4903 1223 4972 μελλήσας
1272 4902 1481 4963 ἐκεῖνος
1539 4899 1654 4966 (καὶ¹
1696 4896 1805 4966 γὰρ
1834 4891 1902 4966 ἦν
1920 4896 2079 4964 είπερ

486 5011 576 5056 τις
609 4993 765 5056 ἄλλος
793 4993 1072 5062 ἀγχίνους)
1105 4993 1264 5056 εὐθὺς
1287 4990 1624 5062 ἀπεκρίνατο
1648 4989 1746 5050 τὰς
1777 4986 2080 5055 συμϐάσεις

487 5089 698 5142 ἐθέλειν
733 5089 827 5141 καὶ
848 5087 945 5157 τὴν
979 5087 1207 5156 εἰρήνην
1245 5081 1588 5148 ἀσπάζεσθαι
1609 5081 1702 5133 καὶ
1723 5080 1814 5133 τὸν
1846 5078 2082 5148 πόλεμον

490 5179 798 5236 καταλῦσαι
823 5179 1088 5249 ἐμφύλιον
1109 5178 1202 5230 καὶ
1231 5179 1330 5246 τὴν
1359 5177 1509 5246 παρὰ
1529 5173 1794 5244 βασιλέως
1815 5169 1980 5240 τιμὴν
1994 5166 2081 5222 δέέ

492 5275 708 5345 χεσθαι.
743 5273 1040 5326 Βούλεσθαι
1066 5271 1123 5324 δὲ
1157 5270 1232 5341 μὴ
1265 5270 1428 5322 αὐτὸν
1461 5269 1622 5338 μόνον
1641 5267 1824 5336 τυχεῖν
1852 5265 1963 5318 τῶν
1983 5263 2082 5331 τῆς

490 5366 714 5438 εἰρήνης
744 5363 946 5434 καλῶν,
970 5363 1108 5416 ἀλλὰ
1133 5363 1230 5415 καὶ
1252 5361 1380 5422 τοὺς
1411 5359 1898 5429 ξυμμετασχόντας
1928 5353 2079 5420 αὑτῴ

494 5456 590 5510 τοῦ
607 5456 799 5529 ἔργον,
819 5453 1163 5527 στρατηγούς
1188 5471 1250 5507 τε
1283 5453 1379 5505 καὶ
1399 5451 1741 5519 στρατιώτας
1770 5447 1865 5500 καὶ
1887 5444 2058 5514 ἄρχον
2076 5472 2087 5482 ε

493 5544 708 5615 τας,ὧν
731 5549 794 5602 τὸ
821 5547 1103 5619 ξυμφέρον
1126 5545 1427 5617 προδοῦναι
1460 5543 1576 5594 ῐσον
1599 5541 1750 5611 αὐτῷ
1766 5538 1860 5592 τοῦ
1887 5536 2088 5605 ἀσεϐἦη

496 5659 594 5696 σαι
607 5642 926 5713 νενόμισται
957 5658 970 5671 ·
992 5639 1283 5709 φιλαυτίας
1303 5637 1414 5706 γὰρ
1432 5632 1519 5703 εἴη
1555 5632 1810 5703 ἐσχάτης,
1830 5629 1862 5699 ἢ
1887 5625 2087 5699 μᾶλλον

495 5734 676 5788 εἰπεῖν
706 5731 1128 5803 ἀπανθρωπίας,
1165 5728 1433 5801 ζητοῦντα
1468 5725 1528 5778 τὸ
1567 5724 1764 5778 ἑαυτοῦ
1806 5719 2087 5792 συμφέρον

499 5829 563 5881 τὸ
600 5828 709 5881 τῶν
745 5827 921 5883 ἄλλων
955 5824 1265 5897 προδοῦναι.
1292 5823 1404 5877 Οὐκ
1441 5818 1616 5884 ἄλλως
1659 5816 1750 5871 οὖν
1780 5815 1879 5877 τὴν
1910 5812 2090 5867 υἱοθε-

2181 4609 2347 4664 fuerit
2382 4604 2674 4674 concipere
2705 4613 2757 4656 te
2789 4617 3010 4670 quoque
3043 4599 3096 4651 in
3134 4612 3221 4651 me
3255 4595 3508 4648 atl‘ectum
3547 4607 3610 4645 ac
3645 4605 3776 4644 ser-

2183 4715 2305 4754 sum
2351 4696 2421 4768 pii
2468 4695 2562 4748 ﬁlii
2599 4693 2784 4762 potius
2815 4705 2978 4760 quam
3016 4686 3210 4755 ingrati
3261 4682 3499 4752 superbe
3529 4687 3773 4733 conteru-

2184 4790 2364 4845 ncntis
2405 4785 2780 4840 inﬁrmitatem
2833 4778 3136 4835 senectutis
3171 4789 3328 4826 meae.
3374 4771 3438 4824 Et
3492 4785 3636 4821 nunc
3689 4783 3767 4820 se-

2186 4881 2429 4936 cundum
2465 4893 2494 4931 a
2529 4892 2615 4930 me
2646 4872 2869 4928 honoris
2910 4869 3090 4922 locum
3123 4865 3225 4919 sub
3258 4860 3529 4930 imperiali
3557 4858 3776 4926 fastigio

2189 4974 2395 5042 accipe,
2424 4972 2604 5024 dictus
2635 4984 2663 5021 a
2695 4980 2782 5020 me
2805 4961 3024 5016 interim
3056 4961 3262 5020 Caesar,
3302 4956 3430 5008 dum
3467 4953 3628 5022 paulo
3654 4961 3779 5020 post

2191 5069 2350 5122 nobis
2406 5066 2460 5120 in
2503 5061 2736 5132 imperio
2770 5055 3074 5114 succedens
3128 5053 3181 5104 in
3244 5049 3480 5103 Solidum
3539 5044 3779 5112 accipias

2193 5160 2563 5216 luercditatem
2602 5152 2776 5223 regni,
2804 5149 2960 5217 cujus
2993 5160 3138 5199 nunc
3169 5139 3411 5212 pignoris
3461 5141 3580 5190 loco
3628 5143 3782 5204 parte

2194 5269 2302 5308 non
2334 5249 2550 5306 modica
2582 5243 2848 5316 dignaris.
2883 5259 2901 5291 ι
2940 5236 3090 5290 Talia
3125 5250 3249 5290 cum
3308 5229 3470 5300 legati
3518 5226 3781 5296 protulis-

2193 5352 2338 5406 sent,
2374 5339 2508 5394 nihil
2534 5337 2624 5390 ille
2653 5341 2965 5395 cunetatus,
2994 5336 3112 5386 erat
3139 5325 3285 5380 cnim
3322 5322 3367 5374 si
3399 5320 3524 5388 quis
3554 5317 3694 5370 alius
3725 5315 3777 5367 in

2197 5429 2492 5501 propositis
2549 5427 2711 5480 rebus
2763 5419 2948 5476 statim
3017 5431 3081 5470 ac
3139 5412 3358 5484 penitus
3416 5400 3782 5477 percipiendis

2194 5529 2372 5588 velox,
2413 5521 2598 5577 subito
2630 5513 2914 5585 respondit
2960 5528 2974 5564 :
3021 5509 3285 5576 Accipere
3319 5517 3377 5556 se
3413 5513 3536 5568 quae
3585 5493 3780 5549 otIcre-

2198 5623 2398 5674 lxantur
2437 5631 2501 5669 ac
2541 5612 2764 5665 modum
2797 5601 3216 5674 compositionis
3249 5594 3502 5666 probare,
3534 5603 3633 5641 nec
3663 5600 3780 5636 mo—

2198 5729 2316 5768 ram
2359 5723 2522 5779 penes
2566 5721 2625 5760 se
2681 5703 2798 5758 fore
2845 5699 2978 5770 quin
3046 5709 3172 5749 mox
3234 5686 3384 5743 linito
3438 5678 3584 5734 civili
3642 5674 3784 5730 bello

2206 5765 2450 5864 delatum
2493 5800 2562 5856 ab
2599 5799 2929 5866 imperatore
2967 5789 3232 5844 honorem
3270 5774 3603 5833 admitteret.
3643 5765 3790 5820 Velle
