4136 6458
432 377 524 442 iSl

1651 377 2191 439 IIISTORIARUM
2226 379 2374 441 LIB.
2422 381 2513 441 IV;

3619 379 3716 442 18νὲ

432 491 690 563 περιῄρει
744 491 844 562 μὲν
886 491 996 544 τῶν
1046 492 1289 562 δοράτων
1328 491 1396 545 τὰ
1424 492 1576 560 ξίφη,
1610 492 1748 544 κατά
1805 491 1924 553 ἴλας
1972 489 2027 542 δέ

2151 493 2335 548 ΙυιιιΙῡ.
2363 492 2478 546 lloc
2501 493 2581 548 sic
2614 494 3033 562 assmptebatur.
3072 491 3351 546 Edueebat
3382 491 3432 543 in
3459 506 3716 559 campum

435 583 639 646 αὐτοὺς
693 583 924 654 διαιρῶν
987 585 1133 636 κατὰ
1191 582 1482 653 πρόσωπον
1549 581 1672 634 ἵστα
1732 580 2029 650 ἀλλήλους,

437 670 560 728 εἶτα
611 673 832 726 ἐκέλευε
892 673 1101 750 σφοδρᾷ
1133 676 1200 745 τῇ
1265 673 1415 746 ῥύμῃ
1459 674 1582 736 τοὺς
1633 673 1834 734 ἵππους
1867 671 2028 724 ἐλαύ-

438 781 636 825 νοντας
683 765 885 834 χωρεῖν
947 763 1069 816 κατ’
1119 762 1364 834 ἀλλήλων
1420 763 1513 816 καὶ
1558 763 1738 816 παίειν
1786 763 1861 826 ὼς
1919 759 2031 816 οἷόν

438 873 504 908 τε
536 856 647 916 τοῖς
668 856 915 924 δόρασιν,
949 855 1047 907 καὶ⁵
1077 854 1221 908 οὓτω
1273 855 1398 918 τοὺς
1451 855 1850 924 τολμηρότερον
1896 855 2030 925 πρὸς

440 949 506 1000 τὸ
564 948 722 1017 ἔργοι
762 946 1074 1017 χωροῦντας
1127 950 1239 1010 τοῖς
1291 947 1526 1016 πρώτοις
1563 945 1839 1013 κατέλεγε.
1893 947 2030 1008 Τοὺς

443 1039 579 1108 γοῦν
609 1039 868 1100 πολλάκις
919 1041 977 1090 ἐν
1011 1041 1076 1109 τῇ
1117 1039 1241 1092 κατ’
1288 1038 1534 1107 ἀλλήλων
1589 1037 1875 1107 συμπλοκῇ
1909 1038 2030 1106 ἀρί⁸

446 1150 610 1196 στους
667 1133 1044 1199 ἀναφανέντας
1075 1130 1379 1193 ἀθανάτους
1426 1129 1700 1200 ὠνόμασε,
1736 1131 1828 1180 καὶ
1861 1127 2030 1191 οὕτως

446 1224 650 1294 ξυνέϐη
682 1224 888 1286 πάντας
919 1225 1047 1287 τοὺς
1073 1223 1171 1292 τὴν
1202 1221 1554 1290 συλλεγεῖσαν
1586 1219 2032 1290 ἀναπληροῦντας

444 1317 706 1384 φάλαγγα
740 1316 1042 1375 ἀθανάτους
1076 1313 1465 1384 ὀνομασθῆναι.

521 1415 582 1461 ε’.
610 1408 844 1468 Τούτους
888 1409 916 1460 ὀ
963 1405 1246 1476 Κομνηνὺς
1284 1404 1618 1476 παραλαϐὼν
1665 1405 1902 1470 Ἀλέξιος
1935 1403 2030 1469 ξὺν

446 1504 564 1563 τοῖς
599 1501 783 1562 ἄλλοις
813 1498 1068 1552 ἀπελθὼν
1116 1500 1582 1570 ἐστρατοπέδευσε
1602 1498 1754 1569 παρὰ
1787 1497 2030 1566 ποταμὸν

446 1596 552 1648 οὐκ
581 1591 680 1646 οἷδ’
710 1594 856 1654 ὅπως
878 1590 1118 1661 ἀρχῆθεν
1140 1590 1472 1661 καλούμενον
1497 1591 1584 1644 διὰ
1605 1590 1665 1641 τὸ
1698 1589 2032 1660 ἀμειρθῆναι

445 1687 560 1741 τῶν
596 1688 878 1754 ὀνομάτων
898 1687 966 1737 τὰ
996 1684 1248 1749 πλεῖστα,
1275 1683 1413 1744 τέως
1439 1683 1483 1736 δ’
1515 1678 1608 1736 οὗν
1650 1683 1711 1735 ἐκ
1744 1681 1850 1735 τῶν
1885 1682 2030 1750 Θρα-

446 1779 623 1833 κικῶν
655 1779 799 1848 ὀρῶν
826 1777 1203 1847 καταρρέοντα
1238 1775 1330 1828 καὶ
1374 1775 1647 1846 Ἀλμυρον
1679 1773 1821 1826 κατὰ
1855 1774 2033 1842 ἐγχω-

451 1871 588 1938 ρίων
642 1868 996 1937 καλούμενον.
1039 1867 1127 1919 Ἐν
1180 1857 1223 1932 ᾧ
1271 1868 1369 1919 καὶ
1423 1864 1681 1936 φρούριον
1731 1863 1824 1916 ἐπὶ
1868 1863 2032 1929 λόςου

447 1961 701 2029 ἵδρυται·
739 1958 1031 2029 Καλοϐρύη
1061 1956 1236 2027 τούτῳ
1277 1957 1335 2010 τὸ
1376 1957 1569 2026 ὄνομα.
1619 1956 1827 2008 Ἐκεῖσε
1853 1955 2033 2005 τοίνυν

452 2050 935 2119 στρατοπεδεύσας
971 2047 1093 2101 οὔτε
1133 2049 1342 2118 τάφρον
1385 2046 1596 2117 ὤρυξεν
1622 2045 1746 2099 οὔτε
1795 2042 2034 2114 ἐπήξατο

448 2143 672 2212 χάρακα
693 2158 706 2171 ’
738 2141 996 2196 ἐϐούλετο
1027 2140 1137 2211 γὰρ
1167 2140 1330 2193 αὑτοῦ
1362 2139 1446 2211 [Ρ.
1499 2137 1592 2210 9|]
1633 2139 1707 2206 μὴ
1755 2137 2031 2207 πολεμίων

450 2234 666 2302 ἐφοδῶν
691 2233 878 2302 ἔφοδον
913 2235 1008 2286 καὶ
1029 2235 1127 2300 τὴν
1147 2234 1303 2304 νίκην
1343 2233 1560 2301 βλέπειν
1602 2233 1649 2284 εἰ
1671 2227 1782 2283 οἷόν
1811 2247 1890 2284 τε.
1926 2230 2035 2282 Καὶ

450 2327 563 2396 γὰρ
604 2326 797 2394 ἔμελλε
865 2325 983 2396 μετ’
1031 2324 1227 2392 ὀλίγων
1281 2323 1549 2392 μάχεσθαι
1611 2321 1746 2394 πρὸς
1810 2321 2038 2384 πολλοὺς

452 2417 798 2487 στρατηγούς
826 2434 885 2469 τε
923 2417 1040 2486 ἅμα
1071 2416 1351 2484 γενναίους
1386 2416 1479 2468 καὶ
1513 2414 2030 2482 πολυπειροτάτους,

452 2504 531 2561 ὧν
561 2509 814 2579 καθαπερ
860 2510 1110 2578 ἀστέρων
1139 2509 1293 2578 ἥλιος
1341 2507 1574 2578 ἐξῆρχεν
1636 2509 1663 2558 ὁ
1728 2505 2038 2574 βασιλειῶν.

455 2599 556 2650 Διά
583 2597 744 2651 τοῦτο
795 2598 1051 2651 ἐϐούλετο
1092 2598 1169 2667 τῷ
1203 2597 1396 2667 πλήθει
1443 2597 1537 2649 καὶ
1582 2598 1702 2658 ταῖς
1747 2593 2044 2660 δυνάμεσιν

456 2690 850 2758 ἐλαττούμενος
897 2691 926 2742 ό
979 2689 1300 2759 δομέστικος
1342 2687 1452 2741 τῶν
1489 2687 1695 2755 σχολῶν
1749 2685 1821 2756 μὴ
1867 2685 2042 2754 τόλμῃ

459 2784 625 2852 μόνον
656 2783 789 2836 ἀλλὰ
820 2785 918 2836 καὶ
947 2783 1146 2853 μελέτῃ
1171 2782 1266 2834 καὶ
1297 2781 1548 2850 ἀγχινοίᾳ
1579 2777 2042 2846 καταστρατηγῆ-

460 2893 554 2928 σαι
604 2876 714 2927 τῶν
767 2875 1044 2944 πολεμίων
1070 2889 1084 2903 ⁶
1116 2874 1352 2936 σκοποὺς
1391 2873 1446 2924 δὲ
1485 2872 1720 2940 πέμπων
1775 2870 2046 2938 ἐμάνθανε

459 2965 918 3036 στρατοπεδεύειν
944 2968 1072 3030 τοὺς
1096 2984 1158 3018 πε
1169 2969 1225 3035 pl.
1252 2965 1341 3018 τὺν
1366 2962 1653 3035 Βρυέννιον
1677 2963 1733 3014 ἐν
1762 2963 1876 3023 τοῖς
1907 2960 2048 3013 κατὰ

463 3059 562 3111 τοῦ
597 3059 871 3130 Κηδόκτου
907 3060 981 3130 (ο)
1036 3059 1260 3119 πεδίοις.

2138 585 2272 640 istos
2325 601 2457 641 suos
2498 586 2732 656 juvenes
2787 595 3050 645 armatos.
3112 585 3216 637 nisi
3268 581 3414 654 quod
3459 585 3716 650 cuspides

2136 676 2344 731 ferreas
2381 677 2574 732 hastis-
2608 678 2981 745 dempserant,
3022 675 3346 744 divisosque
3400 674 3452 727 in
3509 684 3717 730 turmas

2133 775 2187 820 et
2217 769 2501 836 oppositos
2549 769 2786 823 invicem
2833 769 3169 824 altrinsecus
3211 768 3503 822 incurrere
3545 767 3600 820 in
3656 783 3715 821 se

2137 869 2326 913 mutuo
2350 860 2506 929 equis
2536 877 2698 928 quam
2733 860 3182 914 eoncitatissimis
3201 859 3427 927 jubebat
3457 856 3718 912 tundere-

2134 969 2238 1018 que
2273 953 2502 1006 invii-em
2530 954 2752 1023 clypeos
2778 953 2947 1006 hastis
2990 971 3002 1007 :
3038 968 3148 1020 quo
3182 951 3274 1020 qui
3305 949 3594 1004 audentius
3619 949 3715 1003 de-

2136 1046 2285 1113 fungi
2327 1046 2663 1110 viderentur,
2695 1061 2790 1099 eos
2822 1045 3015 1114 primis
3045 1043 3386 1097 accensebat.
3417 1040 3526 1094 llos
3549 1056 3713 1110 porro

2134 1139 2226 1207 qui
2257 1140 2456 1208 sa‘pins
2491 1140 2595 1194 ista
2637 1139 2992 1194 meditatione
3032 1138 3173 1190 vires
3204 1136 3559 1203 animumque
3590 1151 3716 1204 pro-

2137 1231 2419 1296 baverant,
2448 1231 2788 1285 lmmortales
2816 1229 3112 1299 appellavit
3145 1247 3157 1282 :
3183 1226 3334 1297 quod
3361 1241 3558 1281 nomen
3592 1226 3719 1279 inde

2135 1323 2363 1376 adha'sit
2401 1322 2598 1391 legioni
2637 1338 2702 1377 ex
2737 1323 2823 1376 his
2855 1322 3094 1391 scriptun

2205 1413 2257 1467 5.
2309 1411 2404 1467 llis
2463 1413 2699 1482 aliisque
2755 1412 3068 1467 Comnenns
3119 1409 3341 1464 Alexius
3393 1407 3715 1476 assumptis,

2133 1521 2385 1576 egressus
2419 1515 2598 1560 castra
2631 1505 2811 1573 posuit
2850 1505 2914 1557 ad
2949 1503 3198 1564 fluvium,
3228 1501 3412 1556 nescio
3445 1515 3647 1568 quomo
3669 1500 3720 1548 lo

2135 1597 2440 1665 antiquitus
2494 1595 2829 1665 appellatum
2877 1597 3025 1662 (nam
3077 1594 3334 1663 pleraque
3382 1591 3569 1645 talium
3619 1604 3718 1644 no-

2137 1688 2282 1740 mina
2325 1687 2481 1756 135
2535 1687 2731 1740 nmtari
2770 1685 3042 1754 contigit),
3071 1700 3214 1737 nunc
3257 1684 3478 1754 quidem
3512 1683 3580 1735 ab
3623 1698 3718 1735 ae-

2138 1778 2272 1834 colis
2307 1777 2600 1848 Halmyrns
2624 1777 2826 1831 dicitur
2847 1792 2908 1829 ex
2936 1775 3188 1829 Thracia:
3217 1775 3495 1828 montibus
3523 1773 3716 1834 fluens,

2138 1870 2224 1924 cui
2279 1871 2516 1925 adsitum
2574 1869 2858 1924 castellum
2915 1868 2968 1921 in
3022 1867 3158 1921 colle
3199 1867 3468 1920 munitum
3523 1866 3720 1920 visitur

2132 1961 2397 2032 Calobrya
2432 1971 2702 2016 vocatmn.
2764 1960 2861 2014 Hie
2915 1960 3086 2028 posita
3135 1966 3315 2012 castra
3363 1973 3540 2027 neque
3574 1955 3718 2009 fossa

2136 2069 2309 2120 neque
2367 2053 2507 2105 vallo
2562 2051 2942 2106 cirrunnlvdit.
3013 2050 3128 2102 Non
3193 2050 3338 2102 enim
3403 2047 3713 2102 confidebat

2135 2144 2353 2197 usitatis
2389 2143 2507 2196 belii
2559 2144 2804 2205 antibus,
2847 2157 2944 2195 nec
2979 2149 3247 2196 statuerat
3290 2147 3604 2208 exspectare
3653 2123 3723 2191 ibi

2135 2235 2430 2288 adventum
2481 2234 2814 2304 impetumve
2865 2234 3130 2298 hostium,
3169 2233 3263 2286 sed
3292 2231 3583 2285 victoriam
3635 2229 3724 2282 fu-

2147 2329 2253 2381 rari
2289 2330 2462 2397 siqua
2488 2337 2604 2382 arte
2629 2339 2831 2398 posset.
2865 2327 3250 2382 Conditionem
3281 2326 3484 2395 quippe
3507 2324 3727 2377 videbat

2148 2419 2433 2487 imparem,
2472 2435 2638 2488 seque
2669 2435 2792 2474 cum
2836 2421 3026 2488 paucis
3057 2428 3436 2488 comparatum
3470 2417 3729 2470 adversus

2149 2512 2349 2564 IllitilOS
2387 2526 2495 2564 non
2541 2511 2741 2564 milites
2773 2511 2949 2564 solum
2984 2511 3155 2564 fortes
3193 2511 3286 2564 sed
3315 2510 3482 2563 duces
3506 2521 3728 2576 quoque

2153 2615 2475 2671 generosos,
2532 2600 2926 2656 scientissimos
2979 2610 3032 2654 et
3085 2598 3593 2669 experientissimos
3651 2595 3726 2650 rei

2151 2694 2377 2754 bellicae,
2407 2696 2546 2747 inter
2580 2708 2720 2761 quos
2749 2693 2894 2746 \‘t‘lltl.
2922 2693 3001 2748 sol
3033 2693 3174 2747 inter
3203 2701 3350 2746 astra
3376 2690 3732 2761 praefulgebat

2145 2784 2474 2838 candidatus
2529 2784 2743 2852 imperii
2787 2782 3114 2854 Bryennius.
3172 2782 3352 2847 Quare
3385 2795 3602 2836 omnem
3631 2778 3732 2831 ho-

2147 2882 2359 2928 nestam
2401 2876 2504 2930 sibi
2549 2876 2771 2943 putabat
2817 2875 2935 2930 fore
2992 2875 3260 2929 rationem
3291 2872 3642 2942 expediendae
3675 2871 3728 2924 in

2149 2973 2300 3020 tanta
2329 2967 2494 3020 sortis
2526 2965 2818 3036 iniquitate
2844 2968 3084 3020 victoriae
3123 2974 3177 3018 et
3213 2963 3638 3034 compensanda:
3665 2977 3730 3015 ac

2148 3059 2463 3127 supplenda
2512 3074 2738 3113 suorum
2801 3059 3119 3128 paucitatis,
3181 3072 3288 3110 non
3337 3056 3512 3125 magis
3545 3055 3729 3108 abun-

455 3151 647 3205 dantia
688 3149 899 3204 ﬁduciae
930 3165 1094 3218 quam
1148 3147 1363 3217 ingenio
1410 3155 1464 3200 et
1506 3144 1797 3207 industria,
1842 3142 2044 3211 quibus
2082 3143 2266 3201 hostes
2313 3149 2366 3201 in
2431 3148 2665 3202 insidias
2717 3157 3020 3218 pertractus
3070 3154 3456 3216 strategemate
3537 3143 3723 3197 dobeL

456 3246 620 3297 taret.
677 3241 788 3297 iloc
826 3240 1060 3296 consilio
1110 3240 1293 3295 missis
1349 3237 1788 3308 exploratoribus
1853 3236 2045 3290 didicit
2119 3252 2297 3297 rasu-a
2347 3241 2539 3295 metari

453 3338 707 3391 doctum.

2631 3241 3004 3313 Bryennianos
3056 3240 3111 3293 in
3165 3238 3376 3309 campis
3426 3237 3577 3308 juxta
3625 3234 3730 3290 Ce-

537 3425 616 3490 g'.
678 3427 738 3477 Ὀ
775 3424 874 3495 μὲν
914 3425 1008 3478 οὖν
1048 3425 1338 3495 Βρυέννιος
1377 3423 1521 3477 κατὰ
1556 3423 1646 3476 τὸν
1694 3424 1875 3476 ἐκεῖσε
1910 3427 2039 3478 ναδν

2217 3416 2270 3471 6.
2311 3418 2388 3472 Ac
2440 3416 2740 3486 Bryennius
2780 3417 2998 3486 quidem
3036 3416 3103 3471 ad
3134 3416 3390 3486 templum
3430 3417 3501 3470 ibi
3549 3419 3716 3475 situm

459 3519 564 3586 τῆς
593 3517 688 3570 τοῦ
715 3517 850 3570 Θεοῦ
881 3517 1056 3586 Λόγου
1091 3517 1318 3587 Μητρὸς
1354 3517 1596 3586 ἐσπέρας
1628 3516 1918 3585 γενόμενος
1951 3519 2048 3570 καὶ

458 3612 536 3663 τὰ
569 3611 755 3664 εἰκότα
774 3610 1024 3674 τελέσας,
1063 3611 1181 3662 ἐπεὶ
1227 3610 1538 3680 μεμαθήκει
1568 3610 1693 3672 τοὺς
1721 3609 2050 3671 ἀντιπάλους

461 3705 598 3772 περὶ
633 3701 960 3772 Καλοϐρύην
994 3700 1447 3772 στρατοπεδεύειν
1484 3703 1603 3772 (καὶ
1634 3701 1743 3770 γὰρ
1768 3701 1876 3753 τῶν
1911 3701 2050 3770 μετά

995 3795 1234 3861 Ἀλεξίου
1311 3794 1573 3863 Ἰὀύρκων
1630 3794 1776 3855 τινὲς
1837 3793 2052 3864 νύκτωρ

463 3888 725 3950 ἀπιόντες
754 3888 848 3939 ἐπὶ
879 3886 940 3939 τὸ
966 3887 1060 3939 τοῦ
1099 3886 1391 3956 Βρυεννίου
1419 3886 1740 3956 στράτευμα
1776 3886 2020 3937 κατασκέ
2039 3915 2050 3922 -

465 3977 684 4045 ιξασθαι
730 3981 844 4040 τοῖς
883 3979 1109 4040 σκοποῖς
1144 3976 1485 4046 ἐμπεσόντες
1516 3975 1759 4028 ἑάλωσαν
1800 3977 1895 4027 καὶ
1956 3977 2053 4044 ἁχ-

467 4073 661 4132 οέντες
689 4071 866 4122 πάντα
896 4068 1288 4141 ἀπήγγειλαν),
1323 4069 1495 4122 ἔωθεν
1532 4068 1770 4129 ἀναστὰς
1803 4068 2054 4121 ἐκέλευεν

467 4164 623 4218 ᾰςταν
647 4162 971 4232 ὁπλοφορεῖν
1009 4163 1069 4213 τὸ
1094 4163 1414 4232 στράτευμα
1448 4162 1540 4212 καὶ
1588 4157 1709 4211 κατ’
1745 4157 1864 4222 ἴλας
1893 4161 2054 4213 τοῦτο

463 3796 564 3848 τοῦ
627 3796 918 3866 Κομνηνοῦ

471 4255 824 4306 συνέταττεν.
861 4250 985 4323 Εἶχε
1023 4254 1078 4306 δέ
1113 4253 1262 4322 αὐτῷ
1293 4252 1364 4304 τὰ
1413 4253 1511 4321 τῆς
1565 4254 1871 4317 συντάξεως
1901 4247 2003 4306 ὦδε
2037 4269 2050 4283 ·

470 4347 584 4398 Τοῦ
623 4348 723 4412 μὲν
764 4346 938 4413 δεξιοῦ
973 4347 1150 4417 κέρως
1179 4348 1206 4398 ό
1235 4346 1428 4399 τούτου
1462 4347 1742 4416 κατῆρχεν
1793 4347 2055 4417 ὁμαίμων

471 4440 502 4490 ὁ
547 4438 967 4506 κουροπαλάτης
999 4437 1254 4505 Ἰωάννης
1283 4436 1342 4488 ὃν
1371 4435 1694 4505 δομέττικον
1749 4436 2058 4504 κατέστησε

476 4529 590 4582 τῶν
625 4529 860 4599 σχολῶν.
900 4528 1284 4598 Συνεπλήρουν
1315 4529 1370 4580 δέ
1420 4528 1625 4596 ταύτην
1663 4527 1761 4597 τὴν
1807 4526 2060 4596 φάλαγγα

473 4621 532 4673 οἵ
553 4637 615 4672 τε
665 4619 725 4685 ἐξ
767 4620 1000 4683 Ἰταλίας
1035 4621 1188 4689 παρὰ
1212 4619 1304 4671 τοῦ
1348 4621 1606 4688 Mthdqu
1655 4618 1867 4670 ἐκείνου
1900 4635 2060 4686 κομι-

476 4710 702 4772 σθέντες
735 4711 976 4780 Φράγγοι
1005 4711 1100 4763 καὶ
1137 4709 1244 4763 τῶν
1277 4712 1340 4763 ἐκ
1369 4709 1666 4768 Θετταλίας
1694 4707 1905 4762 ἱππέων
1958 4726 2055 4760 συ-

2154 3509 2340 3564 Matris
2365 3509 2536 3564 divini
2557 3508 2731 3564 'Verbi
2758 3526 2982 3578 vespere
3009 3509 3286 3577 profectus
3328 3518 3382 3564 et
3408 3509 3574 3565 Deum
3604 3511 3728 3566 Dei-

2154 3616 2451 3671 paramque
2488 3602 2587 3656 rite
2623 3615 2937 3666 veneratus,
2971 3605 3057 3655 ubi
3093 3603 3346 3672 cognovit
3384 3605 3729 3658 adversarios

2155 3694 2219 3747 ad
2256 3694 2578 3760 (Ialobryam
2604 3693 2805 3747 habere
2847 3707 3026 3747 castra
3075 3693 3200 3764 (hoc
3229 3694 3373 3747 enim
3410 3695 3672 3749 didicerat
3702 3712 3732 3750 a

2158 3783 2350 3838 Turcis
2397 3784 2723 3852 quibusdam
2758 3800 2821 3836 ex
2858 3783 3123 3837 Alcxiano
3163 3785 3427 3847 exercitu,
3478 3788 3567 3854 qui
3607 3803 3730 3842 cunt

2160 3893 2254 3944 per
2295 3887 2507 3929 noctem
2541 3875 2936 3943 explorabundi
2974 3876 3251 3930 incautius
3273 3876 3642 3932 admovissmn
3677 3898 3734 3934 se

2162 3964 2517 4034 liryennianis
2567 3966 2786 4024 rastris,
2817 3981 2845 4015 a
2881 3964 3154 4030 §vigilibns
3209 3967 3351 4033 capti
3405 3976 3457 4020 et
3499 3969 3565 4020 ad
3605 3985 3731 4023 eum

2159 4057 2308 4110 ducti
2360 4055 2613 4118 fuerant),
2647 4055 2906 4124 postridie
2940 4071 3094 4107 mane
3120 4055 3288 4124 jussit
3319 4070 3536 4111 omnem
3579 4076 3736 4113 exer-

2161 4149 2325 4202 citum
2361 4147 2586 4211 arn‘iari,
2625 4163 2786 4214 quem
2820 4162 2914 4214 per
2947 4155 3156 4201 turmas
3188 4146 3474 4202 ordinabat
3507 4149 3559 4202 in
3592 4150 3739 4204 hune

2166 4239 2324 4309 136
2360 4239 2577 4290 minium
2616 4255 2628 4290 :
2658 4237 2854 4290 Dextro
2879 4237 3099 4306 quidem
3133 4239 3324 4292 cornui
3363 4250 3589 4308 prtecrat
3619 4243 3738 4312 ejus

2166 4331 2327 4383 frater
2354 4330 2698 4398 curopalates
2727 4328 2987 4395 JOannes,
3020 4346 3182 4400 quem
3222 4330 3337 4400 ipse
3374 4333 3734 4388 domesticum

2165 4422 2474 4475 scholarum
2508 4431 2807 4476 creaverat.
2860 4422 2916 4475 ld
2967 4433 3149 4476 autem
3199 4439 3398 4492 corpus
3433 4425 3743 4482 conflabant

2163 4515 2254 4580 qui
2290 4530 2352 4566 ex
2403 4513 2555 4567 Italia
2589 4513 2806 4567 deducti
2853 4529 2883 4567 a
2929 4512 3176 4568 Maniace
3209 4515 3426 4570 fuerant
3456 4515 3648 4570 Franci
3687 4528 3743 4571 ct

2165 4605 2409 4674 equitum
2450 4621 2514 4659 ex
2541 4603 2820 4658 Thessalia
2851 4605 3094 4674 plerique
3123 4623 3136 4659 :
3168 4617 3426 4675 praue-rea
3456 4623 3521 4660 ex
3545 4608 3743 4662 sodali-

2169 4697 2370 4750 tatibus
2404 4697 2505 4755 (sic
2540 4697 2696 4749 dictae
2739 4705 2902 4750 certae
2941 4697 3175 4749 militum
3225 4696 3439 4766 manus)
3471 4711 3597 4765 pars
3631 4714 3740 4751 non

477 4801 622 4871 χνοὶ,
650 4801 732 4854 ἐτι
756 4819 822 4870 γε
859 4804 967 4872 μὴν
997 4803 1092 4854 καὶ
1144 4801 1249 4854 τῶν
1280 4802 1387 4855 ἀπὸ
1431 4803 1540 4854 τῶν
1571 4802 1860 4871 ἑταιρειῶν
1906 4799 2044 4867 λεγο-

2165 4789 2380 4856 exigua.
2416 4785 2478 4838 lli
2506 4802 2695 4840 onmes
2724 4786 2964 4854 (minque
2999 4786 3226 4838 millium
3264 4801 3551 4839 numerum
3587 4785 3745 4840 facile

481 4890 664 4958 μένων
706 4893 869 4959 μοῖρα
904 4891 1006 4944 οὐκ
1043 4890 1328 4960 ἐλαχίστη,
1374 4890 1476 4943 οὐκ
1508 4889 1767 4952 ἐλάττους
1797 4889 1952 4952 ὄντες
2007 4890 2057 4942 οἱ

477 4983 685 5044 πάντες
711 4983 820 5034 τῶν
857 4983 1330 5052 πεντακισχιλίων.
1375 4983 1449 5036 Τὸ
1493 4983 1589 5052 μὲν
1621 4979 1715 5036 οὖν
1754 4982 1926 5046 δεξιὸν
1961 4981 2052 5034 οὗ-

479 5093 594 5138 τως
623 5077 881 5129 ἐτέτακτο
907 5092 922 5106 ·
964 5075 1060 5129 τοῦ
1099 5076 1147 5129 δ’
1179 5073 1466 5145 εὐωνύμου
1501 5078 1682 5144 κέρως
1713 5073 1914 5144 ἐξῆρχε
1965 5072 2066 5141 μὲν

481 5172 515 5223 ὁ
572 5169 999 5241 Ταρχανειώτης
1048 5169 1414 5235 Κατακαλὼν,
1469 5169 1610 5238 ἀνὴρ
1669 5165 1764 5219 καὶ
1812 5165 1911 5236 βίῳ
1970 5165 2067 5217 καὶ

483 5263 632 5333 λόγῳ
649 5264 742 5316 καὶ
763 5264 1162 5333 στρατηγικαῖς
1194 5260 1450 5331 μελέταις
1471 5259 1876 5330 κοσμούμενος,
1902 5258 2070 5326 ἐπλή-

490 5373 621 5427 ρουν
653 5355 707 5408 δὲ
741 5355 952 5419 ταύτην
974 5356 1075 5423 τὴν
1105 5353 1364 5423 φάλαγγα
1399 5354 1456 5404 αἱ
1506 5351 1613 5406 τῶν
1647 5349 1979 5406 Μακεδόνων
2011 5364 2070 5399 τε

487 5448 586 5502 καὶ
630 5447 866 5520 Θρακῶν
915 5444 1024 5498 ἶλαι
1088 5447 1140 5509 ἐς
1178 5444 1517 5516 τρισχιλίους
1576 5439 1940 5512 ποσούμεναι.
1997 5437 2070 5491 Τὸ

2171 4879 2454 4947 implentes
2471 4878 2721 4930 dextrum
2745 4892 2916 4928 cornu
2943 4875 3231 4930 faciebant.
3256 4874 3546 4929 Sinistrum
3570 4891 3744 4930 cornu

2171 4971 2431 5024 domabat
2481 4968 2875 5022 'l‘arehaniotes
2901 4967 3179 5031 Catacalo,
3210 4968 3293 5019 vir
3332 4976 3387 5021 et
3418 4967 3662 5021 moribus
3693 4977 3749 5021 et

2167 5062 2476 5132 eloquentia
2511 5071 2561 5114 et
2599 5061 2790 5114 bellica
2821 5060 2992 5130 gloria
3019 5061 3339 5129 przeclartts,
3369 5059 3455 5112 cui
3488 5060 3749 5113 suberant

2171 5151 2523 5206 Macedonum
2547 5159 2602 5204 et
2631 5149 2905 5205 Thracum
2936 5151 3057 5214 alae,
3089 5150 3290 5204 milites
3323 5165 3431 5204 non
3459 5151 3747 5218 pauciores

2172 5247 2346 5300 trilms
2401 5243 2664 5298 millibus.
2737 5243 2968 5298 Mediam
3033 5243 3205 5297 aciem
3267 5243 3382 5312 ipse
3441 5242 3748 5312 Bryennius

2171 5337 2411 5406 regebat,
2451 5337 2502 5388 in
2542 5351 2651 5404 quo
2707 5334 3029 5404 praetoriana
3091 5334 3284 5388 militia
3341 5343 3538 5389 cuncta
3573 5331 3748 5385 Thra-

2171 5444 2408 5497 cumque
2442 5444 2505 5482 ae
2535 5425 2912 5493 Macedonum,
2943 5443 3041 5482 nec
3071 5443 3177 5482 non
3211 5428 3492 5505 equitatus
3514 5425 3752 5480 Thessa-

1773 5599 1940 5662 Petri
1975 5598 2224 5659 Possini
2263 5603 2454 5658 notze.

564 5750 636 5818 (ο)
673 5747 1008 5809 Κυδόλιτευ,
1039 5745 1181 5818 quod
1217 5748 1267 5800 in
1294 5764 1409 5818 ints.
1451 5746 1776 5800 auctoritate
1804 5744 2062 5818 concordi

487 5813 657 5876 Anna:
698 5821 1023 5880 Cumae-nx,
1062 5813 1428 5887 Curopalatte,
1471 5817 1698 5872 Ccdreni
1744 5825 1797 5871 et
1835 5813 2060 5866 Zonarre

2176 5759 2286 5796 rem
2321 5744 2461 5799 hanc
2495 5744 2666 5814 ipsam
2716 5742 3058 5797 narrantium
3099 5741 3151 5792 in
3206 5737 3486 5806 Κηδόκτου
3520 5735 3754 5786 mutavi-

2171 5831 2222 5866 ιιι
2231 5830 2316 5869 [ις.
