4136 6494
420 404 520 461 133

1626 402 2046 463 NiCEPHOﬂl
2094 402 2464 464 BRYENNII

3599 396 3704 462 184

416 515 502 569 liei
533 514 631 567 llos
673 514 726 581 ip
750 541 786 557 η
818 531 878 567 ae
909 513 1097 567 robur.
1144 498 1310 568 Estra
1342 513 1632 568 sinistrum
1664 528 1837 567 cornu
1871 512 2006 584 Scy-

2118 514 2174 567 δὲ
2202 515 2368 584 μέσον
2398 517 2497 585 τῆς
2537 514 2815 583 φάλαγγος
2867 513 3027 576 αὐτὸς
3063 498 3272 575 ἐκεῖνος
3325 513 3355 566 ό
3419 510 3706 584 Βρυέννιος

416 610 524 663 ttue
578 607 876 662 auxiliares
960 607 1215 676 dispositi
1281 606 1501 661 fuerant
1561 607 1800 675 provecti
1865 606 2006 658 ultra

417 701 588 756 aciem
622 702 855 756 duorum
884 700 1190 755 stadiorum
1229 701 1540 755 intervallo.
1573 700 1667 755 Sic
1696 699 2005 769 Bt'yettuins

416 793 588 846 aciem
638 791 995 855 instruxerat,
1039 803 1270 847 extensa
1313 793 1364 845 in
1421 792 1816 861 longitudinem
1869 792 2005 859 pha-

417 882 576 952 lange
614 900 626 937 :
664 883 891 952 suisque
939 892 1276 954 przeceperat
1323 895 1381 940 ut
1421 899 1584 955 quam
1634 882 1869 953 primum
1905 882 1978 936 hu

416 985 528 1029 stes
553 977 933 1044 apparuissent
954 986 1008 1031 et
1030 980 1158 1031 tuba
1180 977 1475 1032 classicum
1502 975 1815 1037 cecinisset,
1839 990 2008 1029 cona-

416 1074 607 1119 rentur
636 1075 1043 1136 prazcurrentes
1067 1065 1287 1138 Scythae
1311 1080 1476 1136 quam
1509 1063 2008 1119 tumultuosissime

414 1173 539 1212 cum
573 1157 967 1214 vociferatione
1000 1167 1054 1214 et
1089 1160 1298 1215 ululatu
1330 1157 1464 1227 ipsis
1495 1157 1659 1213 solito
1689 1156 2008 1210 circumve-

416 1250 534 1304 nire
561 1249 751 1307 hostes
779 1262 834 1306 et
864 1252 999 1321 ipsis
1046 1266 1077 1305 a
1118 1260 1272 1321 tergo
1298 1250 1528 1304 instare.
1562 1248 1695 1302 Tale
1722 1247 1811 1301 ille
1848 1262 2008 1299 mau-

415 1345 600 1399 datum
636 1343 867 1399 ducibus
892 1344 1135 1400 dederat.

484 1615 535 1666 7.
561 1611 631 1666 At
658 1613 972 1667 (Zomnenus
1001 1613 1223 1667 Alexius
1250 1622 1477 1683 accepto
1509 1627 1604 1678 per
1626 1611 2007 1681 exploratores

412 1704 617 1759 indicio
655 1706 924 1760 adventus
970 1705 1210 1763 hostium
1238 1705 1480 1775 ,jamque
1515 1706 1667 1774 ipsus
1711 1719 1817 1758 non
1850 1705 2009 1772 longe

411 1796 634 1859 distare,
666 1796 851 1864 copias
898 1809 1029 1851 suas
1074 1810 1269 1850 omnes
1324 1795 1377 1849 in
1411 1795 1654 1849 vallibus
1689 1793 2004 1848 abscondit.

2111 602 2269 674 ἦγεν,
2309 608 2362 657 ἐν
2403 599 2446 671 ᾦ
2495 605 2555 658 τό
2606 622 2667 659 τε
2707 605 3032 675 ἀρχοντικὶν
3090 604 3347 659 ἐτάττετο
3398 602 3546 659 ἅπαν
3607 604 3706 657 καὶ

2112 698 2352 770 Θρακῶν
2376 697 2435 752 δὲ
2470 698 2566 751 καὶ
2592 696 2926 751 Μακεδόνων
2948 699 3043 751 καὶ
3072 700 3174 768 τῆς
3201 697 3378 751 ἵππου
3416 695 3526 749 τῶν
3567 695 3705 749 Θεσο

2115 790 2291 843 σαλῶν
2324 790 2449 844 ὅσον
2510 791 2821 845 ὲπίλεκτον.
2878 788 3125 856 Ἐξωθεν
3164 789 3222 843 δὲ
3277 787 3374 843 τοῦ
3418 787 3707 859 εὐωνύμου

2114 883 2292 951 κέρως
2320 884 2382 935 τὸ
2409 882 2764 953 συμμαχικὸν
2797 882 3069 936 Σκυθικὸν
3112 884 3375 935 ἐτέτακτο
3403 879 3707 951 προτρέχον

2111 973 2321 1041 ταύτης
2372 973 2522 1027 δυοῖν
2569 974 2803 1027 σταδίων
2857 974 3160 1045 διάστημα.
3207 971 3349 1027 Ἀλλ’
3395 972 3540 1026 οὕτω
3606 972 3707 1043 μὲν

2111 1068 2322 1129 ἐκεῖνος
2352 1065 2412 1117 τὸ
2444 1067 2765 1137 στράτευμα
2815 1066 3028 1133 ἔταξεν,
3084 1066 3336 1131 ἐκτείνας
3393 1066 3475 1128 είς
3530 1064 3711 1135 μῆκος

2110 1158 2209 1229 τὴν
2245 1159 2501 1226 φάλαγγα
2542 1157 2639 1211 καὶ
2687 1157 3095 1228 παραγγείλας,
3152 1156 3293 1228 ἐπὴν
3340 1158 3391 1210 οἱ
3457 1155 3709 1225 πολέμιοι

2113 1249 2333 1318 φανεῖεν
2371 1249 2463 1302 καὶ
2493 1250 2524 1318 ἡ
2550 1246 2784 1316 σάλπιγξ
2807 1248 2989 1318 ἠχήσῃ
3022 1246 3083 1301 τὸ
3109 1248 3376 1310 ἐνυάλιον,
3405 1244 3707 1315 πειρᾶσθαι

2111 1339 2237 1402 τοὺς
2267 1339 2411 1409 ἀμφὶ
2440 1339 2501 1391 τὸ
2538 1338 2804 1393 Σκυθικὸν
2830 1337 2927 1404 ξὺν
2974 1337 3282 1409 ἀλαλαγμῷ
3311 1342 3408 1391 καὶ
3437 1336 3534 1409 βοῇ
3564 1335 3709 1390 κατά

2117 1431 2291 1484 νώτου
2340 1431 2603 1499 γενέσθαι
2648 1430 2759 1485 τῶν
2806 1431 3108 1499 πολεμίων.
3157 1429 3218 1483 Ὀ
3275 1429 3375 1501 μὲν
3404 1428 3549 1483 οὕτω
3594 1430 3709 1493 τοῖς

2114 1525 2350 1594 ἡγεμόσι
2377 1525 2775 1595 παρήγγειλεν.

2184 1617 2250 1680 ς’.
2297 1619 2354 1670 ὐ
2384 1619 2441 1670 δὲ
2478 1618 2764 1687 Κομνηνδς
2809 1615 3048 1681 ’Λλέξιος
3082 1614 3272 1686 μαθὼν
3304 1614 3393 1670 διὰ
3426 1614 3544 1668 τῶν
3580 1631 3679 1667 σκο

2115 1711 2232 1764 πῶν
2261 1710 2506 1779 ἐγγίζειν
2537 1711 2639 1781 ἢδη
2666 1711 2795 1773 τοὺς
2818 1709 3117 1778 πολεμίους
3154 1708 3343 1777 τὸμὲν
3380 1708 3706 1779 στράτευμα

2113 1801 2259 1855 ἅπαν
2293 1804 2349 1853 ὲν
2379 1802 2594 1855 κοιλάσι
2647 1802 3017 1871 κατέκρυψεν.
3054 1799 3144 1873 [Ρ.
3179 1798 3273 1871 92]
3305 1799 3470 1863 αὐτὸς
3501 1799 3560 1852 δὲ
3614 1799 3711 1852 ἐπὶ

414 1887 535 1957 Ipsi:
567 1904 696 1942 vero
726 1892 780 1941 in
821 1887 1152 1948 eminentem
1188 1888 1492 1942 ascendens
1520 1887 1713 1942 collem
1746 1886 2004 1940 observa-

2113 1894 2271 1961 λόφον
2306 1893 2547 1947 ἀνελθὼν
2592 1894 2929 1948 κατεσκόπει
3000 1895 3071 1945 τὰ
3134 1892 3381 1947 ἐκείνων.
3450 1890 3598 1945 Ἰδὼν
3650 1890 3709 1943 δὲ

413 1979 503 2033 hat
552 1979 708 2047 longe
744 1979 1041 2037 venientes.
1091 1977 1248 2048 137
1285 1976 1531 2043 Quorum
1566 1976 1658 2031 ubi
1692 1974 2004 2029 multitudi-

415 2072 556 2125 nem‘
584 2071 874 2124 aestimavit
913 2070 1109 2134 oculis,
1161 2070 1455 2138 providens
1488 2068 1645 2123 facile
1693 2065 1832 2130 fore,
1871 2076 1930 2120 ut
1959 2063 2005 2116 ei

414 2164 601 2220 eadem
658 2164 775 2218 suis
834 2169 987 2216 tanto
1045 2161 1394 2231 pauciorilms
1438 2159 1746 2224 olferretur,
1794 2157 1833 2211 ii
1887 2155 2006 2210 visu

414 2256 594 2324 primo
652 2256 1011 2324 desperantes
1066 2254 1251 2308 statim
1307 2253 1360 2306 in
1413 2251 1595 2322 fugam
1634 2255 2005 2309 verterentur,

413 2349 624 2416 optimo
651 2348 884 2401 c0nsilio
912 2348 1157 2402 decrevit
1188 2361 1383 2401 cavere
1418 2360 1485 2399 ne
1518 2346 1572 2398 in
1598 2358 1826 2399 suorum
1861 2342 2008 2395 mili-

415 2450 531 2496 tum
562 2452 920 2510 conspectum
952 2437 1168 2493 hostilis
1199 2438 1475 2492 exercitus
1505 2436 1742 2492 veniret.
1776 2433 2009 2488 Maxime

415 2543 598 2588 autem
635 2547 701 2587 co
736 2532 972 2589 articulo
1005 2513 1186 2585 rerum
1222 2529 1587 2586 conturbabat
1618 2528 1801 2599 ipsum
1829 2527 2005 2597 pridie

414 2625 680 2696 appulsus
705 2627 773 2679 ab
802 2625 1135 2694 imperatore
1174 2623 1403 2677 nuntius
1429 2622 1523 2693 qui
1547 2621 1772 2676 omnino
1793 2620 2011 2675 vetabat

416 2733 483 2772 eo
504 2717 593 2771 die
620 2717 873 2787 pugnari.
893 2717 984 2772 sed
1008 2716 1314 2785 exspectari
1341 2714 1634 2769 adventum
1659 2711 2007 2766 auxiliarium

415 2806 723 2864 Turcmum
757 2808 848 2877 qui
877 2807 990 2878 jam
1025 2823 1148 2863 esse
1169 2807 1224 2862 in
1252 2808 1446 2862 itinere
1470 2805 1814 2859 dicebantur.
1844 2802 2007 2871 Atqui

418 2898 510 2952 tali
548 2898 668 2953 loco
699 2906 753 2953 et
797 2906 1046 2969 tempore
1092 2897 1453 2966 deprehensis
1483 2893 1801 2963 defugiendi
1834 2894 2007 2963 przelii

414 2991 564 3047 nulla
619 2991 853 3046 facultas
889 2991 1149 3051 restabat.
1187 2990 1375 3059 utique
1411 2987 1661 3043 hostibus
1709 2985 1824 3056 jam
1865 3001 2007 3057 prae-

414 3082 661 3137 sentibus
693 3092 972 3142 et.mauus
997 3091 1209 3135 tantum
1260 3096 1369 3134 non
1415 3078 1855 3144 conserentibus,
1901 3077 2008 3131 nisi

414 3173 744 3244 probrosum
793 3174 1073 3243 suscipere
1093 3174 1331 3227 dedecus
1366 3170 1524 3224 vellet
1556 3168 1863 3223 recedendo
1893 3168 2010 3221 sine

2114 1985 2318 2052 πλῆθος
2353 1986 2450 2039 καὶ
2499 1985 2932 2053 διανοησάμενος
2998 1986 3072 2055 μή
3128 2001 3247 2048 πως
3297 1985 3348 2037 οἱ
3414 1983 3506 2037 ὑπ’
3540 1982 3709 2036 αὑτὸν

2110 2076 2439 2146 τεταγμένοι
2471 2077 2577 2147 πρὸ
2608 2076 2704 2129 τοῦ
2743 2076 3078 2147 προσϐαλεῖν
3130 2076 3362 2137 τούτους
3393 2077 3507 2139 τοῖς
3537 2076 3706 2129 πολε-

2116 2171 2260 2240 μίοις
2295 2172 2374 2231 είς
2416 2172 2597 2240 φυγὴν
2639 2172 3046 2239 ὲξορμήσωσιν,
3082 2168 3449 2222 ἐϐουλεύσατο
3506 2167 3705 2238 βουλὴν

2113 2263 2345 2332 ἀρίστην
2368 2261 2504 2333 ὁμοῦ
2543 2264 2636 2316 καὶ
2666 2264 3069 2335 συνετωτάτην,
3104 2263 3244 2317 ὥστε
3280 2262 3407 2333 μηδ’
3432 2262 3570 2324 ὅλως
3602 2278 3706 2314 κα-

2112 2361 2376 2425 ταφανεῖς
2411 2357 2772 2429 γενέσθαιτῷ
2812 2359 3013 2424 τούτου⁸
3047 2358 3419 2428 στρατεύματι
3450 2358 3579 2421 τοὺς
3611 2373 3710 2409 πο-

2112 2450 2353 2519 λεμίους.
2393 2449 2647 2503 Μάλιστα
2676 2450 2720 2503 δ’
2758 2449 2943 2520 ἐφόϐει
2975 2449 3167 2504 τοῦτον
3208 2451 3270 2502 τὸ
3294 2449 3447 2521 παρά
3479 2446 3709 2517 γνώμην

2112 2541 2208 2596 τοῦ
2244 2541 2507 2611 βασιλέως
2560 2541 2832 2612 μάχεσθαι
2867 2544 2965 2612 τὴν
3025 2542 3239 2614 ἡμέραν
3272 2540 3489 2610 ἐκείνην
3513 2554 3528 2567 ⁸
3565 2537 3709 2610 ἔφθη

2112 2636 2221 2705 γὰρ
2262 2637 2327 2704 τῇ
2356 2634 2462 2705 πρὸ
2508 2635 2713 2702 ταύτης
2768 2635 2981 2705 ἑσπέρα
3027 2634 3336 2705 γράμματα
3386 2631 3711 2702 πεμφθῆναι

2113 2725 2266 2797 αύτῷ
2302 2727 2440 2798 πρὸς
2488 2725 2584 2779 τοῦ
2628 2726 2897 2796 βασιλέως
2939 2725 3235 2779 κελεύοντα
3290 2724 3365 2797 μὴ
3421 2724 3707 2795 πολεμεῖν,

2113 2820 2250 2874 ἀλλά
2283 2820 2465 2891 μένειν
2493 2820 2594 2890 τὴν
2618 2818 2832 2873 ἔλευσιν
2858 2818 2969 2872 τῶν
3015 2818 3142 2890 ἄρτι
3168 2817 3534 2888 πεμφθέντων
3565 2815 3707 2885 προς

2113 2908 2221 2961 τῶν
2249 2908 2512 2979 Τούρκων
2545 2909 2875 2978 συμμάχων.
2905 2909 3108 2963 Μένειν
3142 2908 3242 2979 μὲν
3275 2909 3373 2978 οὐχ
3395 2901 3510 2960 οἷόν
3552 2924 3611 2960 τε
3637 2900 3709 2976 ἦν

2116 3000 2191 3069 μὴ
2224 2998 2541 3069 συνάψαντα
2575 3000 2843 3069 πόλεμον,
2899 2998 3008 3052 τῶν
3041 2998 3320 3068 πολεμίων
3371 2998 3452 3059 εἰς
3515 2998 3711 3067 χεῖρας

2114 3085 2216 3156 ἥδη
2256 3086 2443 3138 ἰόντων
2470 3102 2485 3117 ⁸
2529 3083 2843 3157 ὑποχωρεῖν
2883 3086 2941 3140 δὲ
2993 3086 3124 3140 ἄνευ
3189 3087 3434 3156 πολέμου
3489 3085 3710 3150 ἀνάξιον

2117 3174 2296 3242 ἔδοξεν
2321 3176 2490 3246 αὐτῷ.
2532 3175 2871 3231 Βεϐούλευτο
2900 3173 2996 3232 οὖν
3025 3178 3177 3249 αύτῷ
3232 3179 3264 3250 ἢ
3314 3180 3473 3249 νικᾷν
3504 3179 3537 3249 ἢ
3574 3177 3709 3246 θνή-

416 3280 618 3336 pugna.
671 3264 854 3331 Quare
903 3278 1171 3335 generose
1227 3262 1474 3317 decrevit
1519 3270 1615 3315 aut
1648 3262 1870 3315 vincere
1913 3269 2006 3313 aut

2116 3283 2271 3319 σκειν
2298 3269 2612 3337 μαχόμενον
2645 3269 2677 3336 ἢ
2705 3268 2881 3334 οὕτως
2924 3270 3169 3338 ἀγεννῶς
3201 3288 3261 3324 τε
3302 3272 3397 3324 καὶ
3427 3268 3707 3339 ἀνάνδρως

414 3357 708 3428 pugnando
727 3356 889 3423 tnori,
915 3371 1091 3425 neque
1111 3355 1353 3421 obﬁcere
1376 3369 1433 3405 se
1457 3363 1577 3421 post
1605 3351 1815 3406 cladem
1850 3352 2009 3421 igno-

422 3451 591 3504 minia
626 3449 847 3520 plenum
893 3448 987 3509 ira:
1023 3447 1391 3517 imperatoris,
1439 3445 1612 3516 culpae
1652 3457 1709 3498 ut
1742 3445 1800 3498 lit
1830 3446 2004 3514 impn-

416 3542 584 3597 taturi
614 3541 848 3596 fortuna:
882 3556 1093 3596 casum.
1147 3539 1475 3608 Speculatus
1501 3556 1634 3610 ergo
1671 3539 1873 3597 locum.
1917 3539 2002 3590 nhi

426 3633 913 3689 animadvertisset
956 3632 1153 3703 partim
1192 3631 1343 3685 illum
1380 3644 1629 3702 apertum
1682 3641 1729 3683 et
1779 3631 1883 3684 late
1916 3648 2006 3698 pa-

421 3725 869 3795 tcntcm,fpartim
897 3724 1222 3778 intercisum
1244 3722 1393 3792 jugis
1424 3722 1643 3777 collium
1673 3733 1724 3776 et
1750 3722 2006 3776 concavis
2056 3724 2059 3727 λ

416 3817 666 3882 vallium,
697 3832 805 3888 qua
840 3816 1103 3871 varietate
1153 3815 1292 3871 situs
1322 3814 1480 3869 facile
1537 3824 1749 3885 poterat
1786 3815 2005 3882 assequi

420 3921 479 3966 nt
505 3926 634 3982 pars
669 3912 934 3965 duntaxat
960 3909 1238 3966 exercitus
1278 3908 1606 3980 Brycnniaui
1648 3925 1676 3961 a
1711 3909 1826 3963 suis
1861 3908 2007 3963 vide-

421 4013 596 4072 retur,
629 4019 758 4075 pars
808 4004 1260 4069 absconderetur,
1287 4002 1474 4072 copias
1512 4001 1747 4057 armavit
1775 4009 1831 4055 et
1871 4000 2009 4055 bifa-

416 4099 555 4154 riam
629 4099 837 4155 divisit.
907 4096 1250 4152 lmmortales
1293 4105 1347 4151 et
1402 4092 1644 4151 Francos
1677 4094 1793 4163 ipse
1830 4093 2006 4156 duxit,

2113 3360 2460 3414 παλινοστεῖν
2490 3362 2579 3415 διὰ
2605 3363 2698 3415 τὸν
2746 3364 2811 3416 ἐκ
2842 3363 3111 3433 βασιλέως
3165 3364 3352 3429 φόϐον.
3409 3365 3706 3417 Κατασκο-

2110 3452 2293 3519 πὴσας
2324 3451 2418 3505 οὖν
2452 3452 2539 3505 τὸν
2568 3453 2753 3516 τόπον,
2796 3455 2919 3507 ἐπεὶ
2953 3450 3062 3507 εἶδε
3115 3455 3175 3507 τὸ
3231 3455 3331 3524 μὲν
3382 3455 3710 3507 ἀναπεπτα-

2112 3543 2296 3611 μένον,
2322 3541 2382 3595 τὸ
2408 3542 2464 3596 δὲ
2484 3543 2683 3611 λόφους
2705 3544 2801 3598 καὶ
2824 3544 3077 3607 κοιλάδας
3105 3543 3248 3613 ἔχον,
3276 3542 3419 3597 ὥστε
3444 3540 3709 3595 δύνασθαι

2107 3636 2167 3687 τὶ
2190 3636 2286 3706 μὲν
2320 3636 2418 3703 τῆς
2442 3637 2734 3707 Βρυεννεου
2765 3638 3043 3707 φάλαγγος
3069 3636 3547 3709 ἀποκρύπτεσθαι,
3580 3635 3641 3689 τὸ
3662 3634 3708 3688 δ’

2108 3725 2249 3782 εἶναι
2278 3730 2616 3797 καταφανὲς,
2650 3730 2740 3782 τὸν
2767 3732 3004 3801 στρατὸν
3029 3731 3263 3794 όπλίτας
3290 3731 3391 3784 καὶ
3447 3729 3581 3800 διχῆ
3632 3729 3683 3782 δι

2109 3826 2247 3878 ελὼν
2280 3827 2389 3879 τῶν
2417 3826 2514 3894 μὲν
2532 3826 2844 3880 Ἀθανάτων
2870 3827 2965 3880 καὶ
2990 3827 3261 3897 Φράγγων
3280 3826 3442 3883 αὐτὸς
3479 3818 3591 3895 εἶχε
3608 3823 3709 3883 τὴν
3751 3832 3761 3840 ·

2108 3917 2438 3987 ἠγεμονίαν,
2492 3917 2601 3970 τῶν
2634 3917 2992 3988 Χωματηνῶν
3022 3917 3080 3971 δὲ
3112 3918 3207 3972 καὶ
3258 3916 3370 3970 τῶν
3430 3916 3694 3987 Τούρκων

2110 4007 2204 4061 τὸν
2242 4008 2587 4062 Κατακαλὼν
2624 4011 3046 4064 Κωνσταντῖνον
3087 4009 3334 4081 ἡγεμόνα
3377 4008 3707 4077 κατέστησε,

2114 4100 2403 4156 κατέναντι
2430 4102 2529 4171 τῆς
2558 4102 2782 4155 Σκυθῶν
2818 4103 3100 4173 φάλαγγος
3133 4103 3301 4167 τάξας
3332 4099 3557 4163 αὐτούς.

415 4188 767 4244 Chomatenis
810 4195 864 4241 et
914 4185 1109 4240 Turcis
1172 4184 1598 4240 Constantinum
1648 4187 2035 4242 Catacalonem
2073 4189 2273 4247 ducem
2330 4195 2628 4264 praeposuit
2691 4209 2975 4264 opponens
3018 4211 3114 4251 eos
3180 4210 3245 4248 ex
3282 4194 3515 4249 adverso
3569 4187 3710 4261 Scy-

416 4282 547 4338 this.

489 4374 543 4429 8.
577 4373 873 4442 Postquam
914 4383 1096 4428 autem
1150 4373 1477 4445 Bryenniani
1516 4375 1571 4428 in
1600 4376 1716 4430 loca
1757 4389 1999 4430 concava

414 4466 525 4536 jam
567 4465 840 4536 progressi
890 4473 1069 4530 erant,
1132 4464 1385 4519 destrum
1433 4481 1623 4520 eorum
1674 4481 1848 4521 cornu
1887 4465 2003 4521 suis

2182 4369 2251 4440 η’.
2291 4372 2449 4425 Ἐπεὶ
2482 4372 2615 4441 γοῦν
2646 4374 2788 4426 κατά
2816 4375 2942 4437 τοὺς
2966 4375 3248 4440 κοιλώδεις
3276 4376 3478 4439 τόπους
3521 4377 3581 4429 τὸ
3606 4378 3705 4430 τοῦ
3794 4432 3799 4435 ,

2112 4464 2403 4534 Βρυεννίου
2438 4465 2630 4532 γέγονε
2660 4465 3003 4537 στράτευμα,
3046 4467 3301 4532 καὶτοὺς
3344 4469 3488 4523 κατά
3529 4467 3706 4535 δεξιὸν

417 4557 662 4630 ostendit
699 4565 755 4611 et
801 4556 1066 4626 impetum
1099 4557 1153 4609 in
1182 4572 1274 4610 eos
1310 4556 1490 4611 facere
1517 4572 1678 4627 quam
1712 4557 2006 4611 vehemen-

2114 4557 2282 4626 κέρας
2315 4558 2687 4627 ταττομένους
2716 4558 3036 4614 ὑπεδείκνυε
3061 4562 3156 4614 καὶ
3181 4563 3381 4632 χωρεῖν
3402 4562 3547 4615 κατά
3581 4562 3703 4615 τού-

419 4652 628 4706 tissime
654 4649 1014 4720 138jussit.
1042 4649 1317 4703 Exsilium
1341 4649 1504 4718 igitur
1534 4647 1678 4702 velut
1702 4665 1765 4702 ex
1796 4648 2009 4703 insidiis

417 4755 471 4797 ct
504 4741 776 4798 celeritate
804 4742 1096 4811 inopinata:
1118 4741 1499 4811 impressionis
1525 4740 1874 4796 adversarios
1896 4749 2011 4793 tur-

420 4838 577 4890 latos
620 4851 810 4906 parum
848 4834 1022 4890 abfuit
1053 4835 1185 4904 quin
1219 4834 1270 4887 in
1304 4829 1488 4902 fugam
1522 4841 1818 4886 verterent.
1862 4832 2006 4887 Glis-

420 4931 682 4998 eebatqne
729 4929 1040 4999 trepidatio,
1104 4926 1287 4997 quoad
1344 4927 1452 4980 dux
1517 4941 1709 4980 eorum
1764 4923 2003 4979 Joannes

423 5021 731 5092 Bryennius
783 5020 1008 5074 acinace
1052 5018 1243 5072 stricto
1283 5033 1408 5073 cum
1471 5017 1662 5088 paucis
1706 5032 2004 5070 occurrens

421 5113 654 5180 primum
683 5127 749 5166 ex
797 5110 1202 5165 [inmortalibus
1248 5110 1589 5165 invehentem
1627 5124 1685 5164 se
1721 5108 1919 5179 dejecit
1954 5118 2008 5163 et

419 5207 508 5258 alii
548 5204 683 5261 alios
720 5223 734 5259 :
771 5220 878 5275 quo
929 5205 1045 5258 viso
1080 5204 1316 5275 phalanx
1348 5202 1692 5275 Bryenniana
1729 5204 1999 5263 constitit.

420 5300 684 5354 Alexiana
710 5314 840 5354 vero
868 5307 1017 5369 terga
1041 5300 1220 5356 vertit.
1247 5300 1383 5353 adeo
1401 5308 1459 5351 ut
1482 5297 1666 5351 nullus
1689 5313 1754 5349 ex
1778 5296 2005 5349 Immor-

422 5392 624 5446 talibus
670 5390 850 5445 locum
883 5401 1148 5453 tueretur,
1184 5390 1277 5444 sed
1321 5398 1467 5443 retro
1506 5388 1779 5443 ferrentur
1809 5402 2005 5442 omnes

420 5489 476 5545 in
505 5486 712 5557 fugam.
750 5484 969 5541 Interim
1002 5485 1229 5539 Alexius
1257 5485 1575 5537 (lomnenus
1619 5481 1868 5536 circuitis
1903 5482 2006 5534 ho-

420 5577 597 5635 stibus
622 5594 650 5634 a
682 5589 834 5651 tergo
865 5578 919 5632 in
947 5578 1094 5647 ip~os
1129 5576 1425 5639 ferebatur,
1454 5583 1508 5628 et
1531 5574 1856 5628 existimans
1880 5588 2008 5643 pro-

419 5673 589 5739 priam
614 5672 941 5741 phalangem
975 5671 1151 5739 ipsum
1181 5670 1356 5738 sequi,
1391 5667 1694 5722 fortissime
1730 5668 2007 5736 pugnabat

423 5773 774 5832 prosternens
797 5764 987 5819 obtios
1004 5775 1274 5830 quosque.
1303 5759 1500 5814 Verum
1534 5768 1590 5812 ut
1623 5759 2008 5811 animadvertit

421 5855 696 5926 propriam
745 5856 1070 5927 phalangem
1124 5854 1175 5908 in
1225 5852 1408 5923 fugam
1446 5866 1686 5915 versam,
1726 5850 2008 5905 advocatis

2112 4665 2222 4701 των
2275 4649 2483 4719 σφοδρᾷ
2512 4651 2579 4721 τῇ
2610 4650 2762 4724 ῥύμῃ
2792 4651 3034 4706 ἐκέλευε.
3069 4652 3576 4723 Καταπηδήσαντες
3609 4652 3706 4707 οὖν

2113 4735 2305 4805 ὥσπερ
2346 4736 2454 4790 ἀπὸ
2489 4738 2713 4809 ἐνέδρας
2748 4740 2847 4792 καὶ
2887 4738 2966 4809 τῷ
2996 4740 3252 4812 αἰφνιδίῳ
3286 4741 3415 4804 τοὺς
3469 4741 3705 4795 ἀντιπά-

2112 4828 2239 4893 λους
2285 4830 2740 4902 καταπλήξαντες
2795 4832 2997 4903 μικροῦ
3031 4833 3144 4887 δεῖν
3195 4832 3473 4887 ἐκκλίνειν
3503 4834 3704 4898 αὐτοὺς

2114 4923 2251 4992 πρὸς
2280 4922 2459 4995 φυγὴν
2486 4924 2938 4993 παρεσκεύασαν,
2963 4926 3069 4989 ⁶έως
3088 4928 3117 4979 ό
3139 4926 3347 4981 τούτων
3367 4925 3703 4998 καθηγεμὼν

2112 5018 2140 5068 ό
2172 5014 2461 5086 Βρυέννιος
2509 5016 2761 5088 Ἰωάννης
2798 5019 2889 5071 τὸν
2924 5020 3195 5091 ἀκινάκην
3220 5021 3574 5090 σπασάμενος
3606 5022 3704 5074 σὺν

2111 5109 2316 5177 ὀλίγοις
2341 5110 2434 5164 τὸν
2461 5110 2693 5181 πρώτως
2718 5111 2942 5165 ἐπιόντα
2965 5112 3079 5165 τῶν
3098 5111 3412 5167 Ἀθανάτων
3433 5111 3705 5167 κατέϐαλε

2112 5203 2207 5255 καὶ
2242 5202 2391 5255 ἄλλοι
2429 5203 2670 5272 ἐτέρους,
2718 5203 2812 5256 καί⁸
2868 5204 2965 5276 τὴν
2996 5203 3254 5273 φάλαγγα
3293 5207 3477 5259 πᾶσαν
3510 5207 3707 5259 συνέσ-

2110 5314 2298 5365 τησεν,
2342 5296 2486 5349 ὥστε
2524 5298 2648 5357 τοὺς
2696 5297 3028 5359 ἀντιπάλους
3079 5297 3414 5369 τρέψασθαι.
3477 5299 3540 5354 Οἱ
3599 5298 3703 5368 μὲν

2110 5386 2204 5444 οὖν
2239 5389 2523 5443 Ἀθάνατοι
2572 5387 2761 5442 τοῦτον
2804 5391 2896 5443 τὸν
2937 5391 3136 5461 τρόπον
3160 5390 3365 5454 πάντες
3395 5390 3624 5462 ᾤχοντο,
3673 5392 3704 5442 ό

2111 5484 2169 5536 δὲ
2206 5482 2493 5552 Κομνηνὸς
2558 5482 2798 5546 Ἀλέξιος
2848 5483 2995 5538 κατά
3043 5482 3215 5537 νώτου
3262 5485 3374 5537 τῶν
3422 5483 3702 5552 πολεμίων

2112 5575 2408 5645 γενόμενος
2460 5577 2554 5628 καὶ
2592 5576 2769 5630 δοκῶν
2819 5576 3148 5639 ξυνέπεσθαι
3191 5578 3242 5628 oi
3302 5576 3405 5645 τὴν
3442 5575 3704 5645 φάλαγγα

2112 5667 2212 5734 τὴν
2241 5665 2379 5718 ἰδίαν
2404 5666 2675 5733 γενναίως
2706 5682 2765 5719 τε
2789 5667 3093 5734 ἠγωνίζετο
3120 5668 3216 5719 καὶ
3243 5668 3371 5731 τοὺς
3401 5669 3484 5731 είς
3511 5668 3701 5737 χεῖρας

2117 5760 2294 5819 ἰόντας
2310 5757 2672 5810 κατέϐαλλεν.
2693 5757 2848 5810 Ἐπεὶ
2870 5757 2925 5810 δὲ
2954 5753 3061 5811 εἶδε
3083 5758 3182 5829 τὴν
3210 5758 3407 5812 ἑαυτοῦ
3439 5758 3699 5828 φάλαγγα

2113 5851 2193 5913 είς
2244 5851 2423 5923 φυγὴν
2473 5851 2803 5921 τραπεῖσαν,
2845 5851 3241 5921 παρακαλέσας
3310 5852 3437 5914 τοὺς
3500 5847 3695 5903 ἑαυτοῦ
