4136 6430
363 430 463 496 185

1576 429 2124 494 HISTORIARUM
2160 433 2309 495 LIB.
2355 428 2456 495 IV.

3542 428 3642 491 186

361 543 524 618 (ἦσαν
550 541 663 613 γὰρ
697 540 797 594 σὺν
848 539 1004 610 αὐτῷ
1037 539 1146 595 τῶν
1179 539 1324 594 ἰδίων
1360 539 1508 605 τινὲς
1544 542 1743 610 ἁγαθοὶ
1775 558 1944 611 στρα-

2059 545 2217 599 sociis
2252 544 2344 614 qui
2387 560 2452 597 ex
2519 542 2886 598 familiaribus
2919 556 3013 596 sex
3066 555 3294 596 numero
3348 539 3638 595 bellatores

360 635 553 691 τιῶται
583 634 667 696 εἰς
700 632 763 697 ἒξ
782 630 1141 703 ποσούμενοι)
1175 630 1372 702 βουλὴν
1413 632 1779 688 ἐϐουλεύσατο
1816 634 1952 687 τολ-

369 727 552 800 μηρὲν
604 726 868 795 γενέσθαι
928 726 1075 779 κατὰ
1134 723 1308 778 νώτου
1367 725 1464 778 τοῦ
1513 723 1809 796 Βρυεννὲου
1858 726 1955 779 καὶ

365 822 748 893 ξυμμίσγοντα
770 820 886 882 τοῖς
910 818 1105 873 τούτου
1143 818 1325 888 ἠρέμα
1387 817 1527 872 levat
1581 820 1777 889 μέχρις
1806 818 1954 889 αὑτῷ

363 907 756 979 πλησιάσαιεν,
793 906 1020 960 ἐπειδάν
1041 905 1087 960 δ’
1114 906 1282 973 ἐγγὺς
1303 906 1479 976 τούτῳ
1508 908 1776 975 γένοιντο,
1816 926 1956 979 σπα-

370 976 604 1075 σάμενοι
643 1002 771 1073 ξίφη
800 1003 969 1056 αὐτὸν
1004 1002 1214 1056 ἀνελεῖν
1239 1018 1254 1032 ’
1291 1003 1397 1056 κᾶν
1423 1003 1663 1075 ξυμϐαίη
1698 1008 1793 1059 καὶ
1827 976 1951 1058 τοις.

365 1115 490 1162 τοις
517 1097 616 1174 σὺν
660 1094 857 1165 ἐκείνῳ
909 1097 1120 1158 πεσεῖν,
1152 1094 1518 1166 αἱρετώτερον
1566 1090 1707 1149 εἶναι
1755 1095 1955 1159 μᾶλλον

362 1190 522 1258 αὐτῷ
548 1187 635 1261 [Ρ.
680 1187 774 1258 95]
828 1188 862 1258 ἦ
895 1186 957 1241 τὸ
1007 1187 1441 1258 παρακούσαντα
1480 1186 1746 1258 βασιλέως
1800 1188 1955 1251 δίκας

363 1280 845 1351 εἰσπραχθησεται
859 1279 960 1349 τῆς
977 1279 1263 1351 παρακοῆς
1281 1278 1418 1349 πρὸς
1434 1278 1673 1333 ἐκείνου.
1698 1278 1956 1350 Ἀπεϊρξε

270 1386 291 1397 ·
361 1373 429 1427 δὲ
461 1373 656 1427 τοῦτον
679 1371 774 1425 τοῦ
818 1370 1070 1425 τοιούτου
1104 1370 1475 1442 βουλεύματος
1505 1372 1533 1423 ὁ
1583 1370 1864 1433 Θεόδοτος,
1893 1363 1955 1425 οὗ

367 1462 612 1532 πρόσθεν
663 1462 693 1514 ὁ
747 1462 909 1527 λόγος
946 1460 1218 1532 ἐμνήσθη,
1254 1460 1424 1515 είπὼν
1469 1461 1630 1516 τοῦτο
1683 1462 1782 1531 μὲν
1813 1458 1957 1514 εἶναι

365 1553 510 1621 πρὸς
542 1549 621 1620 τῷ
648 1548 946 1620 παραϐόλῳ
968 1550 1064 1605 καὶ
1102 1548 1324 1619 εὔηθες.
1366 1550 1507 1603 Νυνὶ
1546 1550 1603 1604 δὲ
1640 1552 1748 1621 χρὴ
1802 1549 1955 1613 ἐξελ-

362 1642 570 1701 θόντας
618 1641 716 1695 τοῦ
765 1642 877 1694 τῶν
940 1640 1221 1711 πολεμίων
1273 1641 1689 1713 στρατεύματος
1729 1641 1958 1694 ἀπιέναι

361 1733 509 1802 πρὸς
531 1732 661 1795 τοὺς
681 1731 873 1796 ἰδίους,
911 1731 1139 1785 ἐπειδὰν
1167 1730 1226 1783 δὲ
1269 1730 1484 1795 τούτοις
1515 1731 1872 1801 συμμίξειαν,
1907 1729 1957 1781 εί

362 1822 638 1892 βούλοιτο,
677 1823 916 1876 λαϐόντα
944 1822 1220 1875 κάκείνων
1244 1823 1476 1884 ὁπόσους
1508 1821 1733 1875 δυνατὸν
1767 1838 1959 1874 κοινω-

2050 638 2248 705 'Optimi
2298 637 2526 692 aderant
2581 635 2709 706 ipsi.
2742 633 3032 690 consilium
3073 632 3250 686 audax
3297 633 3638 701 proponebat

2057 731 2247 784 dicens
2286 728 2424 782 velle
2468 742 2528 783 se
2571 742 2701 782 cum
2747 726 2880 796 ipsis
2902 726 3163 780 assectari
3195 739 3225 778 a
3258 734 3410 794 tergo
3436 722 3639 792 Bryen-

2054 823 2231 885 nium,
2263 830 2320 876 et
2347 819 2438 874 ubi
2471 819 2539 874 ad
2578 821 2756 888 ipsum
2784 826 3184 889 penetrassent,
3220 816 3424 871 stricris
3454 816 3640 870 subito

2057 916 2284 971 ensibus
2312 913 2491 985 ipsum
2516 912 2787 968 occidere.
2816 911 2875 966 in
2909 925 3023 980 quo
3049 911 3093 964 si
3129 909 3470 978 contingeret
3493 909 3641 977 ipsos

2057 1008 2217 1074 mori,
2245 1017 2427 1062 tamen
2455 1013 2657 1061 sortem
2684 1003 2831 1058 illam
2857 1002 3278 1058 tolerabiliorem
3316 1000 3431 1055 fore
3449 1014 3643 1068 quam,

2056 1099 2101 1165 si
2126 1099 2252 1153 victi
2284 1099 2349 1152 ad
2381 1097 2765 1164 imperatorem
2791 1093 3054 1155 redirent,
3082 1106 3274 1161 poenas
3303 1091 3445 1144 haud
3478 1088 3643 1142 dubie

2056 1208 2251 1262 graves
2281 1192 2403 1261 ejus
2447 1190 2680 1245 arbitrio
2720 1188 2900 1243 daturi
2940 1185 3169 1255 neglecti
3218 1183 3339 1252 ejus
3373 1181 3638 1243 mandati,

2056 1297 2166 1351 quo
2213 1297 2450 1352 pugnam
2510 1280 2602 1334 illo
2652 1279 2743 1333 die
2790 1276 3058 1333 committi
3108 1281 3376 1330 vetuerat.
3437 1273 3644 1326 Avertit

2058 1382 2240 1429 autem
2292 1387 2423 1432 eum
2471 1386 2500 1425 a
2561 1370 2653 1425 tali
2701 1378 2880 1439 ccepto
2916 1367 3256 1431 Theodotus,
3284 1363 3444 1433 cuius
3474 1378 3641 1431 supra

2058 1465 2432 1524 meminimus,
2475 1464 2629 1518 aiens
2699 1462 2750 1515 id
2810 1467 3175 1531 prmterquam
3237 1456 3640 1516 temerarium,

2058 1557 2222 1611 etiam
2247 1556 2496 1611 stultum.
2524 1554 2624 1609 Cui
2658 1554 2805 1608 enim
2840 1568 2946 1607 non
2979 1559 3163 1621 patere
3190 1549 3422 1617 primam
3456 1560 3641 1601 curam

2059 1660 2251 1701 eorum
2290 1645 2383 1713 qui
2426 1659 2456 1697 a
2513 1643 2632 1698 suis
2666 1640 2953 1695 interclusi
3011 1640 3252 1693 hostium
3310 1632 3647 1689 multitudini

2063 1738 2384 1809 paucissimi
2421 1737 2521 1807 ip~i
2567 1751 2626 1790 se
2661 1734 2932 1789 immistos
2973 1732 3237 1794 sentiunt,
3269 1743 3392 1783 esse
3426 1728 3644 1787 debere.

2064 1829 2267 1883 ναίειἸύ
2294 1844 2353 1883 se
2383 1827 2712 1894 quantocius
2736 1826 2804 1878 ad
2848 1839 3002 1884 suos,
3034 1823 3209 1890 iisque
3241 1821 3332 1874 ubi
3368 1816 3646 1887 aggregati

361 1916 495 1977 νοὺς
516 1913 664 1967 οὕτω
687 1916 887 1985 χωρεῖν
914 1913 1052 1983 πρὸς
1068 1912 1159 1965 τὸν
1181 1912 1446 1966 κίνδυνον.
1471 1914 1551 1966 Τὰ
1582 1913 1679 1983 μὲν
1701 1908 1793 1965 οὖν
1818 1913 1956 1965 κατὰ

2064 1913 2259 1968 fuerint
2288 1914 2588 1981 adiungere
2617 1913 2720 1967 sibi
2744 1927 2808 1968 ex
2839 1911 2972 1980 ipsis
3013 1925 3174 1979 quam
3204 1908 3469 1978 plurimos
3499 1914 3646 1973 pote-

360 2006 428 2058 τδ
441 2005 620 2073 δεξιὸν
652 2006 822 2074 κέρας
842 2004 1086 2059 τοιοῦτον
1113 2002 1238 2074 ἔσχε
1265 2004 1326 2057 τὸ
1353 2004 1526 2068 τέλος.
1615 2009 1630 2023 ⁶

439 2266 505 2321 θ’.
540 2266 699 2320 Κατὰ
728 2266 785 2320 δὲ
809 2266 870 2320 τὸ
895 2266 1181 2339 εὐώνυμον
1217 2267 1266 2321 οἱ
1295 2267 1426 2337 περὶ
1463 2266 1555 2319 τὸν
1603 2266 1946 2320 Κατακαλὼν

364 2356 790 2410 Κωνσταντῖνον
847 2356 1053 2409 Σκύθαι
1106 2356 1304 2420 ίδόντες
1355 2355 1735 2426 Χωματηνοὺς
1791 2356 1955 2418 εὐθὺς

365 2444 705 2517 ἐξώρμησαν
719 2447 839 2500 κατ’
860 2445 1044 2499 αὐτῶν
1077 2446 1173 2512 ξὺν
1198 2446 1293 2517 βοῇ
1316 2446 1484 2516 πολλῇ
1510 2447 1605 2498 καὶ
1623 2445 1951 2514 ἀλαλαγμῷ,

367 2540 468 2592 καὶ
497 2539 696 2591 θᾶττον
726 2538 759 2608 ἢ
784 2538 943 2607 λόγος
971 2538 1198 2599 τούτους
1228 2538 1561 2608 τρεψάμενοι
1612 2536 1708 2590 τοῦ
1737 2536 1955 2590 διώκειν

370 2633 723 2703 παυσάμενοι
783 2634 882 2687 σὺν
920 2632 1074 2698 τάξει
1121 2634 1464 2703 ὑπέστρεφον
1519 2632 1613 2685 καὶ
1661 2631 1804 2687 κατὰ
1847 2632 1957 2683 τῶν

366 2724 473 2795 τὴν
497 2723 762 2796 οὐραγίαν
786 2725 1100 2796 τηρούντων
1116 2725 1209 2777 τοῦ
1234 2724 1524 2794 Βρυεννίου
1550 2723 1957 2793 στρατεύματος

367 2816 640 2887 ἐξώρμων
686 2817 785 2872 σὺν
829 2815 1115 2888 προθυμίᾳ
1173 2818 1370 2889 πολλῇ,
1425 2819 1521 2871 καὶ
1568 2818 1692 2871 ὅσον
1736 2816 1958 2888 θητικδν

369 2906 775 2971 σκυλεύσαντες
832 2908 930 2961 καὶ
1000 2908 1203 2972 ἵππους
1267 2909 1363 2961 καὶ
1414 2907 1633 2978 λάφυρα
1702 2907 1959 2969 λαϐόντες

363 2994 621 3067 ἀπῄεσαν
650 2996 855 3051 οἶκαδε.
890 2996 1218 3067 Συγχύσεως
1243 2998 1299 3051 δὲ
1327 2999 1392 3051 ὲκ
1416 2996 1625 3063 ταύτης
1652 2997 1749 3065 τῆς
1779 2996 1959 3058 αἰτίας

368 3088 673 3157 γενομένης
701 3089 821 3151 ταῖς
839 3088 1085 3155 τάξεσιν,
1107 3090 1202 3159 ἆτε
1223 3089 1332 3142 τῶν
1364 3087 1497 3160 περὶ
1512 3088 1575 3140 τὸ
1597 3088 1818 3142 τοῦλδον
1844 3088 1957 3155 (55)

378 3177 681 3249 Ῥωμαίοις
703 3179 1041 3249 καλούμενον
1063 3180 1142 3243 είς
1168 3179 1339 3243 αὐτὰς
1359 3180 1818 3247 καταφευγόντων
1846 3179 1956 3231 δέει

364 3270 447 3340 τῷ
478 3236 587 3324 τῶν
616 3236 838 3325 Σκυθῶν
871 3236 966 3324 καὶ
993 3236 1394 3342 τῶννσημείων
1443 3236 1876 3343 ἀναμιὲίθέντων,
1926 3273 1953 3325 ὁ
1986 3236 2028 3297 C

366 3363 659 3433 Κομνηνὸς
705 3363 941 3429 Ἀλέξιος
963 3363 1121 3416 τοῦτο
1173 3364 1413 3417 κατιδὼν
1467 3363 1570 3436 (ἔτι
1634 3367 1746 3441 γάρ
1803 3364 1955 3423 ἐντὸς

367 3453 615 3525 διέτριϐε
638 3452 732 3506 τού
770 3455 866 3507 τοῦ
918 3454 1211 3524 Βρυεννίου
1247 3454 1677 3525 στρατεύματος)
1710 3454 1958 3523 καλύψας

368 3545 432 3598 τὸ
462 3544 759 3614 πρόσωπον
788 3545 866 3617 τῷ
892 3546 1288 3618 άπῃωρημένῳ
1316 3545 1579 3617 θωρακίδι
1637 3548 1701 3615 τῇ
1740 3545 1956 3614 κόρυθι,

367 3639 483 3690 τῶν
513 3637 843 3708 ἱπποκόμων
877 3638 976 3690 ἕνα
1025 3638 1119 3690 τοῦ
1166 3638 1461 3707 Βρυεννίου
1512 3636 1960 3690 καταλαϐὼνημι

370 3728 588 3781 ἐκείνου
637 3730 705 3798 τῇ
728 3727 981 3798 ἁλουργῷ
1008 3728 1287 3798 ἐφεστρίδι
1315 3728 1544 3790 καὶτοῖς
1574 3730 1796 3798 χρυσοῖς
1852 3744 1957 3795 φα-

364 3819 562 3889 λάροις
586 3819 986 3890 κοσμούμενον,
1029 3819 1197 3873 ἔτιδὲ
1246 3820 1339 3872 καὶ
1387 3817 1487 3881 τὰς
1542 3818 1603 3884 ἐξ
1649 3816 1771 3871 ἔθου
1787 3838 1801 3879 ;
1847 3819 1959 3879 τοῖς

369 3910 658 3982 βασιλεῦσι
682 3912 1072 3982 παρεπομένας
1110 3910 1410 3981 ῥομφαίας,
1435 3909 1613 3979 λάθρα
1643 3909 1734 3961 τοῦ
1789 3926 1958 3979 στρα-

367 4005 646 4074 τεύματος
676 4005 857 4073 ἐξιὼν,
887 4006 1116 4060 ὲπειδὲιν
1151 4006 1256 4072 ἔξω
1283 4007 1450 4075 φόϐου
1475 4004 1674 4065 παντὸς
1701 4005 1953 4073 γέγονεν,

330 4096 661 4164 ’ἐξέπεμπε
691 4098 784 4152 τὸν
838 4098 1007 4151 ἱππον
1064 4097 1204 4168 μετὰ
1242 4099 1486 4168 κήρυκος
1535 4096 1765 4166 βοῶντος
1815 4097 1958 4166 μέγα

368 4188 450 4251 ὡς
478 4190 507 4240 ὁ
547 4188 838 4260 Βρυέννιος
863 4189 1145 4243 πέπτωκε.
1202 4189 1376 4243 Τοῦτο
1428 4190 1657 4259 πολλοὺς
1693 4190 1802 4243 τῶν
1837 4207 1963 4258 φευ-

368 4281 586 4348 γόντων
615 4281 800 4353 μένειν
825 4282 1034 4357 ἔπειθε,
1056 4284 1183 4348 τοὺς
1209 4284 1264 4337 δὲ
1295 4283 1390 4337 καλ⁸
1410 4282 1755 4335 παλινοστεῖν
1787 4299 1801 4313 ο
1828 4282 1959 4348 ξυν-

370 4372 565 4428 ἔϐαινε
605 4374 735 4447 γάρ,
770 4376 882 4429 τῶν
945 4376 1169 4430 Σκυθῶν
1215 4376 1325 4428 τῶν
1387 4375 1689 4443 μελλέντων
1726 4373 1950 4426 διώκειν

367 4467 519 4520 οὕτω
547 4469 658 4529 τοῖς
697 4468 827 4533 περὶ
852 4469 1145 4540 Βρυέννιον
1168 4466 1698 4530 ἐπιϐουλευσάντων,
1729 4464 1957 4535 μηδενὸς

2058 2010 2182 2055 runt
2218 2011 2268 2055 et
2307 1999 2467 2069 139
2500 2015 2626 2053 cum
2675 2000 2764 2063 iis,
2803 2000 2848 2053 si
2881 2000 2954 2053 ita
2994 1997 3179 2056 libeat.
3215 1996 3270 2050 in
3303 1997 3488 2049 hostes
3524 2009 3647 2062 per-

2054 2108 2180 2163 gere
2219 2092 2635 2161 periculumque
2688 2092 2884 2144 iterum
2943 2089 3152 2144 subire.
3207 2087 3305 2142 llic
3339 2099 3639 2140 successus

2055 2182 2378 2240 certaminis
2405 2182 2457 2236 in
2495 2182 2723 2236 dextero
2749 2196 2919 2235 cornu
2955 2179 3078 2233 fuit.

2126 2276 2179 2331 9.
2221 2273 2278 2329 In
2328 2275 2552 2328 sinistro
2608 2289 2736 2326 vero
2779 2273 2994 2342 Scytha:
3041 2285 3181 2340 quos
3225 2267 3459 2323 ducebat
3498 2265 3645 2322 Cou-

2059 2365 2333 2422 stantinus
2365 2364 2620 2419 Catacalo
2651 2363 2895 2418 videntes
2922 2362 3317 2422 Chomatenos,
3355 2357 3539 2413 statim
3579 2356 3634 2409 in

2058 2474 2155 2514 eos
2186 2468 2487 2527 eruperunt
2514 2472 2638 2512 cum
2674 2456 2912 2510 clamore
2955 2464 3009 2510 et
3061 2454 3269 2509 ululatu
3323 2465 3546 2521 magno.
3592 2459 3647 2503 et

2059 2551 2209 2606 dicto
2240 2550 2403 2605 citius
2452 2550 2519 2604 iis
2562 2540 3085 2620 in‘fugainversis,
3144 2542 3502 2616 persequendi
3535 2543 3641 2594 line

2060 2643 2225 2707 facto,
2262 2642 2493 2698 servatis
2522 2641 2806 2697 ordinibus
2859 2638 3291 2702 revertebantur,
3324 2652 3447 2691 cum
3480 2633 3647 2688 libido

2063 2733 2196 2802 ipsis
2232 2733 2427 2786 incidit
2459 2732 2702 2785 irrueudi
2741 2746 2938 2799 magno
2972 2730 3173 2798 impetu
3204 2728 3258 2782 in
3291 2741 3386 2780 eos
3417 2725 3511 2793 qui
3544 2738 3643 2775 ex-

2063 2833 2298 2879 tremum
2328 2837 2521 2890 agmen
2549 2820 3014 2891 Bryennianorum
3035 2818 3360 2873 tuebantur:
3385 2814 3472 2869 tibi
3494 2813 3650 2868 facile

2062 2916 2274 2981 direpta
2304 2913 2393 2965 illa
2434 2911 2584 2965 omni
2618 2910 2953 2965 mercenaria
3008 2924 3195 2968 manu.
3247 2919 3516 2974 equorum
3560 2903 3647 2955 in-

2064 3021 2227 3074 super
2283 3010 2339 3057 et
2378 3003 2679 3071 spoliorum
2724 3016 2918 3070 magna
2983 2999 3160 3068 praeda
3222 2998 3365 3050 facta
3420 2994 3643 3049 dommn

2064 3098 2334 3151 abierunt.
2373 3094 2510 3148 lliuc
2540 3080 2794 3148 ordinum
2843 3089 3161 3145 militarium
3194 3097 3317 3143 orta
3361 3084 3647 3155 perturba-

2066 3189 2142 3242 tio
2175 3204 2189 3241 :
2231 3187 2375 3265 quod
2410 3194 2617 3240 terrore
2645 3185 2796 3238 illato
2831 3184 2883 3236 in
2923 3184 3071 3237 illam
3100 3180 3500 3236 multitudinem
3527 3192 3647 3232 sar-

2061 3280 2397 3335 cinariorum
2430 3277 2826 3346 iumentorum,
2867 3288 3031 3344 quam
3066 3271 3275 3341 vulgari
3320 3270 3505 3339 lingua
3539 3268 3646 3322 tul-

2060 3369 2190 3422 dum
2221 3365 2453 3419 Romani
2476 3372 2691 3427 vocant,
2727 3363 2893 3417 multa
2922 3361 3072 3415 exiis
3103 3369 3307 3414 temere
3335 3359 3389 3411 in
3421 3357 3646 3413 ordines

2059 3468 2392 3513 armatorum
2451 3457 2831 3511 inferebantur
2879 3454 3108 3526 Scythas
3161 3451 3442 3521 fugientia,
3510 3449 3650 3503 unde

2061 3550 2290 3619 contigit
2351 3549 2505 3619 signa
2578 3546 2917 3617 permisceri.
2981 3543 3038 3598 Id
3101 3558 3227 3598 cum
3298 3541 3649 3597 observasset

2060 3647 2284 3702 Alexius
2308 3642 2645 3705 Comueuus,
2669 3641 2761 3711 qui
2788 3640 2965 3694 adhuc
2989 3636 3350 3709 Bryennianis
3377 3634 3651 3688 immistus

2061 3750 2179 3794 erat
2208 3777 2224 3802 ,
2256 3734 2504 3790 oculario
2531 3733 2697 3805 galea:
2746 3731 2980 3799 tegmine
3024 3746 3092 3784 ne
3141 3735 3525 3799 agnosceretur
3556 3723 3653 3778 de-

2064 3832 2253 3895 misso,
2286 3827 2553 3896 corripuit
2588 3824 2810 3881 obvium
2841 3826 2985 3878 forte
3048 3821 3338 3890 quemdam
3391 3834 3456 3873 ex
3498 3817 3651 3886 equi-

2061 3922 2288 3977 sonibus
2332 3916 2610 3991 Brycnnii,
2654 3931 2823 3969 unum
2874 3929 2937 3968 ex
2992 3912 3111 3980 ejus
3168 3911 3325 3980 equis
3373 3908 3648 3978 imperiali

2063 4028 2303 4086 purpura
2334 4012 2627 4066 instratum
2660 4017 2715 4063 et
2763 4009 2945 4062 aureis
2984 4003 3224 4070 phaleris
3251 4012 3507 4056 ornatum
3539 4000 3642 4055 du-

2064 4114 2272 4161 centem
2303 4122 2317 4158 :
2356 4102 2623 4170 corripuit
2655 4107 2709 4154 et
2740 4100 3084 4167 rhomphreas
3110 4095 3178 4149 de
3208 4108 3361 4149 more
3395 4102 3518 4162 post
3542 4092 3648 4145 im-

2061 4204 2341 4266 peratores
2365 4193 2568 4265 gestari
2594 4192 2803 4247 solitas.
2823 4192 2901 4243 Ac
2928 4189 3007 4242 sic
3036 4202 3161 4242 cum
3189 4187 3272 4240 his
3296 4186 3435 4240 clam
3460 4183 3651 4238 exiens

2062 4301 2092 4341 e
2124 4286 2468 4357 Bryenniana
2521 4282 2638 4338 acie
2680 4281 2772 4337 ubi
2818 4295 3075 4335 securum
3108 4280 3161 4332 in
3198 4277 3376 4332 locum
3413 4276 3647 4339 devenit,

2064 4391 2371 4448 praeconem
2406 4375 2556 4430 misit
2581 4376 2675 4444 qui
2699 4388 2900 4440 equum
2936 4382 3088 4423 ostrn
3118 4384 3219 4422 aus
3251 4369 3358 4422 late
3387 4367 3652 4421 clamaret

2065 4470 2331 4524 cecidisse
2360 4468 2714 4538 Brycnnium.
2765 4464 2842 4519 Ea
2877 4478 2982 4517 vox
3018 4470 3072 4515 et
3107 4459 3315 4530 species
3347 4460 3548 4511 multos
3582 4473 3648 4510 ex

367 4561 529 4622 ὄντος
553 4558 650 4612 τοῦ
680 4560 974 4624 διώκοντος
1007 4558 1085 4630 μὴ
1124 4560 1412 4633 πόρρωθεν
1446 4561 1641 4630 φυγεῖν
1670 4558 1797 4621 τοὺς
1828 4558 1956 4626 περὶ

2062 4560 2341 4616 Alexianis
2392 4559 2506 4628 jam
2566 4559 2747 4627 fugam
2808 4554 3186 4626 spectantibus
3236 4550 3397 4623 140
3455 4551 3645 4611 tcnu‘t,

367 4649 466 4701 τὸν
502 4650 784 4720 Κομνηνδν
833 4650 1092 4710 Ἀλέξων,
1122 4651 1262 4704 ἀλλὰ
1304 4650 1531 4722 πλησίον
1570 4649 1804 4704 ἀλᾶσθαι
1854 4654 1955 4703 ἐπ-

2059 4655 2199 4709 alios
2248 4664 2430 4707 autem
2469 4651 2561 4720 qui
2626 4649 2814 4720 fugere
2856 4649 2969 4717 jam
3016 4657 3295 4715 cmperaut
3351 4643 3645 4696 revocavit.

370 4738 740 4808 αποροῦντας,
768 4741 914 4805 ὅπως
941 4740 1188 4806 ἐκείνους
1221 4742 1525 4812 φεύγοντας
1558 4745 1650 4796 τόν
1681 4761 1741 4795 τε
1785 4743 1956 4796 ἵππον

2059 4746 2194 4811 Quia
2227 4743 2371 4798 enim
2401 4739 2618 4813 Scytha:
2645 4739 2737 4809 qui
2770 4737 3073 4792 debuerant
3102 4733 3310 4804 insequi
3348 4732 3643 4802 fugientes,

369 4831 593 4884 ἐδείκνυ
626 4830 721 4884 καὶ
774 4834 875 4896 τὰς
915 4834 1191 4903 ῥομφαίας
1242 4835 1335 4888 καὶ
1383 4836 1480 4905 τὴν
1532 4834 1814 4904 ἀναίρεσιν
1860 4835 1955 4888 τοῦ

2059 4837 2127 4892 ab
2155 4836 2221 4890 iis
2240 4836 2501 4903 impetum
2528 4839 2806 4886 verterant
2829 4830 2882 4883 in
2907 4838 3216 4883 extremum
3237 4839 3426 4896 agmen
3451 4823 3650 4895 Bryen‘

368 4922 668 4991 Βρυεννίου
741 4925 957 4989 τρανῶς
1047 4928 1345 4998 ἐκήρυττε,
1427 4927 1523 4981 καὶ
1604 4929 1956 4996 συνελέγοντο

2059 4930 2155 4990 ιιίἱ.
2190 4926 2419 4997 contigit
2454 4924 2751 4979 Alexiauos
2776 4960 2790 4984 ,
2830 4928 3015 4987 utpote
3044 4933 3181 4987 quos
3232 4931 3394 4970 nemo
3432 4932 3461 4969 a
3497 4925 3649 4985 tergo

372 5014 645 5078 ἅπαντες·
2057 5027 2291 5090 urgeret,
2329 5035 2437 5071 nou
2473 5020 2629 5083 longe
2660 5013 2869 5083 fugere,
2909 5013 3002 5068 sed
3034 5013 3089 5068 in
3115 5009 3423 5083 propinquo
3457 5026 3653 5080 exspe-

365 5116 523 5161 ctare
555 5121 669 5177 quo
697 5121 785 5162 res
811 5107 1056 5173 caderet,
1090 5117 1150 5163 ut
1182 5124 1248 5163 ex
1319 5119 1514 5165 eventu
1558 5110 1852 5164 consilium
1928 5120 2203 5177 caperent.
2242 5109 2384 5179 Ergo
2449 5118 2503 5163 ut
2577 5109 2831 5163 viderunt
2878 5104 3254 5177 Brycnnianos
3295 5105 3517 5176 quidem
3559 5102 3652 5160 fu-

1405 5250 1607 5314 ϐαινοιὲ
1636 5253 1727 5313 Du
1758 5254 1989 5315 Fresne
2027 5255 2118 5314 Du
2161 5256 2367 5330 Gange
2394 5259 2582 5314 notae.

440 5372 556 5458 (ξε)
582 5375 689 5458 “1:6
721 5374 1025 5458 _roﬁ.ld0f:
1076 5374 1168 5458 De.
1195 5375 1571 5458 hujusmvocis
1632 5381 1938 5458 significatu

367 5445 544 5527 multa
566 5443 851 5527 IRigaltius
879 5455 932 5500 et
975 5445 1240 5502 Meursius
1271 5443 1543 5527 in__Glos_i_s.
1577 5458 1629 5501 et
1665 5443 1938 5504 Fabrotus

363 5514 799 5595 adcedrenum,
852 5531 1115 5595 quzenon
1166 5518 1443 5595 egscriho.
1470 5517 1707 5595 Tantum
1745 5536 1941 5574 moueo

362 5585 538 5658 videri
588 5595 839 5641 nostrum
879 5585 1056 5658 laudis
1089 5599 1183 5640 aut
1224 5589 1402 5642 laudis
1433 5588 1556 5642 inde
1589 5592 1939 5658 appellatum,

365 5654 514 5723 quod
547 5669 647 5725 pro
680 5656 1066 5724 quarumpiam
1100 5672 1281 5711 rerum
1327 5654 1694 5727 incomposito
1726 5675 1940 5731 aggere,

2050 5381 2235 5450 qualia
2302 5379 2413 5433 fere
2466 5388 2596 5433 sunt
2648 5376 2986 5450 exercituum
3050 5374 3464 5450 impedimenta,
3524 5386 3648 5450 quae

2052 5445 2418 5503 nulloordinc
2476 5451 2526 5501 in
2564 5450 2763 5501 castris
2802 5448 3009 5513 jaceut,
3061 5457 3330 5514 usurpant
3365 5445 3652 5514 Mnusti-el-

2049 5522 2191 5573 Intus
2234 5519 2411 5581 lvul.,
2437 5534 2489 5572 (ι.
2537 5517 2669 5582 258;
2713 5515 2749 5567 ll
2781 5508 2890 5571 uol.
2927 5531 2979 5585 p.
3031 5515 3122 5576 38,
3163 5508 3266 5574 58.
3308 5514 3561 5585 Gruelrlus
3592 5508 3644 5562 iit

2054 5589 2200 5644 Hist.
2250 5588 2438 5643 Arturi
2495 5588 2645 5640 ducis
2710 5582 2949 5645 Britain,
2996 5602 3049 5655 p.
3099 5586 3192 5647 9‘2,
3227 5585 3316 5649 94,
3362 5582 3649 5650 Philippus

2054 5661 2398 5713 liavestanus
2431 5658 2484 5711 in
2523 5655 2752 5710 Tucu’ris
2775 5665 2829 5709 et
2855 5655 2945 5708 alii
2982 5656 3215 5725 passim.

431 5787 1040 5860 ‘Jndicari’lacunam‘a
1069 5788 1318 5860 Wilkenio
1362 5791 1491 5860 (list.
1522 5794 1688 5843 Coum.
1722 5805 1772 5855 p.
1807 5792 1883 5854 56,
1908 5805 1956 5842 ει

2059 5807 2137 5841 ma
2169 5792 2337 5843 (Iomn.
2362 5805 2402 5854 p.
2478 5791 2552 5850 15,
2577 5793 2645 5839 ila
2700 5788 3015 5851 supplelam:
3051 5788 3195 5834 ἵππον
3235 5783 3338 5831 τινὰ
3372 5783 3467 5830 τῶν
3510 5782 3646 5843 βασι-

366 5850 513 5898 λικῶν
535 5850 892 5915 ima-lapsuum.
926 5850 1096 5901 Editur
1128 5851 1411 5903 Bormcusis.
