4136 6428
519 397 621 467 187
891 408 897 413 ’
1720 411 2116 474 NICEPHOR

2218 415 2564 479 BRYENNII
3675 425 3779 481 158

511 522 724 590 gieutes
773 520 898 593 (hos
937 522 1080 577 enim
1130 533 1189 578 ut
1238 524 1478 580 diximus
1508 523 1723 596 Scytha
1794 528 2130 597 turbabant).
2172 545 2371 597 equum
2412 546 2541 584 vero
2628 546 2788 601 quem
2843 533 3023 588 cultus
3081 531 3467 599 imperatorias
3521 527 3779 600 Bryeunii

514 629 637 670 esse
718 615 1005 679 suadebat,
1041 615 1376 685 rhomphzeis
1410 616 1814 673 circumdatum
1874 632 2097 675 scssore
2131 637 2360 675 vacuam
2400 638 2415 674 :
2452 623 2519 676 ad
2550 623 2662 677 haec
2695 639 2883 678 vocem
2920 625 3176 678 audirent
3237 622 3384 678 clare
3446 621 3781 675 denuntian-

516 718 624 764 tem
680 712 924 767 occisum
978 727 1099 767 esse
1152 710 1509 784 Bryennium,
1565 712 1751 768 refecti
1806 715 2007 770 animis
2044 725 2100 770 et
2137 717 2443 771 confirmati
2477 720 2659 773 denuo
2687 721 3180 788 congregabantur.

590 804 676 857 10.
708 806 951 859 Accessit
979 805 1170 860 eodem
1202 808 1348 876 quod
1376 808 1430 860 in
1460 806 1603 861 istul
1631 807 2100 876 opportunissime

2278 809 2364 881 [P.
2405 808 2494 881 94]
2530 808 2579 864 ι’.
2619 810 2893 863 Συνέπεσε
2928 811 2984 863 δέ
3033 828 3087 863 τι
3133 809 3227 863 καὶ
3274 807 3487 878 ἓτερον,
3519 807 3786 880 Τούρκωυ

519 905 850 951 momentum
880 898 1117 951 oecurrit
1147 899 1410 953 adventus
1436 915 1543 952 non
1569 899 1776 967 eriguae
1799 898 2102 953 Tureorunt

522 1003 718 1042 manus
777 1004 844 1042 ex
903 989 971 1043 iis
1019 1005 1160 1058 quos
1215 992 1284 1044 ah
1336 991 1665 1060 imperatore
1717 991 1768 1044 in
1836 991 2100 1045 auxilium

521 1077 713 1132 Al‘exio
750 1082 951 1135 missos
980 1081 1092 1148 jam
1141 1082 1403 1136 diximus.
1459 1080 1520 1135 lli
1566 1082 1809 1137 videntes
1841 1084 2102 1138 commis-

522 1186 639 1224 sam
699 1188 934 1240 pugnam
1019 1174 1374 1243 turbatosque
1431 1189 1495 1228 ac
1561 1174 1829 1243 fugientes
1896 1175 2102 1240 hostes.

521 1263 751 1332 quaesito
785 1265 1084 1321 domestico
1135 1268 1449 1320 scholarum
1484 1281 1549 1321 ac
1577 1267 1811 1334 denique
1839 1266 2059 1323 invento
2084 1306 2101 1329 .

523 1353 888 1421 prolixissime
922 1369 1076 1408 suam
1107 1370 1327 1423 operam
1353 1355 1777 1415 detnlcrunt.‘.ut
1806 1357 2106 1413 confideret

525 1442 805 1496 hortantes
839 1443 1052 1512 sibique
1080 1444 1319 1498 ostensis
1349 1444 1600 1500 hostibus
1624 1445 1865 1515 aliquam
1891 1455 2098 1514 partem

523 1532 765 1587 victoriae
787 1533 1130 1589 concederet.
1159 1534 1383 1591 Alexins
1413 1551 1605 1590 eorum
1632 1538 1918 1591 alacritate
1940 1544 2103 1592 uten-

524 1627 653 1680 dum
688 1638 842 1682 ratus
877 1628 1108 1683 ducibus
1138 1630 1330 1683 horum
1365 1645 1550 1686 secum
1582 1630 1880 1696 assumptis
1914 1645 2106 1685 ascen-

525 1720 604 1771 dit
662 1718 715 1772 in
752 1720 1044 1782 tumulum,
1103 1734 1168 1774 ex
1231 1736 1343 1790 quo
1396 1721 1604 1775 sciebat
1653 1722 1893 1776 hostium
1927 1721 2100 1776 aciem

526 1808 675 1861 cerni
702 1824 877 1875 posse,
900 1826 1061 1879 quam
1095 1821 1150 1864 et
1184 1811 1318 1881 ipsis
1352 1811 1476 1866 inde
1509 1812 1771 1866 ostendit.
1798 1812 1876 1864 Illi
1914 1812 2104 1865 viden-

529 1906 612 1952 tes
654 1900 938 1954 confusam
997 1903 1318 1973 phalangem
1361 1910 1565 1957 temere
1621 1904 1727 1957 huc
1777 1903 1905 1957 illuc
1956 1902 2104 1956 nulla

529 2005 608 2045 cet
624 1991 660 2044 ti
695 1991 905 2047 ordinis
933 1994 1217 2062 disciplina
1252 2002 1568 2065 evagantem
1594 2009 1657 2047 ac.
1685 1993 1887 2048 sensim
1915 2009 1972 2048 se
1997 1994 2108 2048 dis-

529 2094 854 2155 solventem,
894 2103 954 2148 ut
977 2095 1081 2149 illis
1113 2094 1308 2149 accidit
1346 2094 1438 2163 qui
1477 2094 1644 2148 nimia
1675 2094 1917 2147 victoria:
1950 2108 2104 2147 secu-

528 2187 691 2239 ritate
730 2202 795 2240 ca
846 2186 1019 2241 versis
1073 2186 1125 2240 in
1181 2184 1364 2253 fugam
1426 2185 1757 2241 adversariis
1817 2194 2105 2253 concepta,

530 2276 933 2330 contentionem
973 2286 1024 2331 et
1055 2276 1379 2333 industriam
1416 2279 1723 2340 remittunt,
1764 2277 1853 2331 cui
1898 2277 2110 2331 fiducia:

532 2376 591 2421 ut
624 2367 934 2437 languidius
968 2368 1329 2423 indormirent
1374 2368 1702 2439 Bryenniani
1758 2368 1992 2422 faciebat
2023 2384 2110 2422 re-

530 2470 663 2512 cens
697 2458 1057 2528 transfugium
1096 2458 1453 2525 Francorum,
1493 2459 1588 2529 qui
1627 2475 1694 2514 ex
1734 2459 1905 2514 Alexii
1938 2458 2111 2528 signis

532 2549 601 2603 a'l
665 2550 813 2618 ipsos
861 2550 1197 2606 transierant
1231 2589 1246 2613 ,
1306 2551 1590 2606 exscensis
1652 2551 1810 2619 equis
1868 2549 2110 2604 universi

539 2640 692 2712 141
729 2652 783 2696 et
814 2642 1023 2697 dextris
1057 2644 1123 2697 ad
1153 2641 1620 2713 Bryennianorum
1648 2656 1846 2695 manus
1880 2641 2114 2708 implici-

535 2733 626 2797 tis,
659 2749 779 2800 quze
810 2733 948 2803 ipsis
987 2734 1163 2803 patrio
1199 2749 1349 2788 more
1388 2734 1509 2788 fidei
1547 2733 1847 2803 obligandae
1879 2732 2112 2788 formula

532 2832 588 2878 et
619 2824 755 2879 ritus
786 2834 870 2879 est
897 2838 913 2878 :
940 2824 1007 2879 ad
1042 2824 1188 2894 quod
1236 2823 1610 2894 spectaculum
1644 2824 1845 2891 passim
1885 2836 1952 2877 ex
1981 2823 2115 2891 pha-

534 2916 692 2985 lange
747 2916 1198 2983 diseurrebatur,
1248 2916 1463 2972 cunctis
1528 2917 1706 2971 otiose
1763 2913 2116 2970 cernentibus

534 3008 663 3076 quid
699 3016 953 3078 ageretur
986 3019 1039 3064 et
1096 3009 1321 3078 periculi
1372 3008 1582 3062 securis
1626 3025 1641 3060 :
1680 3008 1819 3070 haec,
1869 3006 2117 3075 inquam,

534 3110 658 3150 cum
692 3097 860 3152 duces
885 3095 1215 3162 Turcorum,
1238 3105 1581 3152 monstrante
1602 3096 1812 3162 Alexio,
1838 3096 2120 3162 vidissent,

534 3186 924 3244 descendentes
985 3189 1109 3243 inde
1177 3203 1307 3244 suas
1356 3188 1545 3257 copias
1608 3187 1875 3242 trifariam
1934 3188 2120 3256 partiti

539 3289 691 3334 sunt.
716 3278 921 3334 llarnm
954 3280 1090 3336 duas
1124 3290 1304 3350 partes
1334 3279 1387 3335 in
1430 3279 1657 3335 insidias
1687 3280 2112 3343 ahsconderunt,

2203 903 2305 954 οὐκ
2336 901 2633 971 ἐλαχίστην
2664 905 2862 973 μοῖραν
2911 903 3049 973 πρὸς
3106 903 3430 972 συμμαχίαν
3467 901 3593 971 ἄρτι
3639 902 3784 970 πρὸς

2206 990 2474 1059 βασιλέως
2524 992 2888 1054 ἀπεστάλθαι,
2928 991 3023 1055 οὓς
3093 990 3436 1060 συνεκύρησε
3500 990 3643 1044 κατὰ
3690 990 3789 1044 τδν

2204 1081 2393 1151 καιρὸν
2426 1084 2654 1146 ἐκεῖνον,
2677 1082 2800 1135 καθ’
2816 1083 2877 1135 ὃν
2904 1085 2939 1154 ἡ
2971 1084 3121 1153 μάχη
3151 1084 3385 1154 συνέστη
3403 1084 3497 1138 καὶ
3526 1086 3559 1154 ἡ
3583 1085 3788 1155 τροπὴ.

2204 1172 2634 1243 παραγενέσθαι.
2677 1174 2902 1238 ’ἰδόντες
2923 1171 3019 1229 οὖν
3052 1174 3359 1244 φεύγοντας
3383 1175 3479 1230 καὶ
3510 1176 3603 1229 τὸν
3625 1176 3791 1245 δομέ-

2206 1280 2395 1315 στικον
2452 1262 2788 1334 ζητήσαντες
2834 1266 2944 1319 τῶν
3004 1267 3212 1336 σχολῶν
3258 1267 3354 1319 καὶ⁵
3410 1269 3562 1337 παρὰ
3610 1268 3799 1338 τούτῳ

2205 1358 2487 1428 γενόμενοι
2521 1358 2748 1430 (lappst
2784 1376 2845 1413 τε
2897 1360 3154 1413 ικέλευον
3184 1362 3280 1414 καὶ
3311 1363 3440 1424 τοὺς
3490 1361 3795 1431 πολεμίους

2207 1449 2435 1520 ἐζήτουν
2487 1450 2808 1505 θεάσασθαι.
2866 1452 2926 1504 Ὀ
2977 1451 3035 1506 δὲ
3069 1454 3198 1515 τοὺς
3256 1454 3530 1525 ἡγεμόνας
3579 1452 3796 1506 τούτων

2205 1541 2539 1607 παραλαῆὼν
2567 1541 2775 1595 ἄνεισιν
2799 1543 2892 1595 ἐπί
2915 1560 3037 1597 τινα
3062 1545 3226 1613 λόφον
3286 1546 3381 1613 ἀφ’
3419 1537 3482 1598 οὗ
3524 1562 3785 1612 καταφα-

2205 1635 2315 1695 νεῖς
2344 1631 2574 1703 ἔμελλον
2602 1632 2825 1687 ἔσεσθαι
2848 1634 2897 1685 oi
2923 1634 3194 1703 πολέμιοι,
3222 1636 3319 1689 καὶ
3343 1635 3639 1689 ύπεδείκνυ
3663 1634 3795 1688 τού·

2205 1741 2330 1786 τους
2364 1725 2598 1779 ἐκεῖθεν.
2630 1726 2693 1779 Ol
2724 1725 2781 1778 δὲ
2815 1725 3229 1797 ξυγκεχυμένην
3263 1729 3468 1793 ἰδόντες
3523 1728 3622 1799 τὴν
3678 1731 3798 1795 φάο

2206 1816 2389 1883 λαγγα
2423 1819 2517 1869 καὶ
2546 1818 2640 1882 ξὺν
2680 1820 2911 1890 οὔδεμιᾷ
2964 1821 3116 1885 τάξει
3152 1822 3463 1894 χωροῦσαν,
3515 1823 3631 1876 ἀλλ’
3666 1824 3800 1877 ἀκι-

2206 1908 2386 1976 νήτως
2421 1908 2614 1979 ὥσπερ
2642 1912 2972 1980 κινουμένην
3002 1915 3094 1965 καὶ
3126 1914 3494 1984 φθειρομένην
3554 1915 3795 1983 (πάντες

2210 1998 2319 2067 γὰρ
2344 1997 2448 2063 ἔξω
2501 1998 2803 2068 φροντίδων
2849 1997 2991 2072 ἦσαν
3042 2002 3118 2066 ὡς
3147 2004 3250 2073 ἠδη
3286 2005 3636 2074 νενικηκότες
3696 2004 3802 2058 καὶ

2210 2090 2338 2152 τοὺς
2372 2090 2666 2160 πολεμίους
2699 2091 3090 2162 τρεψάμενοι),
3129 2094 3253 2146 ἐπεὶ
3274 2095 3371 2149 καὶ
3421 2096 3471 2148 oi
3492 2094 3587 2147 τοῦ
3620 2093 3799 2148 Bora-

2211 2182 2424 2234 νειάτου
2480 2183 2725 2253 Φράγγοι
2792 2183 2871 2254 τῷ
2927 2185 3204 2255 Βρυεννίῳ
3265 2188 3802 2257 προσκεχωρήκασιν

2207 2270 2449 2336 ἅπαντες
2487 2275 2584 2326 καὶ
2612 2273 2722 2327 τῶν
2751 2275 2935 2327 ἳππων
2964 2275 3375 2340 ἁποδαίνοντες,
3413 2279 3525 2340 τοῖς
3577 2276 3801 2331 ἐκείνου

2207 2363 2365 2434 χερσὶ
2405 2363 2504 2427 τὰς
2540 2366 2730 2433 χεῖρας
2754 2364 3136 2434 ἐμϐάλλοντες,
3168 2367 3244 2431 ὡς
3281 2366 3345 2436 δὴ
3372 2368 3599 2435 πάτριος
3628 2366 3800 2437 νόμος

2211 2454 2422 2518 τούτοις
2452 2456 2593 2522 ἐστὶ,
2634 2456 2845 2519 πίστεις
2898 2457 3225 2513 ἐδίδουν....“
3281 2457 3528 2523 ξυνέθεον
3557 2458 3806 2521 ἅπαντες

2213 2548 2263 2600 οί
2293 2548 2393 2617 τῆς
2433 2547 2736 2615 φάλαγγος,
2772 2548 2969 2604 θεαταὶ
3013 2550 3123 2603 τῶν
3155 2551 3451 2621 δρωμένων
3485 2552 3800 2622 γενόμενοι..

2218 2637 2375 2691 ταῦτ’
2403 2636 2497 2691 οὖν
2528 2639 2577 2691 οἱ
2603 2637 2711 2692 τῶν
2735 2638 2997 2712 Τούρκων
3032 2644 3304 2713 ἡγεμόνες
3329 2643 3550 2705 ἰδόντες,
3601 2643 3801 2697 κατελ-

2221 2728 2408 2789 θόντες
2435 2732 2647 2787 ἐκεῖθεν
2670 2734 2836 2805 τριχῆ
2858 2734 2956 2806 τὴν
2988 2736 3196 2787 οἰκείαν
3222 2734 3482 2804 φάλαγγα
3531 2735 3806 2798 διελόντες

2220 2823 2322 2885 τάς
2368 2824 2467 2894 μὲν
2523 2824 2618 2878 δύο
2666 2827 2865 2896 μοίρας
2902 2826 2995 2880 ἐπὶ
3031 2825 3093 2878 τὸ
3125 2826 3429 2896 ἐνεδρεύειν
3460 2825 3802 2895 ἐξέπεμπον,

2219 2914 2319 2985 τὴν
2342 2915 2398 2968 δὲ
2435 2916 2632 2987 ἑτέραν
2653 2918 2906 2971 ἐκέλευον
2937 2915 3077 2983 πρὸς
3100 2917 3227 2980 τοὺς
3266 2916 3563 2986 πολεμίους
3597 2917 3813 2985 χωρεῖν

2216 3004 2278 3057 ού
2311 3006 2452 3059 κατὰ
2472 3007 2732 3076 φάλαγγα
2759 3009 3231 3079 συντεταγμένους
3256 3008 3391 3062 ἀλλὰ
3428 3008 3569 3061 κατὰ
3603 3010 3802 3077 λόχους

2216 3096 2429 3165 ὀλίγους
2450 3100 2545 3151 καὶ
2573 3099 3062 3169 διεσκεδασμένως,
3083 3100 3214 3170 ιλᾷν
3229 3117 3291 3153 τε
3321 3102 3444 3164 τοὺς
3468 3100 3670 3164 ἵππους
3701 3101 3804 3153 καὶ

2214 3191 2329 3253 τοῖς
2372 3188 2674 3260 τοξεύμασι
2722 3191 2963 3262 χρῆσθαι
2995 3191 3093 3246 καὶ
3141 3192 3389 3263 πέμπειν
3451 3193 3580 3264 βέλη
3617 3193 3804 3264 συχνὰ

2218 3281 2341 3334 κατ’
2374 3276 2630 3337 ἐκείνων.

540 3374 758 3429 tertiam
808 3374 1095 3445 jusserunt
1160 3375 1215 3429 in
1278 3376 1460 3431 hostes
1509 3375 1691 3430 invehi
1758 3391 1862 3430 non
1900 3376 2011 3447 jam
2069 3376 2125 3430 in
2167 3377 2451 3447 phalangis
2491 3380 2710 3445 modum
2777 3379 3081 3447 ordinatos,
3128 3382 3220 3438 sed
3253 3398 3347 3452 per
3409 3382 3653 3438 modicos
3680 3399 3804 3438 ma-

540 3470 756 3540 nipulos
785 3472 1017 3542 sparsim
1043 3470 1366 3541 diseerptos,
1399 3471 1655 3527 mandato
1677 3474 1823 3528 edito
1876 3480 1936 3529 ut
1974 3488 2149 3544 equos
2194 3474 2244 3526 in
2278 3488 2373 3528 eos
2416 3473 2707 3528 incitarent
2757 3477 3081 3546 eminusque
3146 3476 3519 3546 iacularentur
3554 3486 3609 3532 et
3632 3494 3809 3548 quam

540 3565 772 3635 plurima
804 3567 858 3621 in
899 3582 994 3623 eos
1023 3569 1125 3623 tela
1157 3569 1451 3625 mitterent.

614 3658 701 3712 ll.
742 3659 1089 3729 Sequebatur
1117 3670 1298 3716 autem
1333 3663 1433 3718 hos
1457 3671 1511 3717 et
1539 3663 1763 3719 Alexius
1783 3662 2118 3725 Comnenus.
2151 3666 2217 3733 C,

539 3753 892 3821 congregatis
940 3752 1085 3807 circa
1138 3770 1197 3809 se
1241 3764 1513 3824 quotquot
1563 3770 1629 3809 ex
1676 3754 1805 3824 fuga
1852 3765 2118 3809 retractos

541 3858 786 3915 prmsens
840 3844 915 3898 illi
962 3842 1178 3900 fortuna
1234 3847 1453 3901 obtulit.
1507 3847 1646 3902 Cum
1700 3846 1805 3902 hoc
1853 3855 1998 3900 statu
2031 3858 2118 3898 res

542 3943 746 4000 essent,
806 3935 1204 3991 lmmortalium
1266 3939 1487 4007 quidam
1543 3948 1941 4007 praecurrentes
1995 3944 2121 3991 ante

542 4024 756 4082 Turcos
782 4028 893 4097 jam
930 4028 985 4083 in
1022 4044 1216 4099 agmen
1248 4028 1504 4101 Bryennii
1542 4038 1970 4099 penetraverunt
2010 4036 2119 4082 tam

547 4119 738 4172 intime
771 4130 830 4174 ut
862 4136 1004 4176 unus
1042 4136 1231 4176 eorum
1270 4123 1371 4193 ipsi
1416 4123 1687 4193 Bryennio
1727 4132 1921 4191 pectus
1964 4120 2119 4174 hasta

547 4213 801 4267 cominus
858 4214 1125 4268 tunderet.
1170 4213 1263 4270 Ille
1324 4228 1476 4277 vero,
1533 4214 1733 4267 educto
1781 4222 2006 4266 strenue
2031 4225 2123 4264 va-

548 4303 671 4373 gina
701 4318 852 4368 ense,
887 4305 1096 4359 hastam
1131 4306 1240 4360 ictu
1277 4306 1530 4360 manibus
1569 4304 1804 4360 tenentis
1833 4317 2122 4359 excussam

548 4396 603 4447 in
651 4395 770 4449 duo-
792 4394 962 4450 frusta
1023 4396 1282 4466 dili‘regit,
1331 4397 1509 4466 ipsum
1558 4411 1685 4449 vero
1720 4395 1812 4465 qui
1849 4410 1907 4450 se
1934 4395 2124 4465 pulsa-

549 4498 698 4541 verat
753 4488 804 4541 in
852 4504 1066 4544 summa
1096 4489 1307 4546 brachii
1352 4504 1477 4544 eum
1508 4490 1723 4544 cervice
1758 4490 2125 4543 commissura

550 4591 861 4644 assecutus,
898 4582 1189 4635 humcrmn
1220 4598 1343 4637 cum
1370 4582 1594 4635 thorace
1625 4581 1843 4651 penitus
1874 4580 2123 4634 abscidit.

551 4668 649 4727 llic
675 4672 971 4738 improviso
1005 4671 1171 4726 Turci
1194 4688 1320 4727 eum
1348 4674 1586 4727 clamore
1616 4671 1783 4726 alacri
1807 4673 2124 4741 grandinem

549 4762 779 4817 telorum
813 4764 1056 4825 mittunt,
1102 4764 1437 4819 haerentibus
1478 4771 1533 4817 et
1583 4762 1981 4832 trepidantibus
2025 4762 2126 4816 du-

550 4854 796 4910 ctoribus
833 4855 1118 4925 phalangis
1168 4855 1235 4908 ad
1293 4863 1403 4909 tam
1472 4853 1814 4923 inopinatum
1871 4853 2123 4908 malum:

553 4952 732 4998 tamen
767 4955 822 4998 ut
846 4954 1004 5000 erant
1041 4945 1140 4998 viri
1185 4944 1353 4999 fortes
1383 4951 1436 4997 et
1466 4944 1589 4997 belli
1621 4944 1804 5013 periti,
1837 4943 2127 4997 restituere

551 5037 605 5089 in
647 5037 889 5091 ordinem
945 5036 1102 5107 142
1155 5036 1475 5106 phalangem
1525 5035 1881 5098 conabantur,
1925 5036 2117 5089 adhor-

553 5136 729 5184 tantes
765 5128 829 5181 ad
878 5129 1014 5183 bene
1045 5128 1392 5203 pugnandum
1439 5139 1715 5199 partaeque
1740 5128 1856 5198 jam
1884 5129 2125 5182 victoriae

548 5220 718 5276 decus
751 5221 1132 5276 obtinendum.
1176 5218 1408 5291 Jamque
1439 5237 1537 5291 pro
1581 5223 1828 5291 angustia
1858 5220 2125 5288 temporis

553 5312 689 5366 satis
722 5312 988 5365 restitutis
1023 5312 1333 5377 ordinibus,
1368 5313 1421 5366 in
1462 5310 1669 5367 Turcos
1700 5310 2032 5365 ferebantur.

625 5402 714 5457 1‘2.
747 5403 817 5455 At
843 5403 895 5457 hi
944 5402 1113 5458 eil'use
1148 5402 1417 5472 fugientes
1446 5417 1541 5457 eos
1570 5404 1623 5456 in
1670 5402 1897 5457 insidias
1939 5401 2124 5455 trahe-

553 5494 689 5549 bant
716 5492 955 5558 duobus,
993 5503 1051 5548 ut
1080 5494 1339 5559 diximus,
1379 5493 1510 5549 locis
1541 5494 1767 5563 positas,
1797 5492 1861 5545 ad
1887 5508 2122 5560 quorum

555 5585 788 5654 priorem
814 5594 942 5639 utse
966 5601 995 5639 a
1016 5586 1348 5650 lmoveruut,
1370 5587 1781 5656 erumpentibus
1807 5601 1873 5640 ex
1901 5585 2121 5639 occulto

2299 3658 2386 3714 ια’.
2423 3658 2715 3714 Ξυνείπετο
2731 3660 2786 3715 δὲ
2811 3660 3023 3724 τούτοις
3038 3662 3130 3713 καὶ
3149 3663 3177 3714 ό
3205 3663 3487 3732 Κομνηνδς
3527 3662 3801 3730 ’Δλέξιος.

2227 3752 2486 3817 συλλέξας
2519 3752 2629 3805 τῶν
2678 3753 2743 3805 ὲκ
2792 3751 2892 3821 τῆς
2942 3751 3152 3823 τροπῆς
3185 3752 3415 3816 ὁπόσους
3448 3753 3509 3807 τδ
3557 3754 3651 3819 ὀξυ
3705 3754 3805 3808 τοῦ

2224 3842 2418 3913 καιροῦ
2449 3841 2768 3914 συνεχώρει.
2813 3841 2970 3896 Οὕτω
2997 3842 3298 3913 γινομένων
3338 3844 3447 3897 τῶν
3481 3845 3808 3899 Ἀθανάτων

2224 3935 2368 3997 τινὲς
2432 3933 2913 4004 προεκδραμόντες
2976 3935 3104 3997 τοὺς
3159 3934 3437 4005 Τούρκους
3504 3937 3653 3998 ὲντδς
3707 3936 3808 3991 τοῦ

2225 4024 2516 4096 Βρνεννίου
2572 4023 2987 4095 στρατεύματος
3057 4024 3342 4093 γεγόνασι,
3396 4027 3493 4078 καὶ
3553 4026 3661 4078 τῶν
3721 4044 3808 4092 τις

2225 4119 2456 4173 ἐκείνων
2496 4118 2650 4172 παίει
2677 4117 2867 4172 τοῦτον
2896 4117 3041 4173 κατὰ
3072 4116 3166 4170 τοῦ
3200 4119 3426 4189 στέρνου
3479 4119 3557 4188 τῷ
3590 4120 3807 4189 δόρατι.

2235 4213 2297 4265 '0
2320 4212 2376 4265 δὲ
2416 4210 2510 4264 τοῦ
2540 4209 2765 4264 κουλεοῦ
2811 4210 2871 4262 τὸ
2906 4209 3057 4277 ξίφος
3100 4209 3338 4274 ἑλκύσας
3383 4211 3515 4264 αύτό
3561 4229 3621 4263 τε
3673 4212 3808 4283 δόρυ

2231 4304 2437 4371 παίσας
2464 4303 2624 4355 διεῖλε
2667 4303 2790 4372 διχῆ
2808 4302 2905 4355 καὶ
2932 4301 3023 4355 τὸν
3053 4300 3280 4371 βαλόντα
3307 4304 3448 4357 κατὰ
3467 4303 3565 4373 τῆς
3594 4304 3807 4366 κλειδὸς

2230 4394 2438 4465 πλήξας
2476 4395 2566 4448 τὸν
2592 4388 2744 4462 ὦμον
2776 4393 2892 4463 ἅμα
2921 4393 2999 4461 τῷ
3038 4392 3245 4461 θώρακι
3276 4394 3522 4466 διαμπάξ
3548 4396 3802 4466 ἐξέτεμε.

2234 4489 2344 4542 Καὶ
2374 4488 2577 4550 εύοέως
2595 4488 2645 4539 οἱ
2676 4486 2911 4556 Τοῦρκοι
2946 4486 3043 4538 σὺν
3078 4485 3378 4558 ἀλαλαγμῷ
3418 4489 3485 4542 τά
3520 4490 3646 4560 βέλη
3717 4491 3813 4555 ἐξ-

2232 4580 2508 4650 ἔπεμπον.
2538 4580 2632 4632 καὶ
2661 4580 2711 4630 oi
2738 4577 3125 4648 φαλαγγάρχαι
3151 4574 3292 4650 ἦσαν
3341 4580 3435 4633 ἐπὶ
3460 4580 3540 4651 τῷ
3557 4583 3815 4652 αίφνιδὶῳ

2229 4673 2324 4724 τοῦ
2368 4671 2647 4741 δράματος
2680 4669 3153 4737 κατα-πληγέντες.
3200 4669 3392 4739 Ὅμως
3418 4673 3608 4743 ἄνδρες
3641 4673 3812 4726 δεινοὶ

2229 4764 2298 4817 τά
2327 4763 2601 4832 πολεμικά
2624 4762 2774 4824 ὄντες
2800 4762 2857 4825 ἐς
2886 4761 3070 4826 τάξεις
3097 4762 3399 4834 ἐπειρῶντο
3456 4767 3810 4835 καταστῆσαι

2230 4853 2330 4921 τὴν
2368 4852 2644 4921 φάλαγγα,
2686 4851 2782 4905 καὶ
2814 4852 2941 4915 τοὺς
2979 4852 3133 4921 σφῶν
3165 4853 3515 4923 παρεκάλουν
3537 4856 3813 4926 στρατιὼ-

2230 4963 2326 5008 τας
2352 4945 2551 5014 ἄνδρας
2576 4943 2814 5012 ἀγαθοὺς
2842 4944 3095 5010 γενέσθαι
3127 4944 3285 5007 κλέος
3319 4945 3563 5000 τοιοῦτον
3595 4947 3623 4999 ὃ
3653 4949 3811 5014 νικήο

2234 5052 2427 5098 σαντες
2452 5034 2715 5104 ἀλλήλους
2742 5033 2831 5097 ³⁸⁸,
2859 5035 2953 5087 καὶ
2989 5034 3064 5099 ὼς
3117 5036 3180 5088 τὸ
3218 5037 3409 5091 στενὸν
3460 5035 3554 5090 τοῦ
3604 5039 3812 5108 «καιροῦ

2234 5126 2530 5197 συνεχώρει
2560 5127 2930 5193 καταστάντες
2951 5129 3031 5190 είς
3047 5127 3230 5194 τάξεις
3258 5128 3521 5198 γενναίως
3540 5130 3812 5201 ἐξώρμων

2232 5220 2374 5274 κατὰ
2398 5219 2680 5291 Τούρκων.

2306 5398 2395 5473 ίΡ.
2422 5399 2514 5472 95]
2547 5396 2633 5469 ιβ’.
2662 5399 2725 5453 Οἱ
2769 5399 2829 5453 δὲ
2855 5399 3146 5469 φεύγοντες
3194 5398 3578 5470 προτροπάδην
3625 5392 3814 5452 εἷλκον

2236 5493 2481 5556 ἐκείνους
2519 5492 2657 5561 πρὸς
2685 5492 2785 5554 τὰς
2811 5492 3056 5561 ἐνέδρας,
3087 5491 3192 5552 ἕως
3224 5493 3393 5560 ἐγγὺς
3456 5489 3680 5561 πρώτης
3723 5493 3818 5542 ἐν-

2244 5586 2412 5655 ἐδρας
2448 5586 2757 5655 γεγόνασιν.
2805 5584 2959 5637 Ἐπεὶ
3010 5581 3300 5655 δὲπλησίον
3332 5583 3598 5651 γένοιντο,
3659 5580 3819 5635 αὐτοί

619 5767 635 5786 ⁸
679 5764 887 5813 Iudicavi
944 5767 1181 5813 lacunam.
1230 5764 1485 5815 Excldisse
1530 5764 1727 5811 videtur
1764 5762 1817 5810 ού
1862 5762 2107 5821 γινομένου

2218 5756 2325 5810 litor
2358 5755 2639 5810 Bonnensis.

617 5828 653 5847 "
678 5830 827 5881 κλέος
853 5855 909 5861 -
931 5829 1175 5885 ἀλλήλους.
1201 5828 1314 5877 [hec
1337 5829 1563 5875 lacunosa
1585 5833 1698 5874 sunt
1729 5834 1777 5872 ct
1804 5833 2049 5884 corrupta.
2089 5821 2173 5869 id.
