  <div class='ocr_page' id='page_1' title='image "/cluster/home/n/w/nwhite01/storage/ocr_20150623/127/coo.31924054870328/102.png"; bbox 0 0 4136 6442; ppageno 0'>
   <div class='ocr_carea' id='block_1_1' title="bbox 321 444 417 512">
    <p class='ocr_par' dir='ltr' id='par_1_1' title="bbox 321 444 417 512">
     <span class='ocr_line' id='line_1_1' title="bbox 321 444 417 512; baseline 0.031 -3"><span class='ocrx_word' id='word_1_1' title='bbox 321 444 417 512; x_wconf 82' lang='lat'><strong>189</strong></span> 
     </span>
    </p>
   </div>
   <div class='ocr_carea' id='block_1_2' title="bbox 1545 455 2418 520">
    <p class='ocr_par' dir='ltr' id='par_1_2' title="bbox 1545 455 2418 520">
     <span class='ocr_line' id='line_1_2' title="bbox 1545 455 2418 520; baseline -0.002 -1"><span class='ocrx_word' id='word_1_2' title='bbox 1545 455 2092 520; x_wconf 74' lang='lat' dir='ltr'><strong>HISTORIARUM</strong></span> <span class='ocrx_word' id='word_1_3' title='bbox 2128 455 2276 516; x_wconf 88' lang='lat' dir='ltr'><strong>LIB.</strong></span> <span class='ocrx_word' id='word_1_4' title='bbox 2321 455 2418 517; x_wconf 82' lang='lat' dir='ltr'><strong>iV.</strong></span> 
     </span>
    </p>
   </div>
   <div class='ocr_carea' id='block_1_3' title="bbox 3518 448 3621 514">
    <p class='ocr_par' dir='ltr' id='par_1_3' title="bbox 3518 448 3621 514">
     <span class='ocr_line' id='line_1_3' title="bbox 3518 448 3621 514; baseline -0.019 0"><span class='ocrx_word' id='word_1_5' title='bbox 3518 448 3621 514; x_wconf 82' lang='lat'><strong>190</strong></span> 
     </span>
    </p>
   </div>
   <div class='ocr_carea' id='block_1_4' title="bbox 318 540 1924 637">
    <p class='ocr_par' dir='ltr' id='par_1_4' title="bbox 318 555 1922 637">
     <span class='ocr_line' id='line_1_4' title="bbox 318 555 1922 637; baseline 0.004 -24"><span class='ocrx_word' id='word_1_6' title='bbox 318 577 380 613; x_wconf 84' lang='grc' dir='ltr'><strong>τε</strong></span> <span class='ocrx_word' id='word_1_7' title='bbox 407 555 758 630; x_wconf 72' lang='grc' dir='ltr'><strong>ὑπέστρεφον</strong></span> <span class='ocrx_word' id='word_1_8' title='bbox 793 560 896 616; x_wconf 69' lang='grc' dir='ltr'><strong>καὶ</strong></span> <span class='ocrx_word' id='word_1_9' title='bbox 922 562 975 616; x_wconf 78' lang='lat' dir='ltr'><strong>oi</strong></span> <span class='ocrx_word' id='word_1_10' title='bbox 1027 564 1124 634; x_wconf 87' lang='grc' dir='ltr'><strong>τῆς</strong></span> <span class='ocrx_word' id='word_1_11' title='bbox 1157 563 1385 637; x_wconf 74' lang='grc' dir='ltr'><strong>ἐνέδρας</strong></span> <span class='ocrx_word' id='word_1_12' title='bbox 1429 562 1601 630; x_wconf 80' lang='grc' dir='ltr'>ὀξέως</span> <span class='ocrx_word' id='word_1_13' title='bbox 1660 580 1922 634; x_wconf 85' lang='grc' dir='ltr'><strong>καταπη-</strong></span> 
     </span>
    </p>
   </div>
   <div class='ocr_carea' id='block_1_5' title="bbox 2027 540 3618 637">
    <p class='ocr_par' dir='ltr' id='par_1_5' title="bbox 2027 540 3618 633">
     <span class='ocr_line' id='line_1_5' title="bbox 2027 540 3618 633; baseline 0 -17"><span class='ocrx_word' id='word_1_14' title='bbox 2027 560 2141 617; x_wconf 86' lang='lat' dir='ltr'><strong>suis</strong></span> <span class='ocrx_word' id='word_1_15' title='bbox 2161 572 2215 617; x_wconf 88' lang='lat' dir='ltr'><strong>et</strong></span> <span class='ocrx_word' id='word_1_16' title='bbox 2240 562 2342 633; x_wconf 92' lang='lat' dir='ltr'><strong>ipsi</strong></span> <span class='ocrx_word' id='word_1_17' title='bbox 2367 560 2494 631; x_wconf 83' lang='lat' dir='ltr'><strong>fuga</strong></span> <span class='ocrx_word' id='word_1_18' title='bbox 2518 576 2724 618; x_wconf 80' lang='lat' dir='ltr'><strong>omissa</strong></span> <span class='ocrx_word' id='word_1_19' title='bbox 2757 576 2816 618; x_wconf 88' lang='lat' dir='ltr'><strong>se</strong></span> <span class='ocrx_word' id='word_1_20' title='bbox 2843 563 3207 633; x_wconf 75' lang='lat' dir='ltr'><strong>adjungcntcs</strong></span> <span class='ocrx_word' id='word_1_21' title='bbox 3232 540 3618 617; x_wconf 68' lang='lat' dir='ltr'><strong>innumerabili</strong></span> 
     </span>
    </p>
   </div>
   <div class='ocr_carea' id='block_1_6' title="bbox 322 650 1924 726">
    <p class='ocr_par' dir='ltr' id='par_1_6' title="bbox 322 650 1924 726">
     <span class='ocr_line' id='line_1_6' title="bbox 322 650 1924 726; baseline 0.003 -23"><span class='ocrx_word' id='word_1_22' title='bbox 322 651 583 724; x_wconf 76' lang='grc' dir='ltr'><strong>δήσαντες</strong></span> <span class='ocrx_word' id='word_1_23' title='bbox 610 650 894 706; x_wconf 72' lang='grc' dir='ltr'><strong>πάντοθεν</strong></span> <span class='ocrx_word' id='word_1_24' title='bbox 933 654 1135 719; x_wconf 78' lang='grc' dir='ltr'><strong>αὐτοὺς</strong></span> <span class='ocrx_word' id='word_1_25' title='bbox 1167 653 1503 726; x_wconf 77' lang='grc' dir='ltr'><strong>τοξεύμασιν</strong></span> <span class='ocrx_word' id='word_1_26' title='bbox 1537 655 1766 710; x_wconf 74' lang='grc' dir='ltr'><strong>ἔϐαλλον</strong></span> <span class='ocrx_word' id='word_1_27' title='bbox 1827 656 1924 709; x_wconf 81' lang='grc' dir='ltr'><strong>καὶ</strong></span> 
     </span>
    </p>
   </div>
   <div class='ocr_carea' id='block_1_7' title="bbox 324 741 1925 821">
    <p class='ocr_par' dir='ltr' id='par_1_7' title="bbox 324 741 1925 821">
     <span class='ocr_line' id='line_1_7' title="bbox 324 741 1925 821; baseline 0.002 -24"><span class='ocrx_word' id='word_1_28' title='bbox 324 741 509 805; x_wconf 74' lang='grc' dir='ltr'><strong>κακῶς</strong></span> <span class='ocrx_word' id='word_1_29' title='bbox 542 742 826 798; x_wconf 81' lang='grc' dir='ltr'><strong>διετίθουν</strong></span> <span class='ocrx_word' id='word_1_30' title='bbox 856 746 953 800; x_wconf 80' lang='grc' dir='ltr'><strong>καὶ</strong></span> <span class='ocrx_word' id='word_1_31' title='bbox 1003 746 1206 812; x_wconf 76' lang='grc' dir='ltr'><strong>ἵππους</strong></span> <span class='ocrx_word' id='word_1_32' title='bbox 1246 749 1342 803; x_wconf 73' lang='grc' dir='ltr'><strong>καὶ</strong></span> <span class='ocrx_word' id='word_1_33' title='bbox 1391 749 1614 821; x_wconf 83' lang='grc' dir='ltr'><strong>ἄνδρας.</strong></span> <span class='ocrx_word' id='word_1_34' title='bbox 1664 748 1925 801; x_wconf 79' lang='grc' dir='ltr'><strong>Ἐκείιων</strong></span> 
     </span>
    </p>
   </div>
   <div class='ocr_carea' id='block_1_8' title="bbox 320 834 1904 912">
    <p class='ocr_par' dir='ltr' id='par_1_8' title="bbox 320 834 1904 912">
     <span class='ocr_line' id='line_1_8' title="bbox 320 834 1904 912; baseline 0.003 -24"><span class='ocrx_word' id='word_1_35' title='bbox 320 834 381 889; x_wconf 70' lang='grc' dir='ltr'><strong>δὲ</strong></span> <span class='ocrx_word' id='word_1_36' title='bbox 405 835 539 905; x_wconf 65' lang='grc' dir='ltr'><strong>πρὸς</strong></span> <span class='ocrx_word' id='word_1_37' title='bbox 568 838 756 909; x_wconf 84' lang='grc' dir='ltr'><strong>φυγὴν</strong></span> <span class='ocrx_word' id='word_1_38' title='bbox 786 837 1150 895; x_wconf 73' lang='grc' dir='ltr'><strong>ἐκκλινάντων</strong></span> <span class='ocrx_word' id='word_1_39' title='bbox 1178 840 1305 912; x_wconf 76' lang='grc' dir='ltr'><strong>ήδη,</strong></span> <span class='ocrx_word' id='word_1_40' title='bbox 1329 844 1358 895; x_wconf 99' lang='lat'><strong>6</strong></span> <span class='ocrx_word' id='word_1_41' title='bbox 1410 841 1522 895; x_wconf 85' lang='grc' dir='ltr'><strong>τῶν</strong></span> <span class='ocrx_word' id='word_1_42' title='bbox 1556 840 1764 912; x_wconf 79' lang='grc' dir='ltr'><strong>σχολῶν</strong></span> <span class='ocrx_word' id='word_1_43' title='bbox 1808 841 1904 893; x_wconf 87' lang='grc' dir='ltr'><strong>δο-</strong></span> 
     </span>
    </p>
   </div>
   <div class='ocr_carea' id='block_1_9' title="bbox 328 927 1924 1004">
    <p class='ocr_par' dir='ltr' id='par_1_9' title="bbox 328 927 1924 1004">
     <span class='ocr_line' id='line_1_9' title="bbox 328 927 1924 1004; baseline 0.003 -23"><span class='ocrx_word' id='word_1_44' title='bbox 328 927 585 997; x_wconf 79' lang='grc' dir='ltr'><strong>μέστικος</strong></span> <span class='ocrx_word' id='word_1_45' title='bbox 602 928 706 983; x_wconf 81' lang='grc' dir='ltr'><strong>τοῦ</strong></span> <span class='ocrx_word' id='word_1_46' title='bbox 745 930 844 984; x_wconf 78' lang='grc' dir='ltr'><strong>τοῦ</strong></span> <span class='ocrx_word' id='word_1_47' title='bbox 875 931 1172 1004; x_wconf 87' lang='grc' dir='ltr'><strong>Βρυεννιου</strong></span> <span class='ocrx_word' id='word_1_48' title='bbox 1207 932 1623 1004; x_wconf 80' lang='grc' dir='ltr'><strong>στρατεύματος</strong></span> <span class='ocrx_word' id='word_1_49' title='bbox 1652 937 1681 987; x_wconf 92' lang='lat'><strong>6</strong></span> <span class='ocrx_word' id='word_1_50' title='bbox 1728 948 1924 1004; x_wconf 86' lang='grc' dir='ltr'><strong>κουρο-</strong></span> 
     </span>
    </p>
   </div>
   <div class='ocr_carea' id='block_1_10' title="bbox 327 1020 1922 1097">
    <p class='ocr_par' dir='ltr' id='par_1_10' title="bbox 327 1020 1922 1097">
     <span class='ocr_line' id='line_1_10' title="bbox 327 1020 1922 1097; baseline 0.003 -23"><span class='ocrx_word' id='word_1_51' title='bbox 327 1020 581 1093; x_wconf 74' lang='grc' dir='ltr'><strong>παλάτης</strong></span> <span class='ocrx_word' id='word_1_52' title='bbox 648 1022 936 1095; x_wconf 81' lang='grc' dir='ltr'><strong>Ἰωάννης,</strong></span> <span class='ocrx_word' id='word_1_53' title='bbox 988 1024 1049 1078; x_wconf 84' lang='grc' dir='ltr'><strong>δν</strong></span> <span class='ocrx_word' id='word_1_54' title='bbox 1093 1025 1308 1079; x_wconf 75' lang='grc' dir='ltr'><strong>ἐκείνου</strong></span> <span class='ocrx_word' id='word_1_55' title='bbox 1343 1027 1621 1097; x_wconf 80' lang='grc' dir='ltr'>ὁμαίμονα</span> <span class='ocrx_word' id='word_1_56' title='bbox 1680 1027 1709 1079; x_wconf 82' lang='lat'><em>6-</em></span> <span class='ocrx_word' id='word_1_57' title='bbox 1766 1026 1922 1095; x_wconf 81' lang='grc' dir='ltr'><strong>λόγος</strong></span> 
     </span>
    </p>
   </div>
   <div class='ocr_carea' id='block_1_11' title="bbox 324 1111 1924 1188">
    <p class='ocr_par' dir='ltr' id='par_1_11' title="bbox 324 1111 1924 1188">
     <span class='ocr_line' id='line_1_11' title="bbox 324 1111 1924 1188; baseline 0.003 -23"><span class='ocrx_word' id='word_1_58' title='bbox 324 1111 547 1179; x_wconf 78' lang='grc' dir='ltr'><strong>φθάσας</strong></span> <span class='ocrx_word' id='word_1_59' title='bbox 577 1111 881 1183; x_wconf 70' lang='grc' dir='ltr'><strong>ἐγνώρισεν</strong></span> <span class='ocrx_word' id='word_1_60' title='bbox 925 1113 1155 1181; x_wconf 68' lang='grc' dir='ltr'><strong>ἀνωθεν,</strong></span> <span class='ocrx_word' id='word_1_61' title='bbox 1193 1115 1411 1188; x_wconf 74' lang='grc' dir='ltr'><strong>ἐϐοήθει</strong></span> <span class='ocrx_word' id='word_1_62' title='bbox 1465 1116 1562 1183; x_wconf 80' lang='grc' dir='ltr'><strong>ξὺν</strong></span> <span class='ocrx_word' id='word_1_63' title='bbox 1598 1119 1758 1188; x_wconf 81' lang='grc' dir='ltr'><strong>τάχει</strong></span> <span class='ocrx_word' id='word_1_64' title='bbox 1792 1116 1924 1170; x_wconf 85' lang='grc' dir='ltr'><strong>πολ-</strong></span> 
     </span>
    </p>
   </div>
   <div class='ocr_carea' id='block_1_12' title="bbox 323 1203 1923 1283">
    <p class='ocr_par' dir='ltr' id='par_1_12' title="bbox 323 1203 1923 1283">
     <span class='ocr_line' id='line_1_12' title="bbox 323 1203 1923 1283; baseline 0.003 -25"><span class='ocrx_word' id='word_1_65' title='bbox 323 1203 431 1271; x_wconf 79' lang='grc' dir='ltr'><strong>λῷ.</strong></span> <span class='ocrx_word' id='word_1_66' title='bbox 472 1206 573 1258; x_wconf 82' lang='grc' dir='ltr'><strong>’ον</strong></span> <span class='ocrx_word' id='word_1_67' title='bbox 605 1205 807 1271; x_wconf 73' lang='grc' dir='ltr'><strong>ἰδόντες</strong></span> <span class='ocrx_word' id='word_1_68' title='bbox 839 1208 907 1269; x_wconf 35' lang='lat' dir='ltr'><strong>ei,</strong></span> <span class='ocrx_word' id='word_1_69' title='bbox 932 1209 1064 1278; x_wconf 74' lang='grc' dir='ltr'><strong>περὶ</strong></span> <span class='ocrx_word' id='word_1_70' title='bbox 1117 1208 1210 1264; x_wconf 80' lang='grc' dir='ltr'><strong>τὸν</strong></span> <span class='ocrx_word' id='word_1_71' title='bbox 1258 1209 1552 1283; x_wconf 84' lang='grc' dir='ltr'><strong>Βρυέννιον</strong></span> <span class='ocrx_word' id='word_1_72' title='bbox 1604 1208 1923 1283; x_wconf 77' lang='grc' dir='ltr'><strong>θαρραλεώ-</strong></span> 
     </span>
    </p>
   </div>
   <div class='ocr_carea' id='block_1_13' title="bbox 323 1297 1920 1373">
    <p class='ocr_par' dir='ltr' id='par_1_13' title="bbox 323 1297 1920 1373">
     <span class='ocr_line' id='line_1_13' title="bbox 323 1297 1920 1373; baseline 0.004 -24"><span class='ocrx_word' id='word_1_73' title='bbox 323 1313 492 1365; x_wconf 80' lang='grc' dir='ltr'><strong>τερον</strong></span> <span class='ocrx_word' id='word_1_74' title='bbox 515 1297 662 1352; x_wconf 88' lang='grc' dir='ltr'><strong>κατά</strong></span> <span class='ocrx_word' id='word_1_75' title='bbox 689 1299 802 1353; x_wconf 85' lang='grc' dir='ltr'><strong>τῶν</strong></span> <span class='ocrx_word' id='word_1_76' title='bbox 819 1299 1083 1372; x_wconf 88' lang='grc' dir='ltr'><strong>Τούρκων</strong></span> <span class='ocrx_word' id='word_1_77' title='bbox 1108 1301 1374 1373; x_wconf 78' lang='grc' dir='ltr'><strong>ἐχώρουν.</strong></span> <span class='ocrx_word' id='word_1_78' title='bbox 1411 1304 1475 1357; x_wconf 84' lang='lat' dir='ltr'><strong>Oi</strong></span> <span class='ocrx_word' id='word_1_79' title='bbox 1513 1302 1559 1356; x_wconf 83' lang='grc' dir='ltr'><strong>δ’</strong></span> <span class='ocrx_word' id='word_1_80' title='bbox 1607 1298 1766 1368; x_wconf 80' lang='grc' dir='ltr'><strong>αὖθις</strong></span> <span class='ocrx_word' id='word_1_81' title='bbox 1818 1304 1920 1357; x_wconf 85' lang='grc' dir='ltr'><strong>ὑπ-</strong></span> 
     </span>
    </p>
   </div>
   <div class='ocr_carea' id='block_1_14' title="bbox 333 1387 1922 1466">
    <p class='ocr_par' dir='ltr' id='par_1_14' title="bbox 333 1387 1922 1466">
     <span class='ocr_line' id='line_1_14' title="bbox 333 1387 1922 1466; baseline 0.004 -24"><span class='ocrx_word' id='word_1_82' title='bbox 333 1389 611 1459; x_wconf 79' lang='grc' dir='ltr'><strong>έστρεφον</strong></span> <span class='ocrx_word' id='word_1_83' title='bbox 645 1391 741 1444; x_wconf 80' lang='grc' dir='ltr'><strong>καὶ</strong></span> <span class='ocrx_word' id='word_1_84' title='bbox 764 1392 994 1461; x_wconf 80' lang='grc' dir='ltr'><strong>φεύγειν</strong></span> <span class='ocrx_word' id='word_1_85' title='bbox 1019 1394 1079 1447; x_wconf 82' lang='grc' dir='ltr'><strong>οὐ</strong></span> <span class='ocrx_word' id='word_1_86' title='bbox 1121 1394 1253 1464; x_wconf 74' lang='grc' dir='ltr'>πρὶν</span> <span class='ocrx_word' id='word_1_87' title='bbox 1294 1395 1508 1466; x_wconf 81' lang='grc' dir='ltr'><strong>ἀνῆκαν</strong></span> <span class='ocrx_word' id='word_1_88' title='bbox 1536 1395 1642 1460; x_wconf 73' lang='grc' dir='ltr'><strong>ἕως</strong></span> <span class='ocrx_word' id='word_1_89' title='bbox 1691 1387 1754 1449; x_wconf 77' lang='grc' dir='ltr'><strong>οὖ</strong></span> <span class='ocrx_word' id='word_1_90' title='bbox 1800 1396 1922 1458; x_wconf 85' lang='grc' dir='ltr'><strong>ταῖς</strong></span> 
     </span>
    </p>
   </div>
   <div class='ocr_carea' id='block_1_15' title="bbox 326 1480 1918 1558">
    <p class='ocr_par' dir='ltr' id='par_1_15' title="bbox 326 1480 1918 1558">
     <span class='ocr_line' id='line_1_15' title="bbox 326 1480 1918 1558; baseline 0.005 -24"><span class='ocrx_word' id='word_1_91' title='bbox 326 1480 583 1552; x_wconf 71' lang='grc' dir='ltr'><strong>ἐνέδραις</strong></span> <span class='ocrx_word' id='word_1_92' title='bbox 619 1487 944 1553; x_wconf 77' lang='grc' dir='ltr'><strong>περιπεσεῖν</strong></span> <span class='ocrx_word' id='word_1_93' title='bbox 969 1485 1101 1550; x_wconf 82' lang='grc' dir='ltr'><strong>τοὺς</strong></span> <span class='ocrx_word' id='word_1_94' title='bbox 1146 1485 1445 1551; x_wconf 87' lang='grc' dir='ltr'><strong>διώκοντας</strong></span> <span class='ocrx_word' id='word_1_95' title='bbox 1476 1487 1918 1558; x_wconf 89' lang='grc' dir='ltr'><strong>παρεσκεύασαν.</strong></span> 
     </span>
    </p>
   </div>
   <div class='ocr_carea' id='block_1_16' title="bbox 326 1566 1922 1650">
    <p class='ocr_par' dir='ltr' id='par_1_16' title="bbox 326 1566 1922 1650">
     <span class='ocr_line' id='line_1_16' title="bbox 326 1566 1922 1650; baseline 0.005 -26"><span class='ocrx_word' id='word_1_96' title='bbox 326 1566 411 1625; x_wconf 73' lang='grc' dir='ltr'><strong>οὗ</strong></span> <span class='ocrx_word' id='word_1_97' title='bbox 473 1572 540 1642; x_wconf 74' lang='grc' dir='ltr'><strong>δὴ</strong></span> <span class='ocrx_word' id='word_1_98' title='bbox 590 1575 891 1645; x_wconf 80' lang='grc' dir='ltr'><strong>γενομένου</strong></span> <span class='ocrx_word' id='word_1_99' title='bbox 951 1579 1049 1632; x_wconf 75' lang='grc' dir='ltr'><strong>καὶ</strong></span> <span class='ocrx_word' id='word_1_100' title='bbox 1103 1578 1242 1649; x_wconf 82' lang='grc' dir='ltr'><strong>πρὸς</strong></span> <span class='ocrx_word' id='word_1_101' title='bbox 1319 1579 1500 1650; x_wconf 78' lang='grc' dir='ltr'><strong>φυγὴν</strong></span> <span class='ocrx_word' id='word_1_102' title='bbox 1550 1580 1922 1635; x_wconf 76' lang='grc' dir='ltr'><strong>ἐκκλινάντων</strong></span> 
     </span>
    </p>
   </div>
   <div class='ocr_carea' id='block_1_17' title="bbox 324 1660 1919 1740">
    <p class='ocr_par' dir='ltr' id='par_1_17' title="bbox 324 1660 1919 1740">
     <span class='ocr_line' id='line_1_17' title="bbox 324 1660 1919 1740; baseline 0.007 -27"><span class='ocrx_word' id='word_1_103' title='bbox 324 1660 598 1716; x_wconf 78' lang='grc' dir='ltr'><strong>ἁπάντων</strong></span> <span class='ocrx_word' id='word_1_104' title='bbox 631 1663 756 1732; x_wconf 74' lang='grc' dir='ltr'><strong>ἤδη,</strong></span> <span class='ocrx_word' id='word_1_105' title='bbox 795 1667 984 1736; x_wconf 68' lang='grc' dir='ltr'><strong>συχνοὶ</strong></span> <span class='ocrx_word' id='word_1_106' title='bbox 1024 1666 1134 1721; x_wconf 84' lang='grc' dir='ltr'><strong>τῶν</strong></span> <span class='ocrx_word' id='word_1_107' title='bbox 1187 1668 1318 1738; x_wconf 75' lang='grc' dir='ltr'><strong>περὶ</strong></span> <span class='ocrx_word' id='word_1_108' title='bbox 1350 1668 1443 1722; x_wconf 80' lang='grc' dir='ltr'><strong>τὸν</strong></span> <span class='ocrx_word' id='word_1_109' title='bbox 1475 1669 1766 1740; x_wconf 86' lang='grc' dir='ltr'><strong>Βρυέννιον</strong></span> <span class='ocrx_word' id='word_1_110' title='bbox 1798 1669 1919 1724; x_wconf 79' lang='grc' dir='ltr'><strong>ἐόν-</strong></span> 
     </span>
    </p>
   </div>
   <div class='ocr_carea' id='block_1_18' title="bbox 322 1751 1921 1834">
    <p class='ocr_par' dir='ltr' id='par_1_18' title="bbox 322 1751 1921 1834">
     <span class='ocr_line' id='line_1_18' title="bbox 322 1751 1921 1834; baseline 0.009 -32"><span class='ocrx_word' id='word_1_111' title='bbox 322 1767 445 1805; x_wconf 85' lang='grc' dir='ltr'>των</span> <span class='ocrx_word' id='word_1_112' title='bbox 466 1751 718 1807; x_wconf 75' lang='grc' dir='ltr'><strong>έπιπτον.</strong></span> <span class='ocrx_word' id='word_1_113' title='bbox 757 1756 825 1809; x_wconf 86' lang='grc' dir='ltr'>Ὀ</span> <span class='ocrx_word' id='word_1_114' title='bbox 882 1757 1120 1811; x_wconf 71' lang='grc' dir='ltr'><strong>κατιδὼν</strong></span> <span class='ocrx_word' id='word_1_115' title='bbox 1148 1761 1356 1823; x_wconf 77' lang='grc' dir='ltr'><strong>ἐκεῖνος</strong></span> <span class='ocrx_word' id='word_1_116' title='bbox 1384 1759 1605 1831; x_wconf 83' lang='grc' dir='ltr'><strong>βοηθεῖν</strong></span> <span class='ocrx_word' id='word_1_117' title='bbox 1638 1762 1921 1834; x_wconf 78' lang='grc' dir='ltr'>ἐπεχείρει</span> 
     </span>
    </p>
   </div>
   <div class='ocr_carea' id='block_1_19' title="bbox 323 1841 1923 1916">
    <p class='ocr_par' dir='ltr' id='par_1_19' title="bbox 323 1841 1923 1916">
     <span class='ocr_line' id='line_1_19' title="bbox 323 1841 1923 1916; baseline 0.009 -24"><span class='ocrx_word' id='word_1_118' title='bbox 323 1841 549 1909; x_wconf 82' lang='grc' dir='ltr'><strong>ταχέως</strong></span> <span class='ocrx_word' id='word_1_119' title='bbox 572 1859 587 1872; x_wconf 87' lang='grc'><strong>·</strong></span> <span class='ocrx_word' id='word_1_120' title='bbox 619 1843 849 1908; x_wconf 81' lang='grc' dir='ltr'><strong>πολλοὺς</strong></span> <span class='ocrx_word' id='word_1_121' title='bbox 876 1845 991 1916; x_wconf 72' lang='grc' dir='ltr'><strong>γὰρ</strong></span> <span class='ocrx_word' id='word_1_122' title='bbox 1023 1846 1133 1900; x_wconf 84' lang='grc' dir='ltr'><strong>τῶν</strong></span> <span class='ocrx_word' id='word_1_123' title='bbox 1155 1847 1466 1902; x_wconf 84' lang='grc' dir='ltr'><strong>διωκόντων</strong></span> <span class='ocrx_word' id='word_1_124' title='bbox 1527 1850 1806 1905; x_wconf 86' lang='grc' dir='ltr'><strong>συναντῶν</strong></span> <span class='ocrx_word' id='word_1_125' title='bbox 1826 1855 1923 1905; x_wconf 82' lang='grc' dir='ltr'><strong>ἀν-</strong></span> 
     </span>
    </p>
   </div>
   <div class='ocr_carea' id='block_1_20' title="bbox 337 1929 1920 2012">
    <p class='ocr_par' dir='ltr' id='par_1_20' title="bbox 337 1929 1920 2012">
     <span class='ocr_line' id='line_1_20' title="bbox 337 1929 1920 2012; baseline 0.008 -28"><span class='ocrx_word' id='word_1_126' title='bbox 337 1929 473 2005; x_wconf 58' lang='grc' dir='ltr'><strong>ῄρει</strong></span> <span class='ocrx_word' id='word_1_127' title='bbox 508 1936 606 1987; x_wconf 84' lang='grc' dir='ltr'><strong>καὶ</strong></span> <span class='ocrx_word' id='word_1_128' title='bbox 630 1936 757 1999; x_wconf 72' lang='grc' dir='ltr'><strong>τοὺς</strong></span> <span class='ocrx_word' id='word_1_129' title='bbox 782 1938 1088 2006; x_wconf 83' lang='grc' dir='ltr'><strong>φεύγοντας</strong></span> <span class='ocrx_word' id='word_1_130' title='bbox 1112 1939 1414 2010; x_wconf 72' lang='grc' dir='ltr'><strong>παρεκάλει</strong></span> <span class='ocrx_word' id='word_1_131' title='bbox 1440 1941 1642 2012; x_wconf 90' lang='grc' dir='ltr'><strong>μένειν.</strong></span> <span class='ocrx_word' id='word_1_132' title='bbox 1662 1942 1801 1995; x_wconf 84' lang='grc' dir='ltr'><strong>Ἀλλ’</strong></span> <span class='ocrx_word' id='word_1_133' title='bbox 1842 1944 1920 2007; x_wconf 86' lang='grc' dir='ltr'><strong>είς</strong></span> 
     </span>
    </p>
   </div>
   <div class='ocr_carea' id='block_1_21' title="bbox 327 2024 1918 2104">
    <p class='ocr_par' dir='ltr' id='par_1_21' title="bbox 327 2024 1918 2104">
     <span class='ocr_line' id='line_1_21' title="bbox 327 2024 1918 2104; baseline 0.008 -28"><span class='ocrx_word' id='word_1_134' title='bbox 327 2024 494 2077; x_wconf 78' lang='grc' dir='ltr'><strong>κενὸν</strong></span> <span class='ocrx_word' id='word_1_135' title='bbox 556 2027 710 2097; x_wconf 87' lang='grc' dir='ltr'><strong>αύτῷ</strong></span> <span class='ocrx_word' id='word_1_136' title='bbox 770 2028 1107 2100; x_wconf 81' lang='grc' dir='ltr'><strong>καθεστήκει</strong></span> <span class='ocrx_word' id='word_1_137' title='bbox 1161 2032 1232 2084; x_wconf 74' lang='grc' dir='ltr'><strong>τὰ</strong></span> <span class='ocrx_word' id='word_1_138' title='bbox 1287 2032 1382 2085; x_wconf 84' lang='grc' dir='ltr'><strong>τοῦ</strong></span> <span class='ocrx_word' id='word_1_139' title='bbox 1461 2034 1918 2104; x_wconf 74' lang='grc' dir='ltr'><strong>σπονδάσματοςο</strong></span> 
     </span>
    </p>
   </div>
   <div class='ocr_carea' id='block_1_22' title="bbox 325 2118 1924 2196">
    <p class='ocr_par' dir='ltr' id='par_1_22' title="bbox 325 2118 1924 2196">
     <span class='ocr_line' id='line_1_22' title="bbox 325 2118 1924 2196; baseline 0.006 -24"><span class='ocrx_word' id='word_1_140' title='bbox 325 2118 538 2182; x_wconf 74' lang='grc' dir='ltr'><strong>πάντες</strong></span> <span class='ocrx_word' id='word_1_141' title='bbox 571 2119 681 2188; x_wconf 83' lang='grc' dir='ltr'><strong>γὰρ</strong></span> <span class='ocrx_word' id='word_1_142' title='bbox 714 2119 966 2185; x_wconf 78' lang='grc' dir='ltr'>λιπόντες</span> <span class='ocrx_word' id='word_1_143' title='bbox 991 2122 1156 2176; x_wconf 75' lang='grc' dir='ltr'>αὐτὸν</span> <span class='ocrx_word' id='word_1_144' title='bbox 1186 2123 1281 2188; x_wconf 76' lang='grc' dir='ltr'><strong>ξὺν</strong></span> <span class='ocrx_word' id='word_1_145' title='bbox 1308 2124 1387 2196; x_wconf 83' lang='grc' dir='ltr'><strong>τῷ</strong></span> <span class='ocrx_word' id='word_1_146' title='bbox 1418 2124 1518 2196; x_wconf 84' lang='grc' dir='ltr'><strong>υίῷ</strong></span> <span class='ocrx_word' id='word_1_147' title='bbox 1547 2127 1643 2180; x_wconf 75' lang='lat' dir='ltr'><strong>xei.</strong></span> <span class='ocrx_word' id='word_1_148' title='bbox 1664 2126 1743 2194; x_wconf 81' lang='grc' dir='ltr'><strong>τῷ</strong></span> <span class='ocrx_word' id='word_1_149' title='bbox 1767 2127 1924 2181; x_wconf 84' lang='grc' dir='ltr'><strong>ἀδελ·-</strong></span> 
     </span>
    </p>
   </div>
   <div class='ocr_carea' id='block_1_23' title="bbox 330 2208 1921 2290">
    <p class='ocr_par' dir='ltr' id='par_1_23' title="bbox 330 2208 1921 2290">
     <span class='ocr_line' id='line_1_23' title="bbox 330 2208 1921 2290; baseline 0.006 -27"><span class='ocrx_word' id='word_1_150' title='bbox 330 2208 422 2279; x_wconf 82' lang='grc' dir='ltr'>φῷ</span> <span class='ocrx_word' id='word_1_151' title='bbox 454 2210 803 2282; x_wconf 80' lang='grc' dir='ltr'><strong>ὑπεχώρουν.</strong></span> <span class='ocrx_word' id='word_1_152' title='bbox 854 2214 1021 2267; x_wconf 71' lang='grc' dir='ltr'><strong>Αὐτοὶ</strong></span> <span class='ocrx_word' id='word_1_153' title='bbox 1075 2214 1133 2268; x_wconf 77' lang='grc' dir='ltr'><strong>δὲ</strong></span> <span class='ocrx_word' id='word_1_154' title='bbox 1192 2216 1465 2288; x_wconf 80' lang='grc' dir='ltr'>λαμπρῶς</span> <span class='ocrx_word' id='word_1_155' title='bbox 1511 2219 1921 2290; x_wconf 78' lang='grc' dir='ltr'><strong>ἀγωνισάμενοι</strong></span> 
     </span>
    </p>
   </div>
   <div class='ocr_carea' id='block_1_24' title="bbox 329 2302 1922 2382">
    <p class='ocr_par' dir='ltr' id='par_1_24' title="bbox 329 2302 1922 2382">
     <span class='ocr_line' id='line_1_24' title="bbox 329 2302 1922 2382; baseline 0.006 -27"><span class='ocrx_word' id='word_1_156' title='bbox 329 2302 433 2355; x_wconf 86' lang='grc' dir='ltr'><strong>καὶ</strong></span> <span class='ocrx_word' id='word_1_157' title='bbox 480 2304 715 2373; x_wconf 82' lang='grc' dir='ltr'><strong>συχνοὺς</strong></span> <span class='ocrx_word' id='word_1_158' title='bbox 771 2304 882 2360; x_wconf 81' lang='grc' dir='ltr'><strong>τῶν</strong></span> <span class='ocrx_word' id='word_1_159' title='bbox 935 2306 1202 2377; x_wconf 86' lang='grc' dir='ltr'><strong>Τούρκων</strong></span> <span class='ocrx_word' id='word_1_160' title='bbox 1256 2309 1683 2377; x_wconf 85' lang='grc' dir='ltr'><strong>καταϐαλόντες,</strong></span> <span class='ocrx_word' id='word_1_161' title='bbox 1727 2310 1922 2382; x_wconf 69' lang='grc' dir='ltr'><strong>ἐπειδὴ</strong></span> 
     </span>
    </p>
   </div>
   <div class='ocr_carea' id='block_1_25' title="bbox 324 2393 1924 2474">
    <p class='ocr_par' dir='ltr' id='par_1_25' title="bbox 324 2393 1924 2474">
     <span class='ocr_line' id='line_1_25' title="bbox 324 2393 1924 2474; baseline 0.006 -29"><span class='ocrx_word' id='word_1_162' title='bbox 324 2393 431 2466; x_wconf 75' lang='grc' dir='ltr'><strong>τὴν</strong></span> <span class='ocrx_word' id='word_1_163' title='bbox 462 2394 724 2463; x_wconf 80' lang='grc' dir='ltr'><strong>φάλαγγα</strong></span> <span class='ocrx_word' id='word_1_164' title='bbox 773 2397 958 2451; x_wconf 77' lang='grc' dir='ltr'><strong>πᾶσαν</strong></span> <span class='ocrx_word' id='word_1_165' title='bbox 988 2397 1473 2455; x_wconf 85' lang='grc' dir='ltr'><strong>διασκεδασθεῖσαν</strong></span> <span class='ocrx_word' id='word_1_166' title='bbox 1498 2400 1709 2472; x_wconf 76' lang='grc' dir='ltr'><strong>ἑώρων,</strong></span> <span class='ocrx_word' id='word_1_167' title='bbox 1751 2400 1924 2474; x_wconf 76' lang='grc' dir='ltr'><strong>ἐξώρ-</strong></span> 
     </span>
    </p>
   </div>
   <div class='ocr_carea' id='block_1_26' title="bbox 330 2486 1921 2565">
    <p class='ocr_par' dir='ltr' id='par_1_26' title="bbox 330 2486 1921 2565">
     <span class='ocr_line' id='line_1_26' title="bbox 330 2486 1921 2565; baseline 0.006 -28"><span class='ocrx_word' id='word_1_168' title='bbox 330 2502 453 2555; x_wconf 85' lang='grc' dir='ltr'><strong>μων</strong></span> <span class='ocrx_word' id='word_1_169' title='bbox 514 2486 610 2539; x_wconf 78' lang='grc' dir='ltr'><strong>καὶ</strong></span> <span class='ocrx_word' id='word_1_170' title='bbox 673 2486 830 2540; x_wconf 77' lang='grc' dir='ltr'><strong>αὐτοὶ</strong></span> <span class='ocrx_word' id='word_1_171' title='bbox 870 2488 1008 2557; x_wconf 74' lang='grc' dir='ltr'><strong>πρὸς</strong></span> <span class='ocrx_word' id='word_1_172' title='bbox 1082 2492 1144 2543; x_wconf 82' lang='grc' dir='ltr'><strong>τὸ</strong></span> <span class='ocrx_word' id='word_1_173' title='bbox 1183 2490 1433 2561; x_wconf 85' lang='grc' dir='ltr'><strong>φεύγειν,</strong></span> <span class='ocrx_word' id='word_1_174' title='bbox 1486 2494 1536 2546; x_wconf 80' lang='lat' dir='ltr'><strong>oi</strong></span> <span class='ocrx_word' id='word_1_175' title='bbox 1583 2493 1643 2546; x_wconf 75' lang='grc' dir='ltr'><strong>δὲ</strong></span> <span class='ocrx_word' id='word_1_176' title='bbox 1684 2494 1921 2565; x_wconf 82' lang='grc' dir='ltr'><strong>Τοῦρκοι</strong></span> 
     </span>
    </p>
   </div>
   <div class='ocr_carea' id='block_1_27' title="bbox 326 2578 1921 2656">
    <p class='ocr_par' dir='ltr' id='par_1_27' title="bbox 326 2578 1921 2656">
     <span class='ocr_line' id='line_1_27' title="bbox 326 2578 1921 2656; baseline 0.007 -25"><span class='ocrx_word' id='word_1_177' title='bbox 326 2578 638 2634; x_wconf 72' lang='grc' dir='ltr'><strong>ἐπέκειντο.</strong></span> <span class='ocrx_word' id='word_1_178' title='bbox 669 2580 890 2651; x_wconf 86' lang='grc' dir='ltr'><strong>Συχνῶς</strong></span> <span class='ocrx_word' id='word_1_179' title='bbox 911 2578 1009 2636; x_wconf 75' lang='grc' dir='ltr'><strong>οὖν</strong></span> <span class='ocrx_word' id='word_1_180' title='bbox 1042 2585 1501 2656; x_wconf 70' lang='grc' dir='ltr'><strong>ἐπιστρεφόμενοι</strong></span> <span class='ocrx_word' id='word_1_181' title='bbox 1530 2586 1756 2651; x_wconf 82' lang='grc' dir='ltr'><strong>τούτους</strong></span> <span class='ocrx_word' id='word_1_182' title='bbox 1819 2589 1921 2641; x_wconf 90' lang='grc' dir='ltr'><strong>ἀν-</strong></span> 
     </span>
    </p>
   </div>
   <div class='ocr_carea' id='block_1_28' title="bbox 332 2667 1922 2747">
    <p class='ocr_par' dir='ltr' id='par_1_28' title="bbox 332 2667 1922 2747">
     <span class='ocr_line' id='line_1_28' title="bbox 332 2667 1922 2747; baseline 0.006 -26"><span class='ocrx_word' id='word_1_183' title='bbox 332 2667 578 2723; x_wconf 78' lang='grc' dir='ltr'><strong>έκοπτον</strong></span> <span class='ocrx_word' id='word_1_184' title='bbox 599 2671 701 2741; x_wconf 79' lang='grc' dir='ltr'><strong>τῆς</strong></span> <span class='ocrx_word' id='word_1_185' title='bbox 721 2672 920 2743; x_wconf 77' lang='grc' dir='ltr'><strong>ὁρμῆς,</strong></span> <span class='ocrx_word' id='word_1_186' title='bbox 949 2671 1053 2734; x_wconf 73' lang='grc' dir='ltr'><strong>ἓως</strong></span> <span class='ocrx_word' id='word_1_187' title='bbox 1082 2676 1110 2726; x_wconf 87' lang='lat'><strong>6</strong></span> <span class='ocrx_word' id='word_1_188' title='bbox 1128 2673 1318 2740; x_wconf 86' lang='grc' dir='ltr'><strong>ῐππος,</strong></span> <span class='ocrx_word' id='word_1_189' title='bbox 1336 2673 1397 2727; x_wconf 86' lang='grc' dir='ltr'><strong>δν</strong></span> <span class='ocrx_word' id='word_1_190' title='bbox 1421 2677 1630 2739; x_wconf 72' lang='grc' dir='ltr'><strong>ἐκεῖνος</strong></span> <span class='ocrx_word' id='word_1_191' title='bbox 1652 2677 1922 2747; x_wconf 76' lang='grc' dir='ltr'><strong>ἐπωχεῖτο</strong></span> 
     </span>
    </p>
   </div>
   <div class='ocr_carea' id='block_1_29' title="bbox 330 2760 1922 2837">
    <p class='ocr_par' dir='ltr' id='par_1_29' title="bbox 330 2760 1922 2837">
     <span class='ocr_line' id='line_1_29' title="bbox 330 2760 1922 2837; baseline 0.005 -23"><span class='ocrx_word' id='word_1_192' title='bbox 330 2760 554 2831; x_wconf 83' lang='grc' dir='ltr'><strong>καμὼν,</strong></span> <span class='ocrx_word' id='word_1_193' title='bbox 582 2763 921 2833; x_wconf 72' lang='grc' dir='ltr'><strong>προσωτέρω</strong></span> <span class='ocrx_word' id='word_1_194' title='bbox 955 2768 1156 2836; x_wconf 82' lang='grc' dir='ltr'><strong>χωρεῖν</strong></span> <span class='ocrx_word' id='word_1_195' title='bbox 1185 2766 1287 2820; x_wconf 83' lang='grc' dir='ltr'><strong>οὐκ</strong></span> <span class='ocrx_word' id='word_1_196' title='bbox 1313 2766 1568 2837; x_wconf 66' lang='grc' dir='ltr'><strong>⁴ίιδύνατο.</strong></span> <span class='ocrx_word' id='word_1_197' title='bbox 1588 2769 1796 2822; x_wconf 82' lang='grc' dir='ltr'><strong>Τούτου</strong></span> <span class='ocrx_word' id='word_1_198' title='bbox 1827 2765 1922 2824; x_wconf 83' lang='grc' dir='ltr'><strong>οὖν</strong></span> 
     </span>
    </p>
   </div>
   <div class='ocr_carea' id='block_1_30' title="bbox 328 2852 1923 2931">
    <p class='ocr_par' dir='ltr' id='par_1_30' title="bbox 328 2852 1923 2931">
     <span class='ocr_line' id='line_1_30' title="bbox 328 2852 1923 2931; baseline 0.006 -26"><span class='ocrx_word' id='word_1_199' title='bbox 328 2852 628 2924; x_wconf 81' lang='grc' dir='ltr'><strong>γινομένου</strong></span> <span class='ocrx_word' id='word_1_200' title='bbox 664 2855 829 2920; x_wconf 76' lang='grc' dir='ltr'><strong>αὐτὸς</strong></span> <span class='ocrx_word' id='word_1_201' title='bbox 853 2855 956 2926; x_wconf 70' lang='grc' dir='ltr'><strong>μὶν</strong></span> <span class='ocrx_word' id='word_1_202' title='bbox 985 2857 1155 2927; x_wconf 80' lang='grc' dir='ltr'><strong>βάδην</strong></span> <span class='ocrx_word' id='word_1_203' title='bbox 1181 2857 1376 2929; x_wconf 85' lang='grc' dir='ltr'><strong>ἀπῄει,</strong></span> <span class='ocrx_word' id='word_1_204' title='bbox 1406 2861 1436 2913; x_wconf 91' lang='lat'><strong>6</strong></span> <span class='ocrx_word' id='word_1_205' title='bbox 1461 2860 1519 2914; x_wconf 86' lang='grc' dir='ltr'><strong>δὲ</strong></span> <span class='ocrx_word' id='word_1_206' title='bbox 1538 2860 1731 2915; x_wconf 90' lang='grc' dir='ltr'><strong>τούτου</strong></span> <span class='ocrx_word' id='word_1_207' title='bbox 1756 2862 1923 2931; x_wconf 80' lang='grc' dir='ltr'><strong>ὁμαί-</strong></span> 
     </span>
    </p>
   </div>
   <div class='ocr_carea' id='block_1_31' title="bbox 334 2953 1922 3036">
    <p class='ocr_par' dir='ltr' id='par_1_31' title="bbox 334 2953 1922 3036">
     <span class='ocr_line' id='line_1_31' title="bbox 334 2953 1922 3036; baseline 0.005 -30"><span class='ocrx_word' id='word_1_208' title='bbox 334 2969 462 3023; x_wconf 83' lang='grc' dir='ltr'><strong>μων</strong></span> <span class='ocrx_word' id='word_1_209' title='bbox 486 2953 583 3007; x_wconf 74' lang='grc' dir='ltr'><strong>καὶ</strong></span> <span class='ocrx_word' id='word_1_210' title='bbox 603 2955 633 3007; x_wconf 92' lang='lat'><strong>6</strong></span> <span class='ocrx_word' id='word_1_211' title='bbox 658 2954 777 3019; x_wconf 70' lang='grc' dir='ltr'><strong>υίὸς</strong></span> <span class='ocrx_word' id='word_1_212' title='bbox 810 2957 1071 3026; x_wconf 82' lang='grc' dir='ltr'><strong>συχνάκις</strong></span> <span class='ocrx_word' id='word_1_213' title='bbox 1102 2961 1560 3033; x_wconf 72' lang='grc' dir='ltr'><strong>ἐπιστρεφόμενοι</strong></span> <span class='ocrx_word' id='word_1_214' title='bbox 1587 2962 1718 3026; x_wconf 76' lang='grc' dir='ltr'><strong>τοὺς</strong></span> <span class='ocrx_word' id='word_1_215' title='bbox 1748 2961 1922 3036; x_wconf 77' lang='grc' dir='ltr'><strong>Τούρ-</strong></span> 
     </span>
    </p>
   </div>
   <div class='ocr_carea' id='block_1_32' title="bbox 333 3044 820 3108">
    <p class='ocr_par' dir='ltr' id='par_1_32' title="bbox 333 3044 820 3108">
     <span class='ocr_line' id='line_1_32' title="bbox 333 3044 820 3108; baseline 0.006 -10"><span class='ocrx_word' id='word_1_216' title='bbox 333 3060 472 3108; x_wconf 78' lang='grc' dir='ltr'><strong>κους</strong></span> <span class='ocrx_word' id='word_1_217' title='bbox 496 3044 820 3101; x_wconf 77' lang='grc' dir='ltr'><strong>ἀνέκοπτον.</strong></span> 
     </span>
    </p>
   </div>
   <div class='ocr_carea' id='block_1_33' title="bbox 402 3222 1989 3304">
    <p class='ocr_par' dir='ltr' id='par_1_33' title="bbox 402 3222 1989 3304">
     <span class='ocr_line' id='line_1_33' title="bbox 402 3222 1989 3304; baseline 0.006 -24"><span class='ocrx_word' id='word_1_218' title='bbox 402 3224 494 3294; x_wconf 57' lang='grc' dir='ltr'><strong>ιγ.</strong></span> <span class='ocrx_word' id='word_1_219' title='bbox 542 3226 724 3298; x_wconf 82' lang='grc' dir='ltr'><strong>Μέχρι</strong></span> <span class='ocrx_word' id='word_1_220' title='bbox 764 3228 866 3298; x_wconf 83' lang='grc' dir='ltr'><strong>μὲν</strong></span> <span class='ocrx_word' id='word_1_221' title='bbox 910 3222 1007 3283; x_wconf 76' lang='grc' dir='ltr'><strong>οὖν</strong></span> <span class='ocrx_word' id='word_1_222' title='bbox 1053 3228 1115 3283; x_wconf 83' lang='grc' dir='ltr'><strong>ού</strong></span> <span class='ocrx_word' id='word_1_223' title='bbox 1161 3229 1296 3284; x_wconf 85' lang='grc' dir='ltr'><strong>πολύ</strong></span> <span class='ocrx_word' id='word_1_224' title='bbox 1338 3245 1396 3284; x_wconf 88' lang='grc' dir='ltr'><strong>τι</strong></span> <span class='ocrx_word' id='word_1_225' title='bbox 1448 3231 1656 3303; x_wconf 82' lang='grc' dir='ltr'><strong>πλῆθος</strong></span> <span class='ocrx_word' id='word_1_226' title='bbox 1690 3228 1835 3304; x_wconf 78' lang='grc' dir='ltr'><strong>ἦσαν</strong></span> <span class='ocrx_word' id='word_1_227' title='bbox 1866 3235 1916 3289; x_wconf 79' lang='lat' dir='ltr'><strong>ei</strong></span> <span class='ocrx_word' id='word_1_228' title='bbox 1946 3246 1989 3304; x_wconf 74' lang='grc' dir='ltr'>ο</span> 
     </span>
    </p>
   </div>
   <div class='ocr_carea' id='block_1_34' title="bbox 325 3317 1918 3397">
    <p class='ocr_par' dir='ltr' id='par_1_34' title="bbox 325 3317 1918 3397">
     <span class='ocr_line' id='line_1_34' title="bbox 325 3317 1918 3397; baseline 0.006 -26"><span class='ocrx_word' id='word_1_229' title='bbox 325 3317 644 3386; x_wconf 85' lang='grc' dir='ltr'><strong>διώκοντες,</strong></span> <span class='ocrx_word' id='word_1_230' title='bbox 688 3319 933 3392; x_wconf 77' lang='grc' dir='ltr'><strong>εὖδρομα</strong></span> <span class='ocrx_word' id='word_1_231' title='bbox 972 3321 1187 3386; x_wconf 82' lang='grc' dir='ltr'><strong>τούτοις</strong></span> <span class='ocrx_word' id='word_1_232' title='bbox 1228 3317 1369 3393; x_wconf 82' lang='grc' dir='ltr'><strong>ἦσαν</strong></span> <span class='ocrx_word' id='word_1_233' title='bbox 1411 3322 1480 3377; x_wconf 83' lang='grc' dir='ltr'><strong>τὰ</strong></span> <span class='ocrx_word' id='word_1_234' title='bbox 1507 3323 1607 3395; x_wconf 79' lang='grc' dir='ltr'><strong>τῆς</strong></span> <span class='ocrx_word' id='word_1_235' title='bbox 1630 3324 1918 3397; x_wconf 80' lang='grc' dir='ltr'><strong>ὑποχωρή-</strong></span> 
     </span>
    </p>
   </div>
   <div class='ocr_carea' id='block_1_35' title="bbox 329 3412 1921 3481">
    <p class='ocr_par' dir='ltr' id='par_1_35' title="bbox 329 3412 1921 3481">
     <span class='ocr_line' id='line_1_35' title="bbox 329 3412 1921 3481; baseline 0.004 -17"><span class='ocrx_word' id='word_1_236' title='bbox 329 3426 496 3475; x_wconf 86' lang='grc' dir='ltr'><strong>σεως.</strong></span> <span class='ocrx_word' id='word_1_237' title='bbox 541 3412 697 3465; x_wconf 75' lang='grc' dir='ltr'><strong>Ἐπεὶ</strong></span> <span class='ocrx_word' id='word_1_238' title='bbox 727 3413 787 3468; x_wconf 73' lang='grc' dir='ltr'><strong>δὲ</strong></span> <span class='ocrx_word' id='word_1_239' title='bbox 815 3414 1003 3469; x_wconf 79' lang='grc' dir='ltr'><strong>πολλοὶ</strong></span> <span class='ocrx_word' id='word_1_240' title='bbox 1031 3415 1290 3469; x_wconf 76' lang='grc' dir='ltr'><strong>συνέθεον</strong></span> <span class='ocrx_word' id='word_1_241' title='bbox 1321 3414 1421 3469; x_wconf 74' lang='grc' dir='ltr'><strong>καὶ</strong></span> <span class='ocrx_word' id='word_1_242' title='bbox 1447 3417 1476 3469; x_wconf 90' lang='lat'><strong>6</strong></span> <span class='ocrx_word' id='word_1_243' title='bbox 1512 3415 1724 3470; x_wconf 73' lang='grc' dir='ltr'><strong>ἐκείνου</strong></span> <span class='ocrx_word' id='word_1_244' title='bbox 1753 3416 1921 3481; x_wconf 74' lang='grc' dir='ltr'><strong>ἵππος</strong></span> 
     </span>
    </p>
   </div>
   <div class='ocr_carea' id='block_1_36' title="bbox 328 3503 1921 3579">
    <p class='ocr_par' dir='ltr' id='par_1_36' title="bbox 328 3503 1921 3579">
     <span class='ocr_line' id='line_1_36' title="bbox 328 3503 1921 3579; baseline 0.003 -22"><span class='ocrx_word' id='word_1_245' title='bbox 328 3504 685 3569; x_wconf 76' lang='grc' dir='ltr'><strong>κεκοπιακὼς</strong></span> <span class='ocrx_word' id='word_1_246' title='bbox 755 3506 896 3577; x_wconf 79' lang='grc' dir='ltr'><strong>πρὸς</strong></span> <span class='ocrx_word' id='word_1_247' title='bbox 946 3506 1150 3577; x_wconf 87' lang='grc' dir='ltr'><strong>δρόμον</strong></span> <span class='ocrx_word' id='word_1_248' title='bbox 1206 3503 1276 3579; x_wconf 85' lang='grc' dir='ltr'><strong>ἦν</strong></span> <span class='ocrx_word' id='word_1_249' title='bbox 1332 3508 1632 3579; x_wconf 75' lang='grc' dir='ltr'><strong>ἄχρηστος,</strong></span> <span class='ocrx_word' id='word_1_250' title='bbox 1680 3508 1921 3562; x_wconf 82' lang='grc' dir='ltr'><strong>κυκλοῦν</strong></span> 
     </span>
    </p>
   </div>
   <div class='ocr_carea' id='block_1_37' title="bbox 331 3596 1919 3670">
    <p class='ocr_par' dir='ltr' id='par_1_37' title="bbox 331 3596 1919 3670">
     <span class='ocr_line' id='line_1_37' title="bbox 331 3596 1919 3670; baseline 0.004 -22"><span class='ocrx_word' id='word_1_251' title='bbox 331 3596 661 3667; x_wconf 68' lang='grc' dir='ltr'><strong>ἐπεχείρουν</strong></span> <span class='ocrx_word' id='word_1_252' title='bbox 695 3597 896 3661; x_wconf 83' lang='grc' dir='ltr'><strong>αὐτοὺς</strong></span> <span class='ocrx_word' id='word_1_253' title='bbox 918 3598 1061 3653; x_wconf 81' lang='grc' dir='ltr'><strong>κατὰ</strong></span> <span class='ocrx_word' id='word_1_254' title='bbox 1090 3600 1386 3670; x_wconf 83' lang='grc' dir='ltr'><strong>πρόσωπον</strong></span> <span class='ocrx_word' id='word_1_255' title='bbox 1402 3601 1453 3653; x_wconf 89' lang='grc' dir='ltr'><strong>οί</strong></span> <span class='ocrx_word' id='word_1_256' title='bbox 1477 3600 1750 3670; x_wconf 84' lang='grc' dir='ltr'><strong>πολέμιοι.</strong></span> <span class='ocrx_word' id='word_1_257' title='bbox 1786 3602 1849 3655; x_wconf 87' lang='grc' dir='ltr'><strong>Οἱ</strong></span> <span class='ocrx_word' id='word_1_258' title='bbox 1873 3600 1919 3655; x_wconf 85' lang='grc' dir='ltr'><strong>δ’</strong></span> 
     </span>
    </p>
   </div>
   <div class='ocr_carea' id='block_1_38' title="bbox 324 3687 1921 3762">
    <p class='ocr_par' dir='ltr' id='par_1_38' title="bbox 324 3687 1921 3762">
     <span class='ocr_line' id='line_1_38' title="bbox 324 3687 1921 3762; baseline 0.003 -22"><span class='ocrx_word' id='word_1_259' title='bbox 324 3687 503 3756; x_wconf 73' lang='grc' dir='ltr'><strong>ἄμφω</strong></span> <span class='ocrx_word' id='word_1_260' title='bbox 517 3687 619 3741; x_wconf 81' lang='grc' dir='ltr'><strong>σὺν</strong></span> <span class='ocrx_word' id='word_1_261' title='bbox 638 3687 821 3758; x_wconf 82' lang='grc' dir='ltr'><strong>πολλῷ</strong></span> <span class='ocrx_word' id='word_1_262' title='bbox 836 3687 916 3759; x_wconf 88' lang='grc' dir='ltr'>τῷ</span> <span class='ocrx_word' id='word_1_263' title='bbox 937 3689 1102 3760; x_wconf 76' lang='grc' dir='ltr'><strong>ῥοίζῳ</strong></span> <span class='ocrx_word' id='word_1_264' title='bbox 1138 3691 1281 3743; x_wconf 87' lang='grc' dir='ltr'><strong>κατά</strong></span> <span class='ocrx_word' id='word_1_265' title='bbox 1298 3690 1407 3744; x_wconf 84' lang='grc' dir='ltr'><strong>τῶν</strong></span> <span class='ocrx_word' id='word_1_266' title='bbox 1440 3691 1722 3760; x_wconf 83' lang='grc' dir='ltr'><strong>πολεμίων</strong></span> <span class='ocrx_word' id='word_1_267' title='bbox 1740 3692 1921 3762; x_wconf 77' lang='grc' dir='ltr'><strong>ὁρμή⁸</strong></span> 
     </span>
    </p>
   </div>
   <div class='ocr_carea' id='block_1_39' title="bbox 330 3781 1919 3850">
    <p class='ocr_par' dir='ltr' id='par_1_39' title="bbox 330 3781 1919 3850">
     <span class='ocr_line' id='line_1_39' title="bbox 330 3781 1919 3850; baseline 0.004 -18"><span class='ocrx_word' id='word_1_268' title='bbox 330 3797 527 3843; x_wconf 83' lang='grc' dir='ltr'><strong>σαντες</strong></span> <span class='ocrx_word' id='word_1_269' title='bbox 585 3781 681 3835; x_wconf 88' lang='grc' dir='ltr'><strong>δύο</strong></span> <span class='ocrx_word' id='word_1_270' title='bbox 710 3781 812 3850; x_wconf 85' lang='grc' dir='ltr'><strong>μὲν</strong></span> <span class='ocrx_word' id='word_1_271' title='bbox 843 3781 1053 3836; x_wconf 89' lang='grc' dir='ltr'><strong>τούτων</strong></span> <span class='ocrx_word' id='word_1_272' title='bbox 1105 3782 1468 3850; x_wconf 86' lang='grc' dir='ltr'><strong>κατέϐαλλον,</strong></span> <span class='ocrx_word' id='word_1_273' title='bbox 1503 3782 1632 3847; x_wconf 79' lang='grc' dir='ltr'><strong>τοὺς</strong></span> <span class='ocrx_word' id='word_1_274' title='bbox 1658 3783 1704 3837; x_wconf 84' lang='grc' dir='ltr'><strong>δ’</strong></span> <span class='ocrx_word' id='word_1_275' title='bbox 1725 3784 1919 3848; x_wconf 75' lang='grc' dir='ltr'><strong>ἄλλους</strong></span> 
     </span>
    </p>
   </div>
   <div class='ocr_carea' id='block_1_40' title="bbox 328 3873 1921 3947">
    <p class='ocr_par' dir='ltr' id='par_1_40' title="bbox 328 3873 1921 3947">
     <span class='ocr_line' id='line_1_40' title="bbox 328 3873 1921 3947; baseline 0.003 -22"><span class='ocrx_word' id='word_1_276' title='bbox 328 3873 529 3944; x_wconf 76' lang='grc' dir='ltr'><strong>πόρρω</strong></span> <span class='ocrx_word' id='word_1_277' title='bbox 564 3876 762 3942; x_wconf 77' lang='grc' dir='ltr'><strong>φυγεῖν</strong></span> <span class='ocrx_word' id='word_1_278' title='bbox 801 3874 1251 3944; x_wconf 79' lang='grc' dir='ltr'><strong>κατηνάγκαζον,</strong></span> <span class='ocrx_word' id='word_1_279' title='bbox 1281 3876 1395 3929; x_wconf 87' lang='grc' dir='ltr'><strong>κάκ</strong></span> <span class='ocrx_word' id='word_1_280' title='bbox 1423 3874 1616 3929; x_wconf 86' lang='grc' dir='ltr'><strong>τούτου</strong></span> <span class='ocrx_word' id='word_1_281' title='bbox 1657 3874 1921 3947; x_wconf 81' lang='grc' dir='ltr'><strong>βραχείας</strong></span> 
     </span>
    </p>
   </div>
   <div class='ocr_carea' id='block_1_41' title="bbox 329 3964 1920 4038">
    <p class='ocr_par' dir='ltr' id='par_1_41' title="bbox 329 3964 1920 4038">
     <span class='ocr_line' id='line_1_41' title="bbox 329 3964 1920 4038; baseline 0.001 -19"><span class='ocrx_word' id='word_1_282' title='bbox 329 3964 523 4028; x_wconf 79' lang='grc' dir='ltr'><strong>ἁδείας</strong></span> <span class='ocrx_word' id='word_1_283' title='bbox 571 3965 829 4036; x_wconf 82' lang='grc' dir='ltr'><strong>τυχόντες</strong></span> <span class='ocrx_word' id='word_1_284' title='bbox 880 3966 1152 4038; x_wconf 82' lang='grc' dir='ltr'><strong>ἀπῄεσαν.</strong></span> <span class='ocrx_word' id='word_1_285' title='bbox 1198 3965 1339 4019; x_wconf 80' lang='grc' dir='ltr'><strong>Ἀλλ’</strong></span> <span class='ocrx_word' id='word_1_286' title='bbox 1370 3965 1528 4031; x_wconf 81' lang='grc' dir='ltr'><strong>αὖθις</strong></span> <span class='ocrx_word' id='word_1_287' title='bbox 1579 3968 1632 4020; x_wconf 79' lang='grc' dir='ltr'><strong>οἱ</strong></span> <span class='ocrx_word' id='word_1_288' title='bbox 1682 3967 1920 4038; x_wconf 86' lang='grc' dir='ltr'><strong>Τοῦρκοι</strong></span> 
     </span>
    </p>
   </div>
   <div class='ocr_carea' id='block_1_42' title="bbox 334 4055 1919 4130">
    <p class='ocr_par' dir='ltr' id='par_1_42' title="bbox 334 4055 1919 4130">
     <span class='ocr_line' id='line_1_42' title="bbox 334 4055 1919 4130; baseline 0.001 -21"><span class='ocrx_word' id='word_1_289' title='bbox 334 4057 480 4124; x_wconf 73' lang='grc' dir='ltr'><strong>μετὰ</strong></span> <span class='ocrx_word' id='word_1_290' title='bbox 535 4055 808 4111; x_wconf 76' lang='grc' dir='ltr'><strong>πλείστων</strong></span> <span class='ocrx_word' id='word_1_291' title='bbox 864 4057 1043 4112; x_wconf 79' lang='grc' dir='ltr'><strong>ἄλλων</strong></span> <span class='ocrx_word' id='word_1_292' title='bbox 1105 4057 1452 4128; x_wconf 76' lang='grc' dir='ltr'><strong>ὑπέστρεφον</strong></span> <span class='ocrx_word' id='word_1_293' title='bbox 1501 4058 1601 4113; x_wconf 84' lang='grc' dir='ltr'><strong>καὶ</strong></span> <span class='ocrx_word' id='word_1_294' title='bbox 1670 4058 1919 4130; x_wconf 82' lang='grc' dir='ltr'><strong>σφοδρῶς</strong></span> 
     </span>
    </p>
   </div>
   <div class='ocr_carea' id='block_1_43' title="bbox 324 4146 1920 4222">
    <p class='ocr_par' dir='ltr' id='par_1_43' title="bbox 324 4146 1920 4222">
     <span class='ocr_line' id='line_1_43' title="bbox 324 4146 1920 4222; baseline 0.001 -20"><span class='ocrx_word' id='word_1_295' title='bbox 324 4149 623 4207; x_wconf 69' lang='grc' dir='ltr'><strong>ἐπέκειντο</strong></span> <span class='ocrx_word' id='word_1_296' title='bbox 664 4148 897 4213; x_wconf 77' lang='grc' dir='ltr'><strong>τούτοις.</strong></span> <span class='ocrx_word' id='word_1_297' title='bbox 929 4150 994 4203; x_wconf 83' lang='lat' dir='ltr'><strong>Ol</strong></span> <span class='ocrx_word' id='word_1_298' title='bbox 1039 4149 1084 4203; x_wconf 79' lang='grc' dir='ltr'><strong>δ’</strong></span> <span class='ocrx_word' id='word_1_299' title='bbox 1124 4146 1283 4213; x_wconf 82' lang='grc' dir='ltr'><strong>αὖθις</strong></span> <span class='ocrx_word' id='word_1_300' title='bbox 1328 4150 1502 4222; x_wconf 80' lang='grc' dir='ltr'><strong>έδρων</strong></span> <span class='ocrx_word' id='word_1_301' title='bbox 1550 4150 1620 4203; x_wconf 82' lang='grc' dir='ltr'><strong>τὰ</strong></span> <span class='ocrx_word' id='word_1_302' title='bbox 1648 4149 1920 4222; x_wconf 87' lang='grc' dir='ltr'><strong>πρότερον</strong></span> 
     </span>
    </p>
   </div>
   <div class='ocr_carea' id='block_1_44' title="bbox 329 4242 1918 4315">
    <p class='ocr_par' dir='ltr' id='par_1_44' title="bbox 329 4242 1918 4315">
     <span class='ocr_line' id='line_1_44' title="bbox 329 4242 1918 4315; baseline 0.002 -20"><span class='ocrx_word' id='word_1_303' title='bbox 329 4244 428 4297; x_wconf 79' lang='grc' dir='ltr'><strong>καὶ</strong></span> <span class='ocrx_word' id='word_1_304' title='bbox 458 4242 633 4313; x_wconf 81' lang='grc' dir='ltr'><strong>πολλῇ</strong></span> <span class='ocrx_word' id='word_1_305' title='bbox 650 4245 717 4313; x_wconf 80' lang='grc' dir='ltr'><strong>τῇ</strong></span> <span class='ocrx_word' id='word_1_306' title='bbox 747 4242 1033 4315; x_wconf 77' lang='grc' dir='ltr'><strong>προθυμίᾳ</strong></span> <span class='ocrx_word' id='word_1_307' title='bbox 1060 4245 1201 4298; x_wconf 85' lang='grc' dir='ltr'><strong>κατά</strong></span> <span class='ocrx_word' id='word_1_308' title='bbox 1220 4242 1333 4299; x_wconf 84' lang='grc' dir='ltr'><strong>τῶν</strong></span> <span class='ocrx_word' id='word_1_309' title='bbox 1364 4242 1627 4314; x_wconf 85' lang='grc' dir='ltr'><strong>Τούρκων</strong></span> <span class='ocrx_word' id='word_1_310' title='bbox 1652 4242 1918 4314; x_wconf 72' lang='grc' dir='ltr'><strong>ἐχώρουν.</strong></span> 
     </span>
    </p>
   </div>
   <div class='ocr_carea' id='block_1_45' title="bbox 326 4333 1922 4406">
    <p class='ocr_par' dir='ltr' id='par_1_45' title="bbox 326 4333 1922 4406">
     <span class='ocr_line' id='line_1_45' title="bbox 326 4333 1922 4406; baseline 0.001 -18"><span class='ocrx_word' id='word_1_311' title='bbox 326 4333 544 4406; x_wconf 78' lang='grc' dir='ltr'><strong>Ξυνέϐη</strong></span> <span class='ocrx_word' id='word_1_312' title='bbox 603 4334 663 4390; x_wconf 79' lang='grc' dir='ltr'><strong>δὲ</strong></span> <span class='ocrx_word' id='word_1_313' title='bbox 719 4334 934 4399; x_wconf 92' lang='grc' dir='ltr'><strong>τούτοις</strong></span> <span class='ocrx_word' id='word_1_314' title='bbox 964 4335 1038 4388; x_wconf 89' lang='grc' dir='ltr'><strong>τά</strong></span> <span class='ocrx_word' id='word_1_315' title='bbox 1072 4335 1173 4405; x_wconf 83' lang='grc' dir='ltr'><strong>τῆς</strong></span> <span class='ocrx_word' id='word_1_316' title='bbox 1207 4334 1520 4406; x_wconf 84' lang='grc' dir='ltr'><strong>προθυμίας</strong></span> <span class='ocrx_word' id='word_1_317' title='bbox 1553 4335 1740 4389; x_wconf 83' lang='grc' dir='ltr'><strong>οὐκέτι</strong></span> <span class='ocrx_word' id='word_1_318' title='bbox 1776 4336 1922 4389; x_wconf 85' lang='grc' dir='ltr'><strong>κατά</strong></span> 
     </span>
    </p>
   </div>
   <div class='ocr_carea' id='block_1_46' title="bbox 326 4425 1923 4499">
    <p class='ocr_par' dir='ltr' id='par_1_46' title="bbox 326 4425 1923 4499">
     <span class='ocr_line' id='line_1_46' title="bbox 326 4425 1923 4499; baseline 0.001 -20"><span class='ocrx_word' id='word_1_319' title='bbox 326 4427 391 4479; x_wconf 79' lang='grc' dir='ltr'><strong>τδ</strong></span> <span class='ocrx_word' id='word_1_320' title='bbox 423 4427 719 4496; x_wconf 84' lang='grc' dir='ltr'><strong>πρότερον,</strong></span> <span class='ocrx_word' id='word_1_321' title='bbox 753 4425 872 4480; x_wconf 82' lang='grc' dir='ltr'><strong>ἀλλ’</strong></span> <span class='ocrx_word' id='word_1_322' title='bbox 911 4427 940 4479; x_wconf 91' lang='lat'><strong>6</strong></span> <span class='ocrx_word' id='word_1_323' title='bbox 976 4425 1077 4498; x_wconf 77' lang='grc' dir='ltr'><strong>μὲν</strong></span> <span class='ocrx_word' id='word_1_324' title='bbox 1108 4427 1368 4498; x_wconf 83' lang='grc' dir='ltr'><strong>Ἰωάννης</strong></span> <span class='ocrx_word' id='word_1_325' title='bbox 1391 4426 1490 4482; x_wconf 75' lang='grc' dir='ltr'><strong>ἕνα</strong></span> <span class='ocrx_word' id='word_1_326' title='bbox 1514 4427 1624 4481; x_wconf 83' lang='grc' dir='ltr'><strong>τῶν</strong></span> <span class='ocrx_word' id='word_1_327' title='bbox 1655 4427 1923 4499; x_wconf 82' lang='grc' dir='ltr'><strong>Τούρκων</strong></span> 
     </span>
    </p>
   </div>
   <div class='ocr_carea' id='block_1_47' title="bbox 328 4518 1922 4596">
    <p class='ocr_par' dir='ltr' id='par_1_47' title="bbox 328 4518 1922 4596">
     <span class='ocr_line' id='line_1_47' title="bbox 328 4518 1922 4596; baseline 0 -21"><span class='ocrx_word' id='word_1_328' title='bbox 328 4518 665 4576; x_wconf 79' lang='grc' dir='ltr'><strong>καταϐαλὼν</strong></span> <span class='ocrx_word' id='word_1_329' title='bbox 715 4521 889 4593; x_wconf 74' lang='grc' dir='ltr'><strong>ἑτέρῳ</strong></span> <span class='ocrx_word' id='word_1_330' title='bbox 945 4521 1360 4596; x_wconf 86' lang='grc' dir='ltr'><strong>προσκέκρουκε</strong></span> <span class='ocrx_word' id='word_1_331' title='bbox 1387 4562 1404 4589; x_wconf 89' lang='grc'><strong>,</strong></span> <span class='ocrx_word' id='word_1_332' title='bbox 1458 4524 1554 4578; x_wconf 74' lang='grc' dir='ltr'><strong>καὶ</strong></span> <span class='ocrx_word' id='word_1_333' title='bbox 1605 4525 1813 4594; x_wconf 78' lang='grc' dir='ltr'><strong>ἀμφοῖν</strong></span> <span class='ocrx_word' id='word_1_334' title='bbox 1873 4523 1922 4576; x_wconf 93' lang='grc' dir='ltr'><strong>οἱ</strong></span> 
     </span>
    </p>
   </div>
   <div class='ocr_carea' id='block_1_48' title="bbox 2026 654 3620 722">
    <p class='ocr_par' dir='ltr' id='par_1_48' title="bbox 2026 654 3620 722">
     <span class='ocr_line' id='line_1_48' title="bbox 2026 654 3620 722; baseline -0.001 -14"><span class='ocrx_word' id='word_1_335' title='bbox 2026 654 2259 710; x_wconf 85' lang='lat' dir='ltr'><strong>telorum</strong></span> <span class='ocrx_word' id='word_1_336' title='bbox 2300 654 2649 710; x_wconf 91' lang='lat' dir='ltr'><strong>multitudine</strong></span> <span class='ocrx_word' id='word_1_337' title='bbox 2672 656 2855 710; x_wconf 89' lang='lat' dir='ltr'><strong>hostes</strong></span> <span class='ocrx_word' id='word_1_338' title='bbox 2877 655 3208 722; x_wconf 91' lang='lat' dir='ltr'><strong>obruebant,</strong></span> <span class='ocrx_word' id='word_1_339' title='bbox 3229 655 3620 710; x_wconf 81' lang='lat' dir='ltr'><strong>vulnerabant-</strong></span> 
     </span>
    </p>
   </div>
   <div class='ocr_carea' id='block_1_49' title="bbox 2024 746 3619 819">
    <p class='ocr_par' dir='ltr' id='par_1_49' title="bbox 2024 746 3619 819">
     <span class='ocr_line' id='line_1_49' title="bbox 2024 746 3619 819; baseline 0.001 -19"><span class='ocrx_word' id='word_1_340' title='bbox 2024 761 2133 815; x_wconf 90' lang='lat' dir='ltr'><strong>que</strong></span> <span class='ocrx_word' id='word_1_341' title='bbox 2179 748 2384 816; x_wconf 88' lang='lat' dir='ltr'><strong>passim</strong></span> <span class='ocrx_word' id='word_1_342' title='bbox 2423 757 2478 802; x_wconf 89' lang='lat' dir='ltr'><strong>et</strong></span> <span class='ocrx_word' id='word_1_343' title='bbox 2523 746 2670 803; x_wconf 74' lang='lat' dir='ltr'><strong>vires</strong></span> <span class='ocrx_word' id='word_1_344' title='bbox 2706 757 2761 803; x_wconf 89' lang='lat' dir='ltr'><strong>et</strong></span> <span class='ocrx_word' id='word_1_345' title='bbox 2802 762 2995 817; x_wconf 90' lang='lat' dir='ltr'><strong>equos.</strong></span> <span class='ocrx_word' id='word_1_346' title='bbox 3032 747 3216 814; x_wconf 73' lang='lat' dir='ltr'><strong>Quare</strong></span> <span class='ocrx_word' id='word_1_347' title='bbox 3255 747 3619 819; x_wconf 79' lang='lat' dir='ltr'><strong>Bryennianis</strong></span> 
     </span>
    </p>
   </div>
   <div class='ocr_carea' id='block_1_50' title="bbox 2027 836 3619 909">
    <p class='ocr_par' dir='ltr' id='par_1_50' title="bbox 2027 836 3619 909">
     <span class='ocr_line' id='line_1_50' title="bbox 2027 836 3619 909; baseline -0.001 -17"><span class='ocrx_word' id='word_1_348' title='bbox 2027 839 2170 894; x_wconf 90' lang='lat' dir='ltr'><strong>haud</strong></span> <span class='ocrx_word' id='word_1_349' title='bbox 2198 839 2364 894; x_wconf 84' lang='lat' dir='ltr'><strong>dubie</strong></span> <span class='ocrx_word' id='word_1_350' title='bbox 2385 839 2438 894; x_wconf 87' lang='lat' dir='ltr'><strong>in</strong></span> <span class='ocrx_word' id='word_1_351' title='bbox 2466 838 2649 909; x_wconf 84' lang='lat' dir='ltr'><strong>fugam</strong></span> <span class='ocrx_word' id='word_1_352' title='bbox 2675 838 3088 904; x_wconf 77' lang='lat' dir='ltr'><strong>inclinantibus,</strong></span> <span class='ocrx_word' id='word_1_353' title='bbox 3115 838 3380 909; x_wconf 60' lang='lat' dir='ltr'><strong>qui&#39;apud</strong></span> <span class='ocrx_word' id='word_1_354' title='bbox 3418 836 3619 908; x_wconf 83' lang='lat' dir='ltr'><strong>Brycn—</strong></span> 
     </span>
    </p>
   </div>
   <div class='ocr_carea' id='block_1_51' title="bbox 2026 929 3617 995">
    <p class='ocr_par' dir='ltr' id='par_1_51' title="bbox 2026 929 3617 995">
     <span class='ocr_line' id='line_1_51' title="bbox 2026 929 3617 995; baseline -0.002 -10"><span class='ocrx_word' id='word_1_355' title='bbox 2026 932 2177 986; x_wconf 88' lang='lat' dir='ltr'><strong>nium</strong></span> <span class='ocrx_word' id='word_1_356' title='bbox 2211 930 2499 987; x_wconf 86' lang='lat' dir='ltr'><strong>domestici</strong></span> <span class='ocrx_word' id='word_1_357' title='bbox 2550 931 2867 986; x_wconf 71' lang='lat' dir='ltr'><strong>scholarum</strong></span> <span class='ocrx_word' id='word_1_358' title='bbox 2909 931 3130 985; x_wconf 85' lang='lat' dir='ltr'><strong>titulum</strong></span> <span class='ocrx_word' id='word_1_359' title='bbox 3163 929 3419 995; x_wconf 78' lang='lat' dir='ltr'><strong>habebat,</strong></span> <span class='ocrx_word' id='word_1_360' title='bbox 3450 944 3617 984; x_wconf 85' lang='lat' dir='ltr'><strong>curo-</strong></span> 
     </span>
    </p>
   </div>
   <div class='ocr_carea' id='block_1_52' title="bbox 2027 1019 3618 1094">
    <p class='ocr_par' dir='ltr' id='par_1_52' title="bbox 2027 1019 3618 1094">
     <span class='ocr_line' id='line_1_52' title="bbox 2027 1019 3618 1094; baseline 0 -19"><span class='ocrx_word' id='word_1_361' title='bbox 2027 1024 2243 1092; x_wconf 75' lang='lat' dir='ltr'><strong>palates</strong></span> <span class='ocrx_word' id='word_1_362' title='bbox 2288 1023 2530 1079; x_wconf 80' lang='lat' dir='ltr'><strong>Joannes</strong></span> <span class='ocrx_word' id='word_1_363' title='bbox 2561 1063 2575 1088; x_wconf 95' lang='lat'><strong>,</strong></span> <span class='ocrx_word' id='word_1_364' title='bbox 2628 1037 2790 1092; x_wconf 97' lang='lat' dir='ltr'><strong>quem</strong></span> <span class='ocrx_word' id='word_1_365' title='bbox 2847 1022 3106 1094; x_wconf 80' lang='lat' dir='ltr'><strong>Bryennii</strong></span> <span class='ocrx_word' id='word_1_366' title='bbox 3151 1021 3396 1091; x_wconf 80' lang='lat' dir='ltr'><strong>ejusdem</strong></span> <span class='ocrx_word' id='word_1_367' title='bbox 3448 1019 3618 1075; x_wconf 90' lang='lat' dir='ltr'><strong>fuisse</strong></span> 
     </span>
    </p>
   </div>
   <div class='ocr_carea' id='block_1_53' title="bbox 2026 1112 3613 1186">
    <p class='ocr_par' dir='ltr' id='par_1_53' title="bbox 2026 1112 3613 1186">
     <span class='ocr_line' id='line_1_53' title="bbox 2026 1112 3613 1186; baseline -0.001 -18"><span class='ocrx_word' id='word_1_368' title='bbox 2026 1112 2248 1170; x_wconf 78' lang='lat' dir='ltr'><strong>fratrem</strong></span> <span class='ocrx_word' id='word_1_369' title='bbox 2281 1117 2537 1186; x_wconf 84' lang='lat' dir='ltr'><strong>superius</strong></span> <span class='ocrx_word' id='word_1_370' title='bbox 2574 1114 2837 1175; x_wconf 78' lang='lat' dir='ltr'><strong>diximus,</strong></span> <span class='ocrx_word' id='word_1_371' title='bbox 2882 1113 3092 1169; x_wconf 75' lang='lat' dir='ltr'><strong>auxilio</strong></span> <span class='ocrx_word' id='word_1_372' title='bbox 3144 1114 3297 1168; x_wconf 82' lang='lat' dir='ltr'><strong>venit</strong></span> <span class='ocrx_word' id='word_1_373' title='bbox 3328 1113 3613 1167; x_wconf 88' lang='lat' dir='ltr'><strong>celeritate</strong></span> 
     </span>
    </p>
   </div>
   <div class='ocr_carea' id='block_1_54' title="bbox 2024 1201 3609 1275">
    <p class='ocr_par' dir='ltr' id='par_1_54' title="bbox 2024 1201 3609 1275">
     <span class='ocr_line' id='line_1_54' title="bbox 2024 1201 3609 1275; baseline -0.002 -15"><span class='ocrx_word' id='word_1_374' title='bbox 2024 1220 2243 1275; x_wconf 87' lang='lat' dir='ltr'><strong>magna,</strong></span> <span class='ocrx_word' id='word_1_375' title='bbox 2271 1220 2436 1275; x_wconf 89' lang='lat' dir='ltr'><strong>quem</strong></span> <span class='ocrx_word' id='word_1_376' title='bbox 2465 1205 2796 1274; x_wconf 81' lang='lat' dir='ltr'><strong>Bryenniani</strong></span> <span class='ocrx_word' id='word_1_377' title='bbox 2836 1205 3089 1259; x_wconf 81' lang='lat' dir='ltr'><strong>videntes</strong></span> <span class='ocrx_word' id='word_1_378' title='bbox 3118 1203 3383 1258; x_wconf 83' lang='lat' dir='ltr'><strong>audacius</strong></span> <span class='ocrx_word' id='word_1_379' title='bbox 3411 1201 3609 1257; x_wconf 82' lang='lat' dir='ltr'><strong>Turcis</strong></span> 
     </span>
    </p>
   </div>
   <div class='ocr_carea' id='block_1_55' title="bbox 2022 1294 3612 1370">
    <p class='ocr_par' dir='ltr' id='par_1_55' title="bbox 2022 1294 3612 1370">
     <span class='ocr_line' id='line_1_55' title="bbox 2022 1294 3612 1370; baseline -0.003 -17"><span class='ocrx_word' id='word_1_380' title='bbox 2022 1299 2355 1353; x_wconf 85' lang='lat' dir='ltr'><strong>resistebant</strong></span> <span class='ocrx_word' id='word_1_381' title='bbox 2374 1299 2428 1352; x_wconf 88' lang='lat' dir='ltr'><strong>in</strong></span> <span class='ocrx_word' id='word_1_382' title='bbox 2448 1312 2649 1370; x_wconf 80' lang='lat' dir='ltr'><strong>eosque</strong></span> <span class='ocrx_word' id='word_1_383' title='bbox 2672 1296 2817 1351; x_wconf 88' lang='lat' dir='ltr'><strong>ultro</strong></span> <span class='ocrx_word' id='word_1_384' title='bbox 2847 1296 3152 1351; x_wconf 84' lang='lat' dir='ltr'><strong>irruebant.</strong></span> <span class='ocrx_word' id='word_1_385' title='bbox 3184 1294 3245 1349; x_wconf 90' lang='lat' dir='ltr'><strong>lli</strong></span> <span class='ocrx_word' id='word_1_386' title='bbox 3273 1311 3401 1350; x_wconf 80' lang='lat' dir='ltr'><strong>vero</strong></span> <span class='ocrx_word' id='word_1_387' title='bbox 3419 1310 3612 1350; x_wconf 87' lang='lat' dir='ltr'><strong>rursus</strong></span> 
     </span>
    </p>
   </div>
   <div class='ocr_carea' id='block_1_56' title="bbox 2023 1388 3611 1462">
    <p class='ocr_par' dir='ltr' id='par_1_56' title="bbox 2023 1388 3611 1462">
     <span class='ocr_line' id='line_1_56' title="bbox 2023 1388 3611 1462; baseline -0.004 -14"><span class='ocrx_word' id='word_1_388' title='bbox 2023 1392 2320 1448; x_wconf 89' lang='lat' dir='ltr'><strong>artiticiosa</strong></span> <span class='ocrx_word' id='word_1_389' title='bbox 2350 1391 2475 1462; x_wconf 85' lang='lat' dir='ltr'><strong>fuga</strong></span> <span class='ocrx_word' id='word_1_390' title='bbox 2524 1401 2813 1447; x_wconf 79' lang='lat' dir='ltr'><strong>cesserunt</strong></span> <span class='ocrx_word' id='word_1_391' title='bbox 2841 1409 2856 1446; x_wconf 73' lang='grc' dir='ltr'><strong>ε</strong></span> <span class='ocrx_word' id='word_1_392' title='bbox 2890 1406 2992 1445; x_wconf 77' lang='lat' dir='ltr'><strong>nec</strong></span> <span class='ocrx_word' id='word_1_393' title='bbox 3043 1403 3189 1444; x_wconf 86' lang='lat' dir='ltr'><strong>retro</strong></span> <span class='ocrx_word' id='word_1_394' title='bbox 3221 1388 3352 1443; x_wconf 87' lang='lat' dir='ltr'><strong>ferri</strong></span> <span class='ocrx_word' id='word_1_395' title='bbox 3383 1389 3611 1443; x_wconf 80' lang='lat' dir='ltr'><strong>destite-</strong></span> 
     </span>
    </p>
   </div>
   <div class='ocr_carea' id='block_1_57' title="bbox 2022 1479 3607 1557">
    <p class='ocr_par' dir='ltr' id='par_1_57' title="bbox 2022 1479 3607 1557">
     <span class='ocr_line' id='line_1_57' title="bbox 2022 1479 3607 1557; baseline -0.004 -16"><span class='ocrx_word' id='word_1_396' title='bbox 2022 1495 2156 1542; x_wconf 89' lang='lat' dir='ltr'><strong>runt</strong></span> <span class='ocrx_word' id='word_1_397' title='bbox 2193 1487 2515 1557; x_wconf 83' lang='lat' dir='ltr'><strong>priusquam</strong></span> <span class='ocrx_word' id='word_1_398' title='bbox 2560 1486 2920 1554; x_wconf 85' lang='lat' dir='ltr'><strong>insequentes</strong></span> <span class='ocrx_word' id='word_1_399' title='bbox 2968 1483 3024 1538; x_wconf 89' lang='lat' dir='ltr'><strong>in</strong></span> <span class='ocrx_word' id='word_1_400' title='bbox 3064 1482 3336 1538; x_wconf 87' lang='lat' dir='ltr'><strong>secundas</strong></span> <span class='ocrx_word' id='word_1_401' title='bbox 3381 1479 3607 1536; x_wconf 84' lang='lat' dir='ltr'><strong>insidias</strong></span> 
     </span>
    </p>
   </div>
   <div class='ocr_carea' id='block_1_58' title="bbox 2023 1571 3606 1649">
    <p class='ocr_par' dir='ltr' id='par_1_58' title="bbox 2023 1571 3606 1649">
     <span class='ocr_line' id='line_1_58' title="bbox 2023 1571 3606 1649; baseline -0.004 -17"><span class='ocrx_word' id='word_1_402' title='bbox 2023 1578 2436 1649; x_wconf 78' lang='lat' dir='ltr'><strong>pertraxissent.</strong></span> <span class='ocrx_word' id='word_1_403' title='bbox 2486 1575 2644 1642; x_wconf 84' lang='lat' dir='ltr'><strong>Quod</strong></span> <span class='ocrx_word' id='word_1_404' title='bbox 2701 1591 2826 1630; x_wconf 88' lang='lat' dir='ltr'><strong>cum</strong></span> <span class='ocrx_word' id='word_1_405' title='bbox 2869 1582 3015 1630; x_wconf 78' lang='lat' dir='ltr'><strong>esset</strong></span> <span class='ocrx_word' id='word_1_406' title='bbox 3040 1572 3268 1638; x_wconf 91' lang='lat' dir='ltr'><strong>factum,</strong></span> <span class='ocrx_word' id='word_1_407' title='bbox 3317 1571 3469 1626; x_wconf 88' lang='lat' dir='ltr'><strong>mnhi</strong></span> <span class='ocrx_word' id='word_1_408' title='bbox 3516 1585 3606 1625; x_wconf 86' lang='lat' dir='ltr'><strong>re-</strong></span> 
     </span>
    </p>
   </div>
   <div class='ocr_carea' id='block_1_59' title="bbox 2025 1664 3611 1741">
    <p class='ocr_par' dir='ltr' id='par_1_59' title="bbox 2025 1664 3611 1741">
     <span class='ocr_line' id='line_1_59' title="bbox 2025 1664 3611 1741; baseline -0.006 -17"><span class='ocrx_word' id='word_1_409' title='bbox 2025 1681 2187 1741; x_wconf 91' lang='lat' dir='ltr'><strong>pente</strong></span> <span class='ocrx_word' id='word_1_410' title='bbox 2245 1669 2717 1738; x_wconf 77' lang='lat' dir='ltr'><strong>ltryennianorum</strong></span> <span class='ocrx_word' id='word_1_411' title='bbox 2777 1667 3116 1731; x_wconf 85' lang='lat' dir='ltr'><strong>ceciderunt,</strong></span> <span class='ocrx_word' id='word_1_412' title='bbox 3163 1664 3367 1731; x_wconf 78' lang='lat' dir='ltr'><strong>aliique</strong></span> <span class='ocrx_word' id='word_1_413' title='bbox 3417 1677 3611 1716; x_wconf 85' lang='lat' dir='ltr'><strong>omnes</strong></span> 
     </span>
    </p>
   </div>
   <div class='ocr_carea' id='block_1_60' title="bbox 2023 1755 3616 1831">
    <p class='ocr_par' dir='ltr' id='par_1_60' title="bbox 2023 1755 3616 1831">
     <span class='ocr_line' id='line_1_60' title="bbox 2023 1755 3616 1831; baseline -0.005 -14"><span class='ocrx_word' id='word_1_414' title='bbox 2023 1761 2209 1831; x_wconf 80' lang='lat' dir='ltr'><strong>fugam</strong></span> <span class='ocrx_word' id='word_1_415' title='bbox 2256 1760 2401 1814; x_wconf 85' lang='lat' dir='ltr'><strong>haud</strong></span> <span class='ocrx_word' id='word_1_416' title='bbox 2437 1760 2604 1814; x_wconf 88' lang='lat' dir='ltr'><strong>dubie</strong></span> <span class='ocrx_word' id='word_1_417' title='bbox 2652 1758 2974 1827; x_wconf 82' lang='lat' dir='ltr'><strong>spectabant</strong></span> <span class='ocrx_word' id='word_1_418' title='bbox 3019 1774 3035 1812; x_wconf 87' lang='lat'><strong>:</strong></span> <span class='ocrx_word' id='word_1_419' title='bbox 3100 1772 3210 1825; x_wconf 91' lang='lat' dir='ltr'><strong>quo</strong></span> <span class='ocrx_word' id='word_1_420' title='bbox 3269 1755 3616 1824; x_wconf 74' lang='lat' dir='ltr'><strong>curopulatrs</strong></span> 
     </span>
    </p>
   </div>
   <div class='ocr_carea' id='block_1_61' title="bbox 2024 1849 3612 1927">
    <p class='ocr_par' dir='ltr' id='par_1_61' title="bbox 2024 1849 3612 1927">
     <span class='ocr_line' id='line_1_61' title="bbox 2024 1849 3612 1927; baseline -0.006 -16"><span class='ocrx_word' id='word_1_421' title='bbox 2024 1859 2166 1921; x_wconf 84' lang='lat' dir='ltr'><strong>viso,</strong></span> <span class='ocrx_word' id='word_1_422' title='bbox 2190 1857 2391 1927; x_wconf 80' lang='lat' dir='ltr'><strong>raptim</strong></span> <span class='ocrx_word' id='word_1_423' title='bbox 2418 1856 2696 1926; x_wconf 69' lang='lat' dir='ltr'><strong>Sttppelias</strong></span> <span class='ocrx_word' id='word_1_424' title='bbox 2736 1855 2947 1909; x_wconf 88' lang='lat' dir='ltr'><strong>laturus</strong></span> <span class='ocrx_word' id='word_1_425' title='bbox 2976 1866 3300 1914; x_wconf 85' lang='lat' dir='ltr'><strong>accurrens,</strong></span> <span class='ocrx_word' id='word_1_426' title='bbox 3323 1849 3528 1903; x_wconf 89' lang='lat' dir='ltr'><strong>multos</strong></span> <span class='ocrx_word' id='word_1_427' title='bbox 3548 1864 3612 1901; x_wconf 81' lang='lat' dir='ltr'><strong>rx</strong></span> 
     </span>
    </p>
   </div>
   <div class='ocr_carea' id='block_1_62' title="bbox 2026 1939 3618 2017">
    <p class='ocr_par' dir='ltr' id='par_1_62' title="bbox 2026 1939 3618 2017">
     <span class='ocr_line' id='line_1_62' title="bbox 2026 1939 3618 2017; baseline -0.008 -13"><span class='ocrx_word' id='word_1_428' title='bbox 2026 1948 2328 2016; x_wconf 81' lang='lat' dir='ltr'><strong>Alexianis,</strong></span> <span class='ocrx_word' id='word_1_429' title='bbox 2360 1939 2514 2003; x_wconf 85' lang='lat' dir='ltr'><strong>versa</strong></span> <span class='ocrx_word' id='word_1_430' title='bbox 2542 1946 2655 2017; x_wconf 88' lang='lat' dir='ltr'><strong>jam</strong></span> <span class='ocrx_word' id='word_1_431' title='bbox 2693 1947 2830 2012; x_wconf 82' lang='lat' dir='ltr'><strong>vice,</strong></span> <span class='ocrx_word' id='word_1_432' title='bbox 2876 1944 3291 2015; x_wconf 81' lang='lat' dir='ltr'><strong>insequentibus</strong></span> <span class='ocrx_word' id='word_1_433' title='bbox 3340 1940 3536 1997; x_wconf 89' lang='lat' dir='ltr'><strong>occidit</strong></span> <span class='ocrx_word' id='word_1_434' title='bbox 3562 1948 3618 1993; x_wconf 91' lang='lat' dir='ltr'><strong>et</strong></span> 
     </span>
    </p>
   </div>
   <div class='ocr_carea' id='block_1_63' title="bbox 2025 2033 3613 2112">
    <p class='ocr_par' dir='ltr' id='par_1_63' title="bbox 2025 2033 3613 2112">
     <span class='ocr_line' id='line_1_63' title="bbox 2025 2033 3613 2112; baseline -0.009 -15"><span class='ocrx_word' id='word_1_435' title='bbox 2025 2040 2295 2112; x_wconf 80' lang='lat' dir='ltr'><strong>fugientes</strong></span> <span class='ocrx_word' id='word_1_436' title='bbox 2322 2055 2451 2096; x_wconf 87' lang='lat' dir='ltr'><strong>suos</strong></span> <span class='ocrx_word' id='word_1_437' title='bbox 2485 2041 2809 2094; x_wconf 84' lang='lat' dir='ltr'><strong>hortabatur</strong></span> <span class='ocrx_word' id='word_1_438' title='bbox 2838 2046 2899 2092; x_wconf 88' lang='lat' dir='ltr'><strong>ut</strong></span> <span class='ocrx_word' id='word_1_439' title='bbox 2927 2044 3233 2092; x_wconf 89' lang='lat' dir='ltr'><strong>manerent.</strong></span> <span class='ocrx_word' id='word_1_440' title='bbox 3269 2033 3373 2089; x_wconf 85' lang='lat' dir='ltr'><strong>Sed</strong></span> <span class='ocrx_word' id='word_1_441' title='bbox 3408 2035 3613 2087; x_wconf 85' lang='lat' dir='ltr'><strong>frustra</strong></span> 
     </span>
    </p>
   </div>
   <div class='ocr_carea' id='block_1_64' title="bbox 2025 2122 3614 2199">
    <p class='ocr_par' dir='ltr' id='par_1_64' title="bbox 2025 2122 3614 2199">
     <span class='ocr_line' id='line_1_64' title="bbox 2025 2122 3614 2199; baseline -0.008 -10"><span class='ocrx_word' id='word_1_442' title='bbox 2025 2134 2411 2189; x_wconf 82' lang='lat' dir='ltr'><strong>contendebat.</strong></span> <span class='ocrx_word' id='word_1_443' title='bbox 2439 2129 2645 2186; x_wconf 86' lang='lat' dir='ltr'><strong>Omnes</strong></span> <span class='ocrx_word' id='word_1_444' title='bbox 2675 2131 2820 2184; x_wconf 89' lang='lat' dir='ltr'><strong>enim</strong></span> <span class='ocrx_word' id='word_1_445' title='bbox 2856 2129 2980 2199; x_wconf 85' lang='lat' dir='ltr'><strong>ipso</strong></span> <span class='ocrx_word' id='word_1_446' title='bbox 3006 2141 3131 2183; x_wconf 87' lang='lat' dir='ltr'><strong>cum</strong></span> <span class='ocrx_word' id='word_1_447' title='bbox 3168 2127 3338 2180; x_wconf 84' lang='lat' dir='ltr'><strong>lratre</strong></span> <span class='ocrx_word' id='word_1_448' title='bbox 3371 2132 3425 2179; x_wconf 90' lang='lat' dir='ltr'><strong>et</strong></span> <span class='ocrx_word' id='word_1_449' title='bbox 3451 2122 3614 2191; x_wconf 88' lang='lat' dir='ltr'><strong>hujus</strong></span> 
     </span>
    </p>
   </div>
   <div class='ocr_carea' id='block_1_65' title="bbox 2026 2213 3610 2286">
    <p class='ocr_par' dir='ltr' id='par_1_65' title="bbox 2026 2213 3610 2286">
     <span class='ocr_line' id='line_1_65' title="bbox 2026 2213 3610 2286; baseline -0.008 -7"><span class='ocrx_word' id='word_1_450' title='bbox 2026 2225 2140 2280; x_wconf 83' lang='lat' dir='ltr'><strong>filio</strong></span> <span class='ocrx_word' id='word_1_451' title='bbox 2196 2225 2405 2279; x_wconf 83' lang='lat' dir='ltr'><strong>relictis</strong></span> <span class='ocrx_word' id='word_1_452' title='bbox 2470 2229 2842 2278; x_wconf 88' lang='lat' dir='ltr'><strong>recesserunt.</strong></span> <span class='ocrx_word' id='word_1_453' title='bbox 2911 2218 2978 2273; x_wconf 86' lang='lat' dir='ltr'><strong>Hi</strong></span> <span class='ocrx_word' id='word_1_454' title='bbox 3041 2233 3210 2286; x_wconf 87' lang='lat' dir='ltr'><strong>porro</strong></span> <span class='ocrx_word' id='word_1_455' title='bbox 3265 2213 3610 2271; x_wconf 72' lang='lat' dir='ltr'><strong>memorabili</strong></span> 
     </span>
    </p>
   </div>
   <div class='ocr_carea' id='block_1_66' title="bbox 2024 2310 3615 2388">
    <p class='ocr_par' dir='ltr' id='par_1_66' title="bbox 2024 2310 3615 2388">
     <span class='ocr_line' id='line_1_66' title="bbox 2024 2310 3615 2388; baseline -0.008 -17"><span class='ocrx_word' id='word_1_456' title='bbox 2024 2331 2204 2388; x_wconf 86' lang='lat' dir='ltr'><strong>pugna</strong></span> <span class='ocrx_word' id='word_1_457' title='bbox 2231 2315 2378 2371; x_wconf 88' lang='lat' dir='ltr'><strong>edita</strong></span> <span class='ocrx_word' id='word_1_458' title='bbox 2401 2314 2700 2384; x_wconf 87' lang='lat' dir='ltr'><strong>multisque</strong></span> <span class='ocrx_word' id='word_1_459' title='bbox 2720 2312 3031 2367; x_wconf 90' lang='lat' dir='ltr'><strong>Turcorum</strong></span> <span class='ocrx_word' id='word_1_460' title='bbox 3054 2310 3302 2379; x_wconf 79' lang='lat' dir='ltr'><strong>dejectis,</strong></span> <span class='ocrx_word' id='word_1_461' title='bbox 3323 2314 3615 2378; x_wconf 84' lang='lat' dir='ltr'><strong>postquam</strong></span> 
     </span>
    </p>
   </div>
   <div class='ocr_carea' id='block_1_67' title="bbox 2025 2403 3618 2481">
    <p class='ocr_par' dir='ltr' id='par_1_67' title="bbox 2025 2403 3618 2481">
     <span class='ocr_line' id='line_1_67' title="bbox 2025 2403 3618 2481; baseline -0.008 -14"><span class='ocrx_word' id='word_1_462' title='bbox 2025 2414 2341 2468; x_wconf 86' lang='lat' dir='ltr'><strong>universam</strong></span> <span class='ocrx_word' id='word_1_463' title='bbox 2375 2410 2698 2481; x_wconf 82' lang='lat' dir='ltr'><strong>phalangem</strong></span> <span class='ocrx_word' id='word_1_464' title='bbox 2718 2407 3040 2477; x_wconf 81' lang='lat' dir='ltr'><strong>dissipatam</strong></span> <span class='ocrx_word' id='word_1_465' title='bbox 3061 2406 3335 2467; x_wconf 77' lang='lat' dir='ltr'><strong>viderunt,</strong></span> <span class='ocrx_word' id='word_1_466' title='bbox 3363 2403 3618 2458; x_wconf 88' lang='lat' dir='ltr'><strong>abierunt</strong></span> 
     </span>
    </p>
   </div>
   <div class='ocr_carea' id='block_1_68' title="bbox 2029 2494 3611 2576">
    <p class='ocr_par' dir='ltr' id='par_1_68' title="bbox 2029 2494 3611 2576">
     <span class='ocr_line' id='line_1_68' title="bbox 2029 2494 3611 2576; baseline -0.009 -16"><span class='ocrx_word' id='word_1_467' title='bbox 2029 2504 2186 2576; x_wconf 68' lang='grc'><strong>143</strong></span> <span class='ocrx_word' id='word_1_468' title='bbox 2211 2513 2266 2558; x_wconf 90' lang='lat' dir='ltr'><strong>et</strong></span> <span class='ocrx_word' id='word_1_469' title='bbox 2302 2503 2404 2573; x_wconf 88' lang='lat' dir='ltr'><strong>ipsi</strong></span> <span class='ocrx_word' id='word_1_470' title='bbox 2433 2501 2727 2572; x_wconf 83' lang='lat' dir='ltr'><strong>fugientes,</strong></span> <span class='ocrx_word' id='word_1_471' title='bbox 2761 2498 2960 2555; x_wconf 86' lang='lat' dir='ltr'><strong>Turcis</strong></span> <span class='ocrx_word' id='word_1_472' title='bbox 2990 2513 3021 2552; x_wconf 87' lang='lat' dir='ltr'><strong>a</strong></span> <span class='ocrx_word' id='word_1_473' title='bbox 3060 2506 3215 2567; x_wconf 81' lang='lat' dir='ltr'><strong>tergo</strong></span> <span class='ocrx_word' id='word_1_474' title='bbox 3247 2494 3611 2550; x_wconf 78' lang='lat' dir='ltr'><strong>instantibus.</strong></span> 
     </span>
    </p>
   </div>
   <div class='ocr_carea' id='block_1_69' title="bbox 2025 2586 3611 2664">
    <p class='ocr_par' dir='ltr' id='par_1_69' title="bbox 2025 2586 3611 2664">
     <span class='ocr_line' id='line_1_69' title="bbox 2025 2586 3611 2664; baseline -0.008 -16"><span class='ocrx_word' id='word_1_475' title='bbox 2025 2596 2209 2664; x_wconf 80' lang='lat' dir='ltr'><strong>Quare</strong></span> <span class='ocrx_word' id='word_1_476' title='bbox 2262 2595 2339 2649; x_wconf 88' lang='lat' dir='ltr'><strong>illi</strong></span> <span class='ocrx_word' id='word_1_477' title='bbox 2371 2594 2566 2649; x_wconf 90' lang='lat' dir='ltr'><strong>crebro</strong></span> <span class='ocrx_word' id='word_1_478' title='bbox 2593 2593 2650 2648; x_wconf 85' lang='lat' dir='ltr'><strong>in</strong></span> <span class='ocrx_word' id='word_1_479' title='bbox 2682 2607 2779 2648; x_wconf 79' lang='lat' dir='ltr'><strong>eos</strong></span> <span class='ocrx_word' id='word_1_480' title='bbox 2818 2588 3079 2645; x_wconf 80' lang='lat' dir='ltr'><strong>conversi</strong></span> <span class='ocrx_word' id='word_1_481' title='bbox 3115 2603 3309 2643; x_wconf 89' lang='lat' dir='ltr'><strong>eorum</strong></span> <span class='ocrx_word' id='word_1_482' title='bbox 3346 2586 3611 2654; x_wconf 89' lang='lat' dir='ltr'><strong>impetum</strong></span> 
     </span>
    </p>
   </div>
   <div class='ocr_carea' id='block_1_70' title="bbox 2023 2676 3616 2755">
    <p class='ocr_par' dir='ltr' id='par_1_70' title="bbox 2023 2676 3616 2755">
     <span class='ocr_line' id='line_1_70' title="bbox 2023 2676 3616 2755; baseline -0.011 -9"><span class='ocrx_word' id='word_1_483' title='bbox 2023 2691 2304 2746; x_wconf 77' lang='lat' dir='ltr'><strong>retardare</strong></span> <span class='ocrx_word' id='word_1_484' title='bbox 2328 2688 2671 2744; x_wconf 89' lang='lat' dir='ltr'><strong>conabantur</strong></span> <span class='ocrx_word' id='word_1_485' title='bbox 2703 2703 2718 2739; x_wconf 91' lang='lat'><strong>:</strong></span> <span class='ocrx_word' id='word_1_486' title='bbox 2758 2684 2939 2755; x_wconf 88' lang='lat' dir='ltr'><strong>quoad</strong></span> <span class='ocrx_word' id='word_1_487' title='bbox 2977 2697 3156 2753; x_wconf 87' lang='lat' dir='ltr'><strong>equus</strong></span> <span class='ocrx_word' id='word_1_488' title='bbox 3191 2680 3279 2735; x_wconf 90' lang='lat' dir='ltr'><strong>cui</strong></span> <span class='ocrx_word' id='word_1_489' title='bbox 3310 2676 3616 2749; x_wconf 82' lang='lat' dir='ltr'><strong>Bryennius</strong></span> 
     </span>
    </p>
   </div>
   <div class='ocr_carea' id='block_1_71' title="bbox 2023 2771 3611 2842">
    <p class='ocr_par' dir='ltr' id='par_1_71' title="bbox 2023 2771 3611 2842">
     <span class='ocr_line' id='line_1_71' title="bbox 2023 2771 3611 2842; baseline -0.01 -1"><span class='ocrx_word' id='word_1_490' title='bbox 2023 2785 2299 2840; x_wconf 66' lang='lat' dir='ltr'><strong>insidebat</strong></span> <span class='ocrx_word' id='word_1_491' title='bbox 2340 2784 2529 2838; x_wconf 88' lang='lat' dir='ltr'><strong>labore</strong></span> <span class='ocrx_word' id='word_1_492' title='bbox 2572 2779 2782 2835; x_wconf 87' lang='lat' dir='ltr'><strong>fractus</strong></span> <span class='ocrx_word' id='word_1_493' title='bbox 2820 2778 3035 2833; x_wconf 82' lang='lat' dir='ltr'><strong>viribus</strong></span> <span class='ocrx_word' id='word_1_494' title='bbox 3066 2775 3304 2831; x_wconf 86' lang='lat' dir='ltr'><strong>‘destitui</strong></span> <span class='ocrx_word' id='word_1_495' title='bbox 3352 2775 3520 2842; x_wconf 73' lang='lat' dir='ltr'><strong>cmpit</strong></span> <span class='ocrx_word' id='word_1_496' title='bbox 3545 2771 3611 2825; x_wconf 90' lang='lat' dir='ltr'><strong>ad</strong></span> 
     </span>
    </p>
   </div>
   <div class='ocr_carea' id='block_1_72' title="bbox 2026 2862 3612 2948">
    <p class='ocr_par' dir='ltr' id='par_1_72' title="bbox 2026 2862 3612 2948">
     <span class='ocr_line' id='line_1_72' title="bbox 2026 2862 3612 2948; baseline -0.008 -18"><span class='ocrx_word' id='word_1_497' title='bbox 2026 2892 2189 2948; x_wconf 90' lang='lat' dir='ltr'><strong>porro</strong></span> <span class='ocrx_word' id='word_1_498' title='bbox 2236 2872 2594 2945; x_wconf 84' lang='lat' dir='ltr'><strong>pergendum.</strong></span> <span class='ocrx_word' id='word_1_499' title='bbox 2666 2868 2789 2936; x_wconf 84' lang='lat' dir='ltr'><strong>Quo</strong></span> <span class='ocrx_word' id='word_1_500' title='bbox 2846 2883 2978 2922; x_wconf 84' lang='lat' dir='ltr'><strong>casu</strong></span> <span class='ocrx_word' id='word_1_501' title='bbox 3025 2869 3436 2923; x_wconf 86' lang='lat' dir='ltr'><strong>circumventus</strong></span> <span class='ocrx_word' id='word_1_502' title='bbox 3495 2862 3612 2931; x_wconf 85' lang='lat' dir='ltr'><strong>ipse</strong></span> 
     </span>
    </p>
   </div>
   <div class='ocr_carea' id='block_1_73' title="bbox 2025 2952 3614 3040">
    <p class='ocr_par' dir='ltr' id='par_1_73' title="bbox 2025 2952 3614 3040">
     <span class='ocr_line' id='line_1_73' title="bbox 2025 2952 3614 3040; baseline -0.011 -16"><span class='ocrx_word' id='word_1_503' title='bbox 2025 2969 2244 3040; x_wconf 87' lang='lat' dir='ltr'><strong>quidem</strong></span> <span class='ocrx_word' id='word_1_504' title='bbox 2270 2967 2420 3021; x_wconf 91' lang='lat' dir='ltr'><strong>lento</strong></span> <span class='ocrx_word' id='word_1_505' title='bbox 2452 2970 2613 3034; x_wconf 89' lang='lat' dir='ltr'><strong>prout</strong></span> <span class='ocrx_word' id='word_1_506' title='bbox 2641 2969 2857 3032; x_wconf 89' lang='lat' dir='ltr'><strong>poterat</strong></span> <span class='ocrx_word' id='word_1_507' title='bbox 2887 2974 3051 3029; x_wconf 89' lang='lat' dir='ltr'><strong>passu</strong></span> <span class='ocrx_word' id='word_1_508' title='bbox 3083 2956 3452 3028; x_wconf 86' lang='lat' dir='ltr'><strong>procedebat;</strong></span> <span class='ocrx_word' id='word_1_509' title='bbox 3498 2952 3614 3008; x_wconf 82' lang='lat' dir='ltr'><strong>fra-</strong></span> 
     </span>
    </p>
   </div>
   <div class='ocr_carea' id='block_1_74' title="bbox 2027 3047 3614 3128">
    <p class='ocr_par' dir='ltr' id='par_1_74' title="bbox 2027 3047 3614 3128">
     <span class='ocr_line' id='line_1_74' title="bbox 2027 3047 3614 3128; baseline -0.011 -10"><span class='ocrx_word' id='word_1_510' title='bbox 2027 3071 2107 3118; x_wconf 90' lang='lat' dir='ltr'><strong>ter</strong></span> <span class='ocrx_word' id='word_1_511' title='bbox 2139 3076 2270 3117; x_wconf 83' lang='lat' dir='ltr'><strong>vero</strong></span> <span class='ocrx_word' id='word_1_512' title='bbox 2306 3060 2425 3128; x_wconf 84' lang='lat' dir='ltr'><strong>ejus</strong></span> <span class='ocrx_word' id='word_1_513' title='bbox 2460 3066 2515 3111; x_wconf 88' lang='lat' dir='ltr'><strong>et</strong></span> <span class='ocrx_word' id='word_1_514' title='bbox 2547 3057 2713 3119; x_wconf 80' lang='lat' dir='ltr'><strong>illius,</strong></span> <span class='ocrx_word' id='word_1_515' title='bbox 2755 3066 2916 3109; x_wconf 87' lang='lat' dir='ltr'><strong>verso</strong></span> <span class='ocrx_word' id='word_1_516' title='bbox 2956 3050 3157 3122; x_wconf 66' lang='lat' dir='ltr'><strong>sacpius</strong></span> <span class='ocrx_word' id='word_1_517' title='bbox 3195 3049 3375 3115; x_wconf 81' lang='lat' dir='ltr'><strong>vultu,</strong></span> <span class='ocrx_word' id='word_1_518' title='bbox 3403 3047 3614 3102; x_wconf 66' lang='lat' dir='ltr'><strong>Turcos</strong></span> 
     </span>
    </p>
   </div>
   <div class='ocr_carea' id='block_1_75' title="bbox 2027 3154 2425 3226">
    <p class='ocr_par' dir='ltr' id='par_1_75' title="bbox 2027 3154 2425 3226">
     <span class='ocr_line' id='line_1_75' title="bbox 2027 3154 2425 3226; baseline -0.008 -15"><span class='ocrx_word' id='word_1_519' title='bbox 2027 3154 2425 3226; x_wconf 83' lang='lat' dir='ltr'><strong>reprimebant.</strong></span> 
     </span>
    </p>
   </div>
   <div class='ocr_carea' id='block_1_76' title="bbox 2106 3229 3616 3313">
    <p class='ocr_par' dir='ltr' id='par_1_76' title="bbox 2106 3229 3616 3313">
     <span class='ocr_line' id='line_1_76' title="bbox 2106 3229 3616 3313; baseline -0.013 -13"><span class='ocrx_word' id='word_1_520' title='bbox 2106 3246 2190 3300; x_wconf 77' lang='lat' dir='ltr'><strong>l5.</strong></span> <span class='ocrx_word' id='word_1_521' title='bbox 2231 3245 2309 3298; x_wconf 88' lang='lat' dir='ltr'><strong>Ac</strong></span> <span class='ocrx_word' id='word_1_522' title='bbox 2338 3240 2521 3313; x_wconf 87' lang='lat' dir='ltr'><strong>quoad</strong></span> <span class='ocrx_word' id='word_1_523' title='bbox 2551 3237 2772 3311; x_wconf 88' lang='lat' dir='ltr'><strong>quidem</strong></span> <span class='ocrx_word' id='word_1_524' title='bbox 2805 3252 2914 3292; x_wconf 91' lang='lat' dir='ltr'><strong>non</strong></span> <span class='ocrx_word' id='word_1_525' title='bbox 2956 3235 3032 3291; x_wconf 88' lang='lat' dir='ltr'><strong>ita</strong></span> <span class='ocrx_word' id='word_1_526' title='bbox 3071 3246 3269 3303; x_wconf 84' lang='lat' dir='ltr'><strong>magna</strong></span> <span class='ocrx_word' id='word_1_527' title='bbox 3319 3229 3616 3300; x_wconf 72' lang='lat' dir='ltr'><strong>insequen-</strong></span> 
     </span>
    </p>
   </div>
   <div class='ocr_carea' id='block_1_77' title="bbox 2022 3321 3614 3400">
    <p class='ocr_par' dir='ltr' id='par_1_77' title="bbox 2022 3321 3614 3400">
     <span class='ocr_line' id='line_1_77' title="bbox 2022 3321 3614 3400; baseline -0.013 -6"><span class='ocrx_word' id='word_1_528' title='bbox 2022 3339 2157 3394; x_wconf 89' lang='lat' dir='ltr'><strong>tium</strong></span> <span class='ocrx_word' id='word_1_529' title='bbox 2190 3334 2482 3392; x_wconf 86' lang='lat' dir='ltr'><strong>mnltitndo</strong></span> <span class='ocrx_word' id='word_1_530' title='bbox 2511 3346 2649 3397; x_wconf 82' lang='lat' dir='ltr'><strong>erat,</strong></span> <span class='ocrx_word' id='word_1_531' title='bbox 2677 3338 2955 3400; x_wconf 88' lang='lat' dir='ltr'><strong>receptum</strong></span> <span class='ocrx_word' id='word_1_532' title='bbox 3002 3327 3137 3383; x_wconf 85' lang='lat' dir='ltr'><strong>satis</strong></span> <span class='ocrx_word' id='word_1_533' title='bbox 3174 3323 3464 3381; x_wconf 88' lang='lat' dir='ltr'><strong>commode</strong></span> <span class='ocrx_word' id='word_1_534' title='bbox 3512 3321 3614 3375; x_wconf 83' lang='lat' dir='ltr'><strong>ad-</strong></span> 
     </span>
    </p>
   </div>
   <div class='ocr_carea' id='block_1_78' title="bbox 2024 3413 3615 3498">
    <p class='ocr_par' dir='ltr' id='par_1_78' title="bbox 2024 3413 3615 3498">
     <span class='ocr_line' id='line_1_78' title="bbox 2024 3413 3615 3498; baseline -0.013 -11"><span class='ocrx_word' id='word_1_535' title='bbox 2024 3431 2454 3488; x_wconf 84' lang='lat' dir='ltr'><strong>ministrabant:</strong></span> <span class='ocrx_word' id='word_1_536' title='bbox 2488 3435 2778 3498; x_wconf 88' lang='lat' dir='ltr'><strong>postquam</strong></span> <span class='ocrx_word' id='word_1_537' title='bbox 2826 3435 2959 3478; x_wconf 81' lang='lat' dir='ltr'><strong>vero</strong></span> <span class='ocrx_word' id='word_1_538' title='bbox 3003 3419 3163 3475; x_wconf 89' lang='lat' dir='ltr'><strong>multi</strong></span> <span class='ocrx_word' id='word_1_539' title='bbox 3216 3413 3615 3473; x_wconf 85' lang='lat' dir='ltr'><strong>concurrebant</strong></span> 
     </span>
    </p>
   </div>
   <div class='ocr_carea' id='block_1_79' title="bbox 2022 3507 3617 3594">
    <p class='ocr_par' dir='ltr' id='par_1_79' title="bbox 2022 3507 3617 3594">
     <span class='ocr_line' id='line_1_79' title="bbox 2022 3507 3617 3594; baseline -0.013 -13"><span class='ocrx_word' id='word_1_540' title='bbox 2022 3534 2073 3582; x_wconf 91' lang='lat' dir='ltr'><strong>et</strong></span> <span class='ocrx_word' id='word_1_541' title='bbox 2109 3522 2363 3594; x_wconf 86' lang='lat' dir='ltr'><strong>Bryennii</strong></span> <span class='ocrx_word' id='word_1_542' title='bbox 2409 3534 2589 3590; x_wconf 87' lang='lat' dir='ltr'><strong>equus</strong></span> <span class='ocrx_word' id='word_1_543' title='bbox 2636 3516 2812 3586; x_wconf 77' lang='lat' dir='ltr'><strong>magis</strong></span> <span class='ocrx_word' id='word_1_544' title='bbox 2852 3529 2918 3570; x_wconf 89' lang='lat' dir='ltr'><strong>ac</strong></span> <span class='ocrx_word' id='word_1_545' title='bbox 2969 3512 3139 3583; x_wconf 89' lang='lat' dir='ltr'><strong>magis</strong></span> <span class='ocrx_word' id='word_1_546' title='bbox 3167 3509 3429 3565; x_wconf 76' lang='lat' dir='ltr'><strong>deficiens</strong></span> <span class='ocrx_word' id='word_1_547' title='bbox 3456 3507 3617 3577; x_wconf 87' lang='lat' dir='ltr'><strong>plane</strong></span> 
     </span>
    </p>
   </div>
   <div class='ocr_carea' id='block_1_80' title="bbox 2018 3602 3616 3690">
    <p class='ocr_par' dir='ltr' id='par_1_80' title="bbox 2018 3602 3616 3690">
     <span class='ocr_line' id='line_1_80' title="bbox 2018 3602 3616 3690; baseline -0.013 -16"><span class='ocrx_word' id='word_1_548' title='bbox 2018 3620 2130 3690; x_wconf 84' lang='lat' dir='ltr'><strong>jam</strong></span> <span class='ocrx_word' id='word_1_549' title='bbox 2181 3615 2390 3671; x_wconf 86' lang='lat' dir='ltr'><strong>inutilis</strong></span> <span class='ocrx_word' id='word_1_550' title='bbox 2441 3614 2508 3667; x_wconf 90' lang='lat' dir='ltr'><strong>ad</strong></span> <span class='ocrx_word' id='word_1_551' title='bbox 2559 3625 2784 3666; x_wconf 90' lang='lat' dir='ltr'><strong>cursum</strong></span> <span class='ocrx_word' id='word_1_552' title='bbox 2823 3616 2961 3673; x_wconf 90' lang='lat' dir='ltr'><strong>erat,</strong></span> <span class='ocrx_word' id='word_1_553' title='bbox 2993 3604 3230 3661; x_wconf 89' lang='lat' dir='ltr'><strong>circuire</strong></span> <span class='ocrx_word' id='word_1_554' title='bbox 3282 3602 3432 3673; x_wconf 84' lang='lat' dir='ltr'><strong>ipsos</strong></span> <span class='ocrx_word' id='word_1_555' title='bbox 3476 3609 3532 3655; x_wconf 86' lang='lat' dir='ltr'><strong>et</strong></span> <span class='ocrx_word' id='word_1_556' title='bbox 3583 3614 3616 3654; x_wconf 92' lang='lat' dir='ltr'><strong>a</strong></span> 
     </span>
    </p>
   </div>
   <div class='ocr_carea' id='block_1_81' title="bbox 2024 3692 3620 3777">
    <p class='ocr_par' dir='ltr' id='par_1_81' title="bbox 2024 3692 3620 3777">
     <span class='ocr_line' id='line_1_81' title="bbox 2024 3692 3620 3777; baseline -0.013 -12"><span class='ocrx_word' id='word_1_557' title='bbox 2024 3710 2164 3765; x_wconf 87' lang='lat' dir='ltr'><strong>facie</strong></span> <span class='ocrx_word' id='word_1_558' title='bbox 2195 3704 2471 3777; x_wconf 74' lang='lat' dir='ltr'><strong>progressi</strong></span> <span class='ocrx_word' id='word_1_559' title='bbox 2518 3717 2578 3759; x_wconf 89' lang='lat' dir='ltr'><strong>se</strong></span> <span class='ocrx_word' id='word_1_560' title='bbox 2620 3701 2756 3772; x_wconf 89' lang='lat' dir='ltr'><strong>ipsis</strong></span> <span class='ocrx_word' id='word_1_561' title='bbox 2802 3698 3094 3754; x_wconf 87' lang='lat' dir='ltr'><strong>ostendere</strong></span> <span class='ocrx_word' id='word_1_562' title='bbox 3123 3697 3309 3751; x_wconf 85' lang='lat' dir='ltr'><strong>hostes</strong></span> <span class='ocrx_word' id='word_1_563' title='bbox 3336 3692 3620 3750; x_wconf 77' lang='lat' dir='ltr'><strong>conaban—</strong></span> 
     </span>
    </p>
   </div>
   <div class='ocr_carea' id='block_1_82' title="bbox 2026 3784 3618 3867">
    <p class='ocr_par' dir='ltr' id='par_1_82' title="bbox 2026 3784 3618 3867">
     <span class='ocr_line' id='line_1_82' title="bbox 2026 3784 3618 3867; baseline -0.014 -8"><span class='ocrx_word' id='word_1_564' title='bbox 2026 3813 2136 3859; x_wconf 91' lang='lat' dir='ltr'><strong>tur.</strong></span> <span class='ocrx_word' id='word_1_565' title='bbox 2176 3800 2281 3857; x_wconf 88' lang='lat' dir='ltr'><strong>Sed</strong></span> <span class='ocrx_word' id='word_1_566' title='bbox 2314 3798 2476 3853; x_wconf 87' lang='lat' dir='ltr'><strong>ambo</strong></span> <span class='ocrx_word' id='word_1_567' title='bbox 2504 3809 2700 3867; x_wconf 82' lang='lat' dir='ltr'><strong>magno</strong></span> <span class='ocrx_word' id='word_1_568' title='bbox 2731 3794 2933 3862; x_wconf 87' lang='lat' dir='ltr'><strong>impetu</strong></span> <span class='ocrx_word' id='word_1_569' title='bbox 2970 3790 3024 3843; x_wconf 91' lang='lat' dir='ltr'><strong>in</strong></span> <span class='ocrx_word' id='word_1_570' title='bbox 3054 3790 3239 3843; x_wconf 88' lang='lat' dir='ltr'><strong>hostes</strong></span> <span class='ocrx_word' id='word_1_571' title='bbox 3271 3785 3406 3841; x_wconf 88' lang='lat' dir='ltr'><strong>illati</strong></span> <span class='ocrx_word' id='word_1_572' title='bbox 3430 3824 3445 3847; x_wconf 83' lang='lat'><strong>.</strong></span> <span class='ocrx_word' id='word_1_573' title='bbox 3481 3784 3618 3838; x_wconf 87' lang='lat' dir='ltr'><strong>dno-</strong></span> 
     </span>
    </p>
   </div>
   <div class='ocr_carea' id='block_1_83' title="bbox 2024 3875 3623 3959">
    <p class='ocr_par' dir='ltr' id='par_1_83' title="bbox 2024 3875 3623 3959">
     <span class='ocr_line' id='line_1_83' title="bbox 2024 3875 3623 3959; baseline -0.017 -8"><span class='ocrx_word' id='word_1_574' title='bbox 2024 3895 2126 3951; x_wconf 89' lang='lat' dir='ltr'><strong>bus</strong></span> <span class='ocrx_word' id='word_1_575' title='bbox 2154 3908 2218 3948; x_wconf 85' lang='lat' dir='ltr'><strong>ex</strong></span> <span class='ocrx_word' id='word_1_576' title='bbox 2257 3891 2343 3946; x_wconf 89' lang='lat' dir='ltr'><strong>his</strong></span> <span class='ocrx_word' id='word_1_577' title='bbox 2372 3887 2598 3959; x_wconf 77' lang='lat' dir='ltr'><strong>dejectis</strong></span> <span class='ocrx_word' id='word_1_578' title='bbox 2626 3894 2853 3941; x_wconf 82' lang='lat' dir='ltr'><strong>caeteros</strong></span> <span class='ocrx_word' id='word_1_579' title='bbox 2882 3882 3040 3951; x_wconf 86' lang='lat' dir='ltr'><strong>longe</strong></span> <span class='ocrx_word' id='word_1_580' title='bbox 3071 3878 3318 3948; x_wconf 73' lang='lat' dir='ltr'><strong>refugere</strong></span> <span class='ocrx_word' id='word_1_581' title='bbox 3342 3875 3623 3944; x_wconf 74' lang='lat' dir='ltr'><strong>compule-</strong></span> 
     </span>
    </p>
   </div>
   <div class='ocr_carea' id='block_1_84' title="bbox 2024 3963 3616 4047">
    <p class='ocr_par' dir='ltr' id='par_1_84' title="bbox 2024 3963 3616 4047">
     <span class='ocr_line' id='line_1_84' title="bbox 2024 3963 3616 4047; baseline -0.016 -5"><span class='ocrx_word' id='word_1_582' title='bbox 2024 3996 2176 4047; x_wconf 86' lang='lat' dir='ltr'><strong>runt.</strong></span> <span class='ocrx_word' id='word_1_583' title='bbox 2203 3994 2259 4039; x_wconf 87' lang='lat' dir='ltr'><strong>et</strong></span> <span class='ocrx_word' id='word_1_584' title='bbox 2295 3983 2375 4038; x_wconf 90' lang='lat' dir='ltr'><strong>sic</strong></span> <span class='ocrx_word' id='word_1_585' title='bbox 2408 3980 2559 4036; x_wconf 79' lang='lat' dir='ltr'><strong>brevi</strong></span> <span class='ocrx_word' id='word_1_586' title='bbox 2592 3977 2889 4035; x_wconf 88' lang='lat' dir='ltr'><strong>securitate</strong></span> <span class='ocrx_word' id='word_1_587' title='bbox 2927 3982 3115 4043; x_wconf 87' lang='lat' dir='ltr'><strong>parata</strong></span> <span class='ocrx_word' id='word_1_588' title='bbox 3154 3967 3475 4039; x_wconf 79' lang='lat' dir='ltr'><strong>pergebant.</strong></span> <span class='ocrx_word' id='word_1_589' title='bbox 3510 3963 3616 4017; x_wconf 81' lang='lat' dir='ltr'><strong>Ve-</strong></span> 
     </span>
    </p>
   </div>
   <div class='ocr_carea' id='block_1_85' title="bbox 2023 4057 3620 4138">
    <p class='ocr_par' dir='ltr' id='par_1_85' title="bbox 2023 4057 3620 4138">
     <span class='ocr_line' id='line_1_85' title="bbox 2023 4057 3620 4138; baseline -0.015 -5"><span class='ocrx_word' id='word_1_590' title='bbox 2023 4094 2146 4134; x_wconf 89' lang='lat' dir='ltr'><strong>rum</strong></span> <span class='ocrx_word' id='word_1_591' title='bbox 2176 4089 2367 4130; x_wconf 87' lang='lat' dir='ltr'><strong>rursus</strong></span> <span class='ocrx_word' id='word_1_592' title='bbox 2395 4071 2561 4127; x_wconf 91' lang='lat' dir='ltr'><strong>Turci</strong></span> <span class='ocrx_word' id='word_1_593' title='bbox 2606 4084 2731 4124; x_wconf 89' lang='lat' dir='ltr'><strong>cum</strong></span> <span class='ocrx_word' id='word_1_594' title='bbox 2778 4064 3029 4138; x_wconf 88' lang='lat' dir='ltr'><strong>plurimis</strong></span> <span class='ocrx_word' id='word_1_595' title='bbox 3058 4061 3182 4116; x_wconf 88' lang='lat' dir='ltr'><strong>aliis</strong></span> <span class='ocrx_word' id='word_1_596' title='bbox 3215 4057 3420 4114; x_wconf 73' lang='lat' dir='ltr'><strong>reversi</strong></span> <span class='ocrx_word' id='word_1_597' title='bbox 3454 4057 3620 4110; x_wconf 81' lang='lat' dir='ltr'><strong>vehe-</strong></span> 
     </span>
    </p>
   </div>
   <div class='ocr_carea' id='block_1_86' title="bbox 2027 4149 3622 4227">
    <p class='ocr_par' dir='ltr' id='par_1_86' title="bbox 2027 4149 3622 4227">
     <span class='ocr_line' id='line_1_86' title="bbox 2027 4149 3622 4227; baseline -0.013 -6"><span class='ocrx_word' id='word_1_598' title='bbox 2027 4176 2238 4222; x_wconf 90' lang='lat' dir='ltr'><strong>menter</strong></span> <span class='ocrx_word' id='word_1_599' title='bbox 2282 4164 2336 4218; x_wconf 90' lang='lat' dir='ltr'><strong>in</strong></span> <span class='ocrx_word' id='word_1_600' title='bbox 2383 4158 2948 4227; x_wconf 87' lang='lat' dir='ltr'><strong>eos_incumbcbant,</strong></span> <span class='ocrx_word' id='word_1_601' title='bbox 2990 4154 3078 4207; x_wconf 88' lang='lat' dir='ltr'><strong>his</strong></span> <span class='ocrx_word' id='word_1_602' title='bbox 3129 4153 3312 4206; x_wconf 80' lang='lat' dir='ltr'><strong>denuo</strong></span> <span class='ocrx_word' id='word_1_603' title='bbox 3363 4157 3422 4202; x_wconf 89' lang='lat' dir='ltr'><strong>ut</strong></span> <span class='ocrx_word' id='word_1_604' title='bbox 3469 4149 3622 4216; x_wconf 75' lang='lat' dir='ltr'><strong>prius</strong></span> 
     </span>
    </p>
   </div>
   <div class='ocr_carea' id='block_1_87' title="bbox 2026 4240 3615 4324">
    <p class='ocr_par' dir='ltr' id='par_1_87' title="bbox 2026 4240 3615 4324">
     <span class='ocr_line' id='line_1_87' title="bbox 2026 4240 3615 4324; baseline -0.01 -17"><span class='ocrx_word' id='word_1_605' title='bbox 2026 4266 2290 4324; x_wconf 85' lang='lat' dir='ltr'><strong>generosa</strong></span> <span class='ocrx_word' id='word_1_606' title='bbox 2316 4251 2362 4304; x_wconf 79' lang='lat' dir='ltr'><strong>vi</strong></span> <span class='ocrx_word' id='word_1_607' title='bbox 2386 4249 2599 4303; x_wconf 84' lang='lat' dir='ltr'><strong>ancns</strong></span> <span class='ocrx_word' id='word_1_608' title='bbox 2625 4249 2737 4317; x_wconf 87' lang='lat' dir='ltr'><strong>imp</strong></span> <span class='ocrx_word' id='word_1_609' title='bbox 2758 4246 3052 4301; x_wconf 68' lang='lat' dir='ltr'><strong>dentibus:</strong></span> <span class='ocrx_word' id='word_1_610' title='bbox 3082 4242 3175 4297; x_wconf 90' lang='lat' dir='ltr'><strong>sed</strong></span> <span class='ocrx_word' id='word_1_611' title='bbox 3212 4240 3277 4294; x_wconf 87' lang='lat' dir='ltr'><strong>ad</strong></span> <span class='ocrx_word' id='word_1_612' title='bbox 3308 4249 3615 4294; x_wconf 75' lang='lat' dir='ltr'><strong>extremum</strong></span> 
     </span>
    </p>
   </div>
   <div class='ocr_carea' id='block_1_88' title="bbox 2026 4329 3618 4411">
    <p class='ocr_par' dir='ltr' id='par_1_88' title="bbox 2026 4329 3618 4411">
     <span class='ocr_line' id='line_1_88' title="bbox 2026 4329 3618 4411; baseline -0.011 -10"><span class='ocrx_word' id='word_1_613' title='bbox 2026 4345 2331 4401; x_wconf 79' lang='lat' dir='ltr'><strong>audacibus</strong></span> <span class='ocrx_word' id='word_1_614' title='bbox 2362 4341 2557 4411; x_wconf 72' lang='lat' dir='ltr'><strong>emptis</strong></span> <span class='ocrx_word' id='word_1_615' title='bbox 2586 4339 2804 4395; x_wconf 88' lang='lat' dir='ltr'><strong>fortuna</strong></span> <span class='ocrx_word' id='word_1_616' title='bbox 2835 4353 2944 4392; x_wconf 88' lang='lat' dir='ltr'><strong>non</strong></span> <span class='ocrx_word' id='word_1_617' title='bbox 2976 4336 3169 4389; x_wconf 83' lang='lat' dir='ltr'><strong>adfuit.</strong></span> <span class='ocrx_word' id='word_1_618' title='bbox 3192 4332 3438 4388; x_wconf 83' lang='lat' dir='ltr'><strong>Joannes</strong></span> <span class='ocrx_word' id='word_1_619' title='bbox 3467 4329 3618 4385; x_wconf 87' lang='lat' dir='ltr'><strong>enim</strong></span> 
     </span>
    </p>
   </div>
   <div class='ocr_carea' id='block_1_89' title="bbox 2026 4422 3620 4505">
    <p class='ocr_par' dir='ltr' id='par_1_89' title="bbox 2026 4422 3620 4505">
     <span class='ocr_line' id='line_1_89' title="bbox 2026 4422 3620 4505; baseline -0.01 -14"><span class='ocrx_word' id='word_1_620' title='bbox 2026 4452 2150 4491; x_wconf 89' lang='lat' dir='ltr'><strong>cum</strong></span> <span class='ocrx_word' id='word_1_621' title='bbox 2179 4450 2344 4489; x_wconf 90' lang='lat' dir='ltr'><strong>unum</strong></span> <span class='ocrx_word' id='word_1_622' title='bbox 2372 4433 2682 4505; x_wconf 86' lang='lat' dir='ltr'><strong>quempiam</strong></span> <span class='ocrx_word' id='word_1_623' title='bbox 2706 4428 3010 4485; x_wconf 89' lang='lat' dir='ltr'><strong>Turcorum</strong></span> <span class='ocrx_word' id='word_1_624' title='bbox 3035 4425 3343 4497; x_wconf 83' lang='lat' dir='ltr'><strong>dejeeisset,</strong></span> <span class='ocrx_word' id='word_1_625' title='bbox 3368 4425 3423 4477; x_wconf 91' lang='lat' dir='ltr'><strong>in</strong></span> <span class='ocrx_word' id='word_1_626' title='bbox 3452 4422 3620 4476; x_wconf 91' lang='lat' dir='ltr'><strong>alium</strong></span> 
     </span>
    </p>
   </div>
   <div class='ocr_carea' id='block_1_90' title="bbox 2029 4517 3624 4600">
    <p class='ocr_par' dir='ltr' id='par_1_90' title="bbox 2029 4517 3624 4600">
     <span class='ocr_line' id='line_1_90' title="bbox 2029 4517 3624 4600; baseline -0.011 -15"><span class='ocrx_word' id='word_1_627' title='bbox 2029 4529 2291 4600; x_wconf 72' lang='lat' dir='ltr'><strong>impegit,</strong></span> <span class='ocrx_word' id='word_1_628' title='bbox 2343 4529 2417 4581; x_wconf 89' lang='lat' dir='ltr'><strong>ita</strong></span> <span class='ocrx_word' id='word_1_629' title='bbox 2470 4536 2531 4580; x_wconf 91' lang='grc' dir='ltr'><strong>ιιι</strong></span> <span class='ocrx_word' id='word_1_630' title='bbox 2585 4524 2873 4580; x_wconf 84' lang='lat' dir='ltr'><strong>amborum</strong></span> <span class='ocrx_word' id='word_1_631' title='bbox 2919 4519 3046 4591; x_wconf 87' lang='lat' dir='ltr'><strong>equi</strong></span> <span class='ocrx_word' id='word_1_632' title='bbox 3098 4517 3401 4578; x_wconf 77' lang='lat' dir='ltr'><strong>oﬂ‘ensione</strong></span> <span class='ocrx_word' id='word_1_633' title='bbox 3431 4525 3624 4570; x_wconf 90' lang='lat' dir='ltr'><strong>mutua</strong></span> 
     </span>
    </p>
   </div>
   <div class='ocr_carea' id='block_1_91' title="bbox 332 4589 1924 4692">
    <p class='ocr_par' dir='ltr' id='par_1_91' title="bbox 332 4613 1923 4684">
     <span class='ocr_line' id='line_1_91' title="bbox 332 4613 1923 4684; baseline 0.001 -17"><span class='ocrx_word' id='word_1_634' title='bbox 332 4614 500 4668; x_wconf 69' lang='lat' dir='ltr'><strong>im:</strong></span> <span class='ocrx_word' id='word_1_635' title='bbox 554 4614 652 4668; x_wconf 77' lang='grc' dir='ltr'><strong>σὺν</strong></span> <span class='ocrx_word' id='word_1_636' title='bbox 694 4618 808 4677; x_wconf 84' lang='grc' dir='ltr'><strong>τοῖς</strong></span> <span class='ocrx_word' id='word_1_637' title='bbox 848 4613 1138 4679; x_wconf 67' lang='grc' dir='ltr'><strong>ἐπιϐάταις</strong></span> <span class='ocrx_word' id='word_1_638' title='bbox 1197 4614 1560 4671; x_wconf 82' lang='grc' dir='ltr'><strong>πεπτώκασιν</strong></span> <span class='ocrx_word' id='word_1_639' title='bbox 1587 4659 1602 4684; x_wconf 91' lang='grc'><strong>,</strong></span> <span class='ocrx_word' id='word_1_640' title='bbox 1634 4619 1686 4683; x_wconf 67' lang='lat'><em>,6</em></span> <span class='ocrx_word' id='word_1_641' title='bbox 1730 4617 1791 4670; x_wconf 73' lang='grc' dir='ltr'><strong>δὲ</strong></span> <span class='ocrx_word' id='word_1_642' title='bbox 1827 4615 1923 4670; x_wconf 87' lang='grc' dir='ltr'><strong>τοῦ</strong></span> 
     </span>
    </p>
   </div>
   <div class='ocr_carea' id='block_1_92' title="bbox 2027 4589 3622 4692">
    <p class='ocr_par' dir='ltr' id='par_1_92' title="bbox 2031 4611 3622 4692">
     <span class='ocr_line' id='line_1_92' title="bbox 2031 4611 3622 4692; baseline -0.011 -15"><span class='ocrx_word' id='word_1_643' title='bbox 2031 4622 2310 4692; x_wconf 85' lang='lat' dir='ltr'><strong>equitibus</strong></span> <span class='ocrx_word' id='word_1_644' title='bbox 2336 4620 2586 4675; x_wconf 83' lang='lat' dir='ltr'><strong>excussis</strong></span> <span class='ocrx_word' id='word_1_645' title='bbox 2615 4628 2668 4673; x_wconf 91' lang='lat' dir='ltr'><strong>et</strong></span> <span class='ocrx_word' id='word_1_646' title='bbox 2704 4617 2805 4686; x_wconf 89' lang='lat' dir='ltr'><strong>ipsi</strong></span> <span class='ocrx_word' id='word_1_647' title='bbox 2839 4629 2962 4671; x_wconf 89' lang='lat' dir='ltr'><strong>cum</strong></span> <span class='ocrx_word' id='word_1_648' title='bbox 3006 4614 3071 4666; x_wconf 85' lang='lat' dir='ltr'><strong>iis</strong></span> <span class='ocrx_word' id='word_1_649' title='bbox 3107 4611 3259 4666; x_wconf 87' lang='lat' dir='ltr'><strong>humi</strong></span> <span class='ocrx_word' id='word_1_650' title='bbox 3308 4618 3622 4665; x_wconf 86' lang='lat' dir='ltr'><strong>sterneren-</strong></span> 
     </span>
    </p>
   </div>
   <div class='ocr_carea' id='block_1_93' title="bbox 330 4705 1928 4782">
    <p class='ocr_par' dir='ltr' id='par_1_93' title="bbox 330 4705 1928 4782">
     <span class='ocr_line' id='line_1_93' title="bbox 330 4705 1928 4782; baseline 0 -22"><span class='ocrx_word' id='word_1_651' title='bbox 330 4705 725 4776; x_wconf 79' lang='grc' dir='ltr'><strong>βασιλειῶντος</strong></span> <span class='ocrx_word' id='word_1_652' title='bbox 773 4706 889 4770; x_wconf 67' lang='lat' dir='ltr'><strong>uie;</strong></span> <span class='ocrx_word' id='word_1_653' title='bbox 945 4708 1006 4761; x_wconf 87' lang='grc' dir='ltr'><strong>έν</strong></span> <span class='ocrx_word' id='word_1_654' title='bbox 1035 4707 1115 4778; x_wconf 84' lang='grc' dir='ltr'><strong>τῷ</strong></span> <span class='ocrx_word' id='word_1_655' title='bbox 1144 4706 1366 4761; x_wconf 85' lang='grc' dir='ltr'><strong>διώκειν</strong></span> <span class='ocrx_word' id='word_1_656' title='bbox 1408 4708 1603 4782; x_wconf 78' lang='grc' dir='ltr'><strong>πόρρω</strong></span> <span class='ocrx_word' id='word_1_657' title='bbox 1632 4710 1928 4779; x_wconf 86' lang='grc' dir='ltr'><strong>γενόμενος</strong></span> 
     </span>
    </p>
   </div>
   <div class='ocr_carea' id='block_1_94' title="bbox 329 4798 1930 4870">
    <p class='ocr_par' dir='ltr' id='par_1_94' title="bbox 329 4798 1930 4870">
     <span class='ocr_line' id='line_1_94' title="bbox 329 4798 1930 4870; baseline 0.001 -18"><span class='ocrx_word' id='word_1_658' title='bbox 329 4801 427 4852; x_wconf 76' lang='grc' dir='ltr'><strong>καὶ</strong></span> <span class='ocrx_word' id='word_1_659' title='bbox 491 4798 587 4851; x_wconf 73' lang='grc' dir='ltr'><strong>ἕνα</strong></span> <span class='ocrx_word' id='word_1_660' title='bbox 632 4798 741 4852; x_wconf 79' lang='grc' dir='ltr'><strong>τῶν</strong></span> <span class='ocrx_word' id='word_1_661' title='bbox 773 4798 1036 4870; x_wconf 83' lang='grc' dir='ltr'><strong>Τούρκων</strong></span> <span class='ocrx_word' id='word_1_662' title='bbox 1097 4798 1427 4854; x_wconf 86' lang='grc' dir='ltr'><strong>καταϐαλὼν</strong></span> <span class='ocrx_word' id='word_1_663' title='bbox 1482 4803 1541 4854; x_wconf 84' lang='grc' dir='ltr'><strong>ὲν</strong></span> <span class='ocrx_word' id='word_1_664' title='bbox 1586 4799 1778 4870; x_wconf 87' lang='grc' dir='ltr'><strong>μέσοις</strong></span> <span class='ocrx_word' id='word_1_665' title='bbox 1814 4803 1930 4865; x_wconf 86' lang='grc' dir='ltr'><strong>τοῖς</strong></span> 
     </span>
    </p>
   </div>
   <div class='ocr_carea' id='block_1_95' title="bbox 329 4887 1923 4966">
    <p class='ocr_par' dir='ltr' id='par_1_95' title="bbox 329 4887 1923 4966">
     <span class='ocr_line' id='line_1_95' title="bbox 329 4887 1923 4966; baseline 0.001 -21"><span class='ocrx_word' id='word_1_666' title='bbox 329 4892 605 4962; x_wconf 82' lang='grc' dir='ltr'><strong>Τούρκοις</strong></span> <span class='ocrx_word' id='word_1_667' title='bbox 646 4890 1001 4961; x_wconf 80' lang='grc' dir='ltr'><strong>ὲναπελήφθη</strong></span> <span class='ocrx_word' id='word_1_668' title='bbox 1061 4892 1157 4946; x_wconf 76' lang='grc' dir='ltr'><strong>καὶ</strong></span> <span class='ocrx_word' id='word_1_669' title='bbox 1212 4892 1395 4946; x_wconf 81' lang='grc' dir='ltr'><strong>οὐκέθ’</strong></span> <span class='ocrx_word' id='word_1_670' title='bbox 1461 4889 1575 4958; x_wconf 79' lang='grc' dir='ltr'><strong>οἷός</strong></span> <span class='ocrx_word' id='word_1_671' title='bbox 1604 4910 1664 4946; x_wconf 83' lang='grc' dir='ltr'><strong>τε</strong></span> <span class='ocrx_word' id='word_1_672' title='bbox 1718 4887 1790 4965; x_wconf 81' lang='grc' dir='ltr'><strong>ἦν</strong></span> <span class='ocrx_word' id='word_1_673' title='bbox 1842 4893 1923 4966; x_wconf 82' lang='grc' dir='ltr'><strong>τῷ</strong></span> 
     </span>
    </p>
   </div>
   <div class='ocr_carea' id='block_1_96' title="bbox 333 4981 1932 5056">
    <p class='ocr_par' dir='ltr' id='par_1_96' title="bbox 333 4981 1932 5056">
     <span class='ocr_line' id='line_1_96' title="bbox 333 4981 1932 5056; baseline 0.001 -19"><span class='ocrx_word' id='word_1_674' title='bbox 333 4983 511 5056; x_wconf 75' lang='grc' dir='ltr'><strong>πατρὶ</strong></span> <span class='ocrx_word' id='word_1_675' title='bbox 553 4981 831 5047; x_wconf 82' lang='grc' dir='ltr'><strong>ξυνελθεῖν</strong></span> <span class='ocrx_word' id='word_1_676' title='bbox 854 5023 869 5043; x_wconf 84' lang='grc'><strong>,</strong></span> <span class='ocrx_word' id='word_1_677' title='bbox 914 4982 1096 5037; x_wconf 87' lang='grc' dir='ltr'><strong>καίτοι</strong></span> <span class='ocrx_word' id='word_1_678' title='bbox 1130 4984 1301 5038; x_wconf 75' lang='grc' dir='ltr'><strong>πολλὰ</strong></span> <span class='ocrx_word' id='word_1_679' title='bbox 1333 4984 1619 5056; x_wconf 72' lang='grc' dir='ltr'><strong>πειραθεὶς</strong></span> <span class='ocrx_word' id='word_1_680' title='bbox 1656 4985 1932 5056; x_wconf 83' lang='grc' dir='ltr'><strong>συμμῖξαι</strong></span> 
     </span>
    </p>
   </div>
   <div class='ocr_carea' id='block_1_97' title="bbox 328 5075 1930 5151">
    <p class='ocr_par' dir='ltr' id='par_1_97' title="bbox 328 5075 1930 5151">
     <span class='ocr_line' id='line_1_97' title="bbox 328 5075 1930 5151; baseline 0.001 -20"><span class='ocrx_word' id='word_1_681' title='bbox 328 5077 572 5140; x_wconf 79' lang='grc' dir='ltr'><strong>τούτοις.</strong></span> <span class='ocrx_word' id='word_1_682' title='bbox 631 5075 718 5149; x_wconf 75' lang='lat' dir='ltr'><strong>IP.</strong></span> <span class='ocrx_word' id='word_1_683' title='bbox 765 5076 863 5149; x_wconf 72' lang='lat'><strong>96]</strong></span> <span class='ocrx_word' id='word_1_684' title='bbox 899 5076 1176 5141; x_wconf 86' lang='grc' dir='ltr'><strong>Λαϐόντες</strong></span> <span class='ocrx_word' id='word_1_685' title='bbox 1238 5076 1334 5131; x_wconf 78' lang='grc' dir='ltr'><strong>οὖν</strong></span> <span class='ocrx_word' id='word_1_686' title='bbox 1391 5078 1579 5132; x_wconf 76' lang='grc' dir='ltr'><strong>ἄδειαν</strong></span> <span class='ocrx_word' id='word_1_687' title='bbox 1600 5078 1652 5131; x_wconf 78' lang='lat' dir='ltr'><strong>ei</strong></span> <span class='ocrx_word' id='word_1_688' title='bbox 1691 5077 1930 5151; x_wconf 82' lang='grc' dir='ltr'><strong>Τοῦρκοι</strong></span> 
     </span>
    </p>
   </div>
   <div class='ocr_carea' id='block_1_98' title="bbox 329 5162 1932 5239">
    <p class='ocr_par' dir='ltr' id='par_1_98' title="bbox 329 5162 1932 5239">
     <span class='ocr_line' id='line_1_98' title="bbox 329 5162 1932 5239; baseline 0 -18"><span class='ocrx_word' id='word_1_689' title='bbox 329 5168 583 5239; x_wconf 64' lang='grc' dir='ltr'><strong>ἐπῄεσαν</strong></span> <span class='ocrx_word' id='word_1_690' title='bbox 618 5169 763 5221; x_wconf 80' lang='grc' dir='ltr'><strong>κατά</strong></span> <span class='ocrx_word' id='word_1_691' title='bbox 797 5166 896 5221; x_wconf 80' lang='grc' dir='ltr'><strong>τοῦ</strong></span> <span class='ocrx_word' id='word_1_692' title='bbox 930 5167 1226 5237; x_wconf 86' lang='grc' dir='ltr'><strong>Βρυεννίου</strong></span> <span class='ocrx_word' id='word_1_693' title='bbox 1280 5167 1659 5239; x_wconf 79' lang='grc' dir='ltr'><strong>σφοδρότερον.</strong></span> <span class='ocrx_word' id='word_1_694' title='bbox 1694 5162 1790 5231; x_wconf 83' lang='grc' dir='ltr'><strong>Εἷς</strong></span> <span class='ocrx_word' id='word_1_695' title='bbox 1838 5168 1932 5223; x_wconf 77' lang='grc' dir='ltr'><strong>οὖν</strong></span> 
     </span>
    </p>
   </div>
   <div class='ocr_carea' id='block_1_99' title="bbox 330 5259 1934 5330">
    <p class='ocr_par' dir='ltr' id='par_1_99' title="bbox 330 5259 1934 5330">
     <span class='ocr_line' id='line_1_99' title="bbox 330 5259 1934 5330; baseline -0.001 -16"><span class='ocrx_word' id='word_1_696' title='bbox 330 5261 522 5315; x_wconf 77' lang='grc' dir='ltr'><strong>αὐτῶν</strong></span> <span class='ocrx_word' id='word_1_697' title='bbox 574 5259 639 5313; x_wconf 85' lang='grc' dir='ltr'><strong>τὸ</strong></span> <span class='ocrx_word' id='word_1_698' title='bbox 683 5259 838 5328; x_wconf 84' lang='grc' dir='ltr'><strong>ξίφος</strong></span> <span class='ocrx_word' id='word_1_699' title='bbox 875 5259 1231 5330; x_wconf 80' lang='grc' dir='ltr'><strong>σπασάμενος</strong></span> <span class='ocrx_word' id='word_1_700' title='bbox 1263 5259 1388 5314; x_wconf 71' lang='grc' dir='ltr'><strong>κατ’</strong></span> <span class='ocrx_word' id='word_1_701' title='bbox 1413 5260 1628 5314; x_wconf 63' lang='grc' dir='ltr'><strong>ἐκείνου</strong></span> <span class='ocrx_word' id='word_1_702' title='bbox 1659 5260 1934 5329; x_wconf 62' lang='grc' dir='ltr'><strong>τολμτερόο</strong></span> 
     </span>
    </p>
   </div>
   <div class='ocr_carea' id='block_1_100' title="bbox 331 5349 1933 5424">
    <p class='ocr_par' dir='ltr' id='par_1_100' title="bbox 331 5349 1933 5424">
     <span class='ocr_line' id='line_1_100' title="bbox 331 5349 1933 5424; baseline -0.002 -17"><span class='ocrx_word' id='word_1_703' title='bbox 331 5369 499 5424; x_wconf 86' lang='grc' dir='ltr'><strong>τερον</strong></span> <span class='ocrx_word' id='word_1_704' title='bbox 547 5351 918 5422; x_wconf 56' lang='grc' dir='ltr'><strong>ἐξώρμησεν</strong></span> <span class='ocrx_word' id='word_1_705' title='bbox 953 5353 982 5405; x_wconf 93' lang='lat'><strong>6</strong></span> <span class='ocrx_word' id='word_1_706' title='bbox 1031 5349 1079 5406; x_wconf 87' lang='grc' dir='ltr'><strong>δ’</strong></span> <span class='ocrx_word' id='word_1_707' title='bbox 1130 5351 1495 5421; x_wconf 74' lang='grc' dir='ltr'><strong>ἐπιστραφεὶς</strong></span> <span class='ocrx_word' id='word_1_708' title='bbox 1537 5351 1690 5407; x_wconf 89' lang='grc' dir='ltr'><strong>παίει</strong></span> <span class='ocrx_word' id='word_1_709' title='bbox 1741 5351 1933 5405; x_wconf 76' lang='grc' dir='ltr'><strong>τοῦτον</strong></span> 
     </span>
    </p>
   </div>
   <div class='ocr_carea' id='block_1_101' title="bbox 329 5442 1932 5515">
    <p class='ocr_par' dir='ltr' id='par_1_101' title="bbox 329 5442 1932 5515">
     <span class='ocr_line' id='line_1_101' title="bbox 329 5442 1932 5515; baseline -0.001 -17"><span class='ocrx_word' id='word_1_710' title='bbox 329 5447 411 5515; x_wconf 81' lang='grc' dir='ltr'>τῷ</span> <span class='ocrx_word' id='word_1_711' title='bbox 443 5443 592 5513; x_wconf 81' lang='grc' dir='ltr'><strong>ξ’φει</strong></span> <span class='ocrx_word' id='word_1_712' title='bbox 627 5442 723 5496; x_wconf 71' lang='grc' dir='ltr'><strong>καὶ</strong></span> <span class='ocrx_word' id='word_1_713' title='bbox 748 5445 854 5513; x_wconf 79' lang='grc' dir='ltr'><strong>τήν</strong></span> <span class='ocrx_word' id='word_1_714' title='bbox 906 5459 968 5496; x_wconf 88' lang='grc' dir='ltr'><strong>τε</strong></span> <span class='ocrx_word' id='word_1_715' title='bbox 1012 5445 1173 5515; x_wconf 87' lang='grc' dir='ltr'><strong>χεῖρα</strong></span> <span class='ocrx_word' id='word_1_716' title='bbox 1225 5445 1473 5514; x_wconf 79' lang='grc' dir='ltr'><strong>ἀπέτεμε</strong></span> <span class='ocrx_word' id='word_1_717' title='bbox 1522 5445 1616 5497; x_wconf 76' lang='grc' dir='ltr'><strong>καὶ</strong></span> <span class='ocrx_word' id='word_1_718' title='bbox 1646 5445 1788 5499; x_wconf 83' lang='grc' dir='ltr'><strong>κατά</strong></span> <span class='ocrx_word' id='word_1_719' title='bbox 1827 5444 1932 5515; x_wconf 85' lang='grc' dir='ltr'><strong>γῆς</strong></span> 
     </span>
    </p>
   </div>
   <div class='ocr_carea' id='block_1_102' title="bbox 334 5533 1931 5609">
    <p class='ocr_par' dir='ltr' id='par_1_102' title="bbox 334 5533 1931 5609">
     <span class='ocr_line' id='line_1_102' title="bbox 334 5533 1931 5609; baseline 0.001 -18"><span class='ocrx_word' id='word_1_720' title='bbox 334 5537 511 5607; x_wconf 76' lang='grc' dir='ltr'><strong>αὐτὴν</strong></span> <span class='ocrx_word' id='word_1_721' title='bbox 542 5538 735 5590; x_wconf 81' lang='grc' dir='ltr'><strong>πεσεῖν</strong></span> <span class='ocrx_word' id='word_1_722' title='bbox 764 5538 864 5590; x_wconf 82' lang='grc' dir='ltr'><strong>σὺν</strong></span> <span class='ocrx_word' id='word_1_723' title='bbox 894 5534 977 5606; x_wconf 81' lang='grc' dir='ltr'><strong>τῷ</strong></span> <span class='ocrx_word' id='word_1_724' title='bbox 1013 5535 1255 5609; x_wconf 74' lang='grc' dir='ltr'><strong>ἀκινάκῃ</strong></span> <span class='ocrx_word' id='word_1_725' title='bbox 1291 5533 1732 5609; x_wconf 85' lang='grc' dir='ltr'><strong>παρεσκεύασεν.</strong></span> <span class='ocrx_word' id='word_1_726' title='bbox 1772 5537 1837 5590; x_wconf 85' lang='grc' dir='ltr'><strong>Οἱ</strong></span> <span class='ocrx_word' id='word_1_727' title='bbox 1873 5536 1931 5592; x_wconf 81' lang='grc' dir='ltr'><strong>δὲ</strong></span> 
     </span>
    </p>
   </div>
   <div class='ocr_carea' id='block_1_103' title="bbox 331 5626 1931 5700">
    <p class='ocr_par' dir='ltr' id='par_1_103' title="bbox 331 5626 1931 5700">
     <span class='ocr_line' id='line_1_103' title="bbox 331 5626 1931 5700; baseline 0.003 -21"><span class='ocrx_word' id='word_1_728' title='bbox 331 5629 515 5682; x_wconf 73' lang='grc' dir='ltr'><strong>λοιποὶ</strong></span> <span class='ocrx_word' id='word_1_729' title='bbox 568 5627 806 5683; x_wconf 76' lang='grc' dir='ltr'><strong>κυκλοῦν</strong></span> <span class='ocrx_word' id='word_1_730' title='bbox 859 5627 1185 5700; x_wconf 72' lang='grc' dir='ltr'><strong>ἐπεχείρουν</strong></span> <span class='ocrx_word' id='word_1_731' title='bbox 1219 5627 1412 5683; x_wconf 80' lang='grc' dir='ltr'><strong>αὐτόν.</strong></span> <span class='ocrx_word' id='word_1_732' title='bbox 1456 5626 1517 5682; x_wconf 86' lang='lat'><strong>&#39;0</strong></span> <span class='ocrx_word' id='word_1_733' title='bbox 1557 5627 1615 5681; x_wconf 78' lang='grc' dir='ltr'><strong>δὲ</strong></span> <span class='ocrx_word' id='word_1_734' title='bbox 1665 5631 1931 5696; x_wconf 85' lang='grc' dir='ltr'><strong>γενναίως</strong></span> 
     </span>
    </p>
   </div>
   <div class='ocr_carea' id='block_1_104' title="bbox 333 5712 1929 5790">
    <p class='ocr_par' dir='ltr' id='par_1_104' title="bbox 333 5712 1929 5790">
     <span class='ocr_line' id='line_1_104' title="bbox 333 5712 1929 5790; baseline 0 -18"><span class='ocrx_word' id='word_1_735' title='bbox 333 5720 592 5788; x_wconf 71' lang='grc' dir='ltr'><strong>ἠμύνετο.</strong></span> <span class='ocrx_word' id='word_1_736' title='bbox 660 5718 1013 5789; x_wconf 75' lang='grc' dir='ltr'><strong>Ἐξορμῆσας</strong></span> <span class='ocrx_word' id='word_1_737' title='bbox 1072 5712 1167 5772; x_wconf 81' lang='grc' dir='ltr'><strong>οὖν</strong></span> <span class='ocrx_word' id='word_1_738' title='bbox 1241 5719 1383 5773; x_wconf 83' lang='grc' dir='ltr'><strong>κατά</strong></span> <span class='ocrx_word' id='word_1_739' title='bbox 1452 5717 1562 5772; x_wconf 79' lang='grc' dir='ltr'><strong>τῶν</strong></span> <span class='ocrx_word' id='word_1_740' title='bbox 1615 5718 1929 5790; x_wconf 78' lang='grc' dir='ltr'><strong>ἔμπροσθεν</strong></span> 
     </span>
    </p>
   </div>
   <div class='ocr_carea' id='block_1_105' title="bbox 334 5809 1928 5882">
    <p class='ocr_par' dir='ltr' id='par_1_105' title="bbox 334 5809 1928 5882">
     <span class='ocr_line' id='line_1_105' title="bbox 334 5809 1928 5882; baseline 0.001 -19"><span class='ocrx_word' id='word_1_741' title='bbox 334 5814 603 5866; x_wconf 71' lang='grc' dir='ltr'><strong>ἐπιόντων</strong></span> <span class='ocrx_word' id='word_1_742' title='bbox 635 5811 946 5882; x_wconf 76' lang='grc' dir='ltr'><strong>πλήττεται</strong></span> <span class='ocrx_word' id='word_1_743' title='bbox 969 5809 1179 5882; x_wconf 83' lang='grc' dir='ltr'><strong>δόρατι.</strong></span> <span class='ocrx_word' id='word_1_744' title='bbox 1225 5809 1652 5882; x_wconf 75' lang='grc' dir='ltr'><strong>Ἀσχοληθέντος</strong></span> <span class='ocrx_word' id='word_1_745' title='bbox 1689 5811 1733 5864; x_wconf 87' lang='grc' dir='ltr'><strong>δ’</strong></span> <span class='ocrx_word' id='word_1_746' title='bbox 1763 5811 1928 5865; x_wconf 75' lang='grc' dir='ltr'><strong>αὐτοῦ</strong></span> 
     </span>
    </p>
   </div>
   <div class='ocr_carea' id='block_1_106' title="bbox 336 5903 1926 5983">
    <p class='ocr_par' dir='ltr' id='par_1_106' title="bbox 336 5903 1926 5983">
     <span class='ocr_line' id='line_1_106' title="bbox 336 5903 1926 5983; baseline -0.001 -23"><span class='ocrx_word' id='word_1_747' title='bbox 336 5905 589 5983; x_wconf 54' lang='grc' dir='ltr'><strong>διακόψαι</strong></span> <span class='ocrx_word' id='word_1_748' title='bbox 647 5905 711 5960; x_wconf 70' lang='grc' dir='ltr'><strong>τὸ</strong></span> <span class='ocrx_word' id='word_1_749' title='bbox 751 5904 886 5978; x_wconf 77' lang='grc' dir='ltr'><strong>δόρυ</strong></span> <span class='ocrx_word' id='word_1_750' title='bbox 931 5905 960 5957; x_wconf 89' lang='lat'><strong>6</strong></span> <span class='ocrx_word' id='word_1_751' title='bbox 1019 5903 1236 5974; x_wconf 81' lang='grc' dir='ltr'><strong>πρῶτος</strong></span> <span class='ocrx_word' id='word_1_752' title='bbox 1289 5904 1389 5980; x_wconf 74' lang='grc' dir='ltr'><strong>τὴν</strong></span> <span class='ocrx_word' id='word_1_753' title='bbox 1438 5907 1600 5979; x_wconf 82' lang='grc' dir='ltr'><strong>χεῖρα</strong></span> <span class='ocrx_word' id='word_1_754' title='bbox 1630 5907 1729 5960; x_wconf 79' lang='grc' dir='ltr'><strong>ὑπ’</strong></span> <span class='ocrx_word' id='word_1_755' title='bbox 1760 5906 1926 5960; x_wconf 74' lang='grc' dir='ltr'><strong>αὑτοῦ</strong></span> 
     </span>
    </p>
   </div>
   <div class='ocr_carea' id='block_1_107' title="bbox 2034 4699 3623 4785">
    <p class='ocr_par' dir='ltr' id='par_1_107' title="bbox 2034 4699 3623 4785">
     <span class='ocr_line' id='line_1_107' title="bbox 2034 4699 3623 4785; baseline -0.011 -16"><span class='ocrx_word' id='word_1_756' title='bbox 2034 4727 2141 4770; x_wconf 90' lang='lat' dir='ltr'><strong>tur.</strong></span> <span class='ocrx_word' id='word_1_757' title='bbox 2167 4711 2423 4785; x_wconf 76' lang='lat' dir='ltr'><strong>Bryennii</strong></span> <span class='ocrx_word' id='word_1_758' title='bbox 2450 4725 2579 4767; x_wconf 82' lang='lat' dir='ltr'><strong>vero</strong></span> <span class='ocrx_word' id='word_1_759' title='bbox 2609 4708 2900 4778; x_wconf 89' lang='lat' dir='ltr'><strong>imperium</strong></span> <span class='ocrx_word' id='word_1_760' title='bbox 2931 4702 3236 4759; x_wconf 77' lang='lat' dir='ltr'><strong>aﬂ&#39;ectantis</strong></span> <span class='ocrx_word' id='word_1_761' title='bbox 3266 4702 3411 4755; x_wconf 83' lang='lat' dir='ltr'><strong>filius</strong></span> <span class='ocrx_word' id='word_1_762' title='bbox 3440 4699 3623 4753; x_wconf 85' lang='lat' dir='ltr'><strong>studio</strong></span> 
     </span>
    </p>
   </div>
   <div class='ocr_carea' id='block_1_108' title="bbox 2033 4792 3620 4881">
    <p class='ocr_par' dir='ltr' id='par_1_108' title="bbox 2033 4792 3620 4881">
     <span class='ocr_line' id='line_1_108' title="bbox 2033 4792 3620 4881; baseline -0.011 -20"><span class='ocrx_word' id='word_1_763' title='bbox 2033 4805 2358 4877; x_wconf 88' lang='lat' dir='ltr'><strong>insequendi</strong></span> <span class='ocrx_word' id='word_1_764' title='bbox 2415 4803 2603 4860; x_wconf 77' lang='lat' dir='ltr'><strong>hostes</strong></span> <span class='ocrx_word' id='word_1_765' title='bbox 2656 4803 2873 4881; x_wconf 67' lang='lat' dir='ltr'><strong>longius</strong></span> <span class='ocrx_word' id='word_1_766' title='bbox 2924 4800 3132 4867; x_wconf 87' lang='lat' dir='ltr'><strong>elatus,</strong></span> <span class='ocrx_word' id='word_1_767' title='bbox 3172 4810 3283 4850; x_wconf 86' lang='lat' dir='ltr'><strong>uno</strong></span> <span class='ocrx_word' id='word_1_768' title='bbox 3312 4792 3620 4851; x_wconf 89' lang='lat' dir='ltr'><strong>Turcorum</strong></span> 
     </span>
    </p>
   </div>
   <div class='ocr_carea' id='block_1_109' title="bbox 2038 4883 3620 4971">
    <p class='ocr_par' dir='ltr' id='par_1_109' title="bbox 2038 4883 3620 4971">
     <span class='ocr_line' id='line_1_109' title="bbox 2038 4883 3620 4971; baseline -0.011 -16"><span class='ocrx_word' id='word_1_769' title='bbox 2038 4899 2276 4971; x_wconf 87' lang='lat' dir='ltr'><strong>dejecto,</strong></span> <span class='ocrx_word' id='word_1_770' title='bbox 2332 4897 2389 4952; x_wconf 89' lang='lat' dir='ltr'><strong>in</strong></span> <span class='ocrx_word' id='word_1_771' title='bbox 2450 4895 2633 4951; x_wconf 88' lang='lat' dir='ltr'><strong>medio</strong></span> <span class='ocrx_word' id='word_1_772' title='bbox 2689 4906 2882 4948; x_wconf 88' lang='lat' dir='ltr'><strong>eorum</strong></span> <span class='ocrx_word' id='word_1_773' title='bbox 2929 4889 3303 4959; x_wconf 84' lang='lat' dir='ltr'><strong>deprehensus</strong></span> <span class='ocrx_word' id='word_1_774' title='bbox 3359 4883 3620 4948; x_wconf 86' lang='lat' dir='ltr'><strong>haerebat,</strong></span> 
     </span>
    </p>
   </div>
   <div class='ocr_carea' id='block_1_110' title="bbox 2035 4980 3624 5066">
    <p class='ocr_par' dir='ltr' id='par_1_110' title="bbox 2035 4980 3624 5066">
     <span class='ocr_line' id='line_1_110' title="bbox 2035 4980 3624 5066; baseline -0.009 -20"><span class='ocrx_word' id='word_1_775' title='bbox 2035 5005 2136 5046; x_wconf 89' lang='lat' dir='ltr'><strong>nec</strong></span> <span class='ocrx_word' id='word_1_776' title='bbox 2168 4989 2284 5061; x_wconf 89' lang='lat' dir='ltr'><strong>jam</strong></span> <span class='ocrx_word' id='word_1_777' title='bbox 2328 4986 2682 5066; x_wconf 85' lang='lat' dir='ltr'><strong>quantumvis</strong></span> <span class='ocrx_word' id='word_1_778' title='bbox 2714 4990 3007 5040; x_wconf 90' lang='lat' dir='ltr'><strong>conaretur</strong></span> <span class='ocrx_word' id='word_1_779' title='bbox 3030 4980 3288 5051; x_wconf 75' lang='lat' dir='ltr'><strong>expedire</strong></span> <span class='ocrx_word' id='word_1_780' title='bbox 3321 4995 3383 5035; x_wconf 90' lang='lat' dir='ltr'><strong>se</strong></span> <span class='ocrx_word' id='word_1_781' title='bbox 3413 4986 3624 5048; x_wconf 87' lang='lat' dir='ltr'><strong>poterat</strong></span> 
     </span>
    </p>
   </div>
   <div class='ocr_carea' id='block_1_111' title="bbox 2034 5070 3624 5151">
    <p class='ocr_par' dir='ltr' id='par_1_111' title="bbox 2034 5070 3624 5151">
     <span class='ocr_line' id='line_1_111' title="bbox 2034 5070 3624 5151; baseline -0.008 -15"><span class='ocrx_word' id='word_1_782' title='bbox 2034 5091 2095 5136; x_wconf 92' lang='lat' dir='ltr'><strong>ut</strong></span> <span class='ocrx_word' id='word_1_783' title='bbox 2146 5081 2285 5151; x_wconf 87' lang='lat' dir='ltr'><strong>patri</strong></span> <span class='ocrx_word' id='word_1_784' title='bbox 2339 5086 2706 5135; x_wconf 80' lang='lat' dir='ltr'><strong>succurreret.</strong></span> <span class='ocrx_word' id='word_1_785' title='bbox 2756 5076 2867 5130; x_wconf 86' lang='lat' dir='ltr'><strong>Hac</strong></span> <span class='ocrx_word' id='word_1_786' title='bbox 2910 5074 3030 5130; x_wconf 81' lang='lat' dir='ltr'><strong>vice</strong></span> <span class='ocrx_word' id='word_1_787' title='bbox 3087 5087 3270 5128; x_wconf 88' lang='lat' dir='ltr'><strong>rerum</strong></span> <span class='ocrx_word' id='word_1_788' title='bbox 3318 5070 3624 5126; x_wconf 82' lang='lat' dir='ltr'><strong>securiores</strong></span> 
     </span>
    </p>
   </div>
   <div class='ocr_carea' id='block_1_112' title="bbox 2038 5161 3621 5241">
    <p class='ocr_par' dir='ltr' id='par_1_112' title="bbox 2038 5161 3621 5241">
     <span class='ocr_line' id='line_1_112' title="bbox 2038 5161 3621 5241; baseline -0.008 -13"><span class='ocrx_word' id='word_1_789' title='bbox 2038 5173 2201 5229; x_wconf 81' lang='lat' dir='ltr'><strong>Turci</strong></span> <span class='ocrx_word' id='word_1_790' title='bbox 2236 5186 2433 5241; x_wconf 85' lang='lat' dir='ltr'><strong>magno</strong></span> <span class='ocrx_word' id='word_1_791' title='bbox 2469 5184 2699 5225; x_wconf 82' lang='lat' dir='ltr'><strong>numero</strong></span> <span class='ocrx_word' id='word_1_792' title='bbox 2743 5169 3059 5235; x_wconf 84' lang='lat' dir='ltr'><strong>majorcqne</strong></span> <span class='ocrx_word' id='word_1_793' title='bbox 3108 5167 3154 5214; x_wconf 76' lang='lat' dir='ltr'><strong>vi</strong></span> <span class='ocrx_word' id='word_1_794' title='bbox 3203 5163 3257 5217; x_wconf 90' lang='lat' dir='ltr'><strong>in</strong></span> <span class='ocrx_word' id='word_1_795' title='bbox 3292 5161 3621 5232; x_wconf 80' lang='lat' dir='ltr'><strong>Bryenninm</strong></span> 
     </span>
    </p>
   </div>
   <div class='ocr_carea' id='block_1_113' title="bbox 2037 5252 3628 5328">
    <p class='ocr_par' dir='ltr' id='par_1_113' title="bbox 2037 5252 3628 5328">
     <span class='ocr_line' id='line_1_113' title="bbox 2037 5252 3628 5328; baseline -0.008 -10"><span class='ocrx_word' id='word_1_796' title='bbox 2037 5264 2348 5318; x_wconf 86' lang='lat' dir='ltr'><strong>incurrunt.</strong></span> <span class='ocrx_word' id='word_1_797' title='bbox 2383 5258 2539 5316; x_wconf 90' lang='lat' dir='ltr'><strong>Unus</strong></span> <span class='ocrx_word' id='word_1_798' title='bbox 2587 5259 2753 5328; x_wconf 77' lang='lat' dir='ltr'><strong>igitur</strong></span> <span class='ocrx_word' id='word_1_799' title='bbox 2803 5270 2993 5310; x_wconf 87' lang='lat' dir='ltr'><strong>eorum</strong></span> <span class='ocrx_word' id='word_1_800' title='bbox 3049 5252 3211 5325; x_wconf 61' lang='grc'><strong>144</strong></span> <span class='ocrx_word' id='word_1_801' title='bbox 3254 5268 3386 5307; x_wconf 84' lang='lat' dir='ltr'><strong>ense</strong></span> <span class='ocrx_word' id='word_1_802' title='bbox 3433 5252 3628 5307; x_wconf 69' lang='lat' dir='ltr'><strong>stricto</strong></span> 
     </span>
    </p>
   </div>
   <div class='ocr_carea' id='block_1_114' title="bbox 2035 5346 3625 5426">
    <p class='ocr_par' dir='ltr' id='par_1_114' title="bbox 2035 5346 3625 5426">
     <span class='ocr_line' id='line_1_114' title="bbox 2035 5346 3625 5426; baseline -0.007 -16"><span class='ocrx_word' id='word_1_803' title='bbox 2035 5356 2209 5426; x_wconf 90' lang='lat' dir='ltr'><strong>ipsum</strong></span> <span class='ocrx_word' id='word_1_804' title='bbox 2261 5353 2553 5411; x_wconf 83' lang='lat' dir='ltr'><strong>audentius</strong></span> <span class='ocrx_word' id='word_1_805' title='bbox 2605 5350 2940 5422; x_wconf 72' lang='lat' dir='ltr'><strong>aggreditur.</strong></span> <span class='ocrx_word' id='word_1_806' title='bbox 3000 5346 3094 5426; x_wconf 82' lang='lat' dir='ltr'><strong>ll_le</strong></span> <span class='ocrx_word' id='word_1_807' title='bbox 3144 5361 3272 5401; x_wconf 87' lang='lat' dir='ltr'><strong>vero</strong></span> <span class='ocrx_word' id='word_1_808' title='bbox 3321 5359 3625 5401; x_wconf 84' lang='lat' dir='ltr'><strong>conversus</strong></span> 
     </span>
    </p>
   </div>
   <div class='ocr_carea' id='block_1_115' title="bbox 2037 5418 3627 5516">
    <p class='ocr_par' dir='ltr' id='par_1_115' title="bbox 2037 5418 3627 5516">
     <span class='ocr_line' id='line_1_115' title="bbox 2037 5418 3627 5516; baseline -0.008 -16"><span class='ocrx_word' id='word_1_809' title='bbox 2037 5445 2161 5502; x_wconf 85' lang='lat' dir='ltr'><strong>ferit</strong></span> <span class='ocrx_word' id='word_1_810' title='bbox 2187 5460 2312 5501; x_wconf 90' lang='lat' dir='ltr'><strong>eum</strong></span> <span class='ocrx_word' id='word_1_811' title='bbox 2357 5443 2573 5516; x_wconf 86' lang='lat' dir='ltr'><strong>gladio,</strong></span> <span class='ocrx_word' id='word_1_812' title='bbox 2611 5451 2665 5497; x_wconf 89' lang='lat' dir='ltr'><strong>et</strong></span> <span class='ocrx_word' id='word_1_813' title='bbox 2698 5456 2920 5495; x_wconf 89' lang='lat' dir='ltr'><strong>manum</strong></span> <span class='ocrx_word' id='word_1_814' title='bbox 2952 5418 3072 5506; x_wconf 67' lang='lat' dir='ltr'><strong>ejus</strong></span> <span class='ocrx_word' id='word_1_815' title='bbox 3104 5447 3395 5507; x_wconf 86' lang='lat' dir='ltr'><strong>amputans</strong></span> <span class='ocrx_word' id='word_1_816' title='bbox 3428 5437 3627 5489; x_wconf 85' lang='lat' dir='ltr'><strong>cadere</strong></span> 
     </span>
    </p>
   </div>
   <div class='ocr_carea' id='block_1_116' title="bbox 2036 5526 3626 5606">
    <p class='ocr_par' dir='ltr' id='par_1_116' title="bbox 2036 5526 3626 5606">
     <span class='ocr_line' id='line_1_116' title="bbox 2036 5526 3626 5606; baseline -0.009 -13"><span class='ocrx_word' id='word_1_817' title='bbox 2036 5540 2090 5593; x_wconf 92' lang='lat' dir='ltr'><strong>in</strong></span> <span class='ocrx_word' id='word_1_818' title='bbox 2126 5546 2327 5593; x_wconf 88' lang='lat' dir='ltr'><strong>terram</strong></span> <span class='ocrx_word' id='word_1_819' title='bbox 2378 5537 2498 5606; x_wconf 86' lang='lat' dir='ltr'><strong>ipso</strong></span> <span class='ocrx_word' id='word_1_820' title='bbox 2546 5549 2675 5590; x_wconf 90' lang='lat' dir='ltr'><strong>cum</strong></span> <span class='ocrx_word' id='word_1_821' title='bbox 2722 5532 2946 5587; x_wconf 87' lang='lat' dir='ltr'><strong>acinace</strong></span> <span class='ocrx_word' id='word_1_822' title='bbox 2977 5529 3174 5600; x_wconf 87' lang='lat' dir='ltr'><strong>coegit.</strong></span> <span class='ocrx_word' id='word_1_823' title='bbox 3210 5526 3425 5596; x_wconf 81' lang='lat' dir='ltr'><strong>Reliqui</strong></span> <span class='ocrx_word' id='word_1_824' title='bbox 3458 5540 3626 5581; x_wconf 78' lang='lat' dir='ltr'><strong>coita-</strong></span> 
     </span>
    </p>
   </div>
   <div class='ocr_carea' id='block_1_117' title="bbox 2037 5618 3623 5701">
    <p class='ocr_par' dir='ltr' id='par_1_117' title="bbox 2037 5618 3623 5701">
     <span class='ocr_line' id='line_1_117' title="bbox 2037 5618 3623 5701; baseline -0.009 -15"><span class='ocrx_word' id='word_1_825' title='bbox 2037 5632 2236 5686; x_wconf 86' lang='lat' dir='ltr'><strong>bantur</strong></span> <span class='ocrx_word' id='word_1_826' title='bbox 2263 5629 2442 5701; x_wconf 84' lang='lat' dir='ltr'><strong>ipsum</strong></span> <span class='ocrx_word' id='word_1_827' title='bbox 2475 5628 2733 5683; x_wconf 87' lang='lat' dir='ltr'><strong>circuire.</strong></span> <span class='ocrx_word' id='word_1_828' title='bbox 2769 5625 2965 5681; x_wconf 82' lang='lat' dir='ltr'><strong>Verum</strong></span> <span class='ocrx_word' id='word_1_829' title='bbox 3008 5624 3125 5693; x_wconf 63' lang='lat' dir='ltr'><strong>ipse</strong></span> <span class='ocrx_word' id='word_1_830' title='bbox 3166 5636 3225 5676; x_wconf 88' lang='lat' dir='ltr'><strong>se</strong></span> <span class='ocrx_word' id='word_1_831' title='bbox 3270 5630 3493 5674; x_wconf 84' lang='lat' dir='ltr'><strong>strenue</strong></span> <span class='ocrx_word' id='word_1_832' title='bbox 3525 5618 3623 5672; x_wconf 78' lang='lat' dir='ltr'><strong>dc-</strong></span> 
     </span>
    </p>
   </div>
   <div class='ocr_carea' id='block_1_118' title="bbox 2037 5713 3622 5789">
    <p class='ocr_par' dir='ltr' id='par_1_118' title="bbox 2037 5713 3622 5789">
     <span class='ocr_line' id='line_1_118' title="bbox 2037 5713 3622 5789; baseline -0.011 -13"><span class='ocrx_word' id='word_1_833' title='bbox 2037 5720 2308 5777; x_wconf 85' lang='lat' dir='ltr'><strong>fensabat.</strong></span> <span class='ocrx_word' id='word_1_834' title='bbox 2344 5719 2535 5789; x_wconf 87' lang='lat' dir='ltr'><strong>Itaque</strong></span> <span class='ocrx_word' id='word_1_835' title='bbox 2581 5718 2636 5773; x_wconf 89' lang='lat' dir='ltr'><strong>in</strong></span> <span class='ocrx_word' id='word_1_836' title='bbox 2685 5717 3027 5771; x_wconf 83' lang='lat' dir='ltr'><strong>incurrentes</strong></span> <span class='ocrx_word' id='word_1_837' title='bbox 3074 5729 3105 5766; x_wconf 91' lang='lat' dir='ltr'><strong>a</strong></span> <span class='ocrx_word' id='word_1_838' title='bbox 3140 5713 3319 5764; x_wconf 87' lang='lat' dir='ltr'><strong>fronte</strong></span> <span class='ocrx_word' id='word_1_839' title='bbox 3353 5721 3622 5779; x_wconf 85' lang='lat' dir='ltr'><strong>generoso</strong></span> 
     </span>
    </p>
   </div>
   <div class='ocr_carea' id='block_1_119' title="bbox 2036 5797 3621 5881">
    <p class='ocr_par' dir='ltr' id='par_1_119' title="bbox 2036 5797 3621 5881">
     <span class='ocr_line' id='line_1_119' title="bbox 2036 5797 3621 5881; baseline -0.009 -15"><span class='ocrx_word' id='word_1_840' title='bbox 2036 5824 2204 5868; x_wconf 85' lang='lat' dir='ltr'><strong>ruens</strong></span> <span class='ocrx_word' id='word_1_841' title='bbox 2236 5809 2440 5881; x_wconf 88' lang='lat' dir='ltr'><strong>impetu</strong></span> <span class='ocrx_word' id='word_1_842' title='bbox 2483 5809 2638 5866; x_wconf 81' lang='lat' dir='ltr'><strong>hasta</strong></span> <span class='ocrx_word' id='word_1_843' title='bbox 2684 5806 2982 5878; x_wconf 88' lang='lat' dir='ltr'><strong>quemdam</strong></span> <span class='ocrx_word' id='word_1_844' title='bbox 3034 5818 3098 5857; x_wconf 79' lang='lat' dir='ltr'><strong>ex</strong></span> <span class='ocrx_word' id='word_1_845' title='bbox 3151 5801 3219 5856; x_wconf 89' lang='lat' dir='ltr'><strong>iis</strong></span> <span class='ocrx_word' id='word_1_846' title='bbox 3269 5798 3465 5869; x_wconf 83' lang='lat' dir='ltr'><strong>pulsat.</strong></span> <span class='ocrx_word' id='word_1_847' title='bbox 3511 5797 3621 5863; x_wconf 58' lang='grc' dir='ltr'><strong>λιιι)</strong></span> 
     </span>
    </p>
   </div>
   <div class='ocr_carea' id='block_1_120' title="bbox 2035 5888 3623 5976">
    <p class='ocr_par' dir='ltr' id='par_1_120' title="bbox 2035 5888 3623 5976">
     <span class='ocr_line' id='line_1_120' title="bbox 2035 5888 3623 5976; baseline -0.01 -15"><span class='ocrx_word' id='word_1_848' title='bbox 2035 5912 2315 5976; x_wconf 80' lang='lat' dir='ltr'><strong>satageute</strong></span> <span class='ocrx_word' id='word_1_849' title='bbox 2368 5903 2585 5961; x_wconf 86' lang='lat' dir='ltr'><strong>ha‘stam</strong></span> <span class='ocrx_word' id='word_1_850' title='bbox 2638 5915 2772 5958; x_wconf 81' lang='lat' dir='ltr'><strong>ense</strong></span> <span class='ocrx_word' id='word_1_851' title='bbox 2825 5898 3110 5968; x_wconf 79' lang='lat' dir='ltr'><strong>frangere,</strong></span> <span class='ocrx_word' id='word_1_852' title='bbox 3160 5894 3208 5952; x_wconf 89' lang='lat' dir='ltr'><strong>is</strong></span> <span class='ocrx_word' id='word_1_853' title='bbox 3253 5891 3343 5949; x_wconf 82' lang='lat' dir='ltr'><strong>cui</strong></span> <span class='ocrx_word' id='word_1_854' title='bbox 3388 5888 3542 5961; x_wconf 86' lang='lat' dir='ltr'><strong>prius</strong></span> <span class='ocrx_word' id='word_1_855' title='bbox 3588 5902 3623 5945; x_wconf 87' lang='lat' dir='ltr'><strong>a</strong></span> 
     </span>
    </p>
   </div>
  </div>
