4136 6432
495 421 602 487 195

1702 415 2125 480 NICEPHORI
2160 415 2532 478 BRYENNII

3661 407 3768 475 196

498 549 816 615 excaecat-it,
848 549 1071 620 privans
1099 547 1408 605 Romanum
1438 548 1726 620 imperium
1756 559 1810 605 et
1838 564 1954 605 rem
1986 563 2087 617 pu-

2195 546 2379 616 γαγὼν
2401 544 2685 614 ἑκτυφλοῖ,
2717 542 2894 609 ἄνδρα
2929 542 3199 615 στερήσας
3230 505 3600 615 τῇῬωμαὼη
3630 543 3776 615 ἀρχῇ

494 642 694 707 blicam
732 642 848 693 viro
871 680 887 705 ,
915 640 1001 695 cui
1042 654 1223 711 parem
1261 640 1406 693 haud
1439 639 1606 693 alium
1644 640 1880 694 habebat
1909 651 2086 708 quam

494 749 622 793 eum
659 748 689 787 a
720 748 832 801 quo
863 732 1040 787 victus
1065 740 1369 801 captusque
1404 730 1603 785 fuerat.
1638 730 1952 785 Comncnus
1985 742 2086 783 au-

497 835 606 880 tem
655 838 761 877 non
798 822 921 892 plus
952 822 1148 878 diebus
1185 823 1361 878 tribus
1406 824 1460 877 iu
1505 825 1703 878 castris
1751 834 1903 877 extra
1933 820 2085 875 Con-

498 913 914 982 stantinopolim
960 922 1246 979 moratus,
1296 913 1701 984 colloquiisque
1749 912 1968 966 interim
2027 921 2084 966 et

497 1001 928 1063 salutationibus
959 1004 1262 1056 amicorum
1295 1003 1949 1072 consanguineorumque
1981 1016 2079 1055 re-

497 1107 736 1153 creatus,
769 1094 863 1162 qui
888 1094 1142 1148 certatim
1171 1095 1293 1162 ejus
1324 1095 1534 1149 visendi
1564 1094 1735 1163 gratia
1766 1094 2078 1163 prodibant,

496 1186 618 1239 vale
650 1184 786 1253 ipsis
818 1184 965 1238 dicto
1000 1183 1276 1254 proh-ctus
1310 1193 1394 1238 est
1425 1183 1838 1252 Adrianopolim
1866 1198 2081 1247 versus,

2185 640 2285 691 καὶ
2312 635 2560 706 πολιτείᾳ
2588 629 2701 689 οἷον
2742 634 2930 688 οὔτινα
2970 635 3129 690 ἄλλον
3182 635 3449 708 ἐκέκτητο
3497 634 3626 695 ἄνευ
3675 636 3773 689 τοῦ

2180 726 2358 799 τούτῳ
2388 725 2885 797 ὑπερισχύσαντος.
2952 726 3014 779 '0
3045 726 3331 799 Κομνηνὺς
3384 726 3430 779 δ’
3453 727 3547 780 ἰπὶ
3590 728 3775 798 τρισὶν

2182 818 2422 888 ἡμέραις
2459 817 2652 888 μείνας
2709 814 2815 881 ἔξω
2871 815 2969 886 τῆς
3033 815 3242 879 πόλεως
3294 815 3391 868 καὶ
3444 814 3572 878 τοὺς
3609 814 3778 877 ἰδίους

2182 911 2320 981 πρὸς
2368 910 2533 963 αὑτὸν
2569 908 2887 974 ἐξελθόντας
2942 907 3066 962 ἰδών
3114 924 3177 961 τε
3231 908 3330 961 καὶ
3369 906 3777 976 συνταξάμενος

2179 998 2378 1071 ἐχώρει
2408 999 2544 1069 πρὸς
2564 999 2663 1069 τὴν
2708 997 3177 1068 Ἀδριανούπολιν,
3204 996 3385 1051 λαϐὼν
3417 998 3481 1049 ὲκ
3504 996 3777 1067 βασιλέως

2179 1096 2274 1145 καὶ
2312 1092 2694 1162 συγχωρήσεις
2749 1091 3064 1160 ἐγγράφους
3107 1090 3409 1161 βασιλικοῖς
3445 1090 3778 1161 γράμμασιν

2180 1181 2418 1252 ὲρυθρὰς
2464 1181 2560 1233 καὶ
2594 1183 2858 1250 σφραγῖσι
2912 1183 3143 1251 χρυσαῖς
3187 1179 3606 1251 βεϐαιουμένας,
3639 1177 3776 1232 ὥσθ’

497 1273 739 1342 acceptis
765 1275 833 1326 ab
863 1274 1193 1343 imperatore
1213 1272 1605 1343 diplomatibus
1628 1273 1844 1327 rubrica
1865 1273 2085 1343 scriptis

2195 1273 2418 1325 ἑκαστον
2458 1273 2567 1325 τῶν
2606 1272 2884 1342 ἀρχόντων
2912 1271 3060 1341 ἔχειν
3089 1273 3185 1326 καὶ
3214 1272 3313 1342 τὴν
3340 1271 3508 1342 τιμὴν
3546 1272 3613 1342 ἢν
3658 1266 3777 1341 εἶχε

496 1372 552 1417 et
586 1364 689 1417 rite
719 1365 975 1428 munitis,
1023 1362 1173 1433 regia
1205 1363 1613 1433 subscriptione
1639 1377 1706 1417 ac
1737 1362 1882 1417 bella
1915 1377 2082 1417 aurea

2195 1364 2281 1417 icui.
2336 1366 2431 1428 ce,-
2490 1366 2715 1434 κτήσεις
2767 1364 2988 1429 ἁπάσας
3016 1365 3158 1418 δσων
3213 1365 3483 1436 δεσπότης
3515 1365 3775 1435 ἐφαίνετο

500 1454 746 1518 ﬁrmatis,
779 1455 977 1522 quibus
1044 1453 1338 1524 unicuique
1382 1455 1584 1508 ducum
1661 1453 1752 1523 qui
1829 1452 2085 1523 Bryenoii
2186 1455 2479 1526 πρότερον.

499 1558 683 1617 partes
716 1548 889 1603 secuti
923 1550 1166 1603 nondum
1207 1563 1359 1603 arma
1388 1549 1788 1617 deposuerant,
1820 1546 1954 1603 ﬁdes
2021 1549 2183 1603 liebat
2249 1549 2684 1605 conservandum
2757 1550 3054 1619 unicuique
3113 1559 3400 1620 postquam
3425 1549 3778 1605 rebellionem

497 1642 828 1710 ejurassent,
859 1656 1021 1709 quem
1055 1642 1208 1711 prius
1255 1641 1491 1710 quisque
1540 1640 1855 1694 obtinuerat
1898 1640 2185 1706 honorem,
2225 1657 2402 1712 neque
2436 1657 2499 1695 ex
2565 1641 2633 1696 iis
2701 1641 2863 1696 bonis
2925 1654 3161 1711 quorum
3241 1641 3781 1712 lcgitimiposscsso—

498 1753 588 1794 res
615 1750 772 1794 antea
803 1738 1039 1792 fuissent
1075 1738 1373 1806 quidquam
1405 1738 1762 1807 eripiendum.

575 1830 738 1901 148
771 1828 857 1882 l8.
884 1829 1077 1883 Paucis
1107 1837 1231 1898 post
1275 1830 1388 1884 iure
1425 1830 1641 1894 diebus,
1677 1830 1971 1898 imperator
1997 1841 2084 1882 ac-

2271 1822 2363 1894 ιη⁹.
2407 1824 2466 1877 ’0
2505 1823 2562 1877 δὲ
2606 1822 2861 1892 βασιλεὺς
2895 1823 3015 1895 μεθ’
3050 1823 3265 1895 ἡμέρας
3296 1825 3452 1888 τινὰς
3484 1841 3778 1895 μεταστειο

500 1924 762 1975 cei-situm
799 1921 864 1974 ad
900 1935 958 1975 se
992 1936 1165 1988 nuper
1191 1931 1524 1974 cxca‘caluiu
1557 1918 1887 1990 Bryennium
1911 1959 1926 1986 ,
1970 1919 2086 1974 oili-

501 2014 650 2067 ciosa
679 2026 839 2066 casus
877 2011 1058 2065 acerbi
1110 2012 1466 2066 miseratioiie
1511 2010 1827 2066 consolatus
1867 2021 1971 2066 est.
2008 2010 2086 2065 Ac

501 2111 867 2173 praeterquam
920 2116 1017 2156 sua
1073 2101 1150 2155 illi
1204 2101 1389 2155 omnia
1440 2100 1698 2164 reddidit,
1728 2102 1893 2154 etiam
1926 2101 2087 2155 novis

507 2196 815 2249 honoribus
865 2206 919 2247 et
967 2194 1131 2248 donis
1181 2204 1402 2248 auctum
1462 2193 1874 2261 locupletiorem
1922 2207 2085 2261 quam

505 2294 665 2337 antea
696 2282 844 2336 fecit.
878 2281 1067 2336 Crebri
1103 2296 1198 2348 per
1228 2282 1372 2336 idem
1403 2291 1621 2351 tempus
1644 2281 1847 2335 ﬂebant
1871 2280 1923 2333 in
1954 2281 2088 2334 urbe

504 2374 715 2430 reditus
747 2384 939 2444 Sponte
966 2377 1042 2427 re!
1063 2375 1319 2430 elliouem
1353 2374 1686 2443 ejurantium
1714 2375 1914 2428 ducum
1948 2388 2089 2443 quos

505 2482 698 2521 oumes
747 2463 1060 2519 liumanitcr
1106 2465 1411 2534 excipiebat
1476 2466 1790 2536 imperator,
1826 2475 2089 2536 praestans

507 2559 758 2613 videlicet
784 2560 928 2627 quod
960 2559 1287 2627 promiserat
1332 2573 1428 2629 per
1461 2560 1669 2614 litteras
1700 2558 1891 2612 Alexio
1918 2558 2086 2628 proti-

506 2651 731 2705 ciscenti
759 2650 1011 2713 traditas,
1047 2665 1188 2719 quas
1219 2650 1331 2720 jam
1368 2649 1457 2705 ille
1486 2650 1816 2705 reddiderat.
1852 2649 1918 2704 Et
1948 2665 2090 2703 cun-

505 2742 611 2795 etis
637 2742 762 2796 aliis
800 2755 987 2796 secum
1018 2742 1193 2810 copiis
1224 2743 1553 2812 assumptis,
1587 2742 1854 2797 adversus
1881 2742 2090 2797 Basila-

508 2847 626 2888 cem
652 2832 930 2903 pergebat,
958 2833 1141 2888 studio
1171 2833 1439 2889 elllciendi
1479 2834 1627 2903 quod
1661 2833 1954 2889 mandabat
1980 2836 2088 2889 im-

509 2937 750 2994 perator.
780 2924 857 2978 Ac
890 2924 982 2977 alii
1034 2923 1256 2992 quidem
1292 2934 1352 2978 ut
1379 2924 1586 2979 dictum
1626 2934 1713 2978 est
1745 2940 1879 2979 cum
1904 2926 2089 2981 uxori-

510 3015 613 3068 bus
649 3023 706 3067 et
744 3011 873 3067 ﬁliis
921 3014 1123 3082 passim
1166 3013 1703 3083 Constantinopolim
1740 3015 2087 3083 inigrabant;

508 3105 824 3160 Coiunenus
839 3118 968 3157 vero
1006 3118 1099 3172 per
1121 3102 1490 3157 Macedoniam
1526 3116 1582 3156 et
1618 3101 1871 3156 Buleruui
1911 3113 2093 3159 trans-

2191 1914 2428 1984 λὰμενος
2452 1913 2543 1967 τὸν
2572 1913 2865 1985 Βρυέννιον
2892 1913 3126 1984 ᾤκτειρέ
3156 1932 3214 1967 τε
3238 1915 3339 1985 τῆς
3363 1920 3649 1987 συμφορᾶς
3681 1919 3782 1972 καὶ

2193 2005 2303 2057 τῶν
2333 2005 2480 2058 ίδίων
2504 2005 2760 2058 ἁπάντων
2787 2005 3096 2075 κατέστησε
3131 2002 3342 2074 κύριον,
3371 2007 3557 2075 τιμαῖς
3579 2022 3640 2059 τε
3675 2008 3779 2060 αὐ-

2192 2096 2286 2149 τὸν
2335 2097 2430 2149 καὶ
2458 2095 2690 2166 δωρεαῖς
2735 2097 2939 2165 ἐτέρων
2969 2096 3218 2167 κτήσεων
3244 2097 3600 2167 ἀνεκτήσατο.
3625 2099 3690 2150 Ui
3721 2098 3783 2152 δὲ

2194 2188 2399 2259 Θαμινὰ
2442 2188 2581 2258 πρὸς
2636 2188 2802 2242 αὑτὸν
2835 2188 3252 2258 μετεπέμποντο
3286 2205 3345 2242 τε
3380 2189 3659 2260 ἄρχοντες,
3686 2193 3785 2244 καὶ

2194 2283 2393 2341 πάντες
2432 2279 2692 2351 εἰσῄεσαν
2727 2282 2807 2343 είς
2838 2281 2940 2350 τὴν
2968 2278 3219 2349 βασιλίδα
3259 2279 3371 2334 τῶν
3400 2282 3631 2335 πόλεων.
3668 2283 3786 2335 Καὶ

2194 2374 2222 2427 ὁ
2252 2372 2509 2442 βασιλεὺς
2558 2373 2813 2442 ἀσμένως
2864 2372 3115 2435 ἅπαντας
3139 2371 3449 2442 ὑπεδέχετο,
3472 2374 3785 2441 φθάσαντος

2196 2466 2295 2536 ήδη
2346 2466 2443 2518 καὶ
2487 2463 2582 2517 τοῦ
2638 2464 2930 2535 Κομνηνοῦ
2975 2464 3215 2529 ’Δλεξίου
3244 2464 3341 2517 καὶ
3380 2465 3480 2528 τὰς
3511 2481 3786 2535 χρυσοση-

2200 2557 2434 2627 μάντους
2492 2557 2712 2627 γραφὰς
2761 2557 2946 2619 αὐτοῖς
3005 2556 3438 2627 ἐγχειρίσαντος.
3480 2557 3621 2621 Τοὺς
3679 2558 3786 2626 μιν

2195 2647 2392 2709 ἄλλους
2422 2645 2670 2709 ἅπαντας
2701 2645 3040 2717 παραλαϐὼν
3072 2646 3216 2700 κατὰ
3244 2646 3339 2699 τοῦ
3364 2646 3645 2716 Βασιλάκη
3672 2666 3777 2719 χω-

2202 2740 2286 2809 ρεῖ
2314 2738 2382 2791 τὰ
2418 2737 2554 2806 πρὸς
2586 2736 2857 2807 βασιλέως
2888 2736 3260 2791 κελευσθέντα
3286 2739 3483 2792 ποιεῖν.
3522 2740 3787 2793 Κάκεῖνοι

2200 2834 2301 2902 μὲν
2357 2830 2454 2896 ξὺν
2510 2828 2735 2898 γυναιξὶ
2798 2830 2895 2883 καὶ.
2942 2828 3159 2892 τέκνοις
3215 2830 3474 2898 ἀφίκοντο
3506 2831 3641 2901 πρὸς
3678 2832 3785 2903 τὴν

2202 2920 2589 2991 μεγαλόπολιν,
2622 2923 2877 2991 καθάπερ
2908 2919 3119 2973 ἄνωθεν
3147 2918 3423 2976 λέλεκται.
3466 2921 3525 2974 Ὀ
3555 2923 3784 2993 Κομνη-

2197 3012 2287 3076 νὸς
2329 3012 2390 3066 δὲ
2444 3011 2533 3066 διὰ
2572 3011 2915 3075 Μακεδονίας
2955 3011 3049 3064 καὶ
3097 3011 3364 3084 Βουλερρῦ
3420 3013 3645 3068 διελθὼν
3687 3015 3787 3070 τὸν

2199 3106 2485 3176 Στρύμονα
2541 3105 2955 3173 καταλαμϐάνει
2980 3145 2996 3169 ,
3050 3107 3143 3159 καὶ
3191 3106 3381 3161 τοῦτον
3440 3107 3787 3179 διαπεράσας

510 3195 628 3248 iens
691 3193 758 3247 ad
797 3192 1143 3262 Strymonem
1176 3194 1443 3259 pervenit,
1469 3203 1615 3246 eteo
1648 3194 1891 3260 trajectu,
1929 3207 2092 3261 pene-

2198 3195 2403 3247 καὶτὰ
2459 3195 2664 3265 μεταξὺ
2722 3195 3143 3268 Στρουμπίτζης
3196 3200 3291 3251 καὶ
3334 3199 3429 3253 τοῦ
3485 3200 3787 3270 λεγομένου

511 3285 671 3341 tralia
702 3284 929 3353 insuper
960 3283 1230 3352 angustiis
1277 3283 1484 3337 montis
1531 3281 1627 3350 qui
1677 3292 1905 3335 vocatur
1935 3279 2091 3336 Mau-

511 3392 641 3441 rus,
676 3376 824 3428 venit
869 3376 938 3428 ad
987 3374 1246 3442 oppidum
1295 3371 1569 3442 quoddam
1617 3372 1785 3426 lluvio
1827 3370 2091 3435 adsitum,

513 3468 608 3535 qui
642 3467 806 3535 vulgo
853 3464 1234 3533 indigenarum
1286 3465 1470 3532 lingua
1516 3463 1813 3517 Bardarius
1845 3472 2093 3527 vocatur,

513 3567 568 3610 et
600 3555 823 3626 paulum
861 3555 987 3609 inde
1017 3568 1342 3623 progressus
1372 3555 1578 3608 dirimit
1607 3555 1836 3608 invicem
1862 3553 2095 3608 Demea:

514 3664 581 3703 ac
618 3646 1023 3702 Thessalonica:
1057 3650 1353 3710 territoria,
1385 3649 1526 3702 inter
1556 3662 1677 3717 quae
1718 3645 1993 3716 proﬂuens
2038 3662 2097 3701 se

516 3749 781 3795 exonerat
813 3740 869 3793 in
907 3754 1078 3794 mare.
1117 3737 1216 3793 llic
1241 3739 1403 3793 hodie
1436 3753 1633 3794 cursus
1658 3746 1740 3794 est
1767 3740 1887 3809 ejus
1918 3741 2096 3795 amnis

517 3833 741 3902 paulum
789 3830 1074 3887 declinans
1105 3832 1174 3885 ab
1201 3830 1424 3901 antiquo
1454 3829 1616 3902 149
1645 3831 1833 3898 alveo,
1864 3832 1956 3901 qui
1990 3832 2096 3886 sic-

515 3942 615 3980 cus
644 3925 758 3979 l'ere
779 3924 894 3994 jam
927 3923 1141 3977 duobus
1171 3923 1414 3978 tribusve
1444 3925 1636 3977 stadiis
1659 3922 1867 3977 distare
1899 3924 1969 3978 ab
1997 3925 2094 3977 ho-

516 4017 713 4071 dierno
739 4016 1003 4080 cernitur,
1038 4016 1227 4069 relicta
1267 4015 1319 4067 in
1352 4013 1532 4067 medio
1559 4015 1794 4081 quadam
1830 4015 1977 4069 velut
2006 4016 2094 4068 in-

517 4110 662 4174 sula,
693 4122 856 4178 quam
893 4106 1208 4161 Comuenus
1243 4105 1467 4160 Alexius
1497 4106 1692 4162 casu-is
1720 4107 1937 4171 insedit,
1958 4108 2024 4160 ad
2049 4107 2099 4161 id

516 4203 571 4256 in
602 4201 793 4270 primis
821 4200 999 4253 locum
1025 4206 1389 4266 opportunum
1411 4196 1684 4266 judicans,
1701 4197 1846 4267 quod
1873 4209 2098 4252 natura-

516 4296 660 4350 libus
688 4294 818 4348 hinc
850 4294 975 4347 inde
1000 4293 1307 4346 muniretur
1330 4289 1516 4347 fossis.
1536 4290 1887 4347 Denuntiavit
1914 4302 2096 4349 autem

517 4392 634 4443 suis
649 4386 905 4441 omnibus
929 4394 1009 4451 ut,
1030 4390 1252 4453 sumpto
1277 4383 1527 4453 prandio,
1550 4384 1721 4454 quieti
1748 4399 1807 4439 se
1828 4399 1924 4455 per
1949 4384 2095 4440 diem

2197 3286 2428 3358 Μαύρου
2476 3288 2636 3357 ὄρους
2670 3288 2782 3361 (55)
2837 3292 2998 3345 στενὰ
3043 3290 3273 3344 διελθὼν
3303 3294 3382 3356 εἰς
3406 3295 3603 3364 χωρίον
3644 3296 3785 3365 πρός

2196 3396 2319 3432 τινα
2340 3380 2589 3450 ποταμὸν
2612 3384 2866 3452 κείμενον
2888 3383 3134 3452 γέγονεν,
3156 3383 3216 3438 ὃν
3245 3386 3527 3456 ἐγχωρὶως
3556 3385 3787 3440 καλοῦσι

2198 3471 2524 3544 Βαρδάριον.
2562 3474 2621 3528 Ὀ
2660 3475 2717 3528 δὲ
2764 3476 3066 3547 Βαρδάριος
3125 3480 3397 3549 καταρρεῖ
3428 3477 3530 3549 μὲν
3572 3480 3636 3532 ἐκ
3675 3479 3790 3532 τῶν

2199 3565 2300 3633 τῆς
2331 3566 2456 3629 νέας
2492 3567 2705 3630 Μυσίας
2756 3567 2922 3639 ὀρῶν.
2962 3567 3058 3622 καὶ
3087 3567 3239 3621 διιὼν
3266 3568 3355 3622 διὰ
3387 3569 3648 3624 Σκούπων
3681 3573 3787 3624 κὰ-

2199 3672 2339 3710 τεισι
2372 3656 2577 3727 μεταξὺ
2602 3658 3019 3730 Στρουμπίτζης
3042 3658 3137 3711 καὶ
3164 3659 3398 3712 Στυπίου
3424 3658 3545 3730 δίχα
3569 3661 3789 3730 τέμνων

2199 3749 2267 3800 τὰ
2294 3747 2418 3817 ὅρη,
2456 3747 2631 3817 βραχὺ
2661 3748 2718 3800 δὲ
2757 3747 2969 3801 ἐκεῖθεν
2999 3747 3210 3819 προῖὼν
3243 3748 3512 3820 διίστησιν
3537 3748 3790 3819 ἀλλήλων

2196 3836 2266 3890 τά
2299 3854 2358 3889 τε
2409 3837 2670 3907 Βερροίκς
2731 3838 2826 3890 καὶ
2874 3837 3278 3910 Θεσσαλονίκης
3306 3840 3484 3910 χωρία
3510 3839 3576 3892 δι’
3603 3840 3787 3894 αὐτῶν

2201 3930 2341 3998 ῥέων
2375 3929 2469 3981 καὶ
2503 3929 2637 3999 πρὸς
2665 3930 2763 3997 τὴν
2787 3930 3067 3985 θάλασσαν
3095 3930 3273 3984 δίεισι.
3305 3931 3533 4001 Χρόνοις
3566 3930 3625 3984 δι
3649 3934 3788 4001 πρίε-

2202 4037 2360 4091 τερον
2417 4020 2590 4091 βραχύ
2641 4039 2693 4074 τι
2740 4023 2837 4091 τῆς
2871 4022 3010 4086 ἰδίας
3060 4022 3373 4086 ἀπονεύσας
3414 4024 3642 4095 πορείας
3676 4024 3791 4076 ἑτέ.

2208 4128 2349 4181 ρωσε
2386 4113 2656 4183 ἐτράπετο
2685 4116 2744 4165 οὺ
2780 4113 2924 4165 πάνυ
2957 4128 3010 4165 τι
3044 4112 3189 4166 δυοῖν
3223 4114 3391 4183 τριῶν
3423 4113 3653 4167 σταδίων
3682 4113 3789 4183 τῆς

2205 4205 2476 4275 προτέρας
2528 4203 2700 4257 διόδου
2756 4204 3110 4273 ἀπέχουσαν,
3157 4203 3300 4271 ὥστε
3352 4204 3628 4274 ξυμϐῆναι
3682 4204 3787 4273 τὴν

2204 4296 2402 4367 πρώην
2444 4296 2657 4351 ἐκείνου
2714 4296 2950 4367 πάροδον
3003 4297 3249 4368 διώρυχα
3318 4293 3461 4351 εἶναι
3513 4296 3785 4367 αὐτοφυῆ.

2202 4389 2425 4456 Μεταξὺ
2459 4384 2553 4443 οὖν
2580 4391 2787 4460 ἀμφοῖν
2825 4391 2854 4442 ὁ
2886 4391 3168 4462 Κομνηνὸς
3200 4389 3440 4456 Ἀλέξιος
3473 4404 3788 4460 κατεστρα-

1561 4572 1766 4663 Caroli
1801 4575 1893 4634 Du
1924 4575 2154 4637 Fresne
2186 4578 2277 4639 Du
2307 4584 2514 4656 ('ange
2550 4587 2738 4640 notae.

520 4742 819 4815 ἀμφιλαφῆ
849 4740 1027 4815 χῷρον
1049 4742 1148 4795 καὶ
1176 4742 1426 4815 επίχλοον
1455 4742 1746 4815 ἅπανεαχῆ
1783 4743 2017 4813 φέροντα
2039 4743 2092 4796 τὲ

2204 4756 2348 4799 rant.
2378 4745 2495 4800 Jam
2525 4744 2815 4814 veroquod
2839 4744 2906 4800 de
2929 4744 3131 4814 palatio
3155 4743 3536 4815 Philopatiano
3566 4745 3775 4813 subdit,

520 4811 1073 4888 πρόσωπονῷΝιξιιυθ
1125 4811 1279 4888 _alio'
1318 4814 1557 4888 respexit
1613 4811 1981 4888 Theophanes
2040 4815 2092 4867 in

2205 4817 2551 4888 lirmaturAiis
2579 4811 2833 4888 Ciiijiaini
2868 4811 3095 4888 verbis;
3140 4817 3226 4888 Ἑν
3253 4811 3783 4888 δὲτῷ-κῇατάντικρυ

521 4881 710 4938 ιῖοοιιθ
752 4884 1043 4952 Armeno,
1105 4881 1235 4934 dum
1282 4884 1360 4936 ait
1407 4882 1668 4936 Crumum
1736 4884 2093 4952 Bulgarorum

521 4969 703 5021 regem
763 4951 1293 5020 Constantinopolim
1360 4953 1743 5016 obsidentem,
1805 4951 2097 5007 celebratis

524 5039 676 5076 more
699 5025 874 5091 gentis
903 5037 1024 5093 suae
1047 5024 1112 5074 ad
1151 5031 1361 5090 portam
1412 5025 1647 5093 Auream
1701 5023 1892 5087 sacris,
1939 5025 1996 5075 ἐν
2019 5024 2098 5093 τῷ

523 5094 659 5162 πρὸς
711 5093 987 5145 θ’άιασσαν
1016 5091 1260 5160 λιὸαδίῳ,
1296 5107 1455 5147 suum
1508 5092 1572 5162 iri
1595 5093 1841 5146 eamdem
1872 5091 2093 5145 contor-

522 5160 663 5216 sissc
694 5163 989 5230 spiculum.
1020 5162 1123 5214 Sed
1162 5176 1271 5229 pra:
1306 5162 1523 5215 caeteris
1558 5160 1847 5230 ΡΙιὶΙονειιιὶ
1882 5163 2097 5216 descri-

524 5234 764 5302 ptionem
819 5245 887 5283 ex
941 5231 1185 5302 Arnoldo
1238 5231 1538 5286 Lubecensi
1598 5249 1626 5286 a
1676 5234 1835 5287 nobis
1881 5234 2096 5285 allatam

526 5300 761 5355 illustrat
820 5302 936 5371 Udo
990 5302 1071 5371 de_
1118 5300 1329 5371 Diugilo
1372 5302 1554 5371 abbas
1589 5303 2099 5371 Sari-Dionysiauus

525 5374 562 5427 ι.
596 5387 654 5425 ιιι
699 5372 769 5423 De
793 5370 1013 5439 profect.
1040 5368 1178 5423 Lud.
1222 5368 1329 5423 VU
1353 5374 1486 5440 regis
1506 5369 1708 5424 Franc.
1753 5374 1808 5424 in
1833 5368 2042 5426 O'rient.
2080 5386 2098 5421 :

514 5442 682 5505 .Erat,
710 5443 904 5510 inquit,
933 5451 1054 5492 ante
1084 5443 1261 5493 urbem
1290 5441 2099 5509 murorumambitusspatiosua

522 5526 569 5566 et
598 5512 859 5580 spatiosus
879 5510 1244 5563 multimudam
1276 5513 1601 5563 venationem
1632 5512 1905 5564 includens
1926 5551 1940 5572 ,
1973 5527 2100 5565 con-

524 5584 714 5636 ductus
753 5582 913 5635 etiam
940 5596 1194 5649 «quarunt
1230 5590 1279 5633 et
1322 5590 1512 5650 stagna
1544 5584 1834 5634 continens.
1882 5580 2100 5633 Inerant

524 5655 681 5705 etiam
713 5653 958 5716 quaedam
991 5655 1135 5718 [ossa
1173 5660 1224 5703 et
1248 5665 1497 5721 ceucavq,
1540 5666 1658 5721 qua:
1686 5651 1799 5703 loco
1829 5665 2097 5704 uentorum

526 5723 844 5774 animalibus
858 5738 910 5790 pi
923 5721 1158 5774 wbebant
1182 5720 1431 5790 latibulo.
1451 5719 1517 5790 lu
1533 5719 1834 5774 omwnitate
1851 5723 1946 5773 illa
1959 5735 2101 5790 qutt-

525 5793 648 5842 dum
671 5792 877 5856 palatia
893 5791 1357 5844 nimiaambitioue
1379 5789 1669 5860 fulgebunt.
1695 5789 2106 5859 qua’imperalo-

526 5877 606 5917 res
627 5863 695 5915 ad
707 5862 1095 5930 jucunditatem
1125 5877 1398 5916 uernarum
1423 5874 1711 5929 temporum
1733 5862 1831 5914 sibi
1852 5863 2111 5931 [undare-

2195 4888 2426 4955 τειχέων
2450 4885 2716 4955 βασιλικῷ
2739 4883 2978 4952 γεγονὼς
2999 4883 3398 4955 ἐνδωτήματιζ
3413 4885 3440 4937 ὃ
3460 4883 3786 4940 Φιλοπάτίον

2195 4954 2567 5024 ὀνομάζομεν.
2602 4956 2879 5023 hjusmodi
2929 4955 3047 5009 loca
3094 4954 3366 5009 venationi
3410 4954 3699 5009 commoda
3727 4969 3786 5011 et

2196 5028 2365 5095 septis
2392 5028 2780 5088 circutnclusa,
2805 5025 3116 5094 quibusque
3146 5026 3401 5090 adjuncta
3448 5034 3606 5079 erant
3634 5025 3788 5095 pala-

2199 5096 2298 5165 tia,
2339 5095 2707 5165 παραδείσους
2765 5096 3114 5165 appellabant
3165 5095 3497 5165 Ifersayuti
3534 5102 3784 5150 scribunt

2197 5162 2501 5237 Xenophon
2539 5164 2574 5218 Ι.
2620 5181 2631 5216 I
2660 5175 2713 5218 et
2739 5162 2813 5219 ixi
2846 5164 2920 5237 D_e
2952 5166 3122 5237 iustit.
3160 5162 3311 5234 Cyri,
3341 5163 3438 5237 Dio
3483 5165 3779 5237 Chrysmt.

2197 5245 2339 5289 orat.
2367 5235 2400 5288 5
2433 5235 2507 5287 De
2560 5249 2740 5304 regno,
2789 5243 2845 5288 et
2878 5233 3173 5302 Zosimus;
3210 5233 3620 5289 describuntur
3652 5251 3789 5289 vero

2198 5306 2268 5358 ab
2299 5306 2591 5358 Ammiano
2617 5308 2653 5357 Ι.
2689 5320 2835 5358 χχιιι.

2271 5374 2385 5445 (55)
2415 5376 2660 5443 Μαύρου
2710 5374 2909 5442 ὄρους.
2970 5373 3061 5428 Sic
3113 5374 3458 5443 appellabant
3506 5374 3785 5429 citerioris

2197 5443 2296 5499 aevi
2327 5443 2501 5499 Graeci
2534 5451 2769 5497 't'aurum
2806 5454 3042 5498 montem
3078 5445 3129 5497 in
3168 5446 3360 5499 Citicia
3408 5454 3463 5497 et
3495 5446 3781 5510 Armenia,

2202 5525 2262 5569 ut
2306 5525 2500 5569 auctor
2540 5529 2622 5568 est
2665 5514 2877 5583 l’iiocas
2919 5516 2973 5567 in
3026 5514 3282 5581 Descript.
3326 5518 3497 5568 Terra:
3544 5513 3783 5579 Smirtw,

2199 5601 2250 5640 c.
2306 5586 2392 5649 Η,
2444 5596 2500 5639 et
2557 5585 2823 5655 Scylitzcs
2887 5584 2941 5637 in
2998 5583 3307 5654 Nicqiliono
3358 5583 3558 5655 Piioca.
3608 5585 3783 5638 Matu't

2201 5658 2402 5710 montis
2459 5654 2709 5708 meminit
2760 5656 2926 5706 etiam
2978 5656 3134 5707 Anna
3173 5656 3209 5707 l.
3264 5670 3396 5716 xm,
3431 5670 3484 5723 p.
3517 5654 3641 5713 M2.
3682 5656 3787 5708 l’a-

2200 5727 2485 5796 chymeres
2509 5726 2543 5778 l.
2570 5741 2642 5788 iv,
2668 5740 2721 5777 c.
2754 5724 2841 5787 1‘2,
2871 5724 2906 5777 l.
2934 5738 2988 5789 ν,
3018 5740 3068 5778 c.
3103 5725 3194 5785 24,
3222 5736 3275 5778 ct
3303 5724 3601 5779 i’ltratttzcs
3630 5725 3663 5777 ι.
3701 5740 3784 5791 ιιι,

2202 5812 2251 5849 c.
2286 5796 2375 5850 27.
2405 5796 2744 5865 Montenegro
2776 5798 2957 5850 vocari
2992 5796 3152 5850 hodie
3177 5796 3350 5851 aiunt.
