4136 6438
386 412 489 479 197

1594 417 2141 480 HISTORIARUM
2176 419 2320 482 LIB.
2369 421 2466 484 IV.

3568 435 3674 503 I98

387 531 723 597 τοπέδευσε,
766 531 1155 603 παραγγείλας
1211 529 1423 595 πάντας
1478 532 1888 603 ἀριστήσαντας
1927 533 1974 586 τί

2093 532 2325 600 darent,
2353 535 2554 606 quippe
2580 537 2674 604 qui
2704 547 2799 593 aut
2836 540 3207 613 pert'igilaturi
3249 556 3676 606 consecuturum

390 622 582 678 λοιπὸν
606 624 707 694 τῆς
736 624 957 695 ἡμέρας
991 622 1368 677 ἀναπαύεσθαι
1397 622 1474 685 ὡς
1508 622 1607 694 τὴν
1642 622 1815 676 νύκτα
1851 625 1984 694 μὲλ-

391 719 587 781 λοντας
622 717 933 788 ἀγρυπνεῖν
981 717 1016 786 ἢ
1058 713 1349 769 καθεύδειν
1380 716 1439 769 ἐν
1487 714 1697 779 ὅπλοις.

466 812 560 884 [Ρ.
614 809 710 882 99]
776 808 864 862 tB'.
902 809 1016 863 Καὶ
1068 809 1178 879 γὰρ
1221 809 1480 880 ἀγχίνους
1526 807 1604 861 ὣν
1647 809 1738 860 καὶ
1784 809 1984 879 πεῖραν

392 901 581 954 λαϐὼν
632 898 826 968 ἱκανὴν
877 896 938 961 ἐξ
983 890 1059 951 ὧν
1094 897 1288 970 ἐδρασε
1326 899 1593 968 πρότερον
1625 896 1863 967 ἐθήρασε
1892 897 1984 950 τὸν

391 987 494 1040 τοῦ
545 986 809 1057 πολεμίου
868 985 1116 1052 σκοπὸν,
1169 986 1416 1055 οἰόμενος
1460 984 1746 1039 ἐπιθέσθαι
1795 985 1984 1040 τοῦτον

394 1080 610 1130 ἐκεῖνον
657 1077 876 1140 νυκτὸς,
906 1077 935 1130 ὃ
971 1075 1036 1148 δὴ
1089 1076 1189 1129 καὶ
1240 1078 1456 1146 γέγονε.
1501 1077 1686 1148 Ταύτῃ
1750 1095 1832 1131 τοι
1887 1077 1984 1134 καὶ

400 1170 966 1242 προπαρεσκεύασατο
993 1172 1087 1225 καὶ
1116 1173 1352 1232 σκοποὺς
1382 1171 1721 1242 πανταχόθεν
1752 1171 1983 1242 ἐξέπεμ-

391 1280 523 1318 πεν.
571 1261 713 1316 ’Δλλ’
759 1257 915 1327 οὗτος
976 1263 1077 1335 μὲν
1102 1262 1265 1318 οὕτω.
1303 1265 1365 1317 Ὀ
1413 1263 1468 1318 δέ
1507 1264 1844 1335 Βασιλάκης,
1873 1264 1982 1319 τῶν

394 1358 669 1423 ξυνόντων
709 1358 788 1431 τῷ
825 1358 1102 1431 Κομνηνῷ
1141 1358 1615 1429 αὐτομολήσαντός
1664 1376 1812 1423 τινος
1843 1360 1980 1431 πρὸς

389 1451 561 1503 αὐτὸν
582 1453 675 1503 καὶ
706 1450 1014 1523 φράσαντος
1036 1450 1112 1513 ὡς
1141 1451 1189 1503 εί
1222 1450 1467 1521 βούλοιτο
1490 1450 1775 1504 ἐπιθέσθαι
1806 1452 1980 1521 τούτῳ

390 1536 715 1606 παραδώσει
750 1536 942 1593 τοῦτον
996 1538 1160 1600 αὐτὸς
1204 1537 1543 1592 καθεύδοντα
1584 1539 1678 1592 ἐπὶ
1705 1542 1805 1610 τὴν
1842 1557 1980 1611 σκη-

388 1631 517 1701 νὴν,
572 1630 736 1700 μηδὲν
795 1629 1069 1701 μελλήσας
1106 1630 1324 1685 ἐκέλευε
1375 1631 1588 1695 πάντας
1636 1630 1975 1695 ὁπλίζεσθαι.

389 1725 507 1775 Καὶ
540 1723 698 1787 εὐθὺς
741 1724 983 1787 ἅπαντες
1011 1720 1155 1795 ἦσαν
1186 1727 1244 1777 ἐν
1286 1724 1497 1788 ὅπλοις.
1542 1725 1697 1778 Ἐπεὶ
1744 1725 1801 1779 δὲ
1841 1724 1978 1797 πρὸς

384 1817 483 1871 τὸν
519 1817 738 1870 δυτικὸν
768 1816 1023 1887 ὁρίζοντα
1052 1819 1080 1871 ὁ
1108 1816 1257 1887 ἥλιος
1286 1812 1379 1888 ἦν,
1422 1817 1519 1888 ήδη
1563 1820 1683 1881 ταῖς
1721 1817 1978 1885 σάλπιγξι

387 1909 647 1977 σημάνας
689 1908 778 1961 τὸν
814 1908 1089 1979 ἐξιτήριον
1144 1905 1292 1979 ἐξῄει
1326 1908 1426 1976 τῆς
1473 1908 1703 1971 πόλεως.
1736 1908 1977 1961 Καταλι-

385 1999 511 2054 πὼν
549 2000 605 2053 δὲ
643 2001 744 2070 τὴν
782 1984 1003 2054 εὐθεῖαν
1057 2001 1200 2067 ὁδὸν,
1232 1999 1300 2053 ἶν’
1341 1999 1515 2063 οὕτως
1566 1999 1705 2072 λάθῃ
1739 1999 1834 2053 τὸν
1891 2019 1980 2071 μι-

382 2092 529 2162 κροῦ
561 2092 672 2145 δεῖν
700 2091 996 2162 ἁλάθητον,
1035 2092 1125 2146 διὰ
1158 2090 1260 2162 τῆς
1289 2092 1596 2162 λεγομένης
1626 2093 1799 2163 Λιτῆς
1838 2092 1974 2145 διελ-

384 2181 520 2246 θὼν,
556 2182 680 2234 ἐπεὶ
731 2182 869 2253 πρὸς
900 2180 993 2234 τὸν
1052 2183 1300 2249 ποταμὸν
1356 2182 1583 2249 γέγονεν
1631 2178 1691 2233 ὃν
1749 2180 1979 2235 Γαλικδν

385 2274 654 2327 καλοῦσιν
682 2273 962 2346 ἐγχώριοι,
989 2274 1332 2344 διαπεράσας
1355 2273 1545 2327 τοῦτον
1571 2272 1737 2342 ἐγγύς
1763 2289 1865 2327 που
1881 2272 1975 2328 τοῦ

384 2366 657 2436 φρουρίου
712 2366 808 2420 τοῦ
855 2364 1042 2418 Ἀετοῦ
1099 2364 1441 2435 καλουμένου
1501 2366 1597 2417 καὶ
1647 2365 1739 2418 τὸν
1794 2367 1977 2418 ἐκεῖσε

386 2459 638 2531 ὑπερϐὰς
677 2457 893 2513 αὖλακα
933 2458 1135 2530 ἐχώρει
1157 2458 1247 2512 διὰ
1274 2458 1373 2527 τῆς
1401 2457 1673 2519 πεδιάδος.

461 2549 531 2603 κ’.
573 2549 713 2603 Ἀλλ’
763 2550 865 2602 οὐκ
922 2547 1083 2601 ἔλαθε
1121 2546 1249 2610 τοὺς
1301 2546 1560 2612 σκοποὺς,
1621 2543 1738 2598 ἀλλ’
1766 2543 1883 2613 ἅμα
1916 2559 1974 2596 τε

384 2644 598 2704 ἐκεῖνος
647 2638 843 2710 ἐξῆλθε
885 2640 986 2708 τῆς
1048 2637 1259 2701 πόλεως
1308 2639 1417 2690 κὰκ
1459 2636 1553 2691 τοῦ
1603 2635 1844 2705 πλήθους
1877 2637 1977 2704 τῆς

386 2732 597 2793 κόνεως
633 2731 683 2783 oi
723 2729 919 2783 σκοποὶ⁵
950 2728 1050 2800 τὴν
1083 2728 1263 2792 ἔξοδον
1307 2725 1727 2796 τεκμηράμενοι
1756 2723 1836 2795 τῷ
1867 2723 1976 2777 τῶν

384 2821 599 2892 σχολῶν
655 2821 966 2892 δομεστίκῳ
1018 2819 1194 2874 ταῦτα
1255 2819 1509 2889 ἐμήνυον.
1554 2816 1615 2869 '0
1670 2816 1716 2869 δ’
1752 2816 1970 2869 ἐκέλευε

384 2915 599 2977 πάντας
645 2912 1135 2984 ὁπλοφορήσαντας
1170 2912 1265 2964 καὶ
1317 2909 1446 2972 τοὺς
1482 2908 1687 2970 ἵππους
1722 2907 1977 2978 εὐτρεπί-

381 3023 592 3070 σαντας
625 3008 958 3076 περιμένειν
992 3004 1053 3057 τὸ
1089 3003 1364 3073 σύνθημα,
1401 3004 1494 3055 καὶ
1518 3000 1679 3056 ἄλλον
1708 3001 1791 3052 ἐπ’
1827 3001 1975 3072 ἄλλῳ

379 3100 698 3169 ἐξέπεμπεν
731 3098 875 3152 ὥστε
935 3096 1234 3169 μανθάνειν
1266 3099 1333 3150 τὰ
1366 3094 1510 3149 κατὰ
1548 3095 1640 3148 τὸν
1680 3094 1969 3156 πολέμιον.

393 3193 555 3245 Ἐπεὶ
590 3193 633 3245 δ’
666 3190 898 3261 ἀφίκετό
957 3207 1042 3254 τις
1100 3188 1208 3242 τῶν
1257 3188 1471 3242 ἐκείνου
1540 3186 1837 3256 οἰκογενῶν
1865 3226 1878 3249 ,
1913 3186 1971 3248 ὃς
1999 3220 2042 3278 C

381 3284 582 3345 πιστὸς
633 3276 702 3353 ἦν
735 3280 887 3352 αύτῷ
929 3281 1027 3333 καὶ
1081 3277 1484 3350 συνηλικιὼτης
1514 3279 1611 3331 καὶ
1671 3277 1973 3349 σύντροφος

379 3373 662 3443 (Τατίκιος
693 3369 760 3444 ἦν
779 3372 955 3444 δνομα
984 3369 1064 3443 τῷ
1106 3370 1310 3442 ἀνδρὶ),
1343 3369 1569 3441 φράζων
1591 3369 1664 3433 ὡς
1685 3370 1748 3423 οὐ
1781 3370 1971 3441 πόρρω

378 3468 523 3520 είσὶν
554 3467 608 3520 oi
638 3467 914 3536 πολέμιοι,
956 3463 1294 3518 ἐπυνθάνετο
1324 3463 1516 3517 τούτου
1545 3464 1595 3516 εἰ
1624 3462 1791 3516 αὐτὸν
1826 3464 1974 3515 ἐκεῖ-

378 3577 474 3613 νον
527 3557 831 3630 ἐγνώρισεν
867 3553 1009 3610 εἶναι
1046 3554 1138 3608 τὸν
1166 3553 1503 3624 Βασιλάκην.
1544 3551 1604 3605 '0
1646 3552 1689 3604 δ’
1718 3551 1970 3605 ἐϐεϐαίου

376 3651 479 3703 καὶ
501 3647 688 3718 φωνῆς
710 3645 921 3700 ἐκείνου
946 3644 1182 3698 ἀκοῦσαι
1216 3643 1567 3714 καθιστώσης
1579 3644 1679 3714 τὴν
1710 3644 1968 3712 φάλαγγα

376 3741 479 3796 καὶ
509 3739 744 3793 ἕπεσθαί
773 3739 823 3791 οἱ
866 3735 1221 3807 κελευούσης,
1247 3738 1344 3790 καὶ
1378 3734 1534 3806 βέλος
1584 3736 1802 3803 ἀφεῖναι
1850 3734 1971 3787 κατ’

372 3834 595 3889 ἐκείνου
618 3833 706 3887 διὰ
730 3832 826 3887 τοῦ
841 3832 1020 3899 τόξου.
1048 3831 1223 3894 Εὐθὺς
1239 3828 1632 3883 οὒνέκελεύετο
1656 3827 1857 3893 ἐξόδιον
1880 3844 1976 3897 ση-

375 3928 555 3997 μῆναι
582 3924 680 3987 τὰς
701 3923 1034 3992 σάλπιγγας,
1063 3920 1157 3974 καὶ
1184 3923 1294 3983 τοῖς
1321 3922 1452 3991 περὶ
1464 3920 1566 3990 τὴν
1591 3920 1727 3973 ἰδίαν
1754 3936 1976 3990 παρεμ-

373 4019 549 4090 ϐολήν
580 4017 744 4080 εὐθὺς
774 4017 1005 4088 λύχνους
1027 4018 1123 4070 καὶ
1147 4016 1352 4088 κηροὺς
1380 4016 1637 4083 ἐξάπτειν
1662 4017 1980 4069 ἐπέταττεν.

2094 634 2308 680 noctem
2346 637 2440 681 aut
2473 630 2691 685 nonnisi
2724 631 2778 684 in
2816 633 2987 688 armis
3022 635 3310 691 dormituri
3343 636 3544 696 forent.

2160 807 2247 862 l9.
2294 806 2410 863 Hoc
2461 824 2560 878 pro
2606 825 2705 866 sua
2756 824 2949 869 ezetera
2994 817 3292 886 sagacitate
3339 822 3590 891 praevidit
3622 833 3677 880 et

2088 901 2472 965 lil‘tﬁllllﬂliaVil
2496 902 2742 969 Alexius,
2776 920 2900 958 nam
2937 922 3036 961 usu
3070 924 3252 963 rerum
3285 913 3513 969 edoctus
3544 930 3671 969 cum

2085 991 2250 1043 certis
2276 1005 2343 1043 ex
2379 991 2594 1047 indiciis
2625 994 3011 1062 coiijertasset,
3035 999 3328 1055 consilium
3354 1003 3529 1059 hostis
3552 1019 3677 1059 esse

2086 1086 2247 1130 nocte
2283 1076 2495 1133 irruere
2535 1080 2589 1133 in
2622 1096 2719 1134 sua
2754 1091 2956 1149 castra,
2990 1085 3133 1152 quod
3165 1094 3221 1141 et
3251 1102 3311 1142 re
3340 1089 3456 1158 ipsa
3491 1093 3674 1145 conti-

2085 1170 2181 1238 git,
2220 1180 2435 1224 mature
2488 1173 2816 1241 prannnnire
2851 1190 2909 1227 se
2938 1178 3151 1231 curavit
3195 1179 3459 1236 adversus
3504 1182 3673 1237 istum

2084 1263 2203 1332 ejus
2252 1264 2538 1334 impetum,
2588 1268 3029 1337 exploratoribus
3077 1285 3297 1324 omnem
3348 1271 3404 1326 in
3458 1283 3669 1342 partem

2083 1353 2349 1409 dimissis.
2385 1356 2465 1408 Ad
2497 1355 2797 1411 Basilacem
2846 1373 3013 1428 porro
3052 1361 3284 1415 accessit
3328 1362 3551 1430 quidam
3602 1364 3673 1418 ab

2083 1445 2276 1499 Alexio
2310 1449 2593 1519 transfuga
2617 1491 2631 1516 ,
2683 1453 2774 1518 qui
2804 1453 3056 1521 promisit
3089 1466 3145 1507 Se
3175 1456 3497 1509 traditurum
3529 1455 3579 1510 ei
3617 1457 3671 1511 in

2084 1552 2279 1591 manus
2325 1539 2686 1595 dormientem
2745 1544 2799 1597 in
2855 1559 2957 1597 suo
3012 1545 3366 1601 tabernaculo
3392 1547 3668 1615 Alexium,

2084 1630 2247 1682 modo
2288 1631 2547 1699 impetum
2607 1630 2785 1687 facere
2833 1634 2887 1688 in
2945 1648 3127 1690 castra
3183 1640 3302 1707 ejus
3333 1641 3517 1693 vellet.
3548 1639 3671 1706 Quo

2084 1718 2172 1773 ille
2218 1722 2407 1777 audito
2456 1725 2590 1780 nihil
2639 1735 2931 1781 cunctatus
2973 1729 3141 1798 jussit
3182 1739 3412 1785 cunctos
3440 1734 3665 1797 armari,

2083 1814 2282 1881 quibus
2332 1830 2539 1868 morem
2603 1818 2944 1886 gerentibus.
2999 1835 3123 1874 cum
3187 1823 3268 1875 sol
3318 1825 3670 1879 occumberet

2082 1905 2294 1973 signum
2332 1908 2567 1963 exeundi
2600 1911 2855 1963 tubarum
2889 1923 3055 1966 cantu
3107 1914 3371 1970 militibus
3418 1916 3504 1970 edi
3549 1915 3672 1986 jus-

2081 1994 2171 2058 sit,
2207 2006 2262 2050 et
2288 2011 2546 2066 egressus
2575 2013 2605 2053 e
2635 2000 2879 2066 civitate,
2910 2004 3115 2056 omissa
3142 2004 3228 2058 via
3263 2015 3433 2072 recta,
3464 2016 3522 2062 ut
3553 2022 3669 2063 me-

2081 2084 2185 2139 lius
2218 2086 2423 2140 falleret
2449 2104 2574 2143 eum
2609 2090 2702 2158 qui
2739 2088 2853 2143 falli
2880 2092 2968 2145 vix
3007 2103 3239 2161 poterat,
3268 2094 3496 2166 Litaque
3525 2098 3669 2169 (loco

2080 2178 2161 2232 sic
2192 2179 2361 2248 dicto)
2394 2180 2661 2244 transite,
2712 2182 2803 2235 ubi
2831 2182 2896 2236 ad
2932 2181 3157 2237 fluvium
3189 2189 3457 2253 pervenit,
3503 2202 3666 2257 quem

2079 2270 2329 2326 Galicum
2362 2273 2562 2328 accolae
2592 2273 2889 2342 appellant,
2936 2290 3061 2330 eum
3115 2278 3330 2346 trajecit
3379 2294 3545 2350 prope
3577 2295 3668 2335 ar-

2079 2378 2195 2418 cem
2227 2364 2314 2418 cui
2352 2379 2551 2418 nomen
2600 2373 2684 2420 est
2712 2366 2934 2435 Aquila,
2972 2366 3211 2438 indeque
3238 2380 3499 2442 superata
3527 2373 3669 2429 valle

2078 2469 2174 2525 per
2199 2469 2453 2525 campum
2487 2457 2841 2526 procedebat.

2153 2545 2313 2616 150
2340 2544 2429 2601 ‘20.
2474 2546 2593 2601 Non
2626 2546 2781 2603 latuit
2823 2555 3006 2604 autem
3037 2549 3416 2621 exploratores
3445 2553 3514 2610 ab
3540 2527 3690 2610 Aie:

2078 2638 2169 2690 xio
2196 2638 2515 2706 dispositos.
2548 2638 2692 2704 Quin
2720 2639 2833 2709 jam
2867 2649 2980 2695 tum
3012 2656 3137 2695 eum
3169 2644 3404 2711 primum
3431 2661 3497 2699 ex
3529 2647 3668 2702 urbe

2078 2727 2355 2782 B.:silaces
2386 2728 2587 2797 prodiit
2619 2743 2688 2783 ex
2719 2730 2938 2785 sublato
2979 2731 3031 2785 in
3066 2733 3235 2786 altum
3269 2735 3492 2802 pulvere
3521 2735 3666 2790 iudi-

2084 2822 2172 2872 cio
2212 2817 2291 2870 illi
2332 2822 2492 2887 cap‘to
2536 2818 2603 2871 ad
2651 2818 3014 2873 domesticum
3072 2821 3385 2876 scholarum
3412 2823 3662 2878 Alexium

2077 2922 2190 2962 rem
2224 2910 2554 2963 detulerant.
2601 2909 2695 2963 Ille
2726 2925 2852 2963 vero
2901 2909 3142 2979 iusserat
3188 2929 3380 2970 omnes
3432 2930 3565 2971 suos
3610 2919 3663 2971 in

2076 3001 2245 3055 armis
2279 3009 2429 3054 stare
2462 3001 2796 3069 procinctos,
2829 3012 2884 3054 et
2932 3002 3022 3069 qui
3073 3016 3244 3071 equos
3297 3005 3564 3061 haberent
3597 3008 3665 3063 iis

2075 3090 2340 3160 expeditis
2389 3099 2443 3144 ct
2495 3092 2700 3159 paratis
2746 3105 3069 3161 exspectare
3106 3095 3383 3163 pugnandi
3418 3097 3661 3168 signum.

2076 3180 2174 3238 His
2212 3185 2284 3235 ita
2330 3183 2566 3252 provisis
2612 3183 2780 3237 alium
2831 3199 2998 3254 super
3049 3190 3216 3241 alium
3272 3190 3524 3245 mittebat
3569 3193 3661 3261 qui

2078 3290 2225 3329 certa
2250 3276 2317 3328 de
2340 3275 2589 3330 hostibus
2622 3274 2909 3330 referrent.
2941 3276 3005 3332 Ut
3035 3290 3216 3333 autem
3246 3282 3313 3335 ad
3346 3298 3469 3337 eum
3501 3286 3665 3338 rediit

2076 3368 2299 3438 quidam
2335 3382 2365 3421 ο
2400 3367 2583 3423 vernis
2624 3368 2776 3436 ejus,
2811 3371 3039 3438 aequalis
3076 3373 3247 3442 ipsius
3294 3384 3350 3428 et
3399 3375 3660 3430 collucta-

2085 3476 2221 3515 neus
2256 3460 2345 3514 cui
2375 3457 2587 3515 Tillit‘io
2636 3475 2859 3528 nomen,
2910 3462 3064 3517 aiens
3115 3480 3222 3518 non
3267 3465 3427 3535 longe
3460 3469 3664 3525 distare

2075 3548 2283 3613 hostes,
2306 3548 2676 3619 interrogabat
2704 3565 2830 3605 eum
2863 3568 2931 3605 an
2964 3564 3113 3608 certo
3139 3554 3302 3610 sciret
3330 3556 3508 3626 ipsum
3533 3573 3662 3614 cum

2074 3640 2140 3694 iis
2174 3639 2432 3693 advenire
2459 3637 2783 3706 Basilacem,
2812 3650 2868 3696 et
2895 3643 3092 3712 ecquid
3125 3644 3279 3698 illum
3310 3646 3382 3703 ibi
3412 3648 3659 3703 vidisset.

2078 3731 2378 3785 Allirmavit
2405 3730 2652 3786 Taticius
2684 3741 2739 3786 ct
2771 3732 3037 3789 Basilacis
3064 3751 3253 3790 vocem
3286 3739 3402 3794 suis
3426 3755 3486 3794 se
3516 3744 3664 3796 auri-

2079 3826 2182 3878 bus
2217 3824 2493 3890 hausisse,
2529 3823 2670 3878 dixit
2700 3825 3005 3880 ordinantis
3033 3828 3206 3882 aciem
3253 3837 3308 3883 et
3338 3830 3493 3901 sequi
3542 3849 3664 3888 sese

2076 3916 2346 3986 iubentis.
2376 3916 2519 3982 Quin
2561 3917 2722 3971 etiam
2774 3932 2835 3972 se
2887 3920 3140 3989 sagittam
3192 3921 3245 3974 in
3296 3921 3475 3992 ipsum
3527 3939 3661 3980 arcu

2084 4013 2408 4089 jaculatum.
2437 4012 2531 4067 llis
2560 3991 2761 4069 auditis
2789 4017 3063 4084 extemplo
3086 4015 3312 4071 Alexius
3351 4033 3549 4072 canere
3578 4030 3666 4072 tn-

375 4118 479 4171 bas
515 4113 707 4183 jussit,
738 4123 794 4168 et
818 4116 1039 4183 signum
1087 4112 1392 4183 prodeundi
1456 4112 1608 4167 dare.
1636 4112 1961 4180 Passimque
1994 4126 2092 4181 per
2130 4125 2228 4164 sua
2269 4122 2448 4164 castra
2490 4110 2770 4180 lampades
2799 4119 2854 4164 et
2880 4126 3069 4168 cereos
3098 4112 3387 4181 imperavit
3415 4117 3662 4172 accendi.

444 4208 560 4263 κε’.
603 4208 783 4271 Ἐντὸς
807 4208 864 4261 δὲ
888 4209 988 4279 τῆς
1012 4207 1151 4271 ἰδίας
1182 4210 1390 4279 σκηνῆς
1420 4207 1514 4261 τὸν
1548 4207 1781 4259 συνόντα
1813 4205 1964 4273 αὐτῷ

374 4300 620 4372 μοναχὸν
656 4298 827 4369 ἄνδρα
873 4297 1164 4368 ἐκτομίαν,
1193 4291 1239 4366 ᾧ
1268 4297 1367 4369 τὴν
1416 4295 1585 4350 αὐτοῦ
1645 4296 1905 4367 πρόνοιαν
1930 4298 1964 4367 ὴ

374 4396 568 4463 μήτηρ
603 4390 924 4445 ἐπίστευσεν
978 4390 1055 4453 ὼς
1106 4392 1356 4461 ἐντρεχεί
1400 4406 1458 4442 τε
1513 4389 1607 4442 καὶ
1653 4389 1963 4460 περιδεξίῳ,

374 4481 706 4538 έαταλιπὼν
754 4481 1202 4553 παρεκελεύσατο
1254 4481 1331 4551 μὴ
1357 4479 1656 4550 σϐεσθῆναι
1690 4480 1789 4550 τὴν
1823 4479 1966 4549 λαμ-

2149 4204 2242 4259 21.
2284 4204 2457 4259 Porro
2488 4206 2632 4259 intra
2676 4221 2839 4260 suum
2885 4207 3060 4276 ipsius
3094 4209 3507 4265 tabernaculum
3538 4226 3662 4266 mo-

2078 4301 2313 4353 nachum
2347 4298 2697 4361 eunuchum,
2756 4313 2918 4368 quem
2974 4299 3077 4367 ipsi
3126 4301 3382 4355 comitem
3422 4312 3478 4356 et
3517 4306 3662 4359 assi-

2076 4393 2245 4444 duum
2295 4392 2744 4445 contubernalem
2800 4401 2976 4444 mater
3031 4394 3412 4460 assignaverat
3469 4408 3659 4449 curam

2074 4483 2195 4551 ejus
2227 4482 2573 4548 habiturum,
2612 4483 2818 4550 optime
2853 4483 2920 4536 ad
2954 4483 3005 4536 id
3037 4483 3330 4549 delectum,
3365 4495 3486 4539 erat
3511 4488 3657 4541 enim

375 4575 532 4627 πάδσι
557 4574 629 4626 δι’
656 4572 786 4644 ὅλης
820 4573 1040 4636 νυκτός.
1102 4573 1177 4626 Τὸ
1223 4574 1357 4627 αὐτὸ
1406 4574 1471 4644 δὴ
1507 4572 1666 4627 τοῦτο
1705 4573 1802 4626 καὶ
1851 4575 1965 4635 τοῖς

2077 4575 2381 4630 industrius
2412 4586 2468 4629 et
2520 4590 2620 4630 usu
2654 4578 2934 4644 prudens:
2967 4576 3144 4643 hunc,
3176 4576 3434 4647 inquam,
3467 4595 3661 4633 mona-

375 4666 566 4727 ἄλλοις
606 4663 813 4717 ἅπασιν
859 4663 1150 4718 ἐκέλευσεν
1204 4666 1262 4718 ἐν
1293 4666 1415 4728 ταῖς
1460 4663 1619 4728 ἰδίαις
1663 4662 1795 4736 πρὶν
1834 4679 1970 4732 σκη-

375 4761 502 4819 ναῖς
554 4758 653 4809 καὶ
682 4756 914 4827 λύχνους
961 4755 1059 4809 καὶ
1114 4755 1275 4826 δᾷδας
1328 4755 1592 4809 ἀνάπτειν
1646 4756 1808 4826 μέχρι
1871 4754 1966 4807 τοῦ

376 4846 740 4919 περιόρθρου.
780 4848 1019 4910 Ἐκεῖνος
1059 4847 1114 4900 δὲ
1144 4848 1282 4917 μετὰ
1312 4848 1406 4901 τοῦ
1443 4847 1728 4901 ὁπλιτικοῦ
1768 4847 1963 4911 παντὸς

373 4943 482 5010 τῆς
517 4938 877 5011 παρεμϐολῆς
911 4938 1148 5004 ἐξελθὼν
1198 4939 1277 5004 εἷς
1314 4956 1439 4993 τινα
1489 4943 1775 5012 συνηρεφῆ
1801 4938 1968 4994 τόπον

372 5033 647 5103 εἱστήκει.

448 5304 560 5375 ιβ’.
609 5303 666 5357 ’0
712 5301 769 5356 δὲ
802 5301 1114 5371 Βασιλάκης
1143 5299 1309 5368 ἐγγὺς
1338 5299 1438 5368 τῆς
1467 5299 1820 5372 παρεμϐολῆς
1869 5317 1964 5369 γε-

374 5399 632 5467 νόμενος,
658 5396 783 5449 ἐπεὶ
801 5392 1012 5464 ταύτην
1044 5394 1196 5463 παρὰ
1218 5390 1330 5445 τῶν
1358 5390 1506 5444 ἰδίων
1558 5392 1966 5465 σκυλευομένην

372 5489 727 5563 ἐῶρα,αύτὸς
757 5488 860 5558 τὴν
885 5485 982 5539 τοῦ
1004 5483 1329 5555 δομεστίκου
1361 5482 1447 5555 [Ρ.
1475 5481 1601 5555 100]
1634 5485 1843 5556 σκηνὴν
1867 5502 1966 5538 κα-

370 5582 631 5640 ταλαϐὼν
652 5581 832 5636 ἐδόκει
863 5578 928 5631 τὸ
950 5578 1060 5631 πᾶν
1088 5577 1351 5649 ὴνυκέναι
1386 5577 1481 5631 καὶ
1508 5576 1674 5631 αὐτοῦ
1706 5594 1810 5630 που
1842 5577 1968 5631 τοῦ·

371 5694 468 5730 τον
486 5673 822 5728 καταλαϐεῖν
850 5670 948 5724 καὶ
979 5670 1223 5740 ζωγρίαν
1269 5669 1496 5740 ποιῆσαι
1510 5668 1607 5722 καὶ
1634 5669 1962 5739 ἀγαγέσθαι.

388 5770 476 5830 Ὠς
511 5769 567 5821 δὲ
599 5766 698 5838 τὴν
735 5765 869 5835 ὅλην
901 5762 1283 5832 περιαθρήσας
1317 5762 1508 5816 οὐδένα
1541 5765 1590 5816 εἰ
1627 5765 1704 5835 μὴ
1735 5764 1829 5819 τὸν
1861 5780 1958 5834 μο-

373 5864 532 5932 vafri
566 5859 712 5933 ἐώρα
747 5862 845 5913 καὶ
874 5854 978 5927 τὴν
1018 5856 1364 5912 ἀνάπτουσιν
1393 5856 1677 5928 λαμπάδα,
1712 5857 1802 5911 ὑπ’
1833 5858 1964 5912 ἀλα-

2071 4675 2235 4720 c;.um
2288 4667 2342 4720 in
2395 4667 2751 4722 tabernaculo
2800 4668 3054 4736 reliquit,
3101 4669 3316 4737 jussnm
3368 4685 3657 4726 arcens-un

2073 4767 2183 4813 tota
2217 4768 2377 4812 nocte
2408 4772 2628 4812 servare
2674 4759 3000 4827 lampadem.
3041 4760 3300 4829 Idemque
3340 4764 3658 4818 mandatum

2070 4847 2200 4901 aliis
2256 4849 2610 4902 tabernacula
2656 4849 3092 4904 custodientihus
3140 4851 3289 4905 dedit
3333 4854 3560 4922 lychnus
3603 4865 3659 4910 et

2072 4937 2220 4993 faces
2266 4955 2362 5008 per
2410 4955 2530 4994 eam
2583 4954 2795 4995 noctem
2848 4955 3021 5011 usque
3069 4942 3135 4996 ad
3190 4959 3352 4997 mane
3402 4945 3660 5003 ardentes

2072 5034 2327 5089 habendi.
2364 5034 2508 5089 Inter
2535 5032 2688 5104 151
2718 5050 2843 5105 quae
2872 5035 2990 5104 ipse
3020 5052 3146 5090 cum
3180 5040 3452 5094 universis
3479 5055 3661 5096 arma-

2073 5126 2141 5180 tis
2173 5127 2374 5194 gastris
2413 5127 2603 5181 exiens
2642 5127 2696 5179 in
2736 5127 3030 5197 quemdam
3066 5129 3387 5184 umbrosum
3416 5142 3469 5186 et
3505 5133 3658 5190 silvis

2071 5227 2272 5271 tectum
2310 5218 2576 5272 successit
2615 5218 2828 5285 locum,
2859 5218 3045 5290 ibique
3071 5222 3336 5277 constitit.

2137 5310 2228 5364 ‘22.
2261 5311 2326 5363 At
2354 5310 2628 5365 Basilaccs
2650 5326 2773 5364 cuni
2803 5311 2943 5365 intra
2970 5313 3085 5381 ipsa
3108 5323 3289 5369 castra
3313 5328 3659 5384 penetrasset

2069 5401 2266 5466 Alexii,
2303 5417 2426 5471 quae
2458 5403 2661 5471 paSsim
2699 5417 2727 5455 a
2770 5403 2887 5457 suis
2917 5406 3082 5475 diripi
3118 5407 3358 5476 videbat,
3388 5410 3440 5464 in
3473 5415 3656 5467 taber-

2070 5496 2326 5547 naculum
2368 5494 2544 5548 Alexii
2586 5495 2926 5565 procedens,
2963 5500 3222 5567 sperabat
3260 5517 3650 5558 successurum

2069 5596 2213 5657 quod
2242 5587 2521 5660 transfuga
2544 5589 2891 5658 promiserat,
2918 5600 2972 5645 et
2997 5591 3174 5661 ipsum
3195 5597 3381 5663 utique
3401 5596 3653 5650 Alexium

2069 5680 2252 5734 vivum
2293 5680 2365 5733 ibi
2398 5680 2743 5749 rapiendum.
2785 5677 2853 5734 Ut
2887 5691 3068 5736 autem
3099 5683 3273 5737 oculis
3299 5684 3651 5753 circumqua-

2068 5788 2174 5841 que
2207 5771 2380 5826 versis
2408 5770 2682 5827 neminem
2715 5774 2787 5828 ibi
2819 5773 3037 5827 videbat
3069 5774 3171 5827 nisi
3202 5787 3361 5842 tinem
3389 5774 3501 5826 dixi
3539 5790 3654 5826 tuo-

2069 5862 2307 5918 nautium
2348 5871 2402 5916 et
2443 5862 2745 5931 lampadem
2784 5880 3071 5919 accensam
3096 5901 3111 5926 ,
3149 5866 3232 5915 ins
3272 5861 3437 5916 lentia
3473 5862 3650 5918 elatus
