4136 6468
502 420 608 489 199

1714 413 2135 474 NlCEl’lIORl
2178 411 2551 472 BRYENNII

3665 405 3774 471 200

500 540 744 598 clamat:
785 551 803 585 ι
847 530 953 589 Ubi
983 529 1175 584 balbus
1205 528 1324 582 est?
1365 547 1381 578 ι
1426 490 1592 595 (nam.
1627 527 1847 579 Alexius
1875 528 2070 595 linguae

2185 522 2387 587 ζονείας
2409 520 2671 592 ἐπαρθείς
2703 534 2858 591 φησι’
2895 539 2913 571 ι
2957 517 3069 573 Ποῦ
3105 519 3135 571 ὁ
3164 518 3394 591 τραυλός
3424 516 3535 591 (56)
3561 536 3576 587 ;
3604 537 3624 571 s
3666 521 3775 574 Καὶ

503 644 695 684 natura
736 622 1040 696 pinguioris
1078 621 1331 675 caninam
1376 619 1610 674 litteram
1648 618 1901 685 expedite
1942 631 2068 682 pro-

502 714 754 766 nuntiare
779 725 886 764 non
919 707 1177 778 poterat.)
1211 726 1229 757 ‹
1270 707 1498 761 Educite
1529 706 1660 760 milii
1689 705 1839 759 illum
1875 705 2001 758 buc.
2043 722 2063 755 ›

501 804 770 860 Monacbo
800 817 931 856 vero
964 801 1129 855 etiam
1165 815 1286 853 cum
1319 798 1631 867 iuramento
1666 807 1896 867 negante
1932 796 2076 851 scire

501 912 620 950 sese
646 893 775 964 quid
800 900 1025 948 esseteo
1054 889 1277 951 factum,
1304 889 1465 943 verba
1486 887 1590 943 sibi
1617 888 1732 941 dari
1756 886 2078 941 existimans

500 1003 564 1040 ac
614 986 761 1039 varie
807 984 933 1037 hinc
986 981 1068 1036 ira
1101 980 1228 1034 inde
1254 980 1453 1049 gaudio
1480 989 1695 1049 captus,
1722 978 1893 1031 risum
1916 985 2079 1031 utest

501 1078 555 1130 itt
633 1074 899 1145 partemio
950 1072 1280 1127 Sardonium
1326 1071 1553 1124 ridebat.
1604 1069 1824 1123 Interim
1868 1068 1998 1122 dum
2041 1069 2076 1122 ii

498 1182 641 1238 quos
691 1166 926 1222 ducebat
972 1161 1382 1219 tabernaculum
1419 1160 1576 1229 jussu
1621 1160 1741 1229 ejus
1784 1161 2080 1215 concidunt

498 1269 858 1328 vastamque,
898 1272 1007 1311 non
1047 1254 1342 1309 desistebat
1376 1252 1588 1307 hostem
1622 1267 1904 1321 quwrere,
1944 1253 2080 1303 adeo

500 1354 746 1407 utetiam
789 1351 890 1403 sub
926 1348 1125 1403 lectum
1159 1344 1433 1414 explorari
1466 1344 1686 1415 juberet
1712 1385 1727 1409 ,
1759 1344 1805 1397 si
1839 1341 1974 1396 forte
2005 1344 2078 1396 ibi

502 1455 756 1495 mussans
780 1438 1121 1492 delitesceret
1144 1435 1389 1497 Alesius,
1433 1445 1487 1488 et
1513 1449 1635 1487 cum
1670 1448 1736 1486 ne
1762 1432 1833 1486 ibi
1860 1435 2079 1501 quidem

500 1537 863 1598 comparent,
891 1529 1060 1583 cistas
1080 1528 1241 1582 etiam
1263 1535 1316 1579 et
1340 1540 1534 1595 capsas
1560 1525 1900 1591 resupinaret
1925 1562 1937 1576 .
1970 1533 2078 1576 tam

498 1623 712 1677 vecordi
754 1620 1051 1691 pertinacia
1086 1618 1291 1673 insana:
1323 1618 1436 1687 spei
1493 1632 1672 1671 caecus
1709 1616 1876 1669 animi
1914 1618 2081 1669 bomo

504 1712 829 1769 laborabatl
866 1710 946 1765 Ac
985 1725 1109 1764 cum
1150 1710 1368 1762 tandem
1412 1707 1608 1762 abesse
1650 1706 1901 1760 Alexinm
1935 1714 2083 1758 certo

497 1805 875 1874 comperisset,
935 1803 1100 1857 stulta
1155 1800 1339 1854 lzetitia
1389 1800 1441 1852 in
1506 1798 1765 1865 ignavum
1826 1799 2077 1852 timorem

2181 614 2291 682 γὰρ
2312 612 2411 665 οὐκ
2434 610 2679 680 ἀκριϐῶς
2711 609 2997 678 κατώρθου
3026 609 3086 662 τδ
3117 609 3217 681 ῥῶ.
3255 627 3275 661 ι
3325 608 3657 678 Ἐξαγάγετέ
3682 626 3775 680 μοι

2182 704 2370 758 τοῦτον
2401 696 2527 757 ὧδε.
2577 722 2595 755 ι
2650 701 2757 755 Τοῦ
2788 702 2846 755 δὲ
2880 700 3139 773 ῥηθέντος
3194 697 3431 770 μοναχοῦ
3486 700 3774 769 ἐνωμότως

2181 794 2596 863 ἀπαρνουμένου
2633 793 2707 865 μὴ
2727 793 2925 846 εἰδέναι
2964 791 3016 843 τί
3059 790 3305 859 γέγονεν,
3339 788 3654 843 ἀπατᾶσθαι
3680 805 3774 843 νο-

2185 886 2356 956 μίζων
2406 883 2510 938 ὑπό
2545 901 2606 935 τε
2639 882 2814 952 θυμοῦ
2847 881 2952 933 ὑπό
2986 897 3045 933 τε
3095 881 3272 951 χαρᾶς
3331 878 3492 943 ἁλοὺς
3556 879 3771 947 γέλωτα

2182 977 2491 1047 Σαρδόνιον,
2549 978 2689 1029 κατὰ
2724 974 2824 1046 τὴν
2861 974 3185 1044 παροιμίαν,
3232 972 3396 1039 ἐγέλα
3421 971 3647 1031 καὶτοῖς
3678 969 3774 1023 ὑπ’

2183 1066 2348 1118 αὑτὸν
2399 1066 2500 1134 τὴν
2538 1064 2745 1133 σκηνὴν
2799 1060 3219 1131 κατατμηῦῆναι
3269 1060 3512 1113 ἐκέλευε.
3567 1057 3776 1112 Τούτου

2183 1161 2468 1228 γεγονότος
2499 1157 2797 1211 ἐπέταττεν
2822 1155 2928 1208 ὑπὸ
2957 1156 3055 1221 τὴν
3110 1152 3291 1207 κλίσιν
3324 1151 3420 1206 τοῦ
3449 1151 3776 1221 δομεστίκου

2185 1248 2609 1317 κατακύψαντας
2647 1245 2939 1314 ἀναζητεῖν
2965 1246 3012 1297 εἰ
3045 1244 3212 1297 αὐτοῦ
3269 1260 3376 1297 που
3432 1244 3770 1313 κέκρυπται.

2199 1339 2286 1402 Ὠς
2313 1338 2369 1391 δὲ
2403 1336 2643 1407 οὐδαμοῦ
2669 1335 2873 1405 παρῆν,
2905 1334 2974 1386 τὰ
3009 1333 3190 1386 ὲκεῖσε
3246 1330 3514 1400 ἱστάμενα
3542 1327 3778 1382 κιϐώτια

2186 1429 2595 1502 περιτραπῆναι
2658 1427 2879 1479 ἐκέλευε
2908 1439 2924 1454 ’
2983 1421 3225 1477 τοιοῦτον
3276 1420 3656 1494 ὑπερηφανεία
3708 1418 3777 1471 τὸ

2186 1521 2417 1592 φρονοῦν
2446 1521 2544 1591 τῆς
2565 1519 2745 1589 ψυχῆς
2766 1519 3080 1570 παντάπασι
3111 1512 3534 1583 διαφθείρουσαι
3576 1511 3781 1565 Ἀπελ-

2186 1616 2351 1676 uisa;
2388 1608 2483 1667 οὖν
2507 1614 2599 1665 καὶ
2624 1612 2705 1674 είς
2748 1607 3064 1662 τούναντίον
3095 1605 3330 1677 τραπεὶς
3376 1602 3781 1675 (μετεδέὸλητο

2184 1706 2296 1778 γὰρ
2326 1703 2474 1774 αὐτῷ
2525 1701 2832 1770 τηνικαῦτα
2883 1702 2965 1764 είς
3002 1699 3180 1769 λύπην
3214 1700 3249 1768 ἡ
3291 1696 3460 1768 χαρά)
3515 1693 3782 1763 συχνάκις

2186 1799 2363 1853 παίων
2390 1798 2479 1850 τὸν
2515 1796 2686 1867 μηρόν
2716 1810 2902 1862 φησιν,
2933 1809 2953 1842 ι
2988 1791 3126 1845 Οὐαί
3161 1807 3272 1860 μοι,
3303 1790 3595 1859 ἠπάτημαι
3625 1784 3782 1856 παρὰ

501 1910 685 1960 versa,
728 1891 907 1948 femur
936 1893 1136 1961 saepius
1166 1891 1392 1960 pulsatis
1426 1888 1829 1943 vociferabatur
1864 1907 1876 1941 :
1923 1907 1941 1939 ι
1987 1888 2075 1942 Vae

2185 1890 2274 1946 τοῦ
2302 1865 2632 1959 τραυλούλι
2675 1886 2767 1956 Μὴ
2804 1886 2947 1954 έχων
2979 1884 3088 1954 γάρ
3126 1881 3316 1951 ἔτερόν
3344 1897 3399 1933 τι
3438 1878 3785 1949 καταμωκή-

498 1986 659 2040 mibi!
684 2000 715 2039 a
734 1984 893 2039 balbo
915 1984 1170 2052 deceptus
1190 1997 1334 2037 sum.
1368 2001 1386 2033 ι
1417 1980 1554 2035 Cum
1579 1979 1723 2035 enim
1749 1980 1894 2034 aliud
1918 1978 2076 2049 152

499 2074 650 2143 quod
687 2073 1114 2144 reprehenderet
1144 2072 1198 2126 in
1236 2072 1353 2125 viro
1393 2071 1656 2141 praeclaro
1688 2085 1796 2124 non
1831 2071 2076 2136 haberet,

500 2167 555 2221 in
587 2166 678 2221 illo
707 2164 942 2219 naturali
978 2173 1032 2217 et
1060 2161 1333 2217 to|erabili
1363 2162 1564 2231 linguae
1597 2160 1728 2214 vitio
1763 2162 1947 2230 putide
1977 2175 2074 2215 ex-

498 2257 813 2327 probrando
846 2254 1194 2324 persistebat.

566 2346 656 2399 23.
691 2343 875 2398 Donec
904 2344 1200 2412 aliquando
1235 2342 1465 2397 satiatus
1501 2357 1696 2412 magna
1753 2357 1886 2397 voce
1949 2344 2022 2396 ait
2063 2359 2078 2395 :

504 2456 523 2488 ι
559 2436 735 2491 Duces
757 2452 821 2489 ac
854 2434 1080 2499 tributti,
1108 2433 1429 2505 egredimini
1461 2434 1656 2488 castris
1684 2433 1853 2499 hisce,
1882 2433 2078 2486 bellum

499 2534 653 2580 extra
686 2534 794 2579 est.
837 2542 856 2575 ι
901 2522 1042 2577 Voce
1105 2531 1284 2576 autem
1325 2533 1443 2576 erat
1484 2531 1592 2575 tam
1632 2523 1736 2574 late
1774 2530 2077 2584 souora,ut

502 2615 806 2684 phalanges
843 2621 984 2667 tutas
1014 2612 1368 2666 conturbaret
1397 2612 1639 2665 clamore
1675 2612 1757 2665 vel
1791 2629 1917 2665 uno.
1950 2612 2083 2667 Pro-

499 2706 686 2760 deunti
742 2721 870 2776 ergo
902 2707 981 2761 sic
1024 2707 1223 2761 castris
1270 2704 1529 2769 Basilaci,
1580 2705 1853 2774 plerisque
1906 2705 2082 2775 ipsius

502 2796 737 2850 militum
774 2798 951 2851 adltue
987 2798 1040 2850 in
1085 2799 1263 2867 praeda
1295 2798 1502 2865 passim
1539 2798 1700 2850 obvia
1735 2798 2081 2864 congerrnia

500 2890 818 2959 occupatis,
883 2892 1127 2944 occurrit
1182 2904 1481 2960 generosus
1521 2889 1742 2942 Alexius
1791 2900 1916 2942 ante
1956 2904 2085 2957 pro-

502 2980 675 3049 pllmu
716 2994 840 3033 eam
895 2982 1085 3049 paucis
1141 2981 1393 3049 gradiens
1448 2980 1663 3044 aciem;
1718 2992 1770 3034 et
1820 2995 1943 3033 cum
1990 2979 2083 3049 qui

500 3073 727 3141 praeibat
767 3072 1030 3126 exercitui
1090 3072 1270 3127 hostili
1316 3073 1708 3141 conspicatus,
1758 3072 2085 3126 exis'timans

500 3180 624 3217 esse
650 3163 972 3229 Basilaeem,
1025 3165 1209 3219 subito
1263 3167 1315 3217 iit
1359 3181 1483 3218 eum
1533 3165 1794 3233 impetum
1850 3165 1981 3219 facit
2032 3173 2079 3216 et

501 3257 700 3310 educto
739 3271 872 3309 ense
912 3256 1037 3310 ferit
1071 3258 1188 3323 ejus
1221 3272 1442 3310 manum
1485 3262 1765 3310 dexteram
1806 3265 2078 3311 tenentem

507 3347 720 3401 hastam
758 3364 770 3399 :
805 3346 962 3416 cujus
991 3362 1186 3401 manus
1212 3362 1335 3400 cum
1374 3359 1483 3401 tres
1512 3349 1710 3417 digitos
1737 3348 2083 3413 abscidisset,

505 3439 543 3492 ii
576 3440 899 3493 deciderunt
929 3440 981 3491 in
1015 3448 1214 3492 terram
1248 3440 1550 3494 simulcum
1584 3441 1759 3494 hasta.
1791 3442 1888 3495 llic
1921 3456 2088 3494 even-

506 3546 594 3586 tus
655 3546 877 3601 gravem
932 3532 1429 3587 consternationem
1487 3534 1540 3587 in
1599 3532 1861 3589 Basilacis
1910 3534 2083 3587 aciem

506 3626 689 3679 intulit
726 3665 742 3690 ,
778 3624 852 3680 ita
883 3633 940 3680 ut
970 3627 1110 3681 alius
1144 3628 1310 3681 alium
1346 3638 1671 3696 praevertere
1713 3629 1968 3699 fugiendo
1999 3645 2087 3684 ‹·οο

506 3731 748 3772 naretur.
791 3718 911 3784 Quo
947 3718 1132 3772 studio
1166 3733 1291 3773 cum
1333 3720 1441 3775 huc
1491 3720 1619 3776 illuc
1657 3736 1751 3791 per
1791 3721 2082 3777 circuitum

507 3812 800 3871 l‘etretttttr,
844 3810 944 3862 sibi
982 3810 1211 3864 invicem
1245 3810 1559 3865 obstabant.

2184 1985 2384 2040 σασθαι
2410 1983 2505 2037 τοῦ
2558 1981 2805 2036 τοιούτου
2846 1979 3039 2047 ἀνδρὸς
3077 1978 3139 2031 τὸ
3188 1976 3555 2048 σμικρότατον
3596 1975 3782 2026 ἐκεῖνο

2182 2076 2276 2132 τοῦ
2306 2076 2386 2146 ῥῶ
2421 2077 2513 2129 καὶ
2545 2074 2913 2146 ἀπροαίρετον
2945 2072 3180 2141 αἰτίαμα
3209 2070 3321 2125 ἄνω
3356 2068 3450 2122 καὶ
3469 2067 3618 2121 κάτω
3639 2082 3785 2136 προ-

2183 2171 2364 2241 φέρων
2412 2164 2501 2239 ἦν.

2254 2345 2361 2413 κγ’.
2422 2345 2599 2410 Εὐθὺς
2657 2339 2751 2398 οὖν
2799 2343 2942 2413 μέγα
2973 2341 3174 2414 βοήσας
3201 2337 3429 2410 φησίνί
3473 2338 3783 2407 ’Δρχοντες

2184 2439 2436 2506 ἐξέλθατε
2466 2438 2563 2506 τῆς
2592 2435 2949 2506 παρεμϐολῆς
2972 2450 2985 2461 ’
3006 2433 3032 2484 ό
3053 2432 3286 2502 πόλεμος
3319 2427 3541 2494 ἔξωθεν.
3576 2446 3594 2479 ι
3618 2428 3784 2496 Φωνὴ

2186 2531 2297 2603 γάρ
2330 2528 2496 2585 αὐτοῦ
2516 2528 2705 2599 εὐρεῖα
2748 2527 2825 2589 ὡς
2855 2527 2949 2579 καὶ
2981 2525 3271 2594 φάλαγγας
3315 2520 3443 2582 ὅλας
3471 2516 3784 2587 συνταράτ-

2186 2642 2302 2678 τειν
2343 2626 2410 2677 ἔκ
2445 2623 2609 2693 μόνου
2638 2620 3006 2689 ὲκϐοήματος.
3032 2615 3265 2680 Ἐξιόντι
3290 2611 3423 2682 γοῦν
3452 2609 3646 2681 ἐκείνῳ
3675 2608 3781 2661 τοῦ

2186 2716 2549 2787 στρατοπέδου
2595 2713 2703 2766 τῶν
2750 2709 3103 2785 στρατιωτῶν
3162 2706 3292 2777 περὶ
3338 2700 3784 2774 λαφυραγωγῐαν

2186 2805 2604 2878 ἀσχολουμένων
2660 2801 2985 2864 ὑπαντιάζει
3030 2802 3056 2853 ὁ
3085 2799 3332 2867 γενναῖος
3371 2794 3609 2858 ’Δλέξιος
3668 2790 3786 2861 πρδ

2185 2902 2282 2972 τῆς
2316 2898 2594 2967 φάλαγγος
2612 2894 2688 2948 ὢν
2727 2893 2820 2959 ξὺν
2844 2892 3074 2962 ὀλίγοις,
3105 2891 3200 2945 καὶ
3248 2889 3341 2942 τδν
3410 2886 3785 2960 προοδεύοντα

2185 2992 2391 3060 ταύτης
2424 2986 2656 3041 κατ.δὼν
2681 2988 2761 3050 εἰς
2785 2985 2938 3050 τάξιν
2970 2982 3307 3037 συνιστῶντα
3359 2981 3459 3050 τὴν
3517 2978 3788 3049 φάλαγγα.

2189 3087 2285 3140 καλ.
2310 3084 2539 3153 νομίσας
2567 3078 2710 3133 εἶναι
2746 3080 2835 3132 τὸν
2854 3076 3169 3143 Βασιλάκην
3203 3073 3368 3135 εὐθὺς
3396 3070 3625 3140 ἒξὴλασε
3650 3068 3784 3122 κατ’

2193 3176 2382 3239 αὐτοῦ,
2411 3173 2507 3226 καὶ
2536 3172 2597 3224 τὸ
2636 3171 2785 3241 ξίφος
2813 3170 3163 3240 σπασάμενος
3222 3166 3375 3221 παίει
3409 3163 3602 3217 τοῦτον
3629 3161 3787 3215 κατὰ

2185 3273 2279 3340 τῆς
2310 3267 2492 3332 δίξιᾶς
2530 3266 2713 3336 χειρὸς
2763 3264 2845 3318 ἔτι
2873 3265 2933 3317 τὸ
2979 3264 3109 3334 δόρυ
3157 3261 3483 3331 κατέχοντα,
3510 3258 3608 3311 καὶ
3645 3255 3788 3319 τοὺς

2183 3364 2332 3433 τρεῖς
2358 3360 2464 3413 τῶν
2493 3357 2777 3412 δακτύλων
2805 3354 2987 3425 τεμὼν
3021 3355 3081 3408 τὸ
3109 3353 3236 3423 δόρυ
3291 3351 3483 3404 πεσεῖν
3548 3352 3647 3402 σὺν
3678 3348 3788 3399 αύ-

2183 3458 2295 3516 τοῖς
2326 3448 2738 3521 παρεσκεύασε.
2769 3447 2939 3501 Τοῦτο
2969 3446 3217 3518 μεγάλως
3247 3444 3346 3511 τὴν
3371 3442 3626 3511 φάλαγγα
3646 3455 3787 3491 συν-

2186 3541 2440 3612 ετάραξε,
2474 3541 2567 3592 καλ⁵
2625 3538 2784 3600 ἄλλος
2825 3537 2984 3589 ἄλλον
3010 3536 3145 3607 πρὸς
3174 3534 3233 3588 τὸ
3261 3532 3487 3603 φεύγειν
3529 3530 3787 3601 προλαμ-

2188 3636 2369 3689 ϐάνειν
2400 3633 2681 3701 ἠπείγετο.
2716 3628 2915 3701 Κύκλῳ
2944 3629 3001 3683 δὲ
3054 3627 3357 3700 περιιόντες
3386 3623 3478 3679 ὑπ’
3525 3620 3785 3692 ἀλλήλων

2187 3742 2312 3779 cava
2322 3723 2619 3788 ποδίξοντο.

1539 3925 1744 3987 Caroli
1783 3927 1873 3987 Du
1905 3929 2133 3991 Fresne
2171 3932 2263 3993 Du
2300 3936 2509 4009 (lange
2540 3940 2731 3991 noue.

587 4054 697 4119 (56)
735 4052 857 4106 Ποῦ
887 4055 919 4104 ό
951 4053 1230 4119 τραυλός.
1257 4050 1321 4106 ν.
1352 4065 1507 4106 notas
1527 4054 1592 4106 ad
1611 4053 1883 4107 Alexiadis
1919 4071 1966 4122 p.
2002 4056 2083 4108 l9.

505 4126 777 4179 Caeterum
841 4123 1017 4175 Alexti
1067 4123 1331 4176 Comueni
1386 4126 1571 4191 magni
1629 4126 1915 4177 domestici
1963 4136 2090 4179 ante

514 4197 803 4261 imperium
823 4194 1153 4261 capessitunt
1187 4192 1477 4262 Nieepltori
1502 4193 1802 4247 Botaniata:
1826 4197 2091 4264 auspiciis

510 4280 597 4316 res
626 4264 884 4332 praeclare
913 4264 1055 4317 bello
1096 4273 1280 4333 gestas
1332 4264 1519 4317 multis
1548 4268 1905 4332 prosequitur
1934 4266 2087 4318 Guil-

508 4334 706 4387 lt-ltnus
734 4334 1045 4401 Apuliensis
1085 4332 1121 4386 l.
1154 4348 1206 4386 ιν
1244 4345 1407 4400 atque
1456 4336 1705 4401 inprimis
1746 4332 2000 4404 Bryennii
2038 4343 2094 4388 et

512 4404 761 4455 Basilacii
789 4405 973 4456 clades
1002 4414 1053 4456 et
1098 4412 1458 4472 strategema.
1489 4417 1602 4471 quo
1659 4405 1884 4457 Alexius
1931 4406 2093 4458 dece-

520 4485 671 4542 ptum
704 4472 1029 4527 Basllacium
1060 4475 1112 4527 in
1153 4489 1284 4528 suos
1304 4473 1541 4544 coniecit
1563 4488 1770 4537 casses.
1790 4475 1944 4529 hisce
1976 4490 2094 4528 ver-

513 4548 665 4598 sibus
697 4555 1092 4597 commemorat
1123 4561 1139 4598 :

707 4699 863 4737 sema:
894 4683 1117 4753 quidam
1146 4683 1289 4751 regni
1318 4680 1649 4751 Nicephorus
1678 4685 1909 4737 habenas

584 4755 917 4824 Sumpserat.
950 4756 1168 4821 ignavus
1199 4754 1353 4824 bello,
1386 4762 1563 4805 tamen
1602 4756 1872 4824 ingeniosa

584 4822 759 4876 Mente
800 4838 987 4893 sagax,
1017 4834 1203 4876 contra
1229 4823 1424 4892 furtiva
1456 4822 1693 4889 pericula
1730 4838 1940 4885 cautus,

588 4892 823 4945 [inbellis
855 4892 1089 4945 metuens
1125 4893 1401 4961 plusquam
1434 4896 1741 4947 metuendus
1767 4895 2009 4948 habetur.

584 4963 791 5017 Militia:
822 4977 1062 5031 princeps
1086 4972 1343 5016 sustentat
1378 4962 1597 5017 Alexius
1619 4964 1794 5029 illum,

585 5037 779 5087 Astuta
807 5034 1012 5086 ratione
1044 5034 1215 5099 vigens
1240 5040 1290 5085 et
1324 5042 1570 5086 strenuus
1601 5038 1790 5087 armis.

588 5101 805 5157 Pectore
839 5104 1016 5155 clarus
1048 5112 1160 5155 erat
1194 5102 1455 5169 clarisque
1482 5106 1787 5168 parentibus
1820 5116 1989 5159 ortus.

587 5177 768 5227 Annos
803 5174 899 5224 iste
926 5187 1036 5224 sua:
1068 5172 1244 5238 plures
1274 5175 1448 5226 astatis
1476 5176 1542 5226 ab
1575 5174 1686 5240 ipso
1956 5182 1961 5187 ’

589 5242 751 5296 Flore
770 5244 1063 5308 juventutis
1096 5243 1343 5310 prinuch
1373 5244 1526 5296 duxit
1552 5246 1606 5295 in
1637 5245 1822 5296 armis.

590 5311 651 5365 Si
677 5316 801 5380 quid
829 5315 1097 5378 oportebat
1125 5312 1242 5380 ﬁeri
1274 5329 1454 5380 grave,
1491 5329 1594 5366 non
1628 5313 1907 5367 dubitabat

592 5381 826 5449 Imperio
858 5392 1039 5434 sancto
1073 5384 1173 5435 sibi
1199 5385 1533 5450 praecipiente
1555 5386 1753 5437 subire.

591 5450 784 5523 l_lostes
812 5452 1018 5523 imperii
1042 5451 1392 5523 Basilaclttus
1425 5465 1581 5523 atque
1611 5455 1894 5516 Brirnttus,

592 5520 836 5593 insignes
877 5519 1067 5584 Crteci,
1101 5523 1253 5577 bellis
1278 5519 1563 5593 opibusque
1592 5534 1849 5592 potentes,

597 5590 870 5664 {loc’duce
898 5603 1017 5645 sunt
1037 5595 1179 5664 victi,
1209 5595 1395 5647 victori
1425 5590 1827 5664 cessit'uterque
1858 5612 1877 5650 :

596 5661 741 5735 illam
774 5664 873 5715 sibi
907 5664 1034 5716 dum
1066 5662 1216 5733 longe
1247 5681 1350 5717 non
1393 5661 1798 5735 congrederetur
1843 5666 1907 5718 ob
1944 5666 2088 5728 urbe,

592 5733 851 5805 titillando
876 5735 1048 5805 victus
1084 5738 1240 5795 cedit,
1271 5733 1580 5805 capiturque
1609 5736 1870 5788 Bt‘ictmns
1900 5752 1916 5789 :

601 5803 779 5857 Victus
816 5804 1041 5857 Alexina
1068 5809 1223 5858 cessit
1256 5803 1593 5858 anilacliius
1625 5816 1761 5867 arte,

598 5876 749 5927 Alter
777 5875 830 5927 in
861 5876 1078 5929 alterius
1114 5891 1445 5944 congressum
1472 5877 1596 5929 dum
1630 5887 1956 5945 properaret.

2269 4056 2524 4111 Proxima
2565 4068 2744 4112 castra
2776 4060 2861 4112 die
2892 4057 3102 4111 cedente
3121 4055 3366 4108 locantur
3403 4051 3672 4120 utrinque,

2266 4127 2435 4198 Nocte
2464 4129 2646 4198 fugam
2674 4130 2901 4197 prudens
2931 4127 3200 4180 simulavit
3223 4125 3440 4177 Alexius
3482 4123 3598 4198 illa.

2262 4192 2473 4269 Castris
2501 4192 2757 4263 dimissis,
2790 4216 2953 4269 neque
2980 4206 3090 4250 tota
3128 4205 3324 4269 remota
3353 4192 3590 4269 supellex

2268 4266 2403 4337 Ejus
2432 4280 2567 4331 erat,
2597 4270 2842 4337 qua'dam
2866 4263 3094 4321 tentoria
3124 4267 3234 4333 ﬁxa
3257 4263 3569 4337 manebant.

2268 4286 2312 4321 IL
2343 4286 2403 4322 ιιι
2432 4286 2567 4331 erat,
2597 4286 2842 4337 qua'aam
2868 4286 3094 4321 tentoria
3124 4286 3234 4333 [κτα
3266 4286 3569 4316 marwuuut.

2268 4286 2399 4391 Hla’c
2430 4340 2652 4392 dimissa
2684 4339 2845 4408 fugio,
2876 4336 3363 4406 jumentaqueluce
3398 4333 3638 4408 sequenti

2271 4407 2504 4476 Eﬂ'ecere
2527 4401 2707 4477 fidem,
2738 4401 3001 4476 castrique
3049 4401 3232 4459 relicta
3269 4401 3526 4472 supellex.

2269 4478 2469 4533 Contra
2500 4495 2555 4532 se
2586 4478 2761 4531 nullos
2784 4481 2873 4531 ubi
2900 4480 3025 4530 vidit
3053 4484 3236 4529 adesse
3271 4480 3494 4541 paratus

2272 4547 2496 4601 llostilis
2528 4549 2672 4609 belli,
2696 4559 2885 4601 castris
2907 4548 3019 4602 sine
3040 4559 3186 4615 gente
3213 4545 3412 4597 relictis

2268 4615 2689 4687 Circnmquaqne
2709 4620 2816 4670 suis
2844 4612 3182 4687 liasilacltt'us
3208 4617 3433 4681 imperat
3461 4612 3556 4687 ire,

2267 4687 2325 4757 δέ
2366 4683 2504 4757 quos
2526 4683 2792 4756 excipiunt
2830 4692 2893 4757 ab
2919 4688 3064 4755 equis
3096 4686 3174 4739 vel
3208 4693 3358 4757 gente
3389 4683 3672 4757 tumultus,

2267 4755 2336 4809 Ut
2371 4754 2469 4811 sibi
2503 4754 2793 4827 notiﬁcent.
2823 4754 3118 4811 lassantis
3149 4754 3555 4827 nullaicoltortis

2273 4827 2403 4888 Vox,
2438 4825 2623 4880 nullus
2649 4833 2820 4897 potuit
2853 4836 3147 4887 sonus,aut
3172 4825 3407 4897 hinnitus
3445 4836 3694 4890 equorum

2267 4898 2497 4952 Audiri:
2535 4908 2709 4966 sperat
2748 4897 3081 4950 Basilachius
3113 4896 3292 4948 omnia
3337 4904 3476 4966 tuta,

2267 4974 2432 5035 Atque
2470 4964 2580 5019 suis
2610 4970 2808 5020 hostem
2839 4984 2935 5035 pro
2954 4967 3153 5019 viribus
3191 4964 3586 5033 expavefactum

2263 5037 2445 5091 Credit
2473 5039 2634 5091 inisse
2660 5038 2860 5106 fugam.
2894 5042 3200 5090 comantem
3226 5035 3446 5106 crapula
3473 5045 3657 5085 somno

2258 5113 2525 5177 Aggravat
2554 5119 2600 5160 et
2630 5105 2821 5160 castris
2845 5124 2966 5175 gens
2985 5105 3299 5177 totaquieta
3314 5105 3550 5172 jacebat.

2263 5174 2499 5230 callibus
2530 5179 2751 5230 occultis
2776 5174 3020 5230 advectus
3042 5176 3258 5227 Alexius
3281 5174 3455 5227 hostes

2262 5246 2566 5317 Irruntpens
2598 5248 2773 5300 subito
2806 5247 3111 5317 perterruit.
3157 5243 3256 5317 llis
3281 5245 3405 5312 quia
3436 5246 3604 5298 noctis

2267 5316 2563 5369 Obstabant
2596 5321 2839 5381 tenebrat,
2871 5330 3130 5384 nusquam
3166 5316 3285 5367 loca
3338 5323 3454 5366 tnta
3490 5317 3783 5384 patebant,

2266 5386 2392 5453 Spes
2426 5399 2501 5440 est
2540 5389 2686 5441 nulla
2717 5390 2878 5457 fugis,
2911 5387 3197 5457 capiuntur
3219 5394 3266 5457 et
3295 5386 3697 5443 interimuntur.

2269 5457 2361 5508 llis
2395 5473 2551 5525 sopor
2586 5473 2633 5511 et
2668 5454 3023 5511 vini—dederat
3050 5454 3295 5508 violentia
3325 5458 3494 5509 multa

2264 5526 2569 5595 Segnitteut,
2611 5545 2700 5580 nec
2731 5529 2875 5581 abire
2910 5525 3105 5584 valent.
3132 5541 3224 5578 nec
3252 5525 3321 5577 ad
3373 5542 3527 5578 arma
3555 5528 3782 5585 reverti.

2268 5595 2489 5649 Lumine
2516 5601 2755 5666 privatus
2787 5596 3122 5650 Basilacliius
3143 5605 3203 5666 et
3233 5598 3328 5647 tibi
3354 5606 3540 5661 captus

2266 5663 2525 5736 Legatur,
2559 5668 2692 5721 nihil
2740 5669 2849 5736 ipse
2879 5667 3054 5720 videns
3078 5705 3094 5728 ,
3132 5663 3459 5733 Nicephore,
3495 5666 3783 5733 videndus,

2271 5735 2501 5804 Imperio
2533 5739 2684 5805 cujus
2715 5745 3123 5805 prtzsumpserat
3155 5752 3265 5788 esse
3296 5736 3528 5790 rebellis.

2272 5807 2503 5875 Impiger
2532 5817 2580 5861 et
2616 5819 2803 5859 cautus
2834 5809 2909 5859 sic
2942 5816 3103 5859 victor
3140 5806 3360 5858 Alextus
3386 5806 3558 5861 hostes

2270 5878 2488 5945 Imperii
2521 5880 2713 5930 multos
2749 5880 2913 5931 armis
2946 5877 3211 5945 superavit
3240 5887 3287 5930 et
3314 5887 3451 5947 arte.
