4136 6424
398 314 509 389 201

402 522 650 592 παδόκης
685 523 896 592 Γουλῆς
931 526 994 578 τὸ
1021 525 1331 594 ἐπώνυμον,
1363 527 1635 597 γνωρίσας
1683 529 1772 581 τὸν
1837 531 2000 582 Βασι-

405 617 582 687 λάκην
614 617 767 669 παίει
792 615 989 670 τοῦτον
1046 620 1111 689 τῇ
1166 618 1351 689 σπάθῃ
1387 620 1530 672 κατὰ
1597 620 1692 672 τοῦ
1741 622 1998 690 κράνους.

405 709 524 778 Τῆς
555 709 612 761 δὲ
646 708 862 778 σπάθης
915 709 1282 779 κατεαγείσης
1314 710 1482 777 ἐγγὺς
1517 711 1681 763 αὑτοῦ
1733 713 1833 779 τῆς
1891 730 2003 782 χει-

408 801 508 871 ρὸς
537 801 635 854 καὶ
693 799 994 867 πεσούσης,
1023 801 1050 851 ὁ
1086 801 1372 870 Κομνηνὸς
1397 801 1558 854 αὐτὸν
1620 802 2002 866 κατωνείδιζεν

406 893 483 956 ὡς
516 893 776 961 ὀλιγωρίᾳ
805 892 867 944 τὸ
898 892 1051 961 ξίφος
1093 892 1192 959 τῆς
1227 892 1409 962 χειρὸς
1434 892 1672 961 ἀφέντα.
1713 893 1772 945 Ὀ
1803 893 1858 946 δὲ
1904 893 2002 963 τὴν

407 985 608 1055 κώπην
662 984 824 1045 εὐθὺς
876 984 1195 1036 ὑπεδείκνυε
1250 986 1344 1037 καὶ
1392 985 1492 1052 τῆς
1576 984 1836 1054 μέμψεως
1897 985 2004 1037 ἀπ·-

407 1078 624 1131 ελὺετο.
652 1077 758 1129 Καί
787 1094 873 1140 τις
903 1078 1039 1147 ἀνὴρ
1058 1077 1346 1139 Μακεδὼν,
1381 1079 1584 1148 Πέτρος
1615 1076 1701 1148 [Ρ.
1730 1075 1852 1148 101]
1886 1077 2005 1129 τοῦ-

409 1187 578 1238 νομα,
607 1167 886 1235 Τορνίκιος
919 1168 978 1219 τὸ
1011 1167 1320 1237 ἐπώνυμον,
1357 1169 1644 1230 εἰσελάσας
1685 1168 1849 1239 μέσον
1893 1169 2002 1222 τῶν

411 1258 694 1328 πολεμίων
707 1257 971 1311 κατέϐαλε
994 1259 1198 1311 τούτων
1227 1259 1474 1330 συχνούς.
1491 1260 1558 1312 'l‘l
1583 1260 1638 1312 δὲ
1659 1260 1871 1330 φάλαγξ
1893 1261 2004 1315 εἴτε

412 1350 687 1418 ἀγνοοῦσα
720 1351 1063 1420 ταδρώμενα
1089 1356 1168 1418 (ἐν
1201 1354 1383 1405 σκότει
1428 1353 1538 1422 γὰρ
1603 1354 1879 1424 συστάσης
1905 1355 2005 1424 τῆς

417 1443 600 1512 μάχης
641 1442 739 1511 οὐχ
765 1437 876 1493 οἷόν
911 1460 968 1494 τε
1016 1439 1083 1514 ἦν
1107 1444 1240 1514 ὁρᾷν
1283 1444 1352 1496 τὰ
1391 1445 1653 1514 γινόμενα
1693 1445 2002 1513 ἅπαντα)...

425 1534 488 1585 ’0
525 1534 582 1584 δὲ
612 1534 894 1603 Κομνηνος
930 1537 1024 1586 καὶ
1043 1531 1199 1597 αὖθις
1240 1536 1333 1589 ἐπὶ
1364 1536 1424 1588 τὸ
1474 1537 1864 1606 συνιστάμενον
1926 1536 2006 1589 ἔτι

413 1628 528 1680 τῶν
557 1627 831 1696 πολεμίων
883 1627 1081 1696 ἐχώρει
1144 1627 1320 1680 παίων
1349 1629 1444 1681 καὶ
1499 1628 1853 1682 καταϐάλλων
1883 1628 2007 1690 τοὺς

413 1721 497 1781 εἰς
535 1722 727 1789 χεῖρας
759 1719 958 1779 ἰόντας,
996 1719 1090 1772 καὶ¹
1123 1715 1280 1781 αὖθις
1299 1719 1660 1789 ὑποστρέφων
1697 1719 1833 1790 πρὸς
1881 1720 2007 1780 τοὺς

1627 328 1986 388 HISTORIA
1999 330 2100 390 RU
2115 332 2160 388 λ]
2212 332 2274 388 Li
2294 333 2353 391 Β.
2403 333 2496 392 ιν.

471 427 570 483 κδ’.
600 422 694 494 Εἷς
713 428 771 483 δὲ
796 431 910 484 τῶν
946 432 1053 485 ὑπὸ
1081 434 1236 504 χεῖρα
1254 433 1346 486 τοῦ
1371 434 1632 501 Ἀλεξίου,
1673 437 1811 506 ἀνὴρ
1839 439 1996 490 Καπ-
2030 449 2068 498 Α

3347 276 3370 288 '-

3571 334 3678 400 20?.

2172 439 2260 492 21.
2281 439 2429 492 Litus
2453 449 2630 493 autem
2659 455 2723 495 ex
2751 442 2813 494 iis
2839 440 2932 511 qui
2954 441 3021 495 ad
3045 457 3263 498 manum
3289 442 3478 500 Alexio
3498 460 3675 514 erant,

2107 533 2323 584 natione
2351 534 2637 600 Cappadox
2669 545 3028 602 rogmnnento
3057 533 3245 598 Gules,
3277 552 3399 590 cum
3422 540 3678 608 agnovis-

2105 621 2523 684 set‘dasilaccm,
2554 623 2676 675 ferit
2703 638 2825 675 eum
2857 640 2986 678 ense
3019 626 3072 678 in
3105 627 3280 694 galea,
3306 627 3400 682 sed
3419 629 3569 684 ensis
3599 630 3682 684 of-

2104 711 2258 765 fensu
2281 711 2486 766 fractus
2504 713 2605 766 sub
2627 712 2744 781 ejus
2767 729 2926 766 manu
2953 714 3149 768 cedidit
3171 733 3183 767 :
3213 717 3347 770 vidit
3370 716 3682 773 Comnenns

2104 814 2158 857 et
2203 807 2432 858 credens
2482 821 2666 859 ensem
2715 807 2762 858 ei
2810 822 2970 860 manu
3029 808 3319 873 excidisse,
3362 810 3683 879 increpabat.

2107 899 2501 966 indiligentiam
2558 899 2697 964 viri;
2745 900 2923 967 quoad
2980 901 3070 954 ille
3118 903 3461 956 manubrimn
3523 904 3681 959 fracti

2106 994 2266 1060 gladii
2305 994 2358 1046 in
2390 1009 2549 1046 manu
2585 995 2853 1062 reliquum
2888 996 3182 1047 ostendens
3216 993 3373 1048 fidem
3411 994 3540 1050 fecit
3571 1012 3678 1050 non

2107 1099 2205 1137 sua
2241 1084 2601 1152 negligentia,
2638 1087 2731 1138 sed
2783 1083 2938 1152 153
2979 1085 3128 1137 ensis
3167 1086 3319 1138 fracti
3366 1086 3500 1140 vitio
3534 1102 3665 1140 eve-

2110 1178 2255 1230 nisse
2287 1176 2691 1230 incommodum
2732 1192 2744 1228 :
2783 1176 2970 1242 sic-que
3000 1177 3158 1244 culpa
3197 1177 3413 1232 solutus
3447 1190 3549 1232 est.
3587 1176 3685 1233 Hic

2107 1268 2330 1323 Macedo
2356 1271 2576 1338 quidam
2614 1267 2808 1322 Petrus
2838 1270 3079 1332 nomine,
3106 1281 3470 1339 cegnomento
3487 1269 3685 1325 Turni-

2109 1364 2247 1422 cius,
2271 1362 2485 1414 irruens
2521 1361 2572 1413 in
2610 1363 2846 1414 medium
2882 1361 3118 1414 hostium
3153 1363 3353 1416 multos
3384 1378 3446 1416 ex
3482 1363 3551 1416 iis
3580 1363 3648 1416 de
3671 1390 3683 1401 -

2105 1456 2236 1523 jecit
2273 1472 2286 1508 :
2321 1455 2589 1524 phalange
2626 1455 2864 1518 interim,
2900 1464 3086 1524 utpme
3116 1456 3304 1524 ignara
3335 1471 3525 1511 eorum
3563 1471 3685 1526 quae

2111 1545 2309 1599 tiebant
2339 1544 2507 1613 (nam,
2528 1544 2820 1599 commissa
2853 1544 2905 1596 in
2937 1545 3176 1599 tenebris
3206 1560 3410 1614 pugna,
3434 1545 3546 1614 fieri
3575 1561 3682 1600 non

2113 1644 2322 1706 poterat
2351 1645 2407 1689 ut
2431 1651 2552 1704 qua:
2583 1636 2910 1706 gerebantur
2931 1651 3122 1690 omnes
3152 1638 3440 1706 viderent),
3461 1637 3686 1692 immota

2112 1729 2454 1797 persistente.
2489 1727 2642 1782 Tunc
2698 1727 3008 1783 Comnenus
3061 1745 3252 1784 rursus
3296 1730 3348 1782 in
3406 1744 3525 1784 eam
3555 1745 3684 1799 par-

418 1810 679 1872 ἰδίο·.ις...“
713 1810 809 1862 ’Ὀυ
829 1827 909 1871 τις
941 1811 1279 1879 θεασάμενος
1301 1811 1408 1863 τῶν
1439 1813 1504 1863 ἐκ
1533 1811 1630 1880 τῆς
1646 1811 1776 1874 ἰδίας
1797 1811 2003 1864 ἐκείνου

2117 1829 2216 1875 tem
2257 1821 2516 1884 hostium,
2554 1835 2676 1890 quae
2723 1820 2900 1874 adhuc
2957 1821 3138 1875 locum
3185 1831 3344 1876 tuens
3398 1821 3450 1875 in
3513 1825 3682 1876 annis

418 1901 702 1967 φάλαγγος
727 1901 995 1971 Φράγγων
1036 1901 1163 1971 ἄρτι
1197 1902 1362 1971 μέσον
1415 1903 1626 1968 ἐξιόντα
1671 1904 1780 1955 τῶν
1842 1903 2004 1955 πολε-

423 1993 566 2061 μίων
597 1993 690 2044 καὶ
715 1993 941 2061 νομίσας
965 1989 1106 2044 εἶναι
1139 1993 1245 2045 τῶν
1269 1994 1546 2064 πολεμίων
1563 1994 1708 2058 τινὰ,
1745 1993 2005 2068 ἐξελάσας

422 2083 612 2152 βάλλει
637 2083 714 2152 τῷ
736 2085 923 2153 δόρατι
953 2086 1045 2136 καὶ
1088 2085 1287 2155 μικροῦ
1319 2088 1380 2139 iv
1411 2087 1572 2140 αὐτὸν
1604 2086 1926 2150 κατέϐαλεν,
1959 2089 2008 2138 εἰ

427 2175 506 2243 μὴ
542 2174 886 2244 ἑδραιότατος
914 2170 981 2245 ἦν
1013 2175 1269 2244 ἱππότης.
1325 2177 1715 2248 Ἐπιστραφεὶς
1752 2177 1844 2229 οὖν
1876 2178 2009 2247 πρὸς

425 2267 590 2320 αὑτὸν
629 2269 767 2336 μετὰ
791 2268 882 2320 τοῦ
914 2269 1101 2338 ξίφους
1131 2269 1474 2339 ἐξώρμησεν.
1533 2271 1592 2322 'U
1634 2270 1679 2321 δ’
1713 2269 1874 2333 εὐθὺς
1894 2273 2009 2322 επις

426 2359 590 2425 γνοὺς
659 2363 868 2412 ἐκεῖνον
909 2361 1091 2431 ἱκέτης
1130 2359 1198 2432 ἦν
1227 2363 1479 2425 ἐλεεινὸς,
1520 2361 2004 2431 διαϐεϐαιούμενος

423 2451 500 2514 ὡς
529 2450 746 2522 ἀγνοίᾳ,
782 2452 983 2520 μᾶλλον
1014 2453 1045 2522 ἢ
1079 2454 1386 2525 κακουργίᾳ
1419 2455 1538 2507 κατ’
1572 2453 1736 2506 αὑτοῦ
1776 2452 2013 2522 ἐξορμή-

428 2560 542 2596 σαι.
569 2542 772 2597 Τούτου
803 2544 894 2598 οὖν
944 2545 1159 2615 ἀφῆκεν
1194 2549 1220 2598 ὀ
1255 2549 1502 2614 γενναῖος
1557 2547 1765 2608 ἐκεῖνος
1796 2544 1858 2596 τὸ
1915 2543 2003 2611 εγ·

429 2631 530 2702 κλη
539 2651 635 2702 μα.

2111 1912 2312 1973 stabat,
2372 1912 2533 1965 irruit
2589 1912 2814 1980 pulsans
2871 1921 2928 1966 et
2976 1910 3240 1979 dejiciens
3291 1921 3563 1982 quotquot
3619 1914 3686 1967 ad

2107 2019 2324 2057 manum
2374 2004 2753 2067 occurrebant,
2793 2013 2848 2057 et
2888 2017 3083 2058 rursus
3132 2003 3200 2056 ad
3256 2019 3386 2058 suos
3431 2019 3490 2057 se
3547 2005 3690 2058 reci-

2107 2097 2282 2166 piens.
2335 2094 2506 2162 Quem
2549 2095 2769 2164 quidam
2816 2111 2881 2149 cx
2923 2094 3095 2165 ipsius
3136 2095 3403 2164 phalange
3446 2095 3692 2151 Francus

2110 2182 2466 2252 prodeuntem
2502 2199 2532 2238 e
2565 2184 2743 2237 medio
2783 2183 3022 2237 hostium
3072 2199 3196 2238 cum
3231 2185 3478 2250 vidisset,
3510 2196 3564 2239 et
3596 2201 3693 2240 ex-

2113 2276 2384 2329 istimaret
2417 2290 2539 2330 esse
2568 2277 2861 2344 quemdam
2895 2291 2958 2328 ex
2995 2276 3245 2330 hostibus
3269 2314 3284 2340 ,
3315 2277 3580 2331 adversus
3612 2278 3692 2330 ir-

2115 2353 2280 2421 riiens
2321 2367 2474 2422 hasta
2519 2367 2754 2436 impulit,
2793 2383 3095 2436 parumque
3125 2369 3298 2422 abfuit
3330 2369 3460 2438 quin
3493 2368 3693 2438 dejice-

2111 2470 2192 2511 rct
2225 2476 2237 2510 :
2275 2459 2368 2514 sed
2408 2461 2495 2512 ille
2531 2460 2846 2513 firmissime
2887 2459 2938 2512 in
2973 2475 3115 2529 equo
3146 2461 3343 2514 stabat.
3379 2461 3691 2516 Conversus

2112 2549 2276 2618 igitur
2316 2566 2439 2602 cum
2485 2551 2673 2604 stricto
2715 2550 2892 2619 gladio
2939 2550 3174 2618 petebat.
3218 2550 3390 2616 Quem
3450 2551 3539 2605 ille
3579 2551 3692 2618 jam

2110 2653 2415 2705 agnoscens
2443 2649 2502 2691 ut
2535 2641 2842 2706 ignosceret
2875 2639 2980 2693 sihi
3014 2641 3343 2707 precabatur
3372 2641 3698 2694 miserabili-

428 2734 511 2779 ter
539 2725 835 2791 allirmans,
861 2742 920 2781 se
949 2727 1098 2782 nullo
1121 2728 1266 2781 malo
1295 2729 1496 2788 animo,
1527 2742 1673 2782 mera
1697 2726 2060 2798 imprudentia
2131 2730 2306 2796 ipsum
2345 2731 2612 2797 pulsasse.
2651 2729 2751 2783 Cui
2818 2731 3041 2784 Alexius
3073 2747 3171 2799 pro
3203 2747 3301 2786 sua
3360 2746 3555 2787 cazera
3599 2748 3699 2803 ge-

429 2815 726 2867 nerositate
758 2813 916 2870 facile
946 2816 1162 2885 culpam
1193 2817 1546 2872 condonavit.

502 2912 602 2961 κε’.
626 2907 747 2960 Ἔτι
796 2908 854 2960 δὲ
902 2907 1012 2962 τῶν
1042 2910 1314 2979 πολεμίων
1352 2910 1765 2979 συνισταμένων
1821 2911 1880 2961 ὲν
1918 2907 2014 2979 μέ.

431 3009 542 3064 ρει,
571 2994 828 3047 ἔσπευδεν
869 2996 943 3058 ὡς
997 2991 1108 3050 οἷόν
1129 3013 1188 3049 τε
1232 2999 1326 3050 καὶ
1371 2998 1432 3050 τὸ
1459 2998 1646 3050 λοιπὸν
1694 2997 2015 3068 παραλῦσαι

2194 2905 2283 2959 ΞΒ.
2321 2903 2460 2958 Cum
2504 2917 2684 2960 autem
2723 2907 3024 2962 etiamnum
3065 2924 3194 2978 pars
3237 2892 3474 2966 hostium
3514 2914 3566 2968 in
3606 2930 3700 2972 or-

2125 2993 2253 3048 dine
2282 2996 2522 3054 durarct,
2560 3009 2776 3046 oinnem
2815 2994 2866 3046 in
2904 3005 3112 3062 partem
3147 2995 3442 3053 festinabat
3472 3000 3696 3060 Alcxius

430 3087 530 3153 τῆς
572 3088 799 3151 τάξεως,
835 3089 1090 3158 καὶπρὸς
1122 3090 1219 3158 τὴν
1258 3090 1390 3141 ἰδίαν
1420 3090 1714 3142 ἀπέστελλε
1761 3091 2012 3157 φάλαγγα

2119 3099 2226 3156 quo
2274 3084 2394 3138 illas
2446 3084 2584 3137 aciei
2636 3084 2894 3152 reliquias
2949 3083 3242 3156 frangeret,
3319 3088 3576 3158 misitque
3625 3093 3694 3146 ad

432 3177 677 3228 κελεύων
715 3177 788 3248 μὴ
841 3179 1055 3248 μέλλειν
1107 3179 1222 3232 ἀλλ’
1257 3181 1487 3233 ἕπεσθαί
1524 3181 1577 3242 οἱ
1625 3179 2008 3252 ταχινώτερον.

433 3267 516 3318 Τὰ
543 3268 720 3336 μὲνέν
749 3270 906 3321 νυκτὶ
940 3269 1033 3333 ξὺν
1059 3269 1262 3338 ὀλίγοις
1299 3269 1612 3340 πραχθέντα
1655 3271 1792 3341 ἔργα
1836 3269 2012 3322 τοιάδε

431 3353 523 3429 ἦν.
550 3355 732 3428 Ἶιμος
763 3358 818 3411 δὲ
848 3359 1028 3428 ἠέλιος
1058 3360 1354 3431 ἀνώρουσε,
1387 3361 1478 3413 καὶ
1502 3363 1555 3412 οἱ
1605 3362 1732 3430 περὶ
1783 3359 1876 3412 τὸν
1911 3361 2016 3410 Βα-

437 3452 669 3518 σιλάκην
708 3454 963 3524 συνιστᾷν
997 3451 1298 3523 ἐπειρῶντο
1331 3455 1453 3514 τοὺς
1478 3454 1640 3515 ἰδίους
1672 3454 1768 3506 καὶ
1800 3453 1873 3516 ὡς
1907 3449 2016 3504 οἷόν

431 3560 495 3594 τε
535 3544 936 3614 ἐπεῤῥώννυον.
970 3543 1062 3607 Ἑν
1091 3545 1302 3606 τούτοις
1331 3544 1386 3595 δὲ
1417 3543 1524 3594 τῶν
1553 3545 1617 3593 ἐκ
1648 3542 1748 3610 τῆς
1807 3541 2017 3592 ἐκείνου

435 3636 716 3704 ςάλαγγὸς
742 3654 884 3698 τινες
914 3639 971 3688 ἐν
1010 3637 1085 3705 τῷ
1122 3635 1406 3689 σκυλεύειν
1447 3633 1866 3702 ἀπολειφθέντες
1921 3633 2018 3699 τῆς

434 3731 632 3798 λοιπῆς
679 3729 954 3798 φάλαγγος
977 3725 1112 3798 ἧκον
1142 3730 1368 3781 κατόπιν
1393 3729 1630 3787 θέοντες.
1678 3723 1784 3787 Οὓς
1816 3725 2016 3778 θεασά-

437 3820 594 3890 μενοί
623 3837 766 3883 τινες
797 3823 906 3874 τῶν
957 3825 1020 3874 ἐκ
1055 3821 1154 3888 τῆς
1183 3819 1275 3872 τοῦ
1303 3818 1628 3890 δομεστίκου
1673 3818 1779 3869 τῶν
1815 3815 2018 3886 σχολῶν

439 3912 722 3980 φάλαγγος
777 3912 1037 3977 Ἀλεξίου,
1076 3912 1506 3982 ἐπιστραφέντες
1542 3911 1636 3962 καὶ
1691 3907 1810 3962 κατ’
1841 3905 2019 3960 αὐτῶν

436 4004 870 4072 ἐξορμήσαντες,
900 4005 1005 4075 πρὸ
1028 4003 1119 4056 τοῦ
1149 4005 1225 4068 εἰς
1260 4007 1447 4072 χεῖρας
1476 4004 1608 4056 ἱέναι
1631 4001 1826 4072 ῥαδίως
1865 4001 2020 4070 ἐτρέ-

435 4097 632 4166 ψαντο,
657 4097 750 4149 καὶ
776 4097 1004 4160 πολλοὺς
1038 4097 1242 4149 τούτων
1273 4097 1662 4166 ζωγρήσαντες
1693 4093 2017 4160 ἐπανῆλθον.

511 4357 618 4420 κζ’.
662 4358 721 4410 '0
747 4358 802 4412 δὲ
841 4360 934 4413 τοῦ
966 4360 1243 4431 Βασιλάκη
1280 4359 1593 4429 ἀδελφιδοῦς
1622 4358 1882 4429 Μανουὴλ
1930 4357 2023 4410 ἐπὶ

377 4457 418 4487 ο
440 4449 608 4517 λόφου
639 4453 782 4513 τινὸς
806 4452 1045 4503 ἀνελθὼν
1080 4453 1423 4524 ἐπερῤωννυε
1449 4454 1507 4502 τι
1548 4453 1626 4502 ἔτι
1663 4449 1762 4518 τῆς
1813 4449 2018 4517 φάλαγ-
2054 4451 2094 4502 υ

441 4559 540 4608 γος
581 4543 997 4611 συνιστάμενον,
1033 4543 1333 4613 διαρρήδην
1377 4543 1514 4611 βοῶν
1545 4542 1822 4611 Βασιλάκη
1881 4537 2018 4591 εἶναι

441 4648 543 4702 τὴν
571 4637 727 4704 νίκην
757 4638 848 4686 καὶ
877 4636 974 4704 τὴν
1006 4637 1238 4704 ἡμέραν.
1285 4637 1348 4686 Ὃ
1382 4638 1711 4702 θεασάμενος
1746 4634 2019 4693 Βασίλειος

442 4732 469 4778 ο
514 4729 846 4796 Κοιιρτίκης,
899 4730 1037 4798 ἀνὴρ
1062 4727 1328 4779 Μακεδὼν
1349 4727 1458 4778 τῶν
1489 4728 1581 4778 τοῦ
1620 4728 1908 4797 Βρυεννίου
1937 4728 2017 4777 οἱ»

442 4819 631 4881 κείων,
673 4821 764 4869 τὸν
811 4819 976 4869 ἵππον
1004 4819 1200 4881 ἐλάσας
1243 4821 1417 4872 ἄνεισι
1443 4821 1579 4889 πρὸς
1605 4819 1665 4871 τὸ
1700 4819 1880 4887 λόφον.
1910 4819 2016 4868 Κά-

443 4913 628 4960 κεὲνου
664 4911 762 4978 τὴν
807 4909 1023 4974 σπάθην
1085 4909 1411 4971 ἑλκύσαντος
1469 4909 1590 4962 κατ’
1640 4909 1828 4974 αὐτοῦ,
1866 4903 2019 4970 οὗτος

443 5004 657 5053 ἐκεῖνον
678 5005 742 5070 τῇ
773 5002 956 5071 ῥάϐδῳ
986 5003 1136 5054 παίει
1164 5003 1303 5054 κατὰ
1331 5003 1428 5071 τῆς
1457 5003 1684 5073 κόρυθος
1716 5001 1811 5053 καὶ
1861 5001 2020 5061 εὐθὺς

444 5091 781 5144 καταϐάλλει
826 5092 920 5142 τοῦ
975 5091 1141 5142 ἵππου
1209 5093 1304 5143 καὶ
1333 5091 1618 5160 δεσμώτην
1647 5092 1850 5156 ἀπάγει
1890 5089 2022 5158 πρὸς

440 5185 533 5235 τὸν
566 5183 883 5251 δομέστικον
928 5182 1037 5234 τῶν
1086 5181 1290 5250 σχολῶν
1325 5183 1417 5232 τὸν
1446 5184 1691 5248 γενναῖον
1753 5180 2014 5242 ’Λλέξιον.

439 5269 519 5329 Οὔ
541 5275 836 5345 γενομένου
865 5275 959 5326 καὶ
984 5277 1018 5344 ἡ
1048 5273 1259 5341 φάλαγξ
1284 5275 1604 5341 ἐπιφανεῖσα
1625 5273 1717 5325 τοῦ
1740 5271 2022 5341 Κομνηνοῦ

443 5373 501 5422 τὸ
536 5370 616 5421 ἔτι
638 5370 770 5438 περὶ
793 5369 886 5420 τὸν
918 5367 1225 5436 Βασιλάκην
1255 5366 1640 5433 συνιστάμενον
1667 5370 1855 5435 φυγεῖν
1887 5383 2024 5435 παρ-

442 5462 734 5514 εσκεύασε.
781 5461 934 5512 Καὶὸ
971 5459 1068 5530 μὲν
1096 5458 1293 5528 ἔφευγε
1351 5459 1447 5527 τὴν
1480 5459 1630 5511 πόλιν
1663 5459 1904 5511 σπεύδων
1930 5475 2026 5509 κα-

443 5556 716 5620 ταλαϐεῖν,
766 5557 793 5606 ό
843 5555 1127 5622 Κομνηνος
1163 5553 1216 5604 δὲ
1275 5553 1517 5605 ἐδίωκεν.
1557 5553 1797 5615 Εἰκότως
1837 5552 1928 5605 οὖν
1962 5554 2025 5608 ἄν

2114 3175 2438 3246 phalangem
2465 3176 2740 3245 propriam
2768 3177 2860 3245 qui
2887 3175 3144 3245 juberent
3175 3192 3278 3232 non
3307 3181 3574 3248 cunctari,
3600 3185 3695 3238 sed

2117 3269 2267 3337 sequi
2301 3283 2422 3322 sese
2445 3282 2606 3336 quam
2632 3267 2936 3322 celerrime.
2971 3266 3096 3322 Haec
3129 3268 3389 3324 hactenus
3411 3273 3483 3326 ab
3508 3273 3698 3329 Alexio

2117 3375 2210 3429 per
2255 3368 2469 3414 noctem
2510 3375 2633 3415 eum
2677 3361 2865 3430 paucis
2906 3372 3080 3431 gesta.
3123 3362 3191 3418 Ut
3227 3378 3358 3418 vero
3403 3366 3485 3419 sol
3535 3366 3696 3438 154.

2116 3464 2201 3507 est
2226 3461 2468 3518 exortus,
2493 3451 2770 3507 Basilaces
2792 3453 2996 3522 quique
3018 3469 3143 3509 cum
3168 3469 3233 3508 eo
3256 3466 3411 3509 erant
3439 3459 3697 3516 ordinare

2118 3542 2455 3596 cenabantut'
2471 3556 2624 3606 suos,
2646 3551 2698 3595 et
2714 3552 2978 3612 quantum
3001 3551 3252 3612 poterant
3270 3546 3694 3602 confirmabant.

2120 3631 2252 3698 Qua:
2284 3635 2412 3685 dum
2451 3632 2662 3697 fierent,
2699 3648 2767 3687 ex
2803 3635 2924 3704 ejus
2961 3636 3232 3705 phalange
3271 3637 3518 3706 quidam,
3555 3654 3694 3706 quos

2122 3726 2394 3794 prmdandi
2421 3726 2649 3780 dulcedo
2681 3739 2923 3781 retentos
2948 3728 3000 3780 in
3029 3730 3224 3784 castris
3248 3731 3315 3783 ab
3347 3732 3462 3786 acie
3489 3733 3696 3803 reliqua

2122 3819 2468 3886 sejnnxerat,
2510 3830 2656 3870 retro
2693 3818 3095 3885 sequebantur,
3133 3820 3490 3876 observantes
3555 3825 3687 3892 quid

2123 3925 2301 3962 rerum
2331 3912 2503 3962 ﬁeret.
2536 3907 2687 3974 Quos
2715 3925 2842 3964 cum
2873 3911 3132 3964 vidissent
3158 3926 3188 3964 e
3213 3911 3494 3966 domestici
3533 3916 3700 3972 scho-

2123 4001 2294 4053 larum
2333 4001 2502 4054 Alexii
2537 4001 2802 4070 phalange
2834 4000 3057 4070 quidam
3091 4002 3342 4054 conversi
3378 4013 3429 4055 et
3463 4004 3515 4056 in
3547 4005 3696 4073 ipsos

2123 4103 2492 4159 erumpentes,
2557 4091 2714 4144 facile
2776 4092 2897 4145 illos
2960 4092 3278 4160 priusquam
3341 4094 3408 4147 ad
3475 4110 3697 4150 manum

2125 4183 2374 4236 venirent
2407 4191 2683 4234 verterunt
2727 4182 2781 4234 in
2831 4182 3036 4251 fugam,
3104 4184 3402 4252 multisque
3455 4185 3700 4254 ipsorum

2136 4275 2270 4328 vivis
2305 4274 2478 4342 captis
2509 4282 2871 4330 reverterunt.

2200 4366 2291 4418 ‘26.
2322 4365 2392 4416 At
2419 4363 2684 4421 Basilacis
2717 4367 2981 4434 patruelis
3009 4364 3225 4420 Manuel
3257 4382 3381 4422 cum
3430 4368 3485 4421 in
3519 4379 3704 4421 tumu-

2127 4457 2236 4509 lum
2260 4457 2546 4525 qucmdam
2572 4457 2927 4522 ascendisset,
2953 4458 3228 4512 animabat
3248 4460 3392 4526 quod
3418 4471 3702 4527 supererat

2129 4547 2414 4617 phalangis
2439 4587 2452 4610 ,
2495 4547 2639 4601 clare
2673 4547 2976 4602 vociferans
3011 4547 3271 4602 Basilacis
3299 4548 3441 4601 diem
3468 4550 3613 4602 illam
3649 4558 3703 4602 et

2129 4640 2411 4693 victoriam
2447 4655 2588 4692 esse.
2627 4639 2781 4694 Hunc
2815 4639 3164 4705 constricatus
3208 4637 3439 4691 Basilius
3477 4639 3700 4706 quidam

2127 4733 2396 4797 Curtices,
2430 4733 2511 4784 vir
2538 4732 2761 4785 Macedo
2793 4747 2822 4784 e
2855 4731 3106 4799 Bryennii
3140 4729 3526 4791 familiaribus,
3556 4747 3698 4800 equo

2131 4825 2352 4876 incitato
2396 4821 2714 4876 conscendit
2762 4822 2826 4873 ad
2884 4837 3008 4874 cum
3054 4822 3106 4872 in
3151 4821 3420 4872 tumulum
3474 4837 3485 4871 :
3532 4832 3584 4872 et
3613 4823 3705 4873 illo

2128 4925 2311 4964 ensem
2354 4913 2404 4962 in
2446 4909 2593 4961 hunc
2627 4909 2947 4977 stringente,
2983 4906 3092 4967 hic,
3131 4907 3294 4959 clara:
3321 4908 3426 4958 ictu
3469 4906 3521 4959 in
3563 4907 3706 4960 illitis

2128 5003 2335 5068 galeam
2375 5015 2610 5067 superne
2638 4997 2881 5060 incusso,
2917 4996 3110 5063 tlejccit
3145 5011 3209 5049 ex
3250 5011 3391 5066 equo
3433 4997 3608 5051 virum
3652 5010 3707 5053 et

2129 5093 2400 5161 captivum
2453 5093 2516 5144 ad
2575 5091 2935 5144 donnstieum
2992 5089 3305 5143 scholarum
3366 5106 3694 5158 generosum

2135 5168 2379 5236 Alexium
2411 5182 2596 5245 duxit;
2626 5197 2732 5248 quo
2761 5179 2904 5232 facto
2936 5196 3058 5233 cum
3088 5180 3198 5248 jam
3234 5181 3464 5248 phalanx
3490 5197 3708 5250 quoque

2135 5254 2425 5343 appareret
2458 5273 2630 5326 AiCXli
2656 5311 2670 5335 ,
2707 5272 2970 5340 quidquid
3009 5271 3153 5324 cii-ra
3192 5268 3488 5323 Basilacesn
3528 5273 3708 5324 stabat

2135 5369 2345 5426 adhuc,
2391 5376 2593 5418 terrore
2634 5379 2884 5417 arcrsum
2927 5365 2977 5416 in
3016 5364 3198 5432 fugam
3236 5373 3338 5416 est.
3374 5362 3523 5427 Quos
3566 5364 3708 5416 inter

2137 5460 2248 5527 ipse
2297 5458 2567 5511 Basil:n.-es
2613 5473 2772 5510 cursu
2826 5457 3062 5510 maximo
3113 5457 3385 5523 repetebat
3433 5454 3703 5508 civitatem

2137 5553 2278 5605 unde
2325 5551 2618 5621 prodierat,
2663 5561 2882 5605 strenue
2933 5563 3290 5620 persequente
3342 5548 3552 5600 Alexio.
3601 5543 3702 5595 Cui

506 5751 516 5765 ν
547 5749 739 5802 algam;
792 5743 1004 5790 ltnlicai
1050 5739 1296 5797 lacunam,
1365 5753 1640 5801 quanqnzizn
1706 5741 1908 5789 fortasse
1966 5738 2012 5786 ni

2117 5735 2284 5786 :xcidit
2317 5735 2407 5785 nisi
2437 5735 2495 5794 ἦν
2545 5743 2646 5797 post
2693 5735 3015 5798 ὑποστρέφων.
3052 5731 3216 5780 Editur
3248 5726 3518 5776 [3()E.‘/i(‘.‘£5"5-

778 5839 1050 5893 Γλῖιιυι..
1096 5834 1206 5888 (in.
1259 5829 1560 5889 (leYll.

3274 5822 3306 5877 ,Ξ
