4136 6444
420 322 533 385 ς203

1638 285 2059 377 ΝιεΕῬΗοιιι
2103 315 2477 376 summu

3607 303 3713 365 SM.

425 432 737 502 spectaculo
770 445 877 484 non
920 429 1195 484 immerito
1223 430 1347 499 quis
1378 430 1644 500 optaverit
1669 426 2015 483 Homericum

2127 448 2208 493 τις
2248 427 2529 482 κάνταῦθα
2591 428 2653 480 ἰδ
2694 427 2823 489 ἔπος
2886 426 3143 497 ἁρμόσειε
3191 425 3252 475 τὸ
3317 420 3632 492 ’(ὶμηρικὸν,
3685 418 3716 471 ὃ

432 525 562 578 illud
598 525 665 579 de
696 523 903 577 Achille
935 523 1198 593 scriptum
1231 535 1281 577 et
1314 521 1545 577 Ileelore
1579 541 1591 576 :

438 641 596 712 155
630 642 762 696 Ante
782 642 919 712 fugit
944 642 1119 711 (ortis.
1146 657 1294 711 quem
1331 659 1361 694 α
1390 651 1533 712 tergo
1563 642 1756 711 fortior
1778 654 1943 712 urget.

427 814 718 869 Eratenim
750 830 869 869 vere
893 814 1118 869 Alexius
1142 825 1196 869 et
1225 830 1387 869 mauu
1429 813 1585 869 fortis
1624 824 1678 870 et
1715 813 1921 873 animo.
1952 827 2017 866 ex

427 908 699 963 nobilibus
719 917 875 963 ortus
906 918 960 961 et
991 908 1044 961 in
1077 908 1245 962 altum
1275 909 1482 977 apicem
1528 907 1712 977 gloriae
1758 904 2017 959 facinori-

425 1000 529 1053 bus
559 999 795 1054 heroicis
823 1000 1017 1053 elatus.
1313 973 1325 977 ﬁ
1533 973 1656 1042 ’ἀεὶ

500 1090 590 1143 ‘27.
622 1090 894 1147 Creterum
930 1090 1066 1144 urbe
1097 1088 1421 1143 conclusum
1457 1086 1752 1143 Basilacem
1784 1089 2019 1142 circum-

426 1182 612 1238 sidcns
667 1197 794 1237 cum
859 1183 1104 1237 exercitu
1166 1181 1391 1235 Alexius
1447 1195 1669 1234 servare
1729 1180 2007 1249 cupiebat.

424 1275 607 1339 Quare
640 1274 706 1327 ad
738 1276 915 1343 ipsum
957 1274 1104 1328 misit
1130 1272 1224 1342 qui
1259 1273 1513 1326 suaderet
1549 1281 1607 1325 ut
1642 1271 1747 1325 tide
1785 1282 2014 1341 accepta

427 1368 561 1419 nihil
605 1367 730 1422 mali
786 1382 844 1424 se
890 1380 1203 1433 passurum,
1254 1378 1314 1419 se
1351 1379 1415 1418 ac
1448 1364 1725 1417 civitatem
1770 1363 2012 1417 dederet.

424 1456 670 1512 Functus
702 1459 803 1511 ista
842 1458 1109 1527 legatione
1127 1466 1211 1512 est
1240 1456 1321 1510 vir
1353 1457 1533 1511 bonus
1563 1466 1617 1510 ct
1647 1464 1897 1519 ornatus,
1928 1471 2014 1509 re-

424 1550 631 1619 ligiosa:
658 1552 779 1604 vita:
805 1549 1082 1618 professor
1104 1549 1360 1613 celebris,
1388 1549 1679 1616 pra-fectus
1702 1557 1966 1602 monastei
1983 1548 2015 1601 ii

424 1639 803 1710 Xen0pltontis
836 1641 888 1693 in
918 1640 1065 1694 Atho
1089 1648 1297 1704 monte,
1338 1640 1429 1695 ille
1457 1640 1697 1709 optimus
1726 1654 1791 1694 ac
1820 1639 2014 1693 lauda-

423 1732 671 1787 tissimus
704 1733 968 1803 Symoon,
1002 1734 1100 1803 qui
1138 1741 1343 1796 tamen,
1368 1746 1491 1786 cum
1525 1732 1816 1802 allegasset
1844 1731 2013 1785 multa

424 1821 678 1883 Basitaei,
710 1823 847 1875 nihil
884 1821 1137 1892 profecit.
1182 1819 1422 1876 Felicius
1457 1821 1711 1876 tractavit
1741 1836 1869 1875 eum
1906 1820 2015 1875 Ba-

428 1913 614 1968 silacis
646 1914 911 1969 militibus
964 1921 1017 1969 et
1046 1913 1201 1968 urbis
1236 1913 1450 1968 civibus
1500 1913 1748 1968 Alexius.
1777 1911 1842 1966 lii
1876 1914 2021 1967 enim

425 2004 527 2073 ipsi
551 2005 826 2060 civitatem
852 2004 1216 2068 tradiderunt,
1241 2003 1483 2059 Basilace
1508 2004 1562 2057 in
1582 2019 1763 2058 arcem
1785 2004 2023 2074 lngiente

424 2112 489 2153 ac
542 2098 616 2152 ibi
671 2098 948 2153 obstinate
1006 2098 1316 2161 resistente,
1372 2098 1554 2166 quoad
1616 2098 1710 2166 qui
1768 2111 1897 2151 cum
1955 2110 2021 2151 eo

423 2201 601 2256 erant,
628 2192 788 2246 malis
819 2192 1021 2256 coacti,
1055 2192 1299 2244 vinctum
1332 2191 1510 2259 ipsum
1540 2190 1826 2245 Contneno
1849 2190 2016 2244 tradi-

426 2285 646 2338 derunt.
678 2283 798 2349 Quo
827 2282 972 2337 facto
1000 2283 1282 2352 ingressus
1310 2284 1496 2337 urbem
1529 2281 1750 2336 Alexius
1788 2282 2043 2371 multam.

432 2373 696 2428 Basilacis
720 2373 1011 2443 pecuniam
1042 2374 1217 2427 victor
1236 2372 1543 2441 occupavit.
1570 2370 1697 2425 Inde
1721 2372 1930 2427 nuntiis
1952 2372 2019 2425 ad

427 2468 810 2535 imperatorem
842 2465 1046 2528 missis,
1082 2464 1175 2534 qui
1210 2464 1509 2519 Basilacem
1545 2473 1765 2533 captum
1801 2466 2021 2519 nuntia-

427 2569 571 2623 rent,
603 2557 720 2627 ipse
747 2557 949 2613 mansit
972 2558 1023 2610 in
1050 2558 1269 2611 civitate
1294 2558 1488 2611 diebus
1519 2556 1751 2624 aliquot,
1783 2570 2021 2626 moxque

431 2650 596 2705 rebus
631 2651 739 2704 ilhc
767 2650 1101 2716 constitutis,
1137 2650 1433 2720 splendidis
1464 2649 1649 2704 clarus
1688 2648 1905 2719 tropasis
1929 2663 2018 2704 re-

432 2757 627 2798 νεγευε
650 2751 756 2797 est.

506 2923 598 2979 98.
634 2921 729 2979 Hae
763 2923 937 2979 Alexii
964 2939 1048 2977 res
1071 2932 1235 2992 gesta:
1263 2920 1419 2976 facile
1450 2923 1827 2977 demonstrant
1855 2937 2016 2992 quam

428 3035 619 3090 parum
669 3017 942 3073 lidendum
991 3016 1225 3072 fortuna:
1267 3018 1359 3081 sit,
1409 3016 1632 3086 quando
1671 3032 1732 3070 ea
1781 3017 2019 3071 maxime

2130 524 2256 592 περὶ
2292 521 2581 590 Ἀχιλλέως
2614 520 2822 583 ἐκεῖνος
2852 520 2945 571 καὶ
2979 518 3240 585 ’Έκτορος
3270 514 3456 585 ἔφησε,
3487 514 3571 573 τὸ,

2139 636 2373 704 Πρόσθε
2423 634 2539 704 μὲν
2593 633 2816 698 ἐσθλὸς
2860 630 3098 701 ἔφευγε,
3147 628 3324 704 δίωκε
3348 627 3415 704 δέ
3447 643 3554 696 μιν
3582 623 3716 695 μέγ’

3229 698 3532 770 [ἀμείνων.

2123 814 2208 887 [Ρ.
2240 812 2365 886 102]
2414 814 2526 867 Καὶ
2553 811 2662 883 γὰρ
2677 806 2747 883 ἦν
2782 812 2989 873 ἐκεῖνος
3020 808 3267 878 γενναῖος
3295 805 3436 861 κατὰ
3466 808 3626 875 χεῖρά
3652 823 3710 859 τε

2120 909 2214 961 καὶ
2252 907 2393 960 κατὰ
2420 906 2596 976 ψυχήν
2628 920 2641 935 '
2674 905 2767 957 xui.
2797 903 2906 974 γὰρ
2938 902 2997 969 ἐξ
3040 899 3277 970 εὐγενῶν
3325 900 3428 969 φὺς
3457 900 3534 961 εἰς
3571 897 3713 969 μέγα

2122 992 2276 1060 κλέος
2299 996 2442 1069 ήρθη
2476 998 2596 1059 ταῖς
2625 992 3038 1066 ἀνδραγαθίαις.

2191 1087 2293 1154 κζ’.
2328 1086 2762 1158 Συγκλεισθέντα
2790 1086 2846 1139 δὲ
2874 1084 3062 1138 τοῦτον
3093 1087 3158 1156 τῇ
3219 1083 3373 1137 πόλει
3412 1085 3440 1137 ὁ
3489 1083 3710 1154 Κομνη-

2119 1183 2209 1246 νὸς
2249 1180 2488 1245 Ἀλέξιος
2514 1179 2620 1245 ἔξω
2652 1176 3123 1249 στρατοπεδεύσας
3170 1176 3264 1228 καὶ
3304 1175 3591 1240 διασώζειν
3621 1175 3711 1228 τὸν

2120 1275 2289 1344 ἄνδρα
2320 1273 2543 1339 ἐθέλων,
2567 1271 2870 1344 ἐπρέσϐευε
2905 1270 3039 1339 πρὸς
3064 1269 3246 1334 αὑτὸν,
3274 1268 3416 1321 ὥστε
3448 1270 3515 1320 τά
3545 1272 3711 1319 πιστὰ

2119 1367 2352 1419 λαϐόντα
2383 1366 2476 1418 τοῦ
2517 1365 2683 1435 μηδέν
2708 1381 2760 1416 τι
2810 1363 3035 1431 ἀνιαρὸν
3060 1361 3347 1414 πείσεσθαι
3379 1360 3709 1430 ἐγχειρίζειν

2119 1457 2266 1527 αύτῷ
2296 1458 2387 1510 καὶ
2418 1457 2611 1510 ἐαυτὸν
2659 1456 2754 1508 καὶ
2794 1457 2894 1526 τὴν
2951 1453 3127 1508 πόλιν.
3179 1454 3242 1505 '0
3277 1454 3335 1506 δὲ
3390 1451 3710 1522 πρεσϐεύων

2117 1549 2185 1621 ἦν
2208 1553 2348 1622 ἀνὴρ
2380 1551 2584 1621 ἀγαθός
2624 1568 2682 1604 τε
2713 1551 2810 1605 καὶ
2836 1551 3084 1621 κόσμιος,
3120 1549 3445 1617 ἀσκητικιῖς
3473 1547 3709 1615 διαλάμ-

2119 1661 2219 1697 πον
2273 1641 2714 1711 κατορθώμασιν.
2772 1637 2882 1697 Ἦν
2922 1641 2978 1694 δὲ
3010 1642 3039 1693 ὁ
3078 1639 3491 1709 καθηγούμενος
3516 1637 3623 1689 τῶν
3654 1638 3712 1687 ἐν

2119 1738 2185 1805 τῇ
2218 1736 2369 1788 ’Λθω
2397 1734 2490 1787 τοῦ
2533 1732 2880 1803 Ξενοφῶντος
2918 1734 3052 1803 μονῇ
3085 1730 3339 1801 μοναχῶν
3402 1728 3628 1799 Συμεὼν
3684 1734 3712 1779 ὸ

2124 1826 2459 1896 πανάριστος
2491 1840 2507 1855 ⁸
2536 1823 2594 1888 ὃς
2625 1823 2797 1876 πολλὰ
2843 1822 3234 1893 παρακαλέσας
3283 1820 3375 1874 τὸν
3399 1819 3712 1888 Βασιλάκην

2123 1918 2224 1970 οὐκ
2257 1918 2495 1971 ἔπεισεν.
2531 1916 2851 1986 Ἀρξαμένῳ
2882 1914 2973 1968 ιῦν
3002 1914 3101 1986 ἤδη
3133 1913 3208 1984 τῷ
3237 1911 3511 1983 Κομνηνῷ
3542 1927 3713 1978 προσ-

2125 2012 2325 2081 χωρεῖν
2367 2010 2508 2081 μετὰ
2566 2009 2675 2062 τῶν
2736 2008 2831 2073 ξὺν
2870 2008 2951 2077 τῷ
3028 2007 3310 2080 Βασιλάκῃ
3363 2005 3712 2076 στρατιωτίῖιν

2126 2102 2218 2152 καὶ
2247 2099 2358 2152 τῶν
2415 2098 2653 2151 πολιτῶν
2710 2098 2812 2169 τὴν
2858 2098 3015 2150 πόλιν
3057 2096 3483 2166 ἐγχειρισάντων
3539 2094 3710 2158 αὐτῷ,

2124 2190 2330 2253 ἐκείιος
2374 2189 2569 2258 ἔμενεν
2602 2188 2683 2241 ἑτι
2731 2188 2951 2257 κρατῶν
3010 2188 3108 2257 τὴν
3155 2186 3472 2258 ἀκρόπολιν,
3506 2185 3609 2248 ἕως
3664 2187 3711 2235 (οἱ

2125 2282 2258 2352 περὶ⁵
2301 2282 2467 2334 αὑτὸν
2523 2281 2842 2350 βιασθέντες
2895 2279 3256 2341 συλλαϐόντες
3316 2278 3394 2348 τῷ
3440 2278 3712 2345 Κομντ,νῲ

2124 2372 2484 2442 ἐνεχείρισαν.
2517 2371 2788 2425 Εἰσελθὼν
2813 2368 2906 2425 οὖν
2947 2373 3005 2423 ἐν
3030 2374 3097 2442 τῇ
3130 2371 3283 2422 πόλει
3324 2369 3537 2421 πολλῶν
3576 2385 3710 2436 χρη-

2126 2466 2313 2535 μάτων
2344 2466 2552 2518 ἐκείνου
2583 2466 2777 2534 γέγονε
2825 2466 3039 2537 κύριος.
3093 2465 3389 2532 ’Δγγέλους
3445 2460 3540 2517 οὖν
3575 2468 3712 2532 πρὸς

2122 2557 2475 2628 τὸνβασιλέα
2510 2559 2736 2628 πέμψας
2777 2558 2878 2628 τὴν
2924 2558 3017 2611 τοῦ
3068 2557 3350 2628 Βασιλάκη
3408 2557 3714 2625 μηνύοντας

2124 2650 2348 2714 ἅλωσιν,
2390 2650 2552 2711 αὐτὸς
2576 2651 2772 2719 ἔμενεν
2800 2653 2856 2703 ἐν
2882 2653 2947 2720 τῇ
2981 2650 3135 2702 πόλει
3163 2649 3378 2719 ἡμέρας
3406 2648 3585 2715 τινας,
3624 2651 3714 2699 καὶ

2123 2744 2190 2795 τά
2221 2744 2280 2794 ἐν
2310 2741 2449 2812 αὐτῇ
2472 2743 3087 2813 καταστήσαςέπάνεισι
3122 2741 3259 2811 μετὰ
3280 2740 3552 2811 λαμπρῶν
3581 2758 3708 2810 τρο-

2124 2833 2318 2888 παίων.

2194 2932 2302 2996 κη’.
2341 2925 2583 2992 Ἐδειξεν
2620 2922 2714 2981 οὖν
2746 2929 2935 2982 καὶτὰ
2976 2931 3107 2999 παρ’
3134 2928 3345 2982 ἐκείνου
3394 2927 3710 2999 πραχθέντα

2120 3018 2195 3080 ὡς
2222 3018 2331 3090 χρὴ
2365 3017 2440 3089 μὴ
2471 3019 2614 3071 πάνυ
2664 3036 2716 3071 τι
2749 3017 3027 3071 πιστεύειν
3067 3022 3134 3089 τῇ
3164 3021 3302 3089 τύχῃ
3334 3020 3426 3070 καὶ
3481 3018 3718 3086 μάλιστα.

430 3111 728 3166 blanditur.
764 3109 1029 3164 Praeterea
1057 3124 1221 3179 quam
1256 3117 1402 3162 recte
1435 3108 1633 3161 dixerit
1665 3105 1826 3178 156
1853 3106 2012 3161 Euri-

2126 3113 2179 3164 ἐν
2231 3114 2353 3175 ταῖς
2403 3111 2751 3183 εὐπραγίαις.
2783 3112 2894 3163 Καὶ
2957 3112 3064 3181 μὴν
3106 3114 3199 3164 καὶ
3250 3112 3310 3164 τὸ
3360 3115 3486 3178 παρ’
3550 3111 3717 3180 eam.

432 3207 584 3275 pides
632 3221 648 3259 :
698 3201 850 3257 Mena
896 3217 1003 3256 una
1049 3202 1257 3271 sapiens
1298 3200 1558 3269 plurimas
1603 3202 1761 3253 vincit
1807 3216 2018 3255 manus.

432 3297 603 3365 Cujus
646 3293 935 3351 sententiae
970 3309 1079 3348 non
1116 3292 1219 3346 alia
1254 3290 1527 3346 eilicacior
1562 3308 1724 3361 quam
1759 3308 1826 3346 ex
1862 3292 2017 3347 hisce

430 3389 604 3442 Διειὶὶ
646 3386 908 3457 operibus
944 3384 1325 3456 comprobatio
1369 3393 1485 3450 est;
1536 3383 1806 3453 siquidem
1855 3385 1911 3437 in
1953 3385 2019 3439 iis

432 3482 681 3534 cernitur
708 3492 879 3532 unum
914 3477 1189 3531 hominem
1223 3490 1331 3530 una
1363 3483 1544 3529 mente
1576 3475 1810 3545 sapienti
1841 3477 2022 3529 consi-

433 3572 509 3626 lio
533 3571 781 3641 praedita,
801 3568 1101 3624 acerrimos
1123 3576 1176 3622 et
1201 3567 1625 3637 gloriosissimos
1648 3565 2017 3619 Romanorum

433 3666 604 3720 duces
626 3663 940 3719 fortissimis
961 3673 1015 3716 et
1034 3659 1500 3715 numerosissimis
1524 3660 1834 3714 succinctos
1848 3659 2022 3728 copiis

434 3755 764 3811 brevissimo
814 3764 1059 3824 tempore
1102 3753 1409 3809 debellasse
1444 3751 1855 3821 collapsamque
1898 3764 2021 3805 om-

435 3851 587 3903 nium
622 3846 970 3903 confessione
998 3860 1115 3900 rem
1150 3844 1422 3915 publicam
1458 3854 1511 3898 et
1537 3844 1781 3913 dejeetos
1806 3842 2022 3897 animos

439 3937 672 3991 militum
703 3949 888 4005 partes
919 3936 1269 4005 imperatoris
1293 3934 1642 4003 sequentium
1672 3933 1943 3988 excitasse
1970 3935 2021 3985 in

436 4030 631 4085 melius
668 4038 832 4098 atque
876 4029 1139 4084 erexisse.
1186 4027 1416 4081 Basilaei
1459 4042 1644 4097 porro,
1675 4036 1735 4080 ut
1763 4026 2020 4088 diximus,

437 4130 595 4190 capto
618 4128 981 4176 occurrerunt
1005 4118 1226 4190 quidam
1255 4119 1324 4172 ab
1352 4119 1678 4187 imperatore
1708 4117 1858 4171 missi
1887 4118 2026 4170 inter

438 4212 722 4282 Philippos
752 4220 806 4266 et
829 4209 1222 4278 Amphipolim.
1254 4208 1318 4262 Hi
1351 4224 1473 4264 cum
1507 4207 1789 4264 Comneno
1815 4207 2023 4261 litteras

439 4307 508 4360 ab
546 4307 874 4376 imperatore
906 4302 1307 4365 reddidissent,
1343 4311 1629 4371 acceptum
1663 4301 1731 4355 ab
1762 4316 1830 4355 eo
1867 4309 1925 4354 ut
1958 4300 2023 4355 iis

440 4395 893 4466 praescribebatur
933 4393 1235 4449 Basilacem
1275 4407 1525 4449 seorsum
1569 4391 1923 4446 abduxerunt
1954 4392 2022 4445 ad

2123 3206 2253 3277 πιδῃ
2277 3204 2458 3269 καλῶς
2485 3204 2737 3276 είρῆσθαι
2766 3203 3021 3270 δοκῶ,ὼς
3049 3202 3161 3257 Ἐν
3189 3203 3384 3272 σοφὸν
3400 3203 3720 3269 ,ϐούλευμα

2122 3297 2220 3361 τὰς
2260 3298 2499 3361 πολλὰς
2526 3293 2708 3365 χέρας
2727 3292 2887 3362 νικᾷ,
2919 3296 3041 3347 τότε
3075 3294 3140 3347 δι’
3166 3295 3346 3346 αὐτῶν
3371 3294 3479 3347 τῶν
3501 3295 3717 3347 ἐκεί-,ωδ

2123 3389 2302 3457 ἔργων
2344 3388 2444 3460 τὴν
2471 3388 2654 3441 πίστιν
2703 3388 2948 3457 εἴληφεν.
2988 3382 3081 3452 Εἷς
3122 3388 3225 3458 μὲν
3279 3387 3567 3456 ἄνθρωπος
3623 3392 3721 3441 καί

2127 3478 2226 3545 μία
2252 3477 2447 3548 γνώμη
2504 3477 2624 3539 τοὺς
2650 3476 2990 3540 δεινοτάτους
3030 3475 3139 3530 τῶν
3196 3475 3523 3547 στρατηγῶν
3584 3475 3721 3527 Ῥω-

2128 3573 2305 3641 μαίων
2356 3576 2437 3636 si;
2490 3571 2634 3643 μέγα
2668 3571 2826 3634 κλέος
2866 3570 3133 3640 ἀρθέντας
3165 3571 3258 3622 καὶ
3289 3569 3358 3622 τά
3385 3568 3720 3639 μυριόλεκτα

2130 3666 2311 3736 πλήθη
2345 3665 2454 3718 τῶν
2478 3665 2904 3736 στρατευμάτων
2940 3664 2997 3715 ἐν
3023 3661 3215 3732 βραχεῖ
3264 3661 3480 3715 καθεῖλε
3510 3660 3711 3732 καιρῷ,

2126 3760 2185 3810 τὸ
2214 3758 2271 3810 δέ
2308 3756 2603 3828 προφανῶς
2637 3756 2925 3818 πεπτωκὸς
2952 3755 3253 3824 πολίτευμα
3282 3755 3378 3807 καὶ
3426 3756 3523 3816 τὰς
3556 3755 3719 3806 ἁπειο

2135 3849 2370 3920 ρηκυίας
2397 3847 2579 3919 ψυχάς
2631 3847 2740 3900 τῶν
2772 3849 2865 3900 ἐπὶ
2907 3847 2998 3899 τὸν
3029 3846 3256 3916 βασιλέα
3308 3845 3590 3916 δυνάμεων
3626 3846 3721 3897 ἐπὶ

2126 3936 2187 3989 τὸ
2223 3938 2471 4006 κρεῖττον
2499 3937 2673 4007 ἡγαγε
2705 3940 2797 3989 καὶ
2827 3936 3103 4004 ἀνύψωσε.
3135 3936 3239 3988 Τὸν
3268 3935 3368 4005 μὲν
3412 3934 3505 3988 οὖν
3555 3936 3721 3987 Βασι-

2127 4026 2301 4096 λάκην
2337 4025 2684 4096 πεμφθέντες
2736 4026 2873 4095 πρὸς
2927 4026 3191 4095 βασιλέως
3224 4025 3368 4088 τινές
3415 4025 3720 4079 συναιτῶσι

2131 4117 2335 4189 μεταξὺ
2369 4119 2652 4171 Φιλίππων
2687 4119 2781 4171 καὶ
2817 4118 3220 4187 Ἀμφιπόλεως,
3255 4121 3347 4171 καὶ
3374 4118 3443 4171 τὰ
3464 4119 3528 4171 ἐκ
3560 4117 3719 4188 βασι-

2128 4212 2263 4275 λέως
2294 4212 2384 4281 ξτῷ
2412 4212 2693 4283 Κομνηνῷ
2741 4214 3080 4283 χειρίσαντες
3119 4214 3448 4283 γράμματα,
3480 4214 3609 4284 περί
3666 4231 3719 4264 τι

2129 4306 2326 4374 χωρίον
2340 4305 2723 4373 ἀπαγαγόντες
2748 4305 3057 4374 (Χεμπίναν
3069 4307 3244 4374 τούτῳ
3268 4306 3323 4360 τὸ
3347 4305 3541 4376 ὄνομα)
3564 4299 3719 4373 ᾧπερ

2131 4398 2223 4450 καὶ
2248 4396 2399 4469 πηγὴ
2430 4397 2736 4451 ἀναδίδοται
2764 4398 2988 4469 διειδὴς,
3018 4399 3145 4462 τοὺς
3177 4398 3492 4468 ὀφθαλμοὺς
3549 4398 3717 4450 αὐτοῦ

445 4492 623 4542 vicum
661 4488 951 4557 quemdam
982 4485 1340 4555 Chempinam
1372 4484 1617 4547 dictum,
1656 4484 1710 4536 in
1747 4498 1853 4551 quo
1896 4497 2020 4551 per-

2128 4489 2487 4558 διορύττουσι,
2518 4490 2614 4542 καὶ
2643 4491 2675 4558 ἡ
2712 4488 2864 4560 πηγὴ
2897 4491 3081 4542 ἔκτοτε
3130 4489 3429 4542 Βασιλακία
3453 4488 3719 4558 πηγάδιον

442 4580 616 4651 spicui
654 4581 818 4635 tentis
851 4580 1123 4649 scaturigo
1159 4586 1264 4633 est.
1300 4577 1373 4631 lbi
1408 4578 1456 4631 ei
1489 4577 1679 4631 oculos
1708 4574 1974 4629 eﬂodiunt
2007 4592 2022 4628 :

394 4677 505 4727 ‘ex
554 4687 659 4741 qua
706 4672 890 4725 miseri
928 4670 1235 4725 calamitate
1267 4667 1392 4723 l'ons
1437 4667 1510 4720 ibi
1549 4667 1734 4720 oriens
1771 4666 2026 4735 deinceps

444 4765 690 4818 Basilacii
723 4763 980 4833 adjuncto
1012 4762 1235 4817 nomine
1267 4759 1559 4829 insignitus
1590 4768 1691 4812 est.
1722 4757 2023 4827 Appulsum

445 4876 573 4914 vero
595 4856 1124 4926 Constantinopolim
1163 4853 1500 4908 Comuenum
1534 4852 1830 4920 imperator
1861 4851 2029 4905 bono-

446 4951 846 5005 ritteentissime
868 4947 1081 5016 excepit
1106 4960 1171 5001 ac
1196 4943 1396 5000 sebasti
1425 4941 1687 5011 dignitate
1710 4942 2026 4997 decoratum

447 5039 606 5094 donis
639 5047 694 5092 et
727 5030 1172 5107 possessionibus
1202 5033 1357 5087 auxit
1394 5030 1812 5101 perliberaliter.

520 5129 610 5184 29.
643 5127 826 5186 Rediit
851 5127 1041 5183 eodem
1074 5137 1317 5194 tempore
1344 5121 1634 5176 Antiochia
1668 5121 1835 5177 lrater
1869 5120 2031 5191 hujus

449 5226 690 5281 lsaacius
742 5223 1091 5285 Comuenus,
1142 5218 1236 5287 qui
1286 5216 1631 5285 imperatoris
1676 5216 2025 5283 simplicitate

448 5320 684 5390 cognita,
724 5313 1003 5369 mittendis
1040 5311 1242 5379 saepius
1273 5308 1340 5363 ad
1373 5322 1498 5362 eum
1535 5308 1853 5361 muneribus
1888 5322 2023 5376 pan-

450 5425 641 5463 norum
684 5416 737 5460 et
775 5405 1003 5458 t.larum
1044 5401 1095 5454 in
1139 5398 1293 5468 Syria
1334 5408 1626 5460 testarum,
1667 5407 1868 5450 tantam
1907 5400 2027 5466 eius

447 5506 674 5572 gratiam
717 5498 770 5550 in
804 5511 860 5549 se
902 5502 1231 5557 attraxerat,
1282 5489 1436 5559 157
1478 5500 1535 5544 ul
1574 5502 1625 5543 et
1658 5491 1841 5543 multis
1869 5493 1936 5542 ab
1966 5510 2028 5541 eo

510 5701 529 5718 ‘
566 5695 717 5754 Iliad,
754 5696 858 5753 ΚΒ,
888 5707 932 5741 v.
962 5695 1065 5743 [58.

2133 4586 2483 4653 ὀνομάζεται.
2521 4585 2625 4637 Τὸν
2669 4585 2725 4637 δε
2760 4586 3048 4655 Κομνηνὸν
3080 4587 3207 4656 περὶ
3239 4584 3339 4654 τὴν
3372 4585 3721 4636 Κωνσταντι-

2135 4677 2387 4731 νούπολιν
2443 4677 2736 4745 γενόμενον
2784 4676 2812 4726 ὁ
2850 4676 3101 4744 βασιλεὺς
3157 4677 3388 4745 ἐντίμως
3426 4675 3718 4742 δεξάμενος

2138 4768 2400 4821 σεϐαστὺν
2425 4767 2688 4836 τετίμηκε
2720 4769 2812 4819 καὶ
2835 4767 3047 4820 πολλῶν
3070 4769 3318 4837 κτήσεων
3340 4766 3562 4837 δωρεαῖς
3596 4771 3716 4835 ἐφι-

2137 4862 2526 4931 λοφρονὴσατο.

2201 5124 2286 5197 [Ρ.
2327 5125 2450 5198 105]
2479 5124 2581 5180 κθ’.
2609 5127 2697 5179 Ἐν
2720 5126 2894 5198 τούτῳ
2914 5127 2957 5179 δ’
2993 5129 3267 5198 ἐπανῆκεν
3291 5127 3354 5179 ἐκ
3377 5127 3476 5196 τῆς
3527 5126 3718 5179 Ἀντιο·

2136 5222 2277 5287 χέων
2305 5220 2448 5271 καὶὸ
2473 5217 2665 5270 τούτου
2728 5219 2985 5289 ὁμαίμων
3040 5222 3068 5270 ὁ
3102 5219 3386 5287 Κομνηνὸς
3431 5216 3718 5279 Ίσαάκιος,

2135 5309 2193 5373 ὃς
2220 5308 2317 5379 τὴν
2352 5309 2616 5379 βασιλέως
2649 5310 2929 5380 ἁπλότητα
2959 5309 3211 5378 διαγνοὺς
3246 5311 3340 5361 καὶ
3382 5309 3458 5371 ὼς
3490 5308 3649 5378 χάριν
3683 5315 3717 5328 "

2136 5401 2243 5453 τῶν
2269 5402 2333 5453 ἐκ
2364 5401 2564 5471 Συρίας
2600 5402 2963 5471 ὑφασμάτων,
2997 5402 3255 5470 συχνάκις
3287 5402 3511 5455 τοιαῦτα
3541 5400 3719 5462 διδοὺς

2137 5493 2390 5546 τοσοῦτον
2416 5498 2513 5546 τὴν
2542 5495 2804 5564 βασιλέως
2866 5496 3217 5548 ἐπεσπάσατο
3247 5494 3459 5547 εὔνοιαν
3510 5493 3582 5557 ὡς
3628 5497 3718 5546 καὶ

507 5762 545 5779 ’⁸
570 5748 733 5822 lapis,
771 5748 986 5820 ltequiro
1010 5758 1210 5807 verbum
1235 5771 1260 5807 a
1288 5769 1387 5818 quo
1419 5754 1635 5816 pendeat
1660 5755 1923 5817 genitivus
1946 5754 2020 5800 τῶ

2130 5754 2371 5815 munitm.
2408 5754 2576 5803 Editor
2602 5748 2885 5802 Bomtenais.
