4136 6422
516 328 634 396 205

1737 330 2281 391 HISTORIARUM
2328 332 2468 389 LIB.
2518 331 2611 388 ιν.

3677 329 3783 392 205

519 454 774 521 κτήσεων
804 449 1239 518 κατακυριεῦσαι
1283 449 1512 517 πολλῶν,
1541 451 1633 504 καὶ
1675 450 1945 502 Σ;ϐαστὺν
1972 451 2107 501 ἁπο-

2225 450 2656 517 possessionibus
2678 448 2879 503 ditatus
2899 457 2949 501 et
2970 447 3166 502 sebasti
3182 445 3536 517 appellatione
3563 459 3787 502 ornatus

519 542 807 612 δειχθῆναι
826 543 915 596 διὰ
937 544 1128 612 χρόνου
1149 543 1398 613 βραχέος,
1424 542 1519 595 καὶ
1534 542 1714 594 οίκίαν
1735 543 1792 592 ἐν
1817 540 2107 609 βασιλείοις

523 636 718 689 λαϐεῖν
741 637 833 689 ἐπὶ
866 638 945 705 τῷ
976 636 1323 705 προσμένειν.
1366 634 1596 704 Ἐχρῆτο
1612 632 1658 684 δ’
1686 633 1835 703 αὑτῴ
1862 635 1965 686 κάν
1991 635 2111 695 ταῖς

527 730 751 800 κρίσεσι
788 729 891 780 κάν
914 727 1371 797 ταῖςάποιράσεσι
1404 740 1419 755 ’
1449 727 1543 777 καὶ
1567 724 1675 794 γὰρ
1691 720 1760 795 ἦν
1792 724 1916 789 ὀξύς
1931 741 1991 777 τε
2012 725 2111 793 θη-

530 825 699 889 ρᾶσαι
737 819 998 889 ἀλήθειαν
1049 820 1141 871 καὶ
1194 818 1257 870 τὸ
1313 816 1477 889 ῥηθὲν
1519 817 1853 883 ἀπαγγεῖλαι
1898 816 2111 886 τρανῶς

526 913 856 983 ἐπιτήδειος.
926 904 1096 973 Οὗτος
1146 912 1259 972 τοῖς
1323 908 1618 977 βασιλείοις
1650 908 1976 979 προσμένων
2012 911 2111 974 τὴν

531 1004 799 1075 βασιλέως
819 1003 1098 1066 ἁπλότητα
1119 1000 1420 1072 ἐθεράπευε
1438 1003 1534 1056 καὶ
1555 1000 1689 1064 ὅλως
1717 995 1830 1071 εἶχε
1862 1005 1969 1064 τοῖς
1987 1003 2114 1056 ἐαυ-

530 1096 631 1150 τοῦ
660 1096 895 1167 χείλεσιν
917 1095 1356 1165 ἐκκρεμάμενον.

611 1368 676 1425 λ’.
719 1369 774 1423 Ὀ
806 1370 1089 1440 Κομνηνὸς
1116 1370 1162 1424 δ’
1199 1370 1431 1437 ’Δλὲξιος
1462 1371 1608 1444 ἐξῄει
1636 1373 1791 1438 αὖθις
1815 1374 1908 1427 ἐπὶ
1943 1375 2005 1427 τὸ
2045 1374 2115 1426 τὰ

532 1462 638 1531 τῆς
659 1461 868 1523 οἰκείας
911 1462 1087 1533 ἀρχῆς
1140 1462 1531 1532 ἐπικέψασθαι.
1564 1465 1701 1536 Πρὸς
1743 1465 1842 1535 τὴν
1900 1465 2114 1534 Ἀδρια-

534 1555 632 1609 νοῦ
661 1555 719 1608 δέ
757 1555 912 1607 πόλιν
942 1554 1235 1624 γενόμενος
1278 1556 1372 1609 καὶ
1396 1556 1608 1626 ἡμέρας
1640 1558 1822 1609 ἐκεῖσε
1848 1556 2114 1625 ἐνδιατρί-

534 1645 646 1713 ψας
679 1644 851 1708 τινὰς,
875 1646 967 1697 καὶ
992 1643 1182 1712 μαθὼν
1209 1645 1293 1699 ὅτι
1320 1646 1383 1698 τὺ
1412 1646 1678 1699 Σκυθικὸν
1707 1648 1862 1715 γένος
1887 1648 2116 1713 ἐξωπλί-

535 1734 685 1797 ζετο,
726 1734 866 1787 ὥστε
890 1735 959 1787 τά
989 1734 1311 1806 Βουλγάρων
1351 1737 1641 1807 ληῒσασθαι
1668 1739 1811 1809 ὅρια,
1837 1738 1898 1791 τὸ
1952 1755 2118 1808 στρα-

2216 539 2363 592 brevi
2406 548 2648 608 tempore
2696 537 2888 594 fuisset
2934 558 2946 591 :
2989 548 3248 609 praeterea
3291 539 3377 608 jus
3421 538 3681 593 domirilii
3729 541 3781 593 in

2214 632 2378 701 regiis
2410 633 2619 689 aedibus
2648 642 2702 687 et
2734 643 2943 703 partem
2980 634 3165 704 palatii
3197 636 3249 688 in
3279 649 3384 704 qua
3419 634 3790 689 diversaretur

2215 725 2550 795 assignatam
2588 728 2911 796 accepisset.
2953 725 3217 782 Utebatur
3247 736 3427 781 autem
3468 728 3587 796 ejus
3622 742 3788 796 opera

2215 816 2511 886 imperator
2563 828 2613 874 et
2662 818 2719 874 in
2764 820 2987 889 judiciis
3027 829 3079 873 et
3128 820 3184 872 in
3243 818 3557 889 responsis;
3587 833 3710 871 nam
3739 828 3793 871 et

2216 918 2410 963 acutus
2443 919 2559 965 erat
2595 912 2649 966 in
2686 912 2991 981 indaganda
3025 913 3251 966 veritate
3281 922 3336 967 et
3363 913 3417 965 in
3456 913 3790 965 enuntianda

2216 1000 2359 1055 clare
2389 1015 2452 1055 ac
2477 1002 2646 1056 nitide
2669 1006 2813 1072 quod
2840 1013 3117 1073 oporteret
3144 1005 3196 1057 in
3222 1005 3412 1073 primis
3440 1005 3789 1059 exercitatus.

2219 1090 2316 1145 llic
2371 1093 2424 1144 in
2484 1093 2687 1160 palatio
2741 1094 3022 1149 diversaus
3081 1095 3379 1164 simplicem
3448 1096 3791 1164 imperatoris

2220 1181 2462 1234 animum
2503 1184 2714 1237 artibus
2752 1184 2857 1239 sibi
2897 1186 3041 1239 uotis
3075 1184 3232 1239 facile
3263 1186 3556 1240 deliniebat
3594 1201 3660 1239 ex
3698 1201 3793 1238 ore

2219 1288 2540 1341 suspensum
2573 1291 2696 1329 SUO.

2290 1365 2377 1419 50.
2413 1367 2538 1421 lnte:
2556 1367 2628 1420 im
2652 1365 2968 1422 Comnenus
2989 1367 3211 1422 Alexius
3236 1369 3289 1421 in
3315 1367 3416 1421 sibi
3442 1368 3792 1422 commissam

2217 1455 2558 1524 provinciam
2593 1456 2712 1524 ejus
2740 1456 2977 1511 visenda:
3005 1459 3379 1524 eurandaequze
3408 1460 3576 1526 gratia
3612 1456 3794 1526 profe-

2219 1556 2358 1610 ctus,
2411 1561 2534 1599 cum
2573 1546 2984 1616 Adrianopolim
3027 1549 3283 1610 venisset,
3315 1561 3517 1614 paucos
3566 1550 3636 1600 ibi
3679 1548 3797 1601 dies

2219 1647 2465 1690 moratus
2494 1638 2694 1690 certior
2728 1636 2905 1691 factus
2931 1647 3017 1691 est
3046 1638 3275 1708 Scythas
3307 1641 3359 1693 in
3399 1637 3675 1692 Romanos
3704 1654 3797 1692 ar-

2221 1729 2357 1783 mari
2383 1731 2604 1798 jamque
2638 1732 2772 1785 lines
2805 1729 3072 1799 Bulgaria:
3100 1730 3401 1786 latrociniis
3433 1733 3677 1801 ipsorum
3710 1733 3795 1800 agi

533 1826 788 1881 τιωτικὸν
823 1828 969 1882 ἆπαν
1001 1828 1258 1893 συλλέξας
1293 1829 1386 1882 καὶ
1417 1830 1540 1884 ὅσον
1570 1831 1627 1883 ἐν
1647 1832 1882 1900 ἡγεμόσι
1899 1832 1994 1884 καὶ
2017 1832 2114 1900 ἆρ-

2225 1820 2477 1891 lerrique.
2507 1821 2600 1878 llis
2624 1823 2855 1891 cognitis
2882 1823 3146 1893 quidquid
3173 1827 3452 1893 copiarum
3482 1827 3545 1876 anl
3575 1839 3795 1877 manum

532 1931 692 1987 χουσι
721 1918 855 1988 πρδ;
884 1919 984 1989 τὴν
1005 1919 1269 1972 Φιλίππου
1302 1922 1632 1993 παρεγένετο
1660 1922 1836 1987 πόλιν,
1863 1922 2117 1975 κάκεῖθεν

534 2006 608 2059 τά
630 2007 757 2077 περὶ
784 2008 910 2071 τοὺς
950 2008 1162 2072 Σκύθας
1196 2009 1499 2080 πυθόμενος
1534 2010 1609 2074 ὡς
1654 2011 2020 2083 ἐκδραμόντες
2049 2012 2119 2065 τά

537 2095 743 2165 μεταξὺ
773 2095 979 2149 Ναῐσοῦ
1001 2097 1096 2150 καὶ
1125 2097 1386 2150 Σκούπων
1419 2097 1681 2168 πορθοῦσι
1715 2100 1918 2170 χωρία,
1946 2115 2118 2152 σπου·

538 2187 705 2248 ὃαίως
732 2187 854 2239 κατ’
886 2187 1114 2240 ἐκείνων
1161 2188 1383 2258 ἐχώρει.
1412 2190 1783 2257 Παρελθόντος
1821 2190 1867 2242 δ’
1908 2191 2117 2244 ἐκείνου

534 2278 633 2346 τὴν
660 2277 949 2350 Σαρδικὴν,
974 2281 1022 2331 οί
1055 2279 1280 2345 Σκύθαι,
1309 2281 1408 2349 τὴν
1440 2281 1649 2334 ἐκείνου
1675 2282 1796 2336 κατ’
1816 2280 1998 2337 αὐτῶν
2018 2300 2121 2335 πν-

536 2369 756 2437 ίιιεμενοι
780 2369 1012 2446 ἐλευσιν,
1041 2371 1140 2441 τὴν
1160 2371 1310 2425 λείαν
1342 2372 1729 2436 καταλιπόντες
1760 2372 1989 2443 ἔφευγον
2019 2392 2119 2429 καο

537 2460 717 2529 θάπερ
745 2457 890 2530 εἶχον
921 2462 1224 2532 δυνάμεως.
1254 2463 1560 2534 ’Δπελάσας
1586 2465 1643 2518 δὲ
1660 2465 1882 2529 τούτους
1907 2465 2120 2520 ἐκεῖθεν

540 2552 678 2617 πρὸς
704 2552 805 2619 τὴν
831 2552 1101 2604 ⁴Φιλίππου
1123 2549 1279 2616 αὖθις
1330 2554 1602 2619 ἐπάνεισι,
1634 2557 1728 2609 καὶ
1759 2557 1830 2611 τά
1849 2556 1990 2610 κατὰ
2020 2557 2120 2625 τὴν

538 2641 722 2709 χώραν
758 2637 814 2695 εὖ
845 2641 1160 2712 διαθέμενος
1189 2646 1286 2698 καὶ
1306 2647 1401 2710 τὰς
1429 2647 1611 2711 πόλεις
1642 2651 1701 2702 ὲν
1718 2649 1914 2720 βραχεῖ
1942 2649 2120 2720 καιρῷ

540 2734 644 2802 τὴν
687 2735 946 2787 ἁπάντων
977 2749 985 2757 ·
1016 2734 1231 2790 εὔνοιαν
1291 2739 1640 2793 ἐπεσπάσατο
1671 2755 1685 2770 ⁸
1720 2742 1814 2795 καὶ
1875 2741 1986 2813 γάρ
2053 2740 2120 2813 ἧν

540 2828 680 2892 πρὶς
710 2825 787 2894 τῷ
818 2826 1114 2897 ἐλευθερίῳ
1141 2828 1234 2880 καὶ
1268 2829 1560 2899 ἐπαγωγὸν
1580 2827 1711 2901 ἦθος
1745 2831 1884 2904 ἔχων
1929 2833 2123 2905 ὁμιλῆ-

541 2910 634 2960 cui
667 2926 723 2961 τε
761 2912 978 2965 πάντων
1011 2913 1315 2981 ἀνθρώπων
1349 2917 1635 2985 ἡδύτατος.
1672 2920 1857 2974 Ταῦτα
1892 2921 2122 2992 διαπρα-

543 3000 772 3070 ξάμενος
797 3007 1038 3077 ἐπανῆκε
1082 3009 1218 3078 πρὸς
1247 3010 1307 3062 τὸ
1342 3008 1658 3079 Βυζάντιον,
1689 3013 1785 3067 καὶ
1814 3015 1841 3067 ὁ
1863 3013 2118 3084 βασιλεὺς

538 3098 835 3165 χαριέντως
860 3098 1023 3153 αὐτὸν
1056 3100 1363 3172 ὑπεδέχετο.

611 3366 716 3422 λα’.
748 3368 838 3424 Ἐν
867 3374 979 3443 ὅσῳ
1032 3374 1087 3427 δὲ
1138 3377 1309 3429 ταῦτα
1351 3379 1678 3448 ἐπράττετο,
1719 3382 1746 3435 ὁ
1784 3382 2126 3457 Μελισσηνὸς

540 3459 854 3533 Νικηφόρος
880 3466 1021 3535 ἀνὴρ
1046 3467 1301 3536 εὐγενὴς,
1339 3469 1414 3530 ὡς
1444 3474 1472 3523 ὀ
1490 3471 1649 3539 λόγος
1677 3472 1975 3546 ἐγνώρισεν
1995 3476 2128 3530 ἄνω·

543 3551 660 3618 θεν,
691 3556 754 3605 ἐκ
782 3556 981 3625 κήδους
1003 3555 1079 3611 ὢν
1119 3560 1475 3632 ᾠκειωμένος
1528 3566 1638 3626 τοῖς
1673 3565 1979 3640 Κομνηνοῖς
2011 3567 2128 3638 (καὶ

540 3647 652 3715 *γάρ
689 3646 826 3717 ἔφθη
887 3652 1224 3720 συναφθῆναι
1276 3653 1373 3723 τὴν
1426 3652 1636 3709 τούτων
1674 3657 1911 3730 ἀδελφὴν
1967 3657 2129 3712 Εὺδο-

544 3737 716 3805 κίαν),
739 3740 867 3808 περὶ
919 3741 1017 3811 τὴν
1053 3743 1151 3795 Κῶ
1180 3743 1497 3815 διατρίϐων,
1524 3748 1623 3809 τὰς
1653 3748 1913 3819 Τούρκων
1965 3750 2128 3804 δυνά-

543 3845 669 3897 μεις
701 3832 793 3882 καὶ
827 3833 952 3894 τοὺς
983 3833 1241 3904 Τούρκων
1263 3836 1534 3905 ἄρχοντας
1563 3838 1799 3901 ἑλκύσας
1832 3840 1969 3911 πρὸς
1998 3844 2125 3895 ἐαυ-

543 3924 662 3986 τὸν,
706 3923 923 3993 περιῄει
969 3926 1068 3987 τὰς
1117 3926 1217 3996 τῆς
1256 3928 1442 3990 Ἀσίας
1486 3929 1670 3993 πόλεις
1707 3932 1775 3984 τὰ
1806 3933 2127 4005 κοκκοϐαφῆ

545 4012 958 4082 ὑποδησάμενος
988 4015 1196 4072 πέδιλα.
1245 4021 1308 4071 Oi
1362 4020 1494 4089 γοῦν
1530 4022 1744 4075 πολῖται
1790 4024 1864 4086 ὡς
1918 4023 2131 4095 βασιλεῖ

556 4102 842 4175 Ῥωμαίων
866 4110 1005 4178 σφᾶς
1035 4126 1093 4162 τε
1124 4113 1324 4175 αὐτοὺς
1352 4113 1445 4167 καὶ
1470 4112 1570 4178 τὰς
1602 4114 1788 4179 πόλεις
1816 4116 1966 4187 αὐτῷ
1997 4135 2128 4190 παρ·

542 4196 768 4250 εδίδουν.
817 4200 877 4251 Ὀ
906 4200 961 4252 δὲ
989 4202 1082 4255 καὶ
1108 4201 1257 4256 ἄκων
1312 4207 1422 4266 τοίς
1463 4202 1728 4273 Τούρκοις
1779 4208 2125 4279 ἐνεχείριζεν,

542 4290 621 4353 ὡς
649 4291 924 4360 συμϐῆναι
946 4293 1031 4346 διά
1051 4294 1279 4365 βραχέος
1312 4295 1505 4366 καιροῦ
1527 4298 1635 4349 κάκ
1668 4296 1857 4350 τούτου
1881 4298 1974 4352 τοῦ
2001 4302 2124 4370 τρό-

543 4402 652 4438 που
684 4387 872 4439 πασῶν
894 4387 1000 4439 τῶν
1033 4393 1158 4458 περὶ
1186 4389 1283 4459 τὴν
1327 4389 1511 4443 Ἀσίαν
1534 4407 1594 4442 τε
1634 4391 1728 4443 καὶ
1753 4390 1994 4460 Φρυγίαν
2030 4392 2128 4445 καὶ

2150 3144 2199 3209 C

2219 1912 2323 1967 fuit
2355 1916 2547 1983 raptim
2579 1915 2874 1981 contrahit,
2904 1915 3074 1969 duces
3103 1917 3400 1985 praesertim
3433 1930 3498 1970 ac
3526 1916 3793 1976 tribunos,

2221 2019 2344 2059 eum
2391 2006 2593 2074 quibus
2647 2006 2905 2060 omnibus
2957 2006 3372 2077 Philippopolim
3425 2023 3483 2062 se
3529 2008 3795 2069 contulit,

2222 2096 2312 2149 ubi
2350 2095 2662 2151 distinctius
2702 2097 2927 2151 edoctus
2961 2097 3029 2151 de
3064 2097 3229 2151 rebus
3268 2096 3595 2167 Scytharum
3618 2138 3633 2162 ,
3671 2113 3796 2153 cum

2221 2189 2582 2255 comperisset
2616 2188 2917 2259 depraadari
2956 2205 3049 2244 eos
3083 2204 3149 2244 ac
3183 2201 3398 2244 vastare
3437 2192 3633 2259 Oppida
3675 2206 3798 2259 qua:

2220 2272 2444 2329 Naisum
2466 2285 2520 2329 et
2547 2276 2796 2347 Scuppas
2820 2277 3160 2347 interjacent,
3188 2288 3410 2333 strenue
3436 2279 3487 2331 in
3513 2292 3607 2332 eos
3633 2279 3799 2332 vadit.

2220 2364 2489 2422 Ca:terum
2532 2383 2600 2423 eo
2639 2371 2750 2439 jam
2788 2368 3072 2425 Sardicam
3111 2382 3523 2441 przetergresso,
3559 2373 3796 2443 Scyllae,

2221 2458 2371 2515 illius
2390 2461 2626 2515 adventu
2660 2463 2899 2532 cognito,
2928 2464 3099 2518 cliuse
3126 2466 3178 2517 in
3214 2464 3393 2534 fugam
3422 2480 3481 2519 sc
3509 2466 3797 2525 dederunt,

2223 2551 2403 2618 prazda
2438 2551 2717 2606 derelicta.
2745 2550 2959 2618 Quibus
2992 2553 3118 2607 inde
3148 2554 3320 2622 pulsis
3351 2554 3573 2608 Alexius
3598 2554 3798 2622 Μιίιίρο

2222 2639 2464 2708 pOpolim
2506 2641 2799 2695 revertitur
2825 2642 3112 2710 positaque
3146 2658 3314 2712 opera
3344 2644 3397 2696 iu
3426 2646 3671 2713 pacanda
3714 2662 3801 2699 re-

2223 2729 2383 2797 gione
2434 2728 2775 2800 urbibusque
2825 2732 3168 2800 ordiuaudis,
3214 2733 3459 2787 omnium
3510 2736 3657 2789 brevi
3700 2738 3802 2790 sibi

2224 2821 2658 2876 benevolentiam
2689 2825 3023 2879 conciliavit.
3053 2822 3188 2878 Nam
3220 2835 3577 2896 praeterquam
3606 2828 3803 2882 libera-

2224 2913 2293 2967 lis
2336 2915 2499 2968 etiam
2543 2926 2738 2969 ca'tera
2784 2916 3040 2970 comitate
3083 2931 3411 2987 congressus
3448 2919 3584 2973 mire
3632 2920 3802 2989 pellax

2223 3013 2361 3070 erat,
2410 3005 2672 3060 blanditia
2723 3022 2851 3061 vero
2900 3009 3170 3062 sermonis
3220 3008 3467 3063 omnium
3519 3011 3801 3065 hominum

2228 3097 2610 3153 suavissimus.
2652 3098 2816 3169 158
2846 3098 3075 3153 Cunctis
3109 3099 3275 3169 igitur
3306 3114 3336 3155 e
3367 3102 3637 3157 sententia
3668 3119 3804 3157 cou-

2230 3188 2385 3245 fectis
2411 3188 2730 3260 Byzantium
2758 3190 2916 3257 redit,
2946 3202 3099 3262 grate
3129 3192 3240 3248 illic
3271 3209 3335 3248 ac
3357 3194 3616 3250 benevole
3644 3212 3804 3251 cxce-

2226 3292 2355 3353 ptus
2394 3282 2463 3337 ab
2501 3282 2850 3352 imperatore.
3556 3340 3561 3346 .

2297 3375 2386 3429 51.
2408 3372 2578 3429 Porro
2594 3375 2722 3429 dum
2746 3376 2860 3431 haec
2878 3376 3086 3445 tierent,
3102 3376 3426 3436 Melisscnus
3445 3379 3783 3451 Niccplmrus

2226 3467 2311 3520 vir
2350 3468 2573 3533 nobilis,
2626 3476 2683 3522 ut
2730 3469 2987 3537 superius
3033 3481 3119 3525 est
3165 3472 3396 3539 dictum,
3450 3484 3504 3527 et
3548 3474 3807 3529 ambitur:

2227 3559 2522 3614 Comnenis
2551 3559 2775 3630 iuuetus
2806 3562 2974 3632 (nam
3007 3563 3200 3617 borum
3235 3580 3479 3619 sororem
3508 3563 3803 3621 EuJoeiam

2229 3667 2454 3706 uxorem
2497 3654 2729 3707 duxerat
2752 3644 2969 3721 ){circa
3014 3656 3182 3712 Coam
3229 3657 3462 3713 insulam
3503 3658 3807 3719 diversaus,

2227 3745 2531 3800 conciliatis
2551 3747 2651 3801 sibi
2680 3747 2749 3801 ad
2773 3762 2940 3816 seque
2964 3749 3208 3803 attractis
3230 3748 3531 3805 Turcorum
3561 3753 3732 3822 copiis
3758 3765 3807 3805 et

2230 3834 2533 3891 Turcorum
2589 3838 2844 3904 ducibus,
2895 3840 3162 3894 circuibat
3207 3842 3350 3896 Asiae
3400 3845 3583 3908 urbes,
3630 3846 3807 3899 rubris

2229 3929 2428 3983 calceis
2473 3928 2698 3996 indutis,
2744 3944 2810 3998 ac
2862 3931 3061 4000 passim
3112 3933 3327 3986 illarum
3376 3935 3521 3989 cives
3568 3936 3617 3988 ei
3666 3938 3809 3990 velut

2230 4020 2604 4074 Romanorum
2650 4021 2963 4090 imperatori
2998 4037 3057 4077 se
3094 4039 3334 4093 suasque
3371 4026 3643 4080 dedebant
3669 4028 3805 4081 civi-

2233 4122 2370 4167 tatcs
2408 4123 2423 4170 :
2466 4112 2553 4166 ille
2582 4120 2764 4167 autem
2801 4113 3004 4180 invitus
3044 4114 3168 4170 licet
3203 4130 3298 4171 eas
3330 4114 3522 4171 Turcis
3558 4120 3807 4173 tradebat

2232 4206 2304 4260 ita
2357 4214 2416 4259 ut
2458 4206 2562 4259 hoc
2621 4205 2785 4260 modo
2828 4206 3118 4275 contigerit
3167 4207 3314 4262 brevi
3361 4217 3605 4277 tempore
3647 4212 3808 4264 urbes

2229 4294 2392 4357 Asiae,
2438 4292 2687 4364 Phrygia:
2734 4309 2799 4348 ac
2838 4290 3376 4352 Galatiue‘univerSaS
3404 4299 3456 4351 in
3504 4298 3805 4354 Ture-orum

2232 4386 2417 4439 venire
2446 4394 2788 4454 potestatem.
2813 4386 2930 4456 Ipse
2957 4404 3120 4457 porro
3144 4405 3339 4460 magno
3364 4392 3603 4445 exercitu
3633 4393 3805 4446 Nicen

539 4476 646 4543 τὴν
670 4476 934 4528 Γαλατίαν
966 4477 1170 4529 πόλεων
1194 4478 1626 4549 κατακυριεῦσαι
1664 4480 1793 4544 τοὺς
1827 4481 2122 4551 Τούρκους.

2232 4478 2496 4550 Bithyniae
2513 4491 2797 4549 occupata,
2817 4482 2941 4535 inde
2954 4483 3269 4538 imminebat
3285 4485 3516 4555 imperio
3537 4487 3803 4540 Romano.

543 4567 654 4620 Ξὺν
686 4572 1056 4638 στρατεύματι
1093 4572 1224 4637 γοῦν
1269 4571 1512 4637 πλείστῳ
1533 4574 1632 4642 τὴν
1663 4576 1723 4626 ἐν
1772 4574 1999 4644 Βιθυνίᾳ
2026 4575 2127 4628 Νί-

542 4674 709 4710 καιαν
756 4660 1189 4728 καταλαμϐάνει,
1228 4662 1484 4716 κάκεῖθεν
1513 4665 1613 4732 τῆς
1682 4664 1965 4735 βασιλείας
1999 4669 2125 4718 ἀντ-

541 4756 784 4805 εποιεῖτο
806 4754 893 4825 [Ρ.
928 4754 1048 4824 ilia]
1078 4754 1385 4825 Ῥωμαίων.
1415 4757 1475 4809 '0
1503 4756 1863 4827 Βοτανειάτης
1883 4759 1938 4810 δὲ
1956 4758 2128 4811 ταῦτα

546 4845 857 4915 πιθόμενος
885 4847 979 4899 τὸν
1007 4849 1293 4917 λομνηνὸν
1346 4851 1701 4919 μετεκαλεϊτο
1747 4849 2002 4916 Ἀλέξιον,
2035 4853 2127 4904 καὶ

544 4937 771 4989 ἐκέλευε
805 4938 995 4990 τοῦτον
1033 4941 1130 4991 σὺν
1159 4945 1278 5002 ταῖς
1313 4939 1575 5011 δυνάμεσι
1599 4943 1692 4995 τὸν
1739 4941 1984 5012 πορθμὸν
2007 4945 2125 4997 δια-

544 5031 927 5097 περαιωθέντα
986 5033 1078 5083 τὸν
1111 5033 1510 5103 Χαλκηδόνειον
1550 5035 1673 5086 κατ’
1707 5034 1917 5086 ἐκείνου
1964 5051 2126 5104 στρα-

544 5122 751 5175 τεύειν.
799 5122 859 5173 'U
883 5124 930 5175 δ’
960 5125 1258 5192 άπελέγετο
1293 5126 1393 5196 τὴν
1440 5126 1561 5180 κατ’
1596 5128 1805 5180 ἐκείνου
1834 5131 2128 5197 στρατείαν

547 5214 791 5275 συνετῶς
811 5215 953 5282 ἄγαν
984 5232 996 5242 ·
1029 5217 1220 5269 ἐδεδίει
1245 5218 1356 5285 γάρ
1389 5218 1487 5285 τὴν
1522 5217 1786 5287 βασιλέως
1816 5220 2129 5288 κουφότητα

542 5310 641 5355 καί
673 5306 771 5374 τὴν
793 5307 900 5355 τῶν
934 5307 1062 5374 περὶ
1101 5308 1266 5357 αὑτὸν
1292 5307 1558 5375 πονηρίαν
1585 5307 1719 5377 ὁμοῦ
1747 5310 1840 5362 καὶ
1868 5310 1963 5362 τὸν
1996 5310 2127 5379 φθό-

541 5410 659 5458 νον,
684 5396 759 5464 μή
791 5412 921 5447 ποτε
940 5398 1129 5449 τοῦτον
1158 5401 1524 5468 προσπταῖσαι
1560 5398 1796 5469 ξυμϐαίη
1830 5401 1972 5455 κατὰ
1994 5402 2126 5454 πολὺ

542 5487 643 5553 τῆς
676 5488 785 5539 τῶν
834 5487 1095 5555 Τουρκων
1148 5490 1432 5559 δυνάμεως
1477 5490 1890 5562 ἐλαττούμενον,
1934 5495 2027 5546 καὶ
2081 5496 2129 5545 οἱ

542 5579 779 5649 πονηροὶ
815 5580 989 5647 λαϐὴν
1014 5582 1266 5653 εὑρόντες
1290 5582 1587 5635 διαϐάλωσι
1613 5584 1799 5637 τοῦτον
1820 5585 1952 5655 πρὸς
1978 5584 2130 5654 βασι-

541 5675 639 5725 λέα
675 5674 751 5735 ὡς
779 5674 869 5725 διὰ
899 5675 960 5726 τὸ
991 5674 1147 5743 κῆδος
1174 5677 1492 5747 προδιδόντα
1536 5679 1630 5746 τὴν
1687 5679 1887 5748 μάχην.
1942 5679 1998 5731 Ὀ
2031 5679 2128 5748 βα-

542 5768 720 5827 σιλεὺς
759 5765 964 5832 τοίνυν,
994 5769 1115 5820 ἐπεὶ
1141 5770 1308 5823 πολλὰ
1342 5770 1698 5837 παρακαλέσει
1753 5812 1768 5838 ,
1804 5770 1994 5827 τοῦτον
2032 5773 2130 5821 οὐκ

2230 4570 2325 4625 llis
2344 4570 2659 4627 Botaniates
2684 4574 2917 4641 cognitis
2939 4573 3279 4628 Comuenum
3309 4577 3555 4630 Alexinm
3576 4580 3807 4633 accersit

2225 4664 2487 4733 iubetque
2534 4663 2963 4719 Clialcciloncusi
3011 4666 3179 4719 [retro
3220 4683 3341 4720 eum
3381 4668 3551 4736 copiis
3580 4670 3808 4735 trajectu

2229 4759 2495 4811 adversus
2522 4754 2866 4809 Melissenum
2884 4758 3285 4825 expeditionem
3312 4761 3612 4825 suscipere.
3636 4760 3705 4812 At
3720 4759 3808 4814 hie

2237 4850 2395 4903 istam
2432 4850 2683 4903 militiam
2711 4851 3106 4918 deprecabatur
3126 4891 3141 4913 ,
3179 4851 3428 4919 prudenti
3459 4868 3590 4906 sane
3620 4857 3801 4908 consi-

2231 4941 2338 5006 lio;
2361 4940 2856 5010 verebaturquippc
2877 4940 3144 4994 levitatem
3166 4941 3509 5009 imperatoris
3524 4956 3806 5008 eteorum,

2230 5035 2323 5102 qui
2354 5034 2648 5103 plurimum
2680 5033 2821 5101 apud
2856 5034 3033 5101 ipsum
3064 5035 3338 5098 valebant,
3372 5033 3589 5090 fraudes
3621 5052 3683 5091 ac
3721 5054 3811 5091 ne-

2231 5126 2458 5193 quitiam
2493 5125 2862 5194 invidiamquc
2893 5126 2944 5177 iu
2973 5140 3091 5179 sese
3123 5141 3231 5180 non
3261 5128 3573 5181 obscuram.
3604 5128 3809 5182 Metue-

2232 5218 2322 5270 bat
2353 5217 2519 5285 igitttr
2547 5232 2612 5269 ne
2642 5216 2685 5269 si
2720 5216 2849 5284 quid
2880 5216 3016 5271 forte
3048 5233 3113 5273 eo
3144 5218 3284 5272 bello
3316 5219 3629 5286 offenderet,
3663 5224 3809 5290 quod

2232 5310 2472 5376 proclive
2504 5318 2625 5362 erat
2664 5310 2717 5362 in
2756 5318 2907 5362 tanto
2941 5310 3137 5379 majori
3178 5308 3483 5366 Tureorum
3525 5317 3807 5379 exercitu,

2234 5398 2481 5451 malevoli
2523 5407 2737 5467 arrepta
2776 5401 3004 5454 nocendi
3037 5417 3207 5467 ausa,
3249 5403 3592 5457 tliﬂ'amarent
3633 5405 3809 5472 ipsum

2230 5494 2371 5558 apud
2406 5492 2789 5557 imperatorem
2826 5491 2985 5561 159
3017 5492 3160 5547 velut
3193 5495 3244 5546 in
3276 5494 3504 5563 gratiam
3539 5493 3809 5547 Melisseni

2233 5581 2408 5635 aliiuis
2431 5582 2514 5637 sui
2554 5596 2665 5634 rem
2694 5585 2761 5637 de
2792 5583 3057 5637 industria
3091 5584 3227 5636 male
3259 5584 3532 5649 gessisse-t.
3570 5585 3808 5649 lmpera«

2235 5687 2320 5730 tor
2346 5692 2474 5746 ergo
2496 5686 2784 5747 postquam
2823 5678 3002 5731 verbis
3034 5678 3086 5730 iu
3122 5678 3221 5730 ista
3250 5675 3595 5742 expeditione
3619 5675 3808 5727 Alexio

2236 5770 2507 5825 suadendi
2550 5770 2733 5822 multis
2774 5769 2999 5838 perditis
3034 5770 3303 5821 azlalnrere
3344 5768 3520 5831 ipsum
3557 5779 3662 5834 quo
3704 5780 3800 5817 vo-
