4136 6444
321 432 422 499 2H

1537 443 1960 506 NICEPHORI
2004 444 2377 507 BRYENNII

3504 432 3614 497 9J2

327 554 484 615 ratis,
511 566 607 605 cos
640 551 826 620 aliquo
859 560 1077 620 portare
1105 552 1451 605 conabuntur
1472 556 1560 607 ubi
1583 558 1762 609 curari
1790 572 1910 621 pos-

2026 558 2140 618 ιοῦς
2167 557 2273 625 ὅπη
2303 552 2565 625 βουλητὸν
2599 552 2828 614 ἕκαστος
2858 548 3246 613 ἀπελεύσεται,
3278 549 3325 602 oi
3365 547 3423 600 δὲ
3477 549 3610 603 κάτ-

327 644 469 707 sint;
501 641 592 696 alii
628 642 698 693 oh
734 639 1024 695 citarorunt
1058 641 1370 696 cccisnrutn
1415 656 1643 699 mortem
1681 661 1918 700 tumore

327 751 414 804 ep'
439 735 571 790 ressi
611 734 831 789 inutiles
867 735 1026 787 nobis
1050 744 1232 786 erunt.

400 827 489 881 '55.
532 824 655 880 IImc
693 827 766 878 illi
791 841 914 879 cum
939 824 1201 882 dicerent.
1231 825 1400 880 surdo
1431 841 1630 880 canere
1664 827 1918 882 videban-

328 930 435 972 tur.
470 918 622 973 Not-la
684 920 829 972 cnim
888 933 1078 973 eorum
1132 918 1343 971 ratione
1376 918 1581 982 habita,
1631 921 1915 974 eunuchus

329 1014 436 1073 ille,
468 1013 765 1081 assumptis
795 1012 991 1081 copiis.
1036 1022 1180 1066 rccla
1221 1010 1454 1065 Nicaeam
1496 1028 1688 1067 versus
1711 1023 1911 1075 movet,

331 1106 487 1175 162
523 1114 576 1158 ct
609 1106 868 1160 admotus
905 1106 1077 1159 muris
1142 1107 1358 1169 petebat
1386 1104 1825 1160 aoNictrensibus
1856 1115 1916 1160 ut

326 1198 654 1252 deditionem
693 1196 955 1251 facerent.
988 1198 1053 1250 At
1091 1198 1164 1250 illi
1195 1197 1395 1265 quibus
1429 1204 1576 1250 esset
1608 1211 1736 1265 spes
1759 1204 1911 1250 certa

326 1300 639 1355 paratarum
678 1290 962 1358 cepiarum
1015 1289 1079 1342 ad
1123 1287 1385 1341 auxilium
1425 1287 1559 1357 ipsis
1604 1284 1911 1350 ferendum,

323 1381 509 1436 verbis
546 1380 836 1434 fallacibus
869 1381 1045 1449 ipsum
1084 1380 1352 1433 laetantes
1388 1379 1534 1432 diem
1575 1393 1643 1432 ex
1690 1379 1777 1434 die
1812 1379 1913 1433 du-

325 1472 541 1526 eebant.
579 1472 915 1540 Palaeologus
962 1471 1248 1539 Georgius,
1304 1471 1391 1524 cui
1427 1471 1721 1525 consilium
1781 1472 1911 1525 illttd

325 1564 644 1633 imprudens
702 1565 916 1632 placere
964 1578 1071 1617 non
1128 1570 1376 1631 poterat,
1415 1563 1622 1633 quique
1672 1577 1773 1632 pro
1808 1579 1911 1617 suo

323 1655 600 1722 praestanti
634 1655 710 1708 rei
743 1655 995 1709 militaris
1036 1669 1137 1709 usu
1183 1655 1478 1709 imminens
1509 1671 1574 1710 ex
1622 1671 1772 1710 mora
1815 1672 1910 1724 pe-

323 1745 555 1799 riculum
592 1745 749 1813 quasi
799 1745 973 1801 oculis
1018 1754 1287 1811 cerneret,
1345 1747 1601 1800 eunucho
1647 1748 1913 1803 suadebat

323 1847 385 1890 ut
416 1850 475 1890 se
506 1851 570 1890 ac
607 1836 795 1902 copias
823 1836 1092 1905 reciperet
1121 1837 1173 1890 in
1210 1845 1410 1891 tntum.
1446 1837 1539 1891 Ille
1564 1847 1755 1892 contra
1791 1854 1911 1895 ser-

2022 648 2223 715 οχοιτῇ
2280 644 2428 715 λύπῃ
2475 642 2583 697 τῶν
2636 638 3092 695 άποκτανθέντων
3143 639 3431 707 γεγονότες
3480 639 3612 711 παρ’

2022 737 2176 790 οὐδὲν
2210 738 2362 806 ἡμᾶς
2394 735 2797 805 ὠφελήσουσιν.
2834 754 2852 786 t

2094 829 2186 882 λε’.
2217 830 2282 884 Oi
2316 828 2373 882 δὲ
2400 828 2552 899 παρὰ
2580 827 2749 898 κωφῷ
2770 828 2919 900 ᾄδειν
2951 827 3239 897 ἐῴκεισαν.
3280 824 3484 878 Ούδένα
3504 824 3613 896 γάρ

2019 920 2176 987 λέγον
2227 922 2437 975 τούτων
2471 921 2849 991 ποιησάμενος
2903 922 2931 973 6
2965 918 3231 988 ἐκτομίας
3273 919 3486 980 ἐκεῖνος
3511 918 3613 981 τὰς

2018 1010 2278 1079 δυνάμεις
2309 1010 2719 1080 άναλαϐόμενος
2753 1008 2883 1063 εὐθὺ
2913 1009 3151 1071 Νικαίας
3184 1006 3407 1078 ἐχώρει,
3433 1009 3528 1060 καὶ
3548 1008 3614 1079 δὴ

2019 1104 2131 1165 τοῖς
2171 1101 2378 1172 τείχεσι
2419 1102 2812 1172 προσπελάσας
2842 1103 3028 1173 ᾐτεῖτο
3060 1100 3274 1164 πάντας
3305 1101 3618 1172 παραδοθῆ-

2018 1212 2130 1249 ναι.
2164 1195 2229 1248 Oi
2263 1196 2307 1248 δ’
2339 1194 2491 1258 ἐντὸς
2542 1194 2743 1259 ἔξωθεν
2776 1193 3190 1266 προσδοκῶντες
3230 1193 3493 1262 δυνάμεις
3536 1195 3617 1257 είς

2019 1285 2246 1357 ἀρωγὴν
2278 1286 2460 1341 αὐτῶν
2489 1285 2831 1348 ἐλεύσεσθαι,
2870 1285 3054 1352 λόγοις
3088 1285 3392 1352 ἀπατηλοῖς
3424 1284 3616 1338 τοῦτον

2017 1378 2399 1442 ἐξαπατῶντες
2425 1378 2642 1447 ἡμέραν
2675 1376 2734 1442 ἐξ
2770 1377 2987 1446 ἡμέρας
3022 1373 3429 1445 ὑπερετίθεντο.
3468 1374 3531 1429 '0
3558 1375 3616 1429 δέ

2020 1470 2388 1538 Παλαιολόγος
2443 1470 2737 1541 Γεώργιοῖ.
2780 1470 2853 1538 μὴ
2906 1469 3093 1538 φέρων
3144 1468 3244 1539 τὴν
3298 1467 3616 1538 παράλογον

2015 1562 2238 1629 ἐκείνην
2282 1564 2609 1633 στράτευσιν
2655 1561 3053 1630 ἐμπειρότατος
3104 1559 3190 1632 [Ρ.
3228 1558 3356 1631 106]
3385 1559 3483 1627 ὣν,
3519 1559 3614 1613 καὶ

2014 1655 2112 1709 τὸν
2140 1656 2402 1723 ὑπόγυιον
2432 1656 2489 1708 ἐν
2515 1654 2818 1724 ὀφθαλμοῖς
2848 1652 2949 1723 ἠδη
2978 1652 3124 1719 ὀρῶν
3176 1650 3445 1714 κίνδυνον,
3479 1667 3602 1703 συν-

2017 1746 2275 1800 εϐούλευε
2305 1745 2484 1816 τούτῳ
2522 1744 2938 1812 παλινοστῆσαι.
2988 1743 3047 1795 '0
3080 1742 3136 1794 δὲ
3157 1742 3284 1805 τοὺς
3312 1740 3504 1795 τούτου
3527 1739 3616 1794 λόο-

2017 1860 2150 1908 γους
2176 1843 2253 1905 ὡς
2281 1841 2451 1912 λῆρον
2477 1840 2775 1909 δεξάμενος
2819 1837 3016 1909 άγνοίᾳ
3043 1837 3136 1890 τοῦ
3162 1836 3376 1898 δέοντος
3412 1836 3615 1905 μᾶλλον

322 1937 515 1977 mones
547 1924 667 1994 ejus
713 1939 811 1992 pro
857 1924 1016 1993 nugis
1050 1925 1259 1977 habens
1291 1923 1599 1993 ignorantia
1645 1926 1777 1981 recti
1812 1942 1908 1997 po-

2026 1934 2050 2004 ἢ
2079 1935 2348 2006 καρτερίᾳ
2370 1933 2708 2003 προσμένειν
2738 1931 3015 1992 ἐϐούλετο,
3048 1930 3154 1991 ἕως
3176 1929 3304 1991 τοὺς
3333 1927 3617 1997 Τούρκους

323 2016 432 2070 tius
456 2031 621 2086 quam
662 2019 973 2072 constantia
1028 2020 1304 2085 perstabat
1352 2018 1404 2070 in
1447 2019 1748 2073 temerario
1782 2033 1914 2073 con-

323 2109 468 2174 silio,
492 2108 664 2162 donec
687 2109 874 2162 audito
900 2108 1115 2161 tandem
1145 2108 1409 2161 advenire
1429 2106 1638 2163 Turcos
1664 2109 1915 2179 ingratiis

323 2214 424 2250 nec
457 2199 575 2253 sine
608 2199 817 2267 pudore
850 2199 1026 2253 redire
1056 2198 1293 2269 cogitur.

397 2290 488 2344 '56.
534 2290 637 2345 Hic
694 2306 887 2346 tursns
954 2291 1289 2360 Palmologns
1343 2291 1615 2362 Georgius
1673 2295 1918 2363 apprime

322 2383 532 2437 callens
564 2392 735 2437 artem
767 2381 1058 2437 ordinandi
1096 2397 1161 2437 ac
1189 2382 1364 2451 perite
1393 2384 1612 2452 regendi
1649 2385 1917 2439 militares

325 2493 524 2532 manus
573 2492 673 2531 nec
720 2477 903 2532 minus
952 2475 1189 2531 consilio
1232 2491 1399 2546 quam
1444 2491 1610 2531 manu
1656 2476 1814 2531 fortis
1853 2492 1918 2531 ac

262 2610 271 2617 .
323 2578 630 2639 promptus,
665 2580 880 2639 sumpta
913 2568 1004 2623 tali
1040 2577 1287 2639 tempore
1320 2568 1542 2634 ﬁducia,
1575 2579 1774 2624 auctor
1795 2578 1918 2624 erat

326 2678 394 2717 ne
423 2662 916 2732 quomodocunqne
947 2661 1287 2720 recederent.
1337 2661 1430 2716 sed
1464 2676 1590 2715 cum
1619 2662 1813 2717 ordine
1854 2678 1919 2717 ac

325 2756 490 2810 modo
515 2755 882 2810 convenienti.
916 2753 1040 2808 llaec
1071 2754 1328 2808 suadenti
1355 2752 1662 2822 Palaeologo
1692 2754 1917 2808 ductum

326 2849 566 2903 universi
608 2848 918 2907 excercitus
962 2844 1204 2902 Joannes
1249 2845 1303 2898 in
1355 2844 1465 2900 isto
1515 2855 1735 2915 receptu
1767 2862 1919 2902 com-

326 2940 494 2995 misit.
544 2939 716 3011 Igitur
744 2938 1013 3011 Georgius
1061 2937 1293 3009 digessit
1335 2936 1637 2991 exercitum
1670 2940 1724 2992 in
1771 2938 1919 2993 ordi-

325 3048 444 3094 ncs,
493 3031 662 3101 jussit
691 3032 907 3100 equites
964 3030 1279 3101 praecedere
1318 3029 1558 3084 intentos
1585 3029 1650 3084 ad
1697 3030 1919 3085 ferenda

324 3138 436 3192 quo
459 3138 599 3194 opus
634 3124 772 3179 foret
809 3123 1036 3188 auxilia,
1061 3130 1260 3193 praster
1288 3135 1496 3189 paucos
1534 3137 1677 3191 quos
1704 3122 1756 3177 in
1784 3124 1920 3177 insi-

2018 2028 2177 2095 ἥκειν
2221 2028 2323 2097 ἤδη
2380 2027 2689 2096 πυθόμενος
2724 2025 2877 2079 ἄκων
2926 2025 3045 2096 μετ’
3093 2022 3359 2095 αἰσχύνης
3408 2022 3616 2079 ἐπαναο

2021 2119 2305 2186 ζεύγνυσι.

2090 2296 2199 2362 λς’.
2239 2296 2409 2351 Πάλιν
2437 2292 2532 2351 οὖν
2574 2300 2603 2350 ὀ
2630 2296 2993 2363 Παλαιολόγος
3034 2294 3304 2363 Γεώργιος
3357 2310 3610 2363 ταγματ-

2024 2391 2200 2461 άρχης
2252 2390 2330 2441 ὢν
2360 2389 2759 2460 ἐμπειρότατος
2785 2386 3045 2441 καὶκατὰ
3075 2388 3235 2456 χεῖρα
3266 2385 3361 2438 καὶ
3386 2383 3617 2455 γνώμην

2025 2483 2292 2551 γενναῖος,
2316 2481 2841 2553 παρρησιασάμενος
2872 2477 3227 2532 συνεϐούλευε
3255 2477 3330 2549 μὴ
3351 2476 3427 2539 ὡς
3453 2476 3616 2546 ἔτυχε

2023 2573 2392 2636 παλινοστείν,
2434 2573 2575 2627 ἀλλὰ
2604 2572 2703 2626 σὺν
2734 2571 2887 2637 τάξει
2938 2572 3035 2625 καὶ
3085 2571 3279 2641 κόσμῳ
3309 2569 3387 2637 τῷ
3417 2568 3609 2624 δέοντι.

2033 2668 2097 2720 ’0
2130 2668 2230 2738 μὲν
2261 2666 2409 2720 τοῦτ’
2451 2666 2659 2734 ἔλεγεν,
2698 2668 2728 2719 6
2760 2666 2816 2720 δέ
2851 2665 2952 2736 τὴν
2987 2665 3098 2719 τῶν
3140 2667 3279 2720 ὅλων
3316 2665 3619 2736 ἠγεμονίαν

2024 2758 2174 2829 αὐτῷ
2227 2759 2552 2828 ἐνεχείριζε.
2614 2760 2991 2828 Καταστήσας
3046 2754 3141 2812 οὖν
3186 2759 3268 2822 είς
3322 2758 3506 2822 τάξεις
3556 2758 3620 2810 τὸ

2025 2851 2345 2919 στράτευμα
2388 2852 2483 2902 καὶ
2520 2851 2703 2914 ἱππεῖς
2740 2850 3100 2921 παρεδρεύειν
3149 2850 3621 2921 ἐγκελευσάμενος

2024 2943 2168 3012 πλὴν
2192 2942 2392 3011 ὀλίγων
2416 2943 2527 2995 τῶν
2559 2942 2862 3014 ἐνεδρεύειν
2893 2942 2992 2996 καὶ
3025 2943 3263 3014 λοχίζειν
3292 2943 3617 3013 μελλόντων,

2024 3039 2086 3090 τὸ
2115 3038 2171 3091 δέ
2199 3038 2483 3090 ὁπλιτικὸν
2518 3040 2613 3091 καὶ
2638 3038 2806 3103 πεζὸν
2834 3038 3006 3103 τάξας
3045 3039 3272 3093 ὄπισθεν
3302 3039 3469 3109 βάδην
3499 3038 3622 3092 ἐκέ-

2025 3130 2217 3183 λευσεν
2265 3132 2510 3195 ἀπιέναι,
2562 3131 2725 3193 αὐτὸς
2760 3131 2819 3183 δὲ
2867 3132 3100 3202 περιιὼν
3129 3134 3227 3187 σὺν
3272 3133 3479 3201 ὀλίγοις
3528 3132 3619 3185 ὁτὲ

325 3216 430 3270 diis
459 3216 658 3271 abdere
682 3217 919 3271 volebat.
949 3214 1183 3271 Gravetn
1207 3224 1546 3267 armaturam
1571 3223 1624 3268 et
1647 3214 1919 3285 reliquum

2030 3224 2129 3293 μὲν
2160 3224 2281 3278 κατ’
2339 3224 2607 3294 οὐραγίαν
2639 3224 2730 3278 ὀτέ
2758 3224 2815 3278 δὲ
2865 3224 3008 3278 κατά
3053 3224 3115 3278 τδ
3152 3226 3323 3296 κέρας
3356 3226 3418 3278 τὸ
3447 3223 3623 3289 δεξιὸν

326 3308 625 3378 peditatum
674 3319 825 3364 retro
849 3307 1145 3377 disposuit,
1187 3306 1336 3359 lento
1363 3305 1532 3375 gradu
1560 3304 1761 3375 jnbens
1788 3323 1919 3378 pro-

2028 3316 2112 3383 (τὸ
2146 3316 2260 3386 γάρ
2306 3316 2589 3387 εὐώνυμον
2617 3311 2686 3386 ἦν
2723 3316 2782 3371 ἐν
2814 3316 3089 3387 ἀσφαλείᾳ
3120 3318 3220 3386 τὴν
3265 3318 3466 3388 λίμνην
3503 3315 3617 3387 (58)

327 3400 501 3471 gredi.
561 3401 685 3473 Ipse
722 3417 847 3457 cum
903 3399 1094 3472 paucis
1137 3398 1472 3454 circumiens
1513 3398 1701 3453 obibat
1754 3400 1920 3455 modo

329 3505 639 3550 extremum
662 3510 881 3566 agmen,
908 3494 1075 3548 modo
1102 3507 1271 3548 cornu
1301 3490 1440 3546 aciei
1461 3491 1742 3546 dexterum
1769 3494 1919 3562 (nam

332 3588 530 3643 lazvum
564 3603 822 3644 securum
870 3594 989 3641 erat
1025 3592 1330 3654 protectum
1368 3598 1398 3638 a
1433 3584 1674 3654 palude),
1712 3585 1924 3643 Turcos

327 3702 389 3739 ΩΧ
398 3701 464 3741 ευ
473 3700 597 3741 rren
606 3694 687 3740 ιθε
730 3697 960 3740 coercen
969 3696 1015 3747 S,

331 3783 569 3832 tncrant.

405 3870 565 3942 163
587 3871 678 3924 57.
712 3868 789 3922 Eo
807 3881 932 3922 cum
964 3865 1487 3934 appropinquarent,
1511 3866 1757 3921 occurrit
1778 3882 1927 3931 cam-

329 3978 434 4032 pus
482 3963 592 4016 lale
626 3970 819 4030 patens
854 3964 1009 4026 septo
1052 3955 1294 4011 lateritio
1341 3958 1527 4012 multis
1572 3958 1707 4013 locis
1739 3959 1926 4014 hiante

330 4055 733 4110 circumdatus.
784 4049 882 4105 Hic
915 4050 1131 4119 equites
1178 4050 1284 4106 loci
1325 4061 1519 4107 natura
1553 4053 1730 4107 coacti
1764 4065 1919 4108 extra

266 4130 271 4135 δ
330 4148 555 4202 ordines
579 4157 875 4199 excurrere
911 4151 1218 4211 coeperunt,
1249 4153 1308 4199 ut
1333 4145 1516 4200 aditus
1544 4147 1683 4200 intra
1707 4154 1921 4215 septum

332 4256 438 4310 qua
476 4238 620 4292 muri
654 4236 804 4290 labes
836 4234 979 4287 viam
1009 4233 1172 4288 dabat
1203 4244 1506 4305 captarent.
1537 4236 1593 4291 Id
1632 4236 1796 4293 Turci
1826 4238 1921 4306 qtti

334 4351 363 4387 a
398 4345 551 4403 tergo
597 4326 972 4397 sequebantur
1021 4328 1520 4383 animadvertentes
1558 4329 1773 4385 sublato
1812 4330 1926 4382 cla-

336 4439 492 4478 more
548 4419 794 4474 maximo
850 4418 1113 4487 impetum
1167 4420 1220 4473 in
1268 4420 1478 4490 pedites
1519 4420 1788 4486 fecerunt,
1829 4437 1925 4475 eos

2026 3405 2146 3476 ἔχον
2179 3406 2590 3478 ἐπαρήγονσαν)
2624 3407 2883 3460 ἀπεσόϐει
2909 3407 3019 3461 τῶν
3044 3406 3307 3479 Τούρκων
3334 3408 3461 3470 τοὺς
3489 3424 3625 3478 προ-

2028 3498 2413 3567 εκτρέχοντας,
2447 3497 2552 3562 ἕως
2595 3498 2828 3570 πλησίον
2853 3499 2953 3568 τῆς
3002 3498 3287 3564 Βασιλείας
3315 3499 3623 3571 φθάσαντες

2031 3589 2169 3660 πρὸς
2189 3590 2251 3643 τὸ
2292 3591 2747 3662 στρατοπεδεύειν
2779 3590 3045 3660 γένοιντο.

1105 3680 1284 3749 quoad
1373 3680 1750 3737 admovissent
1821 3698 1882 3738 se
1950 3686 2174 3742 castello
2233 3686 2443 3742 Basilea
2500 3687 2687 3751 dicto,
2749 3687 2840 3741 ubi
2905 3694 3084 3741 castra
3173 3685 3371 3742 metari
3419 3683 3624 3742 consti-

2099 3869 2199 3935 λζ’.
2246 3870 2399 3922 Ἐπεὶ
2418 3870 2462 3923 δ’
2491 3871 2557 3923 ἂν
2587 3869 2753 3924 αὑτοῦ
2794 3887 2899 3923 που
2929 3869 3163 3942 θριγκίῳ
3199 3869 3461 3940 πλινθίνῳ
3491 3870 3626 3926 άνα-

2027 3961 2382 4029 πεπτάμενον
2405 3961 2589 4016 πεδίον
2609 3962 2729 4015 ἐστῖ⁵
2759 3961 3134 4033 κυκλούμενον
3173 3962 3234 4015 ού
3269 3962 3473 4025 πολλάς
3500 3964 3618 4015 εἰσ-

2028 4054 2181 4116 όδους
2212 4053 2412 4124 ἔχοντι,
2454 4054 2551 4108 καὶ
2610 4055 2661 4107 oi.
2702 4054 2890 4117 ἱππεῖς
2921 4054 3041 4124 ἅμα
3066 4054 3352 4125 ἐκτρέχειν
3383 4054 3623 4125 ἤρξαντο

2027 4146 2103 4208 ὡς
2131 4146 2279 4216 παρὰ
2307 4144 2406 4208 τὰς
2436 4145 2677 4208 είσόδους
2711 4145 2987 4213 γενέσθαι,
3021 4147 3068 4199 οί
3104 4144 3340 4216 Τοῦρκοι
3390 4147 3623 4200 κατόπιν

2035 4239 2295 4306 ἐπόμενοι
2323 4237 2420 4290 καὶ
2447 4237 2517 4290 τά
2550 4236 2809 4308 δρώμενα
2843 4237 3174 4306 θεασάμενοι
3219 4237 3358 4305 μετὰ
3384 4236 3513 4306 βοῆς
3541 4237 3626 4291 ὅτι

2036 4329 2300 4399 πλείστης
2332 4329 2690 4394 ἐξελάσαντες
2726 4327 2871 4382 κατὰ
2918 4329 3028 4382 τῶν
3069 4328 3252 4393 πεζῶν
3296 4326 3628 4399 ἐξώρμησαν

2037 4422 2134 4476 καὶ
2165 4421 2505 4490 πανταχόθεν
2538 4421 2755 4490 βάλλειν
2801 4420 3000 4485 αὐτοὺς
3036 4419 3369 4488 τοξεύμασιν
3405 4420 3627 4491 ἐπεχεί-

336 4509 803 4583 undiquejaculis
835 4516 889 4564 et
918 4509 1134 4580 sagittis
1169 4510 1420 4566 excussis
1450 4512 1696 4568 arcubus
1737 4520 1920 4581 peten-

2040 4530 2188 4584 ρουν.
2224 4514 2287 4567 υἱ
2334 4512 2390 4566 δὲ
2433 4513 2570 4583 πρὸς
2614 4513 2793 4584 φυγὴν
2844 4511 3187 4583 ἐτράπησαν.
3234 4510 3325 4564 Ἐν
3369 4510 3501 4578 γοῦν
3548 4510 3627 4582 τῷ

335 4620 442 4671 tes,
476 4620 588 4675 quo
628 4603 703 4658 illi
743 4604 1081 4659 consternati
1119 4602 1291 4659 eﬁ‘use
1343 4618 1402 4659 se
1443 4604 1495 4657 in
1545 4605 1730 4676 fugam
1774 4605 1920 4666 dant,

2034 4606 2261 4676 φεύγειν
2305 4605 2471 4669 αὐτὸς
2504 4606 2665 4677 μόνος
2689 4608 2716 4659 6
2754 4604 3013 4676 εὐνοῦχος
3064 4603 3396 4674 κατελείφθη
3434 4605 3522 4657 καὶ
3550 4602 3628 4673 τῷ

337 4698 599 4754 eunucho
635 4695 754 4751 solo
800 4703 950 4751 retro
989 4697 1201 4764 relicto,
1252 4697 1345 4767 qui
1402 4708 1547 4752 metu
1597 4698 1920 4752 constrictui

2033 4698 2186 4768 φόϐῳ
2234 4698 2521 4769 συσχεθεὶς
2569 4701 2765 4767 φυγεῖν
2816 4697 2916 4750 οὐκ
2962 4698 3219 4762 ἠδύνατο.
3279 4695 3630 4765 Ἐντυχόντες

341 4792 532 4862 fugere
569 4805 695 4844 cum
726 4789 852 4844 aliis
888 4804 996 4843 non
1021 4791 1217 4860 pontit.
1257 4789 1357 4843 Cui
1399 4787 1539 4844 forte
1574 4798 1920 4845 occurrentes

2030 4790 2123 4844 οὖν
2140 4790 2291 4861 αὐτῷ
2316 4792 2343 4845 ὅ
2369 4808 2428 4844 τε
2450 4791 2782 4860 Κουρτίκιος
2805 4790 2957 4843 οὐδὲν
2973 4790 3208 4859 ἠξίωσεν
3238 4788 3401 4842 αὐτὸν
3425 4786 3626 4857 ὅψεως,

340 4882 622 4939 Curticius
673 4898 798 4938 cum
849 4881 1174 4950 Palaeologo,
1222 4884 1314 4938 ille
1350 4884 1570 4954 quidem
1604 4897 1672 4936 ne
1706 4892 1920 4950 aspectu

2031 4882 2243 4938 ἐκώλυε
2276 4883 2334 4937 δέ
2390 4883 2484 4935 καὶ
2518 4881 2609 4935 ’τὸν
2661 4880 3048 4948 Παλαιολόγον,
3084 4883 3112 4934 ὀ
3154 4880 3213 4934 δέ
3256 4879 3629 4947 Παλαιολόγος

340 4974 561 5046 qnident
591 4974 845 5044 dignatus
875 4984 960 5029 est
1004 4974 1283 5030 hominem
1316 4974 1693 5042 suadebatque
1722 4972 1931 5028 Palaeo-

343 5070 467 5137 logo
494 5076 554 5120 ut
584 5066 735 5119 illum
770 5066 1022 5121 similiter
1050 5066 1340 5138 negligeret
1372 5085 1384 5122 :
1418 5066 1511 5122 sed
1546 5067 1634 5121 hic
1663 5067 1930 5121 accedens

343 5159 412 5213 ad
446 5157 761 5212 eunuchum
790 5158 1013 5227 propius
1032 5159 1106 5212 sic
1136 5159 1436 5228 increpavit
1464 5177 1476 5213 :
1514 5178 1532 5208 ι
1571 5158 1646 5213 En
1676 5174 1838 5226 quum
1872 5158 1925 5209 in

344 5255 530 5306 locum
565 5266 664 5305 nos
717 5260 768 5304 et
834 5252 1136 5305 exercitum
1184 5251 1411 5307 duxiSti.
1459 5253 1652 5303 Annon
1690 5254 1803 5305 haec
1838 5250 1933 5303 tibi

344 5340 825 5406 praedixeramus?
853 5359 870 5391 ι
901 5338 990 5394 Ille
1018 5353 1197 5395 autem
1233 5341 1461 5410 supplex
1486 5356 1549 5394 ac
1577 5350 1818 5395 tremens
1853 5340 1935 5393 di-

347 5434 506 5488 cebat
541 5451 551 5485 :
592 5452 610 5483 ι
647 5431 908 5487 Miserere
945 5433 1089 5496 mei;
1139 5448 1315 5501 neque
1341 5448 1428 5487 me
1471 5434 1613 5487 tradi
1650 5434 1937 5502 permittas

2041 4975 2295 5030 ἀπελθὼν
2325 4975 2462 5046 πρὸς
2488 4974 2650 5028 αὐτὸν
2667 4972 2794 5043 ἔφη·
2826 4992 2845 5024 ι
2869 4971 3057 5036 Οὕτως
3079 4975 3227 5043 ἡμᾶς
3256 4973 3627 5043 κατέστησας.

2039 5071 2117 5124 Οὐ
2149 5067 2488 5139 προείπομέν
2515 5083 2597 5119 σοι
2632 5066 2836 5131 ταῦτα;
2875 5084 2893 5116 ι
2942 5065 3000 5119 '0
3020 5065 3077 5118 δέ
3113 5064 3375 5119 ἱκετεύων
3405 5065 3630 5132 ἔλεγεν·

2043 5179 2062 5210 ι
2110 5158 2365 5227 Ἐλέησόν
2404 5175 2472 5226 με
2506 5157 2603 5209 καὶ
2639 5158 2714 5227 μὴ
2753 5158 2875 5219 ταῖς
2903 5156 3229 5230 Ἀγαρηνῶν
3257 5157 3417 5229 χερσὶ
3446 5173 3631 5229 παρα-

2033 5253 2255 5320 δοθῆναι
2274 5252 2439 5322 ἐάσῃς
2469 5267 2558 5320 με.
2594 5269 2611 5301 ι
2642 5250 2817 5312 Εὐθὺς
2838 5245 2930 5303 οὖν
2959 5249 3415 5321 ἀνακτησάμενος
3440 5247 3631 5302 τοῦτόν

2038 5360 2203 5414 φησιο
2243 5363 2261 5395 ι
2300 5344 2546 5395 Συνέπου
2572 5360 2661 5412 μοι
2692 5342 2751 5395 τὸ
2782 5341 2991 5396 λοιπόν.
3028 5362 3049 5394 ι
3099 5341 3390 5413 Ἐπιϐολῆς
3422 5341 3481 5393 δέ
3517 5340 3631 5393 τῶν

2038 5437 2301 5507 Τούρκων
2325 5435 2572 5498 πλείονος
2601 5435 2801 5498 αὐτοὺς
2837 5434 3284 5505 καταλαϐούσης,
3310 5436 3339 5487 6
3366 5432 3628 5502 εὐνοῦχος

349 5528 405 5584 in
438 5530 810 5598 Agareuorum
841 5542 1057 5581 manus.
1090 5545 1109 5579 ι
1146 5523 1414 5595 Georgius
1442 5526 1586 5581 bono
1608 5527 1793 5580 animo
1818 5540 1920 5580 εδει

2040 5528 2202 5591 εὐθὺς
2240 5525 2441 5597 μικροῦ
2480 5527 2578 5581 καὶ
2616 5527 2712 5590 τὰς
2738 5526 2942 5598 φρένας
2974 5525 3279 5580 ἀπόλωλεν.
3323 5524 3383 5578 '0
3416 5523 3472 5578 δὲ
3520 5524 3633 5577 Πα-

1385 5644 1586 5707 Caroli
1620 5646 1711 5706 Du
1749 5647 1986 5708 Fresne
2017 5647 2108 5708 Du
2142 5648 2347 5724 Cange
2384 5652 2574 5708 notas.

423 5772 535 5841 (58)
609 5774 728 5841 Τὴν
790 5777 1035 5843 λίμνην.
1104 5772 1338 5829 Aseania
1402 5771 1605 5843 dicitur
1674 5774 1931 5827 Straboni

355 5847 390 5899 I.
434 5862 530 5899 xu.
576 5841 915 5900 Deseribitur
964 5841 1108 5900 vero
1144 5844 1347 5912 passim
1387 5859 1415 5895 a
1475 5841 1792 5909 Tudcbodo,
1842 5844 1934 5896 Al-

352 5918 511 5980 berto
536 5914 638 5989 Aq.
667 5927 720 5973 et
756 5916 876 5973 aliis
930 5932 1112 5973 rerum
1160 5916 1377 5970 Ilieros.
1421 5913 1806 5985 scriptoribus,
1839 5914 1931 5968 ubi

2044 5774 2111 5827 de
2136 5775 2317 5830 Nicaza
2349 5789 2378 5828 a
2419 5773 2617 5827 Turcis
2638 5772 2874 5843 obsessa
2901 5780 3088 5843 agunt.
3110 5769 3245 5824 Vide
3266 5766 3368 5822 lus
3409 5764 3626 5822 ϐιωσο-

2046 5847 2223 5914 Rom.,
2255 5854 2390 5900 tom.
2413 5844 2460 5910 ί,
2502 5860 2553 5913 p.
2586 5842 2677 5899 92.
