4136 6424
363 435 470 498 213
1597 431 2138 491 IIISTORIARUM
2179 431 2327 490 LIB.
2367 431 2466 490 IV.
3540 420 3644 485 214

368 544 639 611 Ααιο).όγος
677 544 989 613 τηνικαῦτα
1027 545 1123 609 τὰς
1156 543 1310 613 ἡνίας
1347 541 1588 613 στρέψας
1636 542 1729 592 καὶ
1759 558 1953 593 συναν-

2070 541 2223 609 inssit
2255 549 2309 594 et
2340 540 2598 608 deinceps
2630 538 2782 606 sequi
2819 551 2956 592 sese.
2993 534 3222 591 Incursu
3264 544 3446 589 autem
3481 535 3645 588 vehe-

2055 632 2307 692 mentiori
2349 629 2652 684 Turcorum
2709 628 2946 696 plurium
2983 628 3035 678 in
3077 627 3224 691 ipsos
3257 625 3422 688 facto,
3466 641 3643 677 eunu-

2058 729 2194 778 chus
2222 726 2274 776 in
2311 732 2522 777 tantum
2565 731 2827 774 terrorem
2880 719 3071 773 incidit
3107 727 3166 772 ut
3197 733 3388 786 parum
3427 717 3644 769 abesset

2059 818 2126 872 ab
2159 817 2417 869 amentia.
2453 813 2607 866 Tunc
2633 810 2968 880 Pulmologns
3002 808 3282 862 ennvcrsis
3317 807 3442 873 equi
3482 804 3648 863 hahe-

368 638 534 707 τήσας
573 637 727 688 παίει
779 636 877 688 ἕνα
916 637 1027 689 τῶν
1076 636 1194 689 κατ’
1242 635 1422 687 αὐτῶν
1482 633 1814 702 ἐρχομένων,
1867 633 1959 686 καὶ

369 729 558 798 νεκρὸς
595 728 760 791 εὐθὺς
809 730 957 782 κατὰ
991 729 1095 797 γῆς
1144 730 1393 798 ἔρριπτο,
1430 727 1487 779 ὃν
1535 726 1864 794 θεασάμενοι
1909 726 1960 776 οἱ

369 822 546 874 λοιποὶ
590 824 791 890 μικρὸν
845 823 1178 892 ἀνεχώρουν.
1227 820 1616 890 Ἐπιστραφεὶς
1659 818 1715 869 δὲ
1768 817 1842 878 ὡς
1869 816 1962 868 τὸν

370 914 627 984 εὐνοῦχον
651 917 812 969 ἄνουν
841 917 936 968 καὶ
960 916 1177 984 ἄφωνον
1205 916 1490 978 ἐθεάσατο,
1517 913 1603 986 [Ρ.
1635 912 1758 984 107]
1788 911 1962 982 τύψας

2070 909 2166 972 nis,
2193 905 2390 960 Turcis
2427 902 2784 972 sequentibus
2819 917 3114 956 occurrens
3147 900 3384 968 primum
3414 913 3477 950 ex
3511 895 3645 964 ipsis

370 1009 516 1060 κατὰ
543 1007 641 1077 τῆς
677 1011 913 1079 παρειᾶς
943 1025 1110 1078 φησιο
1147 1029 1162 1058 ι
1196 1009 1286 1079 Μὴ
1319 1007 1506 1074 φοϐοῦ.
1529 985 1568 1056 ν)

2070 999 2280 1053 obvium
2328 995 2453 1050 ferit
2491 1003 2546 1048 et
2589 1002 2865 1046 mortuum
2920 991 2973 1042 in
3025 1000 3226 1042 terram
3280 988 3488 1054 dcjicit.
3524 985 3646 1051 Quo

369 1101 688 1168 Spectaculo
718 1101 946 1155 cohibiti
991 1101 1185 1169 reliqui
1219 1101 1558 1168 aliquantum
1587 1103 1954 1153 recesserunt.
1997 1092 2064 1144 At
2092 1089 2360 1158 Georgius
2425 1088 2620 1140 iterum
2682 1098 2875 1138 versus
2911 1081 2975 1134 ad
3010 1097 3140 1134 suos
3169 1079 3485 1132 eunuchum
3516 1091 3646 1130 con-

370 1194 714 1248 sternatioue
745 1194 1026 1263 stupidum
1083 1205 1132 1248 et
1213 1209 1411 1263 pavore
1442 1201 1653 1246 mutum
1705 1191 1860 1252 vidit,
1899 1187 2014 1240 levi
2062 1199 2256 1237 manus
2293 1182 2516 1236 verbere
2567 1178 2620 1232 in
2675 1176 2816 1231 mala
2870 1174 3096 1237 feriens,
3152 1192 3170 1224 ι
3205 1170 3325 1225 ΝυΙί
3366 1171 3576 1231 timere,
3622 1187 3639 1217 ι

369 1287 574 1354 inquit,
624 1297 676 1339 et
706 1301 770 1339 co
802 1302 991 1340 secum
1032 1294 1313 1354 assumpto
1351 1286 1559 1354 reliquo
1589 1285 1791 1352 agmini
1820 1279 2204 1348 coniungitur.

442 1378 546 1445 λη’.
593 1379 943 1444 Ἐφθακότων
997 1377 1056 1429 δὲ
1107 1377 1329 1440 τούτους
1359 1376 1466 1428 τῶν
1516 1375 1802 1445 Τούρκων,
1837 1375 1959 1425 επις

372 1469 644 1536 στραφεὶς
679 1470 707 1521 ὁ
738 1469 1103 1536 Παλαιολόγος
1140 1470 1237 1522 σὺν
1266 1469 1493 1522 ἱππεῦσι
1528 1470 1818 1537 μετρητοτς
1847 1465 1964 1536 (καὶ

369 1563 484 1626 γὰρ
516 1553 584 1626 ἦν
620 1559 803 1610 στενὸν
833 1559 893 1610 τὸ
923 1558 1145 1629 χωρίον)
1190 1557 1475 1629 ἑπέῤῥωσέ
1504 1573 1562 1629 τε
1593 1556 1652 1607 τὸ
1684 1553 1966 1606 ὁπλιτικὸν

366 1650 469 1700 καὶ
521 1650 662 1702 κατὰ
696 1651 802 1702 τῶν
851 1650 1112 1720 Τούρκων
1140 1650 1301 1710 αὐτὸς
1353 1649 1578 1720 ἐξώρμα
1611 1649 1708 1700 σὺν
1736 1650 1848 1708 τοῖς
1877 1647 1967 1698 ἱπ-

370 1739 562 1792 πεῦσι.
591 1741 701 1794 Καὶ
729 1741 890 1804 εὐθὺς
921 1743 982 1794 τὸ
1008 1742 1285 1812 βᾶρϐαρον
1308 1743 1527 1811 ἔφευγε.
1562 1740 1845 1794 Πεσόντων
1869 1737 1962 1792 οὖν

2147 1365 2308 1437 164
2332 1365 2421 1419 ⁸58.
2452 1363 2574 1418 Mox
2626 1377 2749 1418 cum
2800 1376 2895 1417 eos
2931 1361 3124 1412 iterum
3177 1355 3410 1412 assecuti
3464 1364 3648 1408 essent

2066 1461 2417 1528 insequentes
2471 1457 2660 1521 Turci,
2707 1468 3009 1509 conversus
3046 1465 3265 1504 rursum
3301 1447 3644 1516 Palaeologus

2065 1568 2190 1606 cum
2232 1550 2516 1619 equitibus
2547 1564 2654 1601 non
2689 1546 2899 1608 multis,
2929 1544 3032 1597 loci
3059 1543 3205 1596 enim
3237 1541 3504 1610 angustia:
3535 1555 3644 1594 non

2063 1644 2352 1713 capiebant
2383 1641 2588 1711 plures,
2617 1638 2767 1709 gravi
2801 1646 3094 1690 armatura:
3129 1633 3397 1688 laboranti
3430 1632 3648 1686 animos

2069 1735 2274 1791 addidit
2324 1743 2376 1788 et
2428 1734 2481 1787 in
2537 1731 2748 1786 Turcos
2775 1730 2892 1799 ipse
2927 1728 3136 1781 ducens
3179 1725 3394 1794 equites
3428 1724 3648 1792 irrupit,

375 1833 594 1902 συχνῶν
622 1834 681 1886 τὸ
725 1833 914 1887 λοιπὸν
961 1836 1144 1888 οὐκέτι
1181 1834 1422 1905 ἐχώρουν
1463 1834 1602 1887 κατὰ
1634 1834 1731 1901 τῆς
1776 1849 1958 1902 παρα-

2070 1827 2322 1882 Barbaris
2366 1825 2549 1878 statim
2609 1821 2968 1890 fugientibus.
3027 1818 3271 1884 Quorum
3317 1830 3442 1868 eum
3495 1813 3651 1868 multi
3723 1879 3726 1883 ι

368 1927 610 1991 ταξεως.
677 1927 792 1980 ἀλλ’
846 1927 1066 1980 ἵσταντο
1128 1928 1432 1998 πόρρωθεν.
1499 1928 1816 1980 Ἐκὲλευσεν
1868 1921 1962 1978 οὖν

369 2017 588 2079 ἐκεῖνος
645 2018 864 2072 ἀπιέναι
911 2020 970 2071 τὺ
1015 2019 1293 2072 ὁπλιτικὴν
1348 2020 1438 2072 καὶ
1490 2018 1959 2088 στρατοπεδεύειν.

371 2108 550 2169 Αὐτὸς
580 2108 625 2160 δ’
662 2109 891 2173 ὕστατος
918 2111 1058 2180 μετὰ
1101 2110 1207 2165 τῶν
1251 2111 1482 2176 ἱππέων,
1517 2111 1621 2174 ἕως
1662 2109 1767 2163 τῶν
1807 2110 1960 2178 Οριγ-

372 2199 490 2251 κῶν
551 2201 885 2270 ὑπερϐάντες
949 2203 1450 2272 ἐστρατοπέδευσαν
1515 2203 1776 2265 ἅπαντες.
1833 2203 1962 2253 Γεν-

373 2294 546 2357 ναὲως
571 2293 616 2346 δ’
649 2296 1078 2365 ἀγωνιζόμενος,
1125 2297 1316 2367 ἐπειδὴ
1371 2297 1470 2367 τὴν
1507 2297 1714 2367 κόρυθα
1753 2295 1962 2350 ἀπεϐά·

372 2387 521 2449 1210,
555 2387 850 2456 πλήττεται
882 2389 1026 2458 βέλει
1065 2389 1208 2442 κατὰ
1239 2391 1300 2442 τὸ
1344 2391 1613 2459 μέτωπον.
1662 2389 1964 2459 Ἀλογήσας

372 2479 431 2530 δὲ
460 2479 559 2545 τῆς
593 2479 807 2549 πληγῆς
855 2479 1224 2546 παντάπασιν,
1257 2483 1380 2535 ἐπεὶ
1408 2483 1498 2536 τὸν
1545 2480 1801 2552 εὐνοῦχον
1824 2481 1961 2534 ἐκδιο

371 2567 475 2634 ψον
499 2567 765 2621 ἐθεάσατο
791 2571 1085 2639 γενόμενον
1117 2573 1210 2624 καὶ
1242 2571 1315 2638 μὴ
1339 2573 1639 2641 δυνάμενον
1667 2572 1765 2640 τὴν
1790 2571 1963 2639 γλῶτ-

374 2674 476 2709 ταν
510 2659 753 2726 κινῆσαι,
789 2659 1027 2728 νεύμασι
1065 2661 1121 2715 δὲ
1151 2663 1465 2716 ἱκετεύοντα
1509 2662 1965 2715 συνεπιλαϐέσθαι

375 2751 552 2820 αὐτῷ,
580 2752 745 2805 αὑτοῦ
775 2771 876 2805 που
924 2753 1107 2823 μένειν
1139 2756 1329 2808 τοῦτον
1374 2755 1819 2825 παρεκελεύσατο
1846 2756 1967 2808 τέσ-

376 2855 546 2908 σαρσι
597 2838 703 2892 τῶν
749 2841 918 2894 αὑτοῦ
964 2843 1315 2910 θεραπόντων
1363 2844 1463 2915 τὴν
1498 2845 1665 2899 αὑτοῦ
1717 2846 1966 2914 φυλακὴν

373 2930 906 3000 ὲμπιστευσάμενος,
947 2933 1108 2996 αὐτὸς
1137 2933 1196 2988 δὲ
1220 2936 1315 2988 καὶ
1353 2936 1488 3006 πρὸς
1514 2937 1574 2989 τὸ
1600 2937 1802 3005 πρανὲς
1830 2936 1966 2989 κάτ-

373 3039 487 3075 εισι
552 3023 638 3076 διὰ
682 3025 782 3092 τῆς
828 3028 1266 3097 περικεφαλαίας
1312 3029 1456 3098 ὕδωρ
1497 3030 1646 3098 αὐτῷ
1696 3029 1963 3098 κομίσων.

390 3114 451 3169 ’0
480 3116 539 3168 δὲ
592 3119 830 3188 μετρίως
874 3121 1188 3188 ἀνενεγκὼν
1230 3121 1304 3185 ὼς
1341 3121 1435 3175 τοῦ
1485 3122 1675 3185 ὕδατος
1725 3122 1965 3190 ἀπεγεύ-

380 3227 541 3274 σατο,
573 3211 692 3264 Θεόν
717 3228 775 3264 τε
827 3213 993 3266 αὑτὸν
1015 3213 1174 3268 ἄλλον
1219 3217 1548 3270 ἀπεκαλεῖτο
1587 3217 1679 3269 καὶ
1707 3216 1825 3270 υἱὸν
1867 3213 1961 3268 τοῦ
1992 3189 2035 3245 υ

378 3301 597 3362 λοιποῦ.
616 3305 666 3355 εἰ
691 3303 1009 3374 διασωθείη,
1033 3309 1096 3358 ὲκ
1125 3307 1502 3377 προαιρέσεως
1521 3309 1709 3361 τοῦτον
1733 3309 1966 3378 ποιήσα-

382 3396 510 3448 σθαι
557 3397 946 3465 ἐπηγγέλλετο,
976 3399 1037 3451 ού
1085 3401 1249 3470 μέχρι
1281 3402 1337 3454 δὲ
1379 3401 1539 3467 λόγου
1567 3402 1634 3454 τὲ
1672 3400 1766 3453 τοῦ
1809 3400 1968 3467 λόγου

379 3487 660 3554 ἐϐεϐαίου,
697 3491 812 3543 ἀλλ’
843 3491 918 3553 ὡς
949 3491 1288 3562 κληρονόμον
1319 3493 1482 3546 αὐτὸν
1513 3495 1852 3561 καταστῆσαι
1878 3493 1971 3546 ἐπὶ

380 3582 522 3632 πᾶσι
553 3584 664 3644 τοῖς
709 3582 874 3635 αὐτοῦ
920 3585 1016 3635 καὶ
1047 3583 1113 3636 τὰ
1148 3585 1287 3654 ὑπὲρ
1329 3584 1496 3638 αὑτοῦ
1542 3584 1730 3654 ὥσπερ
1763 3585 1969 3637 οἰκείου

377 3672 575 3737 παιὸἓις
625 3676 976 3731 σ..ουδάσειν.
1019 3677 1076 3730 ’Θ
1116 3677 1171 3728 δὲ
1231 3677 1595 3743 [Ιαλαιολόγος
1641 3679 1774 3747 φησὶ
1830 3677 1966 3747 πρὸς

378 3768 578 3820 αὐτόν’
613 3789 630 3820 ι
685 3769 826 3837 Ἐγὼ
861 3771 961 3840 μὲν
1003 3770 1065 3822 τὸ
1094 3771 1225 3840 ἐμὸν
1259 3769 1408 3823 ἅπαν
1457 3773 1551 3823 ἐπὶ
1604 3771 1851 3840 σωτηρίᾳ
1899 3772 1964 3837 τῇ

379 3865 450 3932 σῇ
490 3862 568 3925 ὡς
595 3864 714 3916 ἐνὸν
744 3865 1111 3934 πεπλήρωκα,
1157 3864 1249 3918 σὺν
1286 3865 1330 3918 δ’
1366 3865 1432 3918 ἂν
1468 3864 1554 3935 εἴη
1590 3865 1778 3917 λοιπὸν
1827 3863 1968 3933 πλη-

380 3953 513 4024 ροῦν
543 3970 626 4006 σοι
659 3955 721 4007 τὸ
747 3955 1030 4026 βουλητόν.
1065 3975 1083 4006 i

2069 1918 2416 1983 cecidissent,
2446 1915 2723 1971 cautiores
2749 1911 2860 1982 jam
2898 1919 3052 1964 erant
3086 1910 3278 1978 reliqui
3325 1909 3376 1961 in
3406 1907 3524 1962 acie
3559 1921 3651 1961 co-

2071 2014 2251 2068 minus
2302 2009 2596 2071 tentanda;
2637 2006 2730 2060 sed
2783 2003 2973 2073 procul
3028 2001 3395 2056 consistentes
3435 2007 3648 2068 speeta-

2071 2110 2216 2160 bant.
2262 2102 2436 2157 Jussit
2494 2100 2656 2171 igitur
2705 2096 3043 2163 Palmulogns
3080 2091 3376 2160 procedere
3413 2088 3653 2159 graviter

2069 2208 2312 2255 armatos
2344 2205 2397 2249 et
2425 2202 2602 2248 castra
2641 2189 2832 2244 metari
2888 2187 3010 2258 Ipse
3044 2186 3269 2239 ultimus
3299 2198 3423 2237 cum
3453 2181 3652 2250 equiti-

2071 2295 2171 2348 bus
2200 2288 2458 2360 perStitit,
2485 2285 2663 2355 quoad
2691 2283 2834 2336 illam
2866 2295 3030 2349 quam
3059 2277 3168 2331 dixi
3194 2274 3485 2328 maceriam
3517 2288 3655 2342 pra:—

2069 2384 2324 2455 tergressi
2373 2379 2582 2451 pedites
2635 2391 2826 2431 omnes
2872 2374 3053 2426 locum
3118 2369 3316 2424 castris
3368 2374 3651 2436 ceperunt.

2072 2479 2242 2532 Porro
2274 2476 2327 2528 in
2369 2474 2461 2527 illo
2492 2469 2790 2526 certamine
2819 2465 3086 2532 Georgius
3122 2461 3333 2516 fortiter
3359 2458 3650 2516 dimicans,

2069 2589 2192 2626 curn
2223 2571 2388 2638 galea:
2437 2563 2668 2620 bncrnla
2715 2559 2952 2614 dctnissa
2999 2556 3206 2611 vultum
3262 2552 3542 2610 nudasset,
3573 2564 3657 2604 sa-

2070 2666 2199 2731 gitta
2229 2664 2285 2715 in
2320 2660 2498 2714 fronte
2525 2656 2842 2710 vulneratus
2877 2659 2998 2714 est;
3031 2647 3134 2714 scd,
3155 2645 3376 2699 vulnere
3411 2641 3655 2695 funditus

2070 2757 2342 2828 neglecto,
2380 2767 2502 2806 cum
2536 2750 2623 2803 siti
2653 2762 2788 2816 pene
2815 2742 3125 2800 confectura
3143 2738 3458 2793 eunuchum
3495 2735 3644 2787 vide-

2072 2860 2160 2905 ret
2185 2863 2283 2902 nec
2311 2849 2422 2913 jam
2453 2843 2565 2897 fere
2593 2842 2861 2894 valentem
2889 2850 3110 2890 movere
3141 2834 3404 2901 linguam,
3432 2829 3655 2883 nutibus

2070 2953 2256 2998 autem
2299 2937 2682 3006 implorantem
2713 2945 2896 3000 opem,
2923 2943 3046 2979 eum
3080 2924 3152 2977 ibi
3187 2937 3408 2976 manere
3437 2921 3652 2990 jussuni

2071 3043 2311 3104 quatuor
2337 3027 2556 3083 famulis
2581 3019 3003 3080 custodiendum
3039 3015 3310 3071 commisi:
3337 3032 3351 3078 ;
3379 3013 3496 3082 ipse
3525 3025 3656 3064 vero

2073 3102 2168 3196 per
2221 3135 2449 3192 pronum
2511 3115 2850 3172 descendens
2904 3111 3154 3164 haustam
3203 3120 3333 3160 cava
3392 3102 3542 3173 galea
3589 3117 3652 3155 cx

2071 3221 2219 3274 fonte
2244 3229 2445 3287 aquam
2477 3212 2524 3265 ei
2557 3208 2753 3264 detulit
2789 3225 2802 3260 :
2863 3221 2970 3274 qua
3015 3204 3103 3257 ille
3131 3209 3344 3272 gustata
3375 3205 3654 3265 resmnpto

2069 3310 2264 3382 spiritu
2292 3309 2452 3362 deum
2480 3303 2629 3356 illum
2659 3298 2952 3370 quemdam
2995 3295 3095 3349 sibi
3129 3292 3424 3346 salutarem
3453 3303 3650 3358 oppor-

2070 3403 2300 3460 tunitate
2328 3398 2451 3452 talis
2477 3394 2664 3450 auxilii
2702 3390 2952 3449 vocabat,
2995 3398 3047 3442 et
3072 3402 3134 3440 se
3175 3385 3352 3446 illum,
3379 3383 3421 3436 si
3459 3397 3524 3436 ex
3552 3382 3656 3434 hoc

2070 3492 2316 3564 periculo
2343 3487 2624 3548 evaderet,
2659 3484 2711 3538 in
2745 3483 2916 3537 lilium
2947 3480 3334 3546 adeptaturum
3373 3474 3656 3543 promitte-

2073 3587 2206 3641 bat:
2250 3597 2350 3638 nec
2379 3595 2508 3634 vero
2544 3594 2602 3633 se
2639 3591 2840 3630 nomen
2871 3574 3046 3627 solum
3076 3571 3197 3638 ejus
3234 3565 3658 3622 necessitudinis

2067 3681 2186 3732 sine
2223 3689 2282 3730 re
2335 3681 2750 3740 asurpaturmn,
2799 3667 2930 3736 quin
2981 3663 3164 3733 p'itins
3201 3661 3474 3714 limredem
3531 3673 3656 3711 cum

2067 3771 2344 3824 facturum
2364 3763 2608 3819 omnium
2637 3777 2758 3829 qua:
2789 3759 3016 3812 haberet
3035 3754 3405 3818 asseverabat,
3432 3761 3484 3806 et
3509 3751 3658 3806 omni

2067 3862 2261 3917 aﬂ‘ectn
2294 3873 2357 3912 ac
2391 3872 2546 3913 cura.
2572 3869 2677 3922 qua
2709 3849 2964 3920 prosequi
2991 3848 3160 3900 (ilium
3188 3845 3400 3912 parenti
3435 3844 3518 3898 fas
3551 3851 3656 3905 est,

2069 3958 2248 4024 ipsum
2287 3960 2342 4005 et
2391 3965 2478 4002 res
2511 3946 2682 4016 ipsius
2708 3943 3107 4011 antplexuruzn.
3150 3934 3489 4001 Pulzcologus
3525 3946 3656 3985 vero

377 4048 427 4099 ei
464 4046 604 4099 dixit
635 4063 646 4100 :
682 4066 700 4098 ι
739 4046 847 4119 Ego
877 4025 1096 4117 quidem
1122 4067 1242 4120 qua:
1270 4066 1514 4105 mearum
1547 4058 1705 4104 erant
1733 4048 1967 4116 partium
2010 4044 2166 4116 165
2215 4043 2268 4098 in
2321 4051 2370 4095 te
2433 4037 2703 4094 servando
2745 4031 2960 4103 explevi
3032 4028 3215 4083 omnia
3251 4025 3432 4097 quoad
3478 4027 3651 4096 potui.

376 4141 562 4196 Tuum
601 4144 704 4196 erit
739 4145 950 4207 deinde,
991 4146 1032 4201 si
1074 4147 1309 4213 libuerit,
1350 4157 1610 4217 praistare
1650 4145 1794 4215 quod
1837 4129 2127 4214 polliceris.
2180 4159 2198 4191 ι

451 4230 553 4285 λον.
607 4232 760 4284 Ἐπεὶ
812 4233 870 4285 δὲ
916 4235 1116 4304 συνέϐη
1169 4236 1295 4289 τότε
1351 4236 1794 4305 Κοντοστέφανόν
1845 4253 1966 4288 τινα

389 4326 668 4379 ’ἰσαάκιον
711 4327 807 4380 τοῦ
846 4330 1018 4381 ἵππου
1062 4331 1423 4400 διολισθῆσαι,
1457 4331 1549 4383 τὸν
1597 4330 1966 4398 Παλαιολόγον

377 4419 579 4484 φωνῶν
619 4421 957 4476 ἀνεκαλεῖτο.
1007 4423 1095 4486 Ὠς
1122 4423 1166 4474 δ’
1202 4425 1258 4475 ὲν
1288 4422 1493 4492 γνώσει
1537 4426 1742 4486 ἐκεῖνος
1771 4425 1962 4477 τούτου

375 4510 574 4576 γέγονε
605 4511 697 4565 διά
729 4529 895 4577 τινος,
930 4512 1021 4566 τὸν
1048 4513 1302 4584 εὐνοῦχον
1337 4515 1476 4583 πρδς
1516 4515 1644 4574 τοὺς
1674 4514 1837 4577 ἰδίους
1868 4533 1955 4566 πι-

2147 4233 2234 4286 59.
2279 4227 2435 4282 Tunc
2463 4225 2693 4293 contigit
2728 4220 3020 4292 quemdam
3065 4217 3328 4272 lsaacium
3370 4215 3660 4267 Contostc-

2075 4323 2316 4392 phanum
2377 4335 2440 4372 ex
2493 4332 2635 4384 equo
2693 4313 2798 4367 labi
2860 4321 2912 4365 ct
2971 4309 3328 4378 l’alicolognm
3365 4306 3659 4372 implorare

2076 4429 2205 4468 voce
2231 4426 2447 4479 magna,
2473 4408 2618 4477 quod
2642 4423 2766 4461 cum
2787 4405 2893 4458 alio
2913 4403 3147 4471 quo-.lam
3167 4400 3465 4454 indicatum
3489 4407 3656 4459 esset,

2069 4506 2330 4562 eunucho
2361 4503 2599 4573 propriis
2636 4497 3019 4557 commendato
3055 4497 3230 4550 servis
3261 4494 3378 4560 ipse
3398 4507 3520 4545 cum
3551 4490 3662 4544 alio

380 4600 617 4662 στεύσας
666 4601 1005 4672 θεράποντας
1047 4603 1166 4672 μεθ’
1209 4604 1403 4673 ἐτέρου
1445 4604 1591 4661 τινος
1639 4606 1747 4656 τῶν
1797 4604 1963 4657 αὑτοῦ

2076 4605 2310 4668 quodam
2351 4615 2579 4654 suorum
2606 4598 2935 4650 famulorum
2975 4610 3041 4649 eo
3070 4609 3129 4647 se
3163 4592 3390 4645 contulit
3412 4590 3503 4659 qui
3537 4605 3657 4642 esse

377 4693 733 4761 θεραπόντων
767 4693 895 4747 ἔνθα
927 4693 1017 4747 τὸν
1053 4696 1501 4764 Κοντοστέφανον
1526 4697 1748 4750 ἔσεσθαι
1780 4697 1965 4763 ἔλεγον

375 4783 575 4852 ἀνῄει,
615 4787 708 4836 καὶ
757 4785 1099 4854 Θεασάμενος
1144 4787 1308 4840 αὑτὸν
1341 4788 1630 4859 πόρρωθεν
1677 4787 1961 4856 φωνοῦντα

375 4873 833 4944 ἐκπερικάλυπτον
863 4876 964 4945 τὴν
995 4879 1258 4946 κεφαλὴν,
1298 4879 1570 4948 ὑπεκρίοη
1601 4880 1674 4949 μὴ
1699 4880 1834 4949 ὁρᾷν
1869 4880 1966 4932 αύ-

374 4969 494 5027 τὸν,
528 4965 916 5034 δοκιμάζοντος
949 4961 1081 5021 οἷον.
1124 4969 1364 5022 Ἐκείνου
1395 4971 1452 5023 δὲ
1480 4970 1571 5022 τὸν
1599 4970 1966 5036 Παλαιολόγον

377 5056 757 5126 -ιανωρίσανῖος
791 5062 882 5110 καὶ
913 5059 1114 5127 μᾶλλον
1142 5061 1304 5113 αὑτὸν
1347 5062 1814 5132 ἀνακαλουμένου,
1843 5062 1966 5113 ἐπεὶ

375 5149 509 5209 τοὺς
538 5149 584 5199 Τ
585 5147 814 5217 ούρκους
845 5150 1242 5220 πλησιάζοντας
1265 5152 1549 5217 ἐθεάσατο,
1579 5155 1689 5208 δεῖν
1709 5154 1851 5222 ἔγνω
1890 5153 1966 5223 μὴ

377 5242 474 5292 ἐπὶ
504 5240 667 5293 πλέον
691 5243 790 5312 τὴν
825 5241 1030 5312 σκηνὴν
1061 5243 1475 5313 ὑποκρίνεσθαι,
1511 5247 1606 5298 καὶ
1645 5245 1966 5315 πλησιάζων

378 5331 532 5399 αὑτῷ
565 5331 790 5400 ἑτέρωθι
817 5333 1030 5402 βλέπων
1052 5333 1272 5400 ἐφώνει·
1302 5353 1322 5385 ι
1365 5336 1521 5397 Ποῖος
1547 5335 1637 5389 τὸν
1666 5335 1966 5388 Κοντοστὲ-

379 5439 553 5488 φανον
595 5422 900 5488 medeare;
941 5441 959 5474 ι
994 5425 1061 5477 Ὀ
1095 5425 1153 5478 δὲ
1201 5427 1296 5478 ἐπὶ
1327 5425 1492 5478 πλέον
1535 5427 1734 5494 ἐφώνει
1779 5429 1966 5480 τοῦτον

377 5514 848 5584 ἀνακαλούμενος.
894 5515 1170 5569 Ἀπελθὼν
1200 5516 1292 5570 οὖν
1325 5519 1406 5581 εἰς
1441 5518 1603 5571 αὑτὸν
1649 5520 1745 5572 καὶ
1775 5519 1968 5571 κελεύ-

381 5624 482 5665 σας
515 5605 598 5677 [Ρ.
633 5606 760 5676 108]
792 5607 1130 5676 ἐποχηοῆναι
1150 5611 1228 5671 εἰς
1261 5609 1318 5662 ὃν
1345 5609 1493 5679 αύτῷ
1522 5611 1778 5680 ἐκόμισεν
1803 5611 1969 5664 ἵππον

384 5697 697 5767 ὑπέστρεψε
728 5699 826 5751 σὺν
873 5698 1047 5768 αὐτῷ.
1076 5699 1494 5764 Καταλαϐόντες
1524 5702 1581 5754 δὲ
1609 5701 1738 5754 ἔνθα
1782 5704 1810 5754 ὁ
1859 5705 1967 5756 Πα-

381 5788 662 5856 λαιολότος
679 5791 774 5842 τὸν
798 5789 1055 5860 εὐνοῦχον
1074 5793 1356 5856 κατέλιπε,
1379 5795 1653 5864 παραδοὺς
1679 5797 1791 5857 τοῖς
1818 5795 1968 5858 ἰδίοις

388 5882 649 5950 οἰκέταις,
687 5884 1218 5953 συμπαραλαϐόντες
1267 5887 1428 5941 αὑτὸν
1480 5889 1824 5960 κατὴλοοσαν
1855 5892 1968 5959 ἅμα

2071 4695 2577 4765 (ἷοηιοειρρὶιιιηιιηι
2625 4691 2862 4745 aiebant.
2909 4690 2968 4742 Et
3023 4703 3145 4740 enin
3190 4685 3406 4737 intuens
3461 4682 3656 4752 procul

2069 4788 2419 4847 clamantem,
2453 4786 2564 4851 ipse
2596 4791 2761 4849 caput
2797 4789 3094 4849 contegens
3150 4775 3384 4842 ﬁngebat
3436 4790 3493 4826 sc
3550 4788 3654 4824 non

2069 4880 2252 4932 videre
2284 4886 2503 4931 tentaus
2552 4875 2799 4928 videiicct
2831 4873 2951 4924 lusu
2986 4869 3245 4938 qundam.
3283 4868 3419 4920 Cum
3468 4875 3649 4917 autem

2070 4970 2160 5022 ille
2197 4968 2568 5034 Polaeologum
2634 4962 2893 5031 praeclare
2934 4973 3242 5026 agnoscens
3275 4954 3510 5007 validius
3563 4955 3650 5006 in-

2071 5063 2355 5122 clamaret,
2387 5068 2440 5111 et
2471 5054 2675 5122 alioqui
2709 5052 2919 5106 Turcos
2947 5051 3011 5104 ad
3038 5065 3160 5103 eum
3197 5047 3648 5117 appri‘ipinqnau-

2073 5161 2155 5206 tes
2197 5151 2536 5217 Palaeologus
2576 5144 2986 5205 animadvertit,
3031 5157 3137 5195 non
3175 5142 3286 5209 jam
3339 5139 3556 5193 ludendi
3591 5154 3653 5191 ae

2074 5259 2170 5311 per
2205 5242 2391 5310 jocum
2441 5238 2737 5294 simulandi
2793 5245 3006 5305 tempus
3056 5244 3230 5297 ratus.
3279 5234 3545 5288 accedens
3585 5233 3651 5286 τω

2073 5336 2250 5403 ipsum
2299 5343 2351 5386 et
2385 5331 2491 5385 alio
2522 5331 2741 5384 intuens
2774 5328 3072 5396 quarrebat,
3118 5342 3249 5380 num
3291 5327 3416 5394 quis
3446 5326 3655 5379 Conto-

2075 5426 2401 5496 Stcphanum
2436 5424 2686 5478 vidisset.
2731 5423 2824 5476 Ille
2855 5436 2982 5476 vero
3010 5427 3164 5476 tanto
3207 5428 3518 5474 contentius
3551 5435 3645 5471 vos

2073 5517 2403 5572 ciferabatur
2434 5515 2798 5585 Palaeologum
2829 5514 3109 5567 invocans.
3141 5512 3246 5576 Qui
3278 5523 3406 5565 tunc
3433 5511 3498 5563 ad
3530 5525 3655 5562 eum

2076 5610 2342 5666 accedens
2398 5609 2768 5662 conscendere
2821 5605 2986 5674 jussit
3037 5619 3197 5673 quem
3256 5604 3357 5671 ipsi
3415 5601 3654 5654 ducebat

2076 5720 2298 5773 equum,
2333 5718 2397 5756 ac
2427 5717 2550 5756 cum
2584 5705 2702 5770 ipso
2729 5714 2979 5755 reversus
3006 5706 3112 5751 est.
3145 5695 3246 5760 Qui
3279 5709 3401 5748 cum
3439 5707 3502 5743 eo
3530 5707 3653 5758 per-

2079 5797 2353 5850 venissent
2385 5794 2474 5848 uhi
2508 5793 2843 5862 I‘aLeolngns
2874 5789 3192 5843 cuum-hum
3229 5785 3522 5851 reliquerat
3549 5783 3651 5833 snli

2078 5906 2209 5944 cura
2263 5903 2542 5942 sct'vozum
2594 5901 2844 5948 suorum,
2879 5885 2968 5934 illo
3025 5894 3214 5934 eorum
3266 5892 3430 5944 opera
3464 5887 3649 5927 secum
