4136 6426
382 443 481 513 211
944 422 949 427 “
1876 463 2207 525 NOTITIA.
3561 469 3667 539 213

385 559 573 629 Itaque
631 558 745 652 hoc
801 561 1043 652 stilliciat
1088 580 1281 631 ttntnn,
1332 583 1459 623 eum
1513 580 1638 640 post
1691 571 1859 625 ardua
1913 573 2063 639 regni
2120 574 2336 642 negotia
2373 572 2577 629 fessum
2630 576 2875 632 animum
2925 579 3203 635 oblectare
3256 597 3411 652 rcges
3448 584 3667 647 volunt,

387 647 927 740 nusquamdignius
956 652 1213 721 occupari
1243 655 1420 740 otium
1458 671 1623 726 posse
1653 673 1817 726 quam
1846 659 1899 712 in
1932 659 2177 714 historim
2209 661 2471 716 lectione.
2505 661 2653 717 lianc
2702 664 2774 718 ob
2808 680 2922 719 rem
2972 678 3219 739 augustae
3256 647 3526 740 maiestati
3563 681 3670 728 tua:

387 730 820 822 (Eonstantinum
855 735 1161 792 Manassen:
1202 739 1401 805 oﬂ‘ero,
1431 742 1526 810 qui
1583 744 1909 812 compendio
1940 760 2030 799 res
2058 746 2127 798 ah
2167 748 2302 801 orbe
2344 750 2572 805 condito
2603 760 2785 821 gestas
2827 770 3000 822 usque
3042 730 3109 809 ad
3159 730 3360 810 annos'
3383 773 3413 811 a
3444 757 3669 816 Christo

392 817 688 915 {Servate-re
722 832 857 915 nato
894 824 1047 915 inille
1078 825 1349 883 ducentos
1370 830 1814 898 comprehendit.
1837 832 2000 889 Facio
2025 836 2309 899 audacter,
2345 840 2493 908 quod
2521 856 2585 896 ea
2609 817 2924 912 maiestatis
2957 854 3064 899 tua:
3095 845 3238 914 apud
3282 863 3383 903 nos
3406 849 3479 904 sit
3499 849 3664 915 fama,

392 907 505 998 imo
541 907 743 998 orbem
772 909 1154 971 Christianum
1205 915 1547 977 universum,
1588 917 1733 971 inter
1760 930 1989 975 metet-as
2038 926 2273 979 virtutes
2299 907 2404 981 hoc
2433 907 2776 995 propositum
2810 930 3046 989 maxime
3108 907 3332 998 habere,
3391 951 3577 995 amare
3612 907 3669 992 et

391 995 668 1092 a‘stimare
700 994 941 1092 litteras.
985 999 1042 1092 id
1081 1000 1228 1092 quod
1267 1002 1541 1092 maximos
1580 1019 1832 1075 quosque
1878 1007 2155 1079 principes
2209 1022 2362 1067 tanto
2397 994 2582 1069 studio
2616 1027 2966 1071 consectatus
3026 1020 3077 1071 in
3129 994 3415 1089 comperto
3464 1032 3570 1086 est,
3608 1033 3669 1077 ιιι

392 1081 777 1181 imperfectam
823 1085 931 1141 sibi
973 1087 1199 1157 gloriam
1232 1090 1393 1143 aliam
1434 1106 1654 1157 omnem
1690 1094 2010 1150 existimare
2038 1099 2383 1163 viderentur.
2421 1105 2527 1161 nisi
2571 1107 2713 1160 hanc
2746 1110 2982 1161 assecuti
3021 1118 3228 1163 essent.
3258 1081 3495 1165 l‘lomina
3530 1081 3667 1181 pru-

392 1170 530 1270 dens
550 1186 664 1225 non
697 1187 993 1270 recenseo,
1032 1175 1166 1229 satis
1194 1190 1262 1229 ex
1296 1176 1528 1234 historia
1564 1188 1717 1237 nota.
1755 1179 2000 1266 Quorum
2029 1189 2277 1243 omnium
2320 1207 2451 1247 cum
2480 1194 2714 1250 virtutes
2765 1197 2957 1250 sedulo
3011 1198 3368 1265 coniunxeris
3398 1202 3463 1253 axi
3497 1170 3667 1255 mira.

393 1257 713 1355 culum_a:vi
761 1260 949 1330 huius,
987 1277 1083 1316 rex
1108 1272 1361 1355 auguste,
1392 1265 1532 1355 hanc
1576 1257 1796 1338 quoque
1823 1271 2041 1326 laudem
2072 1274 2264 1332 deesse
2316 1282 2586 1351 maiestati
2627 1291 2731 1338 tua:
2778 1284 3027 1338 noluisti.
3059 1257 3267 1355 Nempe
3304 1295 3385 1340 tot
3432 1288 3665 1350 illustria

392 1347 686 1447 exempla,’
706 1357 1126 1447 qum-perpetuo
1146 1351 1340 1447 animo
1367 1354 1673 1447 maiestatis
1702 1366 1806 1412 tum
1839 1376 1968 1414 vere
1998 1363 2148 1432 regio
2176 1347 2569 1433 obversantur,
2601 1369 2764 1425 aliter
2800 1369 2982 1424 facere
3013 1372 3157 1425 haud
3197 1347 3569 1441 patiebantur.
3596 1376 3666 1430 Et

394 1445 456 1531 ut
489 1435 585 1489 illa
612 1435 780 1531 etiam
814 1436 1094 1531 deessent,
1128 1438 1277 1531 domi
1304 1442 1624 1531 maiestatis
1655 1454 1762 1500 tua:
1794 1463 1967 1502 unum
1993 1461 2133 1516 erat,
2181 1456 2430 1510 omnium
2468 1457 2662 1518 inStar,
2694 1458 2805 1511 divi
2837 1458 3041 1523 Caroli,
3080 1435 3325 1529 parentis
3358 1461 3462 1524 tui,
3497 1478 3662 1531 quem

394 1523 785 1619 benevolentia
818 1524 913 1579 Dei
946 1528 1261 1619 asserendis
1295 1529 1422 1584 forti
1459 1548 1623 1587 manu
1659 1535 1928 1604 maiestati
1964 1547 2070 1595 tuae
2102 1541 2288 1612 regnis
2321 1544 2602 1598 excitavit.
2640 1544 2724 1599 Ad
2766 1545 3006 1614 reliquas
3036 1523 3219 1600 autem
3252 1523 3488 1602 virtutes
3512 1523 3661 1619 quod

392 1612 618 1675 attinet,
644 1614 773 1703 quis
799 1629 908 1669 non
938 1616 1198 1684 pietatem
1226 1619 1482 1685 miratur,
1514 1637 1693 1676 raram
1720 1623 1773 1677 in
1813 1633 1922 1679 tam
1953 1629 2173 1683 excelso
2213 1628 2469 1700 fastigio?
2500 1630 2635 1697 Quis
2654 1647 2766 1686 non
2799 1612 2967 1687 animi
3000 1634 3435 1703 magnitudinem
3464 1612 3660 1691 incon-

389 1714 613 1755 cussam
634 1702 656 1755 ?
676 1701 804 1772 quis
833 1706 1235 1761 constantiam?
1255 1709 1382 1778 quis
1413 1709 1842 1767 fortitudinem?
1872 1714 1965 1783 qui
2002 1716 2057 1769 in
2093 1716 2290 1786 primis
2328 1717 2450 1773 istis
2495 1718 2677 1780 annis.
2708 1735 2834 1775 cum
2865 1701 3414 1777 hostem—barbarum
3446 1732 3502 1778 et
3529 1732 3664 1780 mtas

389 1789 840 1880 maiestatisgtttie
869 1802 925 1847 et
957 1808 1064 1880 sua
1100 1795 1289 1851 feritas
1314 1813 1568 1852 securum
1606 1799 1874 1863 facerent,
1911 1803 2105 1858 timere
2147 1812 2329 1859 tamen
2370 1805 2619 1875 coegisti,
2648 1818 2705 1861 et
2742 1808 2896 1877 regni
2938 1807 3075 1863 lines
3130 1818 3193 1863 ut
3229 1809 3539 1880 intrepidus
3588 1812 3661 1867 ita

390 1876 639 1931 invictus
673 1877 987 1934 vindicasti.
1023 1881 1131 1935 Ibit
1160 1882 1277 1937 haec
1308 1899 1397 1938 res
1430 1884 1485 1938 in
1522 1885 1830 1951 historiam,
1854 1904 1947 1943 rex
1968 1899 2222 1959 auguste,
2250 1899 2306 1945 et
2328 1892 2628 1960 posteritas
2650 1892 2741 1947 vix
2777 1876 2896 1947 sine
2938 1902 3166 1964 stupore
3191 1895 3355 1965 leget.
3379 1876 3465 1951 ‘Ac
3496 1895 3664 1965 hujus

388 1965 619 2036 quidem
669 1964 949 2024 felicitatis
981 1968 1406 2026 instrumentum
1449 1988 1581 2029 sane
1605 1990 1886 2043 magnum,
1930 1978 2016 2031 vir
2045 1979 2279 2032 illustris
2323 1986 2379 2032 et
2417 1978 2865 2049 incomparabills
2913 1981 3139 2036 Axelius
3170 1964 3663 2047 obBOxenstierna,

390 2056 558 2127 regiae
584 2057 893 2131 maiestatis
924 2067 1031 2115 tuae
1060 2061 1443 2128 caneellarius,
1471 2063 1782 2123 imrnortale
1813 2065 1967 2136 regni
1998 2065 2203 2129 decus;
2230 2081 2396 2137 quem
2430 2076 2488 2121 ut
2519 2067 2783 2137 singulari
2817 2067 2906 2123 illa
2929 2068 3223 2138 prudentia
3253 2070 3424 2124 habes
3442 2070 3663 2124 Nestori

392 2145 580 2213 prisco
608 2147 1068 2216 comparandum,
1094 2149 1168 2203 ita
1203 2157 1264 2204 ut
1291 2150 1462 2207 etiam
1482 2160 1642 2208 aetate
1668 2151 1876 2209 habere
1902 2153 2033 2213 olim
2056 2153 2237 2223 possis
2264 2169 2437 2209 voveo
2465 2161 2524 2208 et
2552 2164 2704 2223 apto.
2738 2155 2857 2211 Non
2892 2163 2947 2210 te
2995 2171 3141 2225 rege,
3186 2166 3242 2211 et
3281 2156 3374 2213 illo
3412 2165 3521 2210 tam
3555 2155 3663 2210 fido

392 2247 461 2288 ac
485 2233 751 2303 prudenti
783 2235 1126 2296 eonsultore.
1171 2236 1389 2294 adversi
1422 2239 1722 2309 quidquam
1757 2240 2063 2312 maiestatis
2108 2250 2217 2296 tuae
2249 2240 2433 2311 regnis
2470 2240 2722 2296 accidere
2765 2242 2958 2311 possit.
3003 2242 3115 2297 Nec
3158 2243 3353 2297 tacebo
3390 2244 3659 2298 Joannem

397 2319 620 2392 Skytte,
642 2321 822 2375 virum
848 2321 1260 2378 nobilissimum
1285 2332 1342 2380 et
1370 2325 1795 2395 amplissimum,
1820 2327 1875 2382 in
1912 2328 2150 2385 Gronsio
2171 2338 2227 2384 et
2255 2330 2432 2397 Elllio,
2460 2340 2568 2386 tua:
2595 2330 2868 2400 maiestati
2903 2347 2931 2385 a
2960 2331 3210 2388 consiliis
3234 2341 3291 2386 et
3322 2331 3661 2397 rationibus;

390 2423 558 2478 quem
593 2409 966 2480 legationibus
982 2411 1238 2481 pluribus
1266 2412 1424 2468 valde
1445 2414 1655 2469 clarum
1682 2415 1773 2472 alii
1799 2415 2080 2487 principes
2110 2433 2220 2471 non
2256 2416 2530 2485 ignorant,
2561 2425 2617 2472 et
2650 2418 2794 2487 apud
2830 2433 2932 2473 nos
2962 2419 3283 2489 quicunque
3311 2418 3552 2488 aliquam
3578 2419 3662 2473 rei

395 2496 635 2566 publica:
665 2509 875 2566 partem
927 2510 1139 2555 tenent.
1170 2500 1295 2556 Haec
1324 2512 1384 2557 ut
1431 2504 1617 2558 omnia
1680 2505 1954 2575 maiestati
1986 2514 2091 2560 tuae
2130 2503 2461 2574 gratularer,
2503 2502 2589 2559 vis
2627 2503 2862 2577 fortunae
2902 2513 3007 2559 tuze
3041 2504 3313 2575 expressit
3362 2514 3419 2559 et
3455 2520 3664 2574 pronus

394 2600 621 2654 quoque
645 2585 698 2640 in
728 2601 842 2641 rem
870 2588 1147 2656 publicam
1180 2597 1428 2645 nostram
1464 2593 1720 2659 animus;
1746 2593 1835 2648 cui
1871 2603 1980 2648 tam
2012 2594 2263 2663 impense
2302 2592 2472 2655 faves,
2505 2604 2567 2647 ut
2597 2609 2722 2649 eum
2762 2610 2792 2648 a
2833 2592 3018 2665 regnis
3045 2593 3347 2664 maiestatis
3381 2602 3485 2647 tuae
3520 2593 3660 2654 abis.

393 2688 507 2728 non
538 2674 789 2731 invenias
811 2676 902 2731 cui
936 2677 1124 2734 favere
1159 2680 1334 2750 magis
1372 2680 1570 2749 possis.
1603 2681 1744 2738 Hinc
1777 2682 1958 2738 fmdus
1993 2679 2129 2734 illud
2164 2695 2290 2735 cum
2325 2680 2717 2735 illustrissimis
2753 2696 2820 2736 ac
2852 2681 3252 2750 potentissimis
3284 2679 3456 2749 Belgii
3490 2679 3664 2734 fmde-

392 2762 504 2817 rati
543 2762 836 2818 ordinibus
882 2779 1064 2835 nuper
1107 2765 1301 2823 ictum.
1332 2765 1473 2823 Hinc
1529 2769 1758 2838 etquod
1814 2785 1882 2825 ex
1932 2769 2025 2823 illa
2054 2774 2218 2837 gente
2248 2766 2428 2820 virum
2463 2767 2816 2837 magnificum
2862 2775 2919 2822 et
2950 2768 3354 2837 amplissimum
3392 2764 3659 2820 Jacobum

388 2847 664 2921 Dyckium
691 2850 930 2921 elegisti,
959 2852 1121 2922 cuius
1169 2854 1418 2910 consiliis
1446 2855 1896 2922 prudentissimis
1933 2856 1990 2910 in
2030 2852 2286 2908 maximis
2340 2860 2421 2907 tot
2466 2868 2763 2923 regnorum
2805 2854 3046 2922 negotiis
3088 2852 3324 2907 utereris
3350 2868 3365 2916 ;
3390 2854 3662 2923 cuiusque

390 2936 506 2993 fide
534 2953 600 2994 ac
633 2939 936 2995 virtutibus
955 2941 1425 3011 praestantissimis
1449 2943 1754 3013 exploratis
1776 2944 1832 2998 in
1871 2944 2145 3015 legatione
2174 2957 2287 2998 non
2320 2957 2428 2997 una
2460 2944 2526 2997 ad
2569 2941 2756 2997 Gallia:
2786 2957 2850 2996 ac
2881 2941 3180 2996 Britannia:
3218 2956 3397 3011 reges,
3440 2941 3659 2995 tandem

394 3026 491 3082 hic
512 3027 619 3081 loci
652 3027 793 3097 apud
842 3042 940 3082 eos
964 3044 1104 3098 quos
1135 3029 1245 3085 dixi
1282 3029 1508 3085 ordines
1550 3030 1715 3101 legati
1744 3031 2010 3086 ordinarii
2066 3046 2271 3086 munus
2301 3031 2588 3087 sustinere
2619 3029 2867 3085 voluisti.
2910 3029 3100 3099 Neque
3140 3029 3245 3084 hoc
3272 3028 3424 3083 satis.
3464 3028 3661 3083 Janutn

395 3117 753 3187 Rutgersium
803 3117 951 3173 inter
981 3118 1160 3187 prima
1209 3119 1404 3188 patriae
1440 3119 1657 3190 ingenia
1692 3120 1995 3175 consiliarii
2052 3120 2323 3191 dignitate
2369 3119 2670 3183 exornasti,
2708 3126 2770 3172 ut
2817 3119 3065 3172 animum
3116 3117 3419 3188 maiestatis
3448 3126 3554 3172 tute
3606 3118 3667 3172 in

391 3213 617 3277 gentem
652 3219 717 3259 ac
760 3219 877 3260 rem
933 3203 1207 3275 publicam
1253 3217 1502 3263 nostram
1537 3207 2032 3278 propensissimum
2075 3209 2242 3263 etiam
2293 3208 2398 3262 isto
2434 3206 2600 3262 modo
2639 3205 2984 3261 ostenderes.
3020 3204 3194 3259 Nemo
3232 3203 3397 3274 igitur
3437 3203 3665 3273 posthac

398 3291 716 3358 mirabitur,
747 3291 791 3347 si
826 3291 1045 3363 ingenia
1075 3294 1266 3363 patriae
1298 3303 1521 3355 nostrae,
1551 3308 1645 3349 rex
1688 3305 1944 3365 auguste,
1978 3296 2164 3353 studia
2211 3310 2308 3352 sua
2350 3305 2590 3366 votaque
2625 3294 2813 3349 omnia
2850 3293 3122 3365 maiestati
3156 3303 3262 3348 tute
3312 3303 3659 3348 consecrent.

393 3380 514 3452 Ego
543 3390 694 3435 certe
746 3378 883 3433 mihi
919 3378 975 3434 id
1008 3378 1319 3436 iaciendum
1346 3381 1570 3451 putavi;
1602 3396 1781 3452 eoque
1812 3382 2035 3439 nomine
2066 3384 2133 3440 ad
2168 3385 2329 3456 regia:
2358 3395 2463 3440 tua:
2495 3382 2856 3455 benignitatis
2892 3398 3043 3437 aram
3070 3383 3204 3436 sisto
3237 3380 3660 3437 Constantinum

395 3466 550 3523 hunc
585 3466 912 3532 lanassem,
944 3466 1268 3522 historicum
1300 3468 1530 3523 minime
1572 3468 2063 3535 contemnendum,
2102 3472 2339 3527 maxime
2374 3470 2431 3526 iu
2463 3487 2521 3527 re
2559 3471 2880 3543 Byzantina.
2915 3468 3207 3525 Confidere
3236 3467 3412 3522 ausim
3440 3468 3661 3527 veniam

392 3553 529 3609 huic
558 3553 803 3609 audaciae
830 3552 950 3609 fore
1000 3567 1126 3608 cum
1163 3569 1194 3608 a
1226 3554 1532 3626 maiestatis
1566 3562 1671 3609 tute
1728 3556 1783 3610 in
1818 3555 2034 3613 litteras
2070 3557 2281 3625 favore,
2314 3569 2429 3615 tum
2460 3559 2528 3614 ah
2559 3575 2645 3622 ea,
2678 3575 2841 3629 quam
2872 3557 3187 3628 praadicavi,
3219 3555 3276 3610 in
3307 3564 3526 3626 gentem
3563 3572 3666 3610 νο-

390 3651 567 3698 stram
594 3641 961 3713 benignitate.
985 3641 1323 3697 Concludam
1352 3653 1505 3707 voto,
1527 3658 1625 3698 rex
1642 3653 1891 3714 auguste,
1918 3644 2066 3699 Deus
2099 3646 2193 3701 ille
2222 3648 2487 3716 optimus,
2519 3663 2708 3718 regum
2732 3661 3145 3718 regnorumque
3174 3644 3420 3707 Arbiter,
3456 3644 3663 3715 regiam

393 3730 737 3800 maiestatem
766 3740 914 3787 tuam
949 3745 1112 3801 quam
1144 3730 1458 3785 diutissime
1501 3731 1832 3786 incolumem
1880 3741 2083 3798 servet,
2114 3734 2183 3789 ad
2219 3735 2463 3790 nominis
2508 3735 2594 3790 sui
2640 3733 2978 3789 sanctissimi
3029 3732 3283 3802 gloriam,
3310 3732 3660 3787 subditorum

392 3818 699 3876 utilitatem
730 3828 790 3875 et
818 3818 1065 3875 hostium
1100 3827 1392 3875 terrorem.
1429 3818 1685 3890 Lugduni
1718 3818 2075 3885 Batavorum,
2099 3836 2151 3875 a.
2177 3820 2235 3875 d.
2266 3838 2321 3876 γι
2358 3821 2590 3877 Kalend.
2624 3820 2784 3875 Mart.
2819 3819 2980 3885 L616.

1751 3948 1935 4020 Regia:
1966 3947 2233 4019 Majestati
2267 3957 2373 4004 tua:
2406 3948 2716 4005 humillime
2745 3947 2981 4003 devotus

2665 4032 2899 4093 Joannes
2939 4033 3237 4090 Msunsws.

1495 4387 1818 4448 LECTORI
1874 4388 2097 4450 JOAN.
2155 4386 2569 4449 MEURSIUS.

463 4553 588 4610 Non
623 4562 676 4610 te
731 4553 922 4610 multis
969 4553 1253 4618 morabor,
1288 4555 1488 4610 lector.
1536 4553 1962 4610 Constantinum
2009 4571 2079 4610 en
2130 4554 2459 4619 Manasscm,
2489 4553 2703 4624 pridem
2751 4554 2851 4610 tibi
2905 4570 2938 4609 a
2983 4568 3069 4609 me
3103 4552 3434 4624 promissum
3464 4564 3520 4627 et
3569 4570 3667 4623 per

391 4643 793 4713 occupationes
836 4643 1093 4708 dilatum,
1141 4643 1411 4713 descripsi
1456 4659 1524 4698 ex
1572 4644 1764 4699 codice
1811 4643 2161 4698 bibliotheca:
2197 4642 2485 4708 Palatinae,
2529 4643 2617 4698 cui
2665 4644 2778 4716 iam
2813 4652 3070 4699 auctores
3103 4642 3316 4713 aliquot
3347 4652 3507 4696 antea
3551 4657 3664 4696 non

388 4730 576 4786 editos
607 4746 824 4786 mecum
882 4732 1070 4787 debes.
1126 4732 1337 4796 Versio,
1398 4747 1565 4801 quam
1615 4731 1825 4793 addidi.
1878 4743 1965 4787 cst
2010 4731 2240 4787 Joannis
2285 4731 2635 4794 Leunclavii,
2670 4733 2775 4787 viri
2824 4731 3117 4787 clarissimi
3159 4740 3216 4785 et
3258 4731 3327 4785 de
3382 4729 3663 4799 republica

390 4817 667 4874 litteraria
712 4820 979 4890 praeclare
1022 4819 1203 4873 meriti
1246 4820 1412 4875 editis
1457 4826 1537 4874 tot
1588 4815 1964 4875 monumentis
2007 4820 2211 4889 quibus
2244 4827 2404 4874 antea
2455 4822 2804 4875 carebamus.
2839 4817 2922 4873 Ad
2975 4817 3228 4874 Grtecum
3271 4826 3477 4871 textum
3506 4825 3663 4872 notas

387 4922 495 4981 ego
528 4910 792 4980 pauculas
822 4909 1021 4981 adieci,
1062 4910 1266 4979 quibus
1309 4910 1432 4964 loca
1488 4908 1675 4964 minus
1704 4908 1915 4980 integra
1946 4908 2316 4963 restituerem.
2349 4905 2485 4961 Nam
2515 4915 2577 4961 ut
2609 4906 2979 4961 dill‘underem
3017 4920 3102 4959 me
3125 4913 3182 4959 et
3213 4905 3500 4960 historiam
3529 4920 3657 4957 cum

387 4996 629 5053 historia
661 5012 1065 5069 compararem,
1093 5012 1202 5051 non
1235 5006 1320 5052 est
1343 4998 1523 5051 visum
1544 5011 1725 5067 operte
1749 4995 2343 5067 pretium.Contentus
2374 4993 2451 5049 fui
2506 4994 2684 5065 ipsum
2714 4993 3021 5048 Manassem
3061 5001 3473 5062 reprmscntare.
3508 4990 3664 5058 Vale,

395 5095 474 5155 et,
509 5082 766 5160 quisquis
794 5103 880 5155 es,
920 5085 1287 5142 aeternitatem
1319 5087 1521 5158 cogita.
