4136 6434
511 436 612 502 Ξις)
1641 436 2151 498 CONSTANTINI
2193 436 2570 496 MANASSIS
3665 427 3772 488 3‘20

2949 675 3556 691 W-——~n—v
3565 676 3630 684 ⁵ο-
3644 677 3714 685 φν-

425 940 434 950 ι
509 835 952 1010 ΤΟΥ
1101 832 1856 1008 ΚΥΡΟΥ
1967 829 2604 1008 ΚΩΝΣ
2632 825 3777 1006 ΤΑΝΤΙΝΟΥ

1583 1113 1887 1230 ΤΟΥ
1977 1114 2728 1234 ΜΑΝΑΣΣΗ

1323 1343 2096 1478 ΣΥΝΟΨΙΣ
2193 1339 2961 1476 ΧΡΟΝΙΚΗ

1963 1575 2321 1626 APXOMENH

921 1727 1061 1782 AllO
1091 1725 1560 1781 ΚΟΣΜΟΠΟΙΙΛΣ
1590 1723 1808 1778 MEXPl
1854 1723 1992 1776 ΤΟΥ
2027 1723 2268 1778 ΚΥΡΟΥ
2294 1722 2699 1779 ΝΙΚΗΦΟΡΟΥ
2727 1723 2865 1777 ΤΟΥ
2891 1723 3400 1780 ΒΟΤΑΝΕΙΔΤΟΥ.

824 2062 2282 2250 CONSTANTINI
2435 2062 2900 2246 MAN
2907 2065 3504 2250 ASSlS

1194 2385 2152 2506 COMPENDIUM
2229 2383 3104 2502 CHRONICUM

1813 2608 1900 2659 AB
1934 2605 2219 2658 EXORDIO
2264 2605 2470 2657 MUNDI

935 2763 1246 2838 ΠεροΕ
1319 2759 1911 2822 ADDOMINUM
1993 2755 2595 2818 NICEPHORUM
2669 2755 3327 2817 BOTANIA'I‘EM.

1716 2922 1906 2971 Joanne
1940 2919 2244 2971 Leunclavio
2281 2923 2582 2984 interprete.

525 3229 591 3284 Ἢ
625 3231 723 3300 μὲν
753 3227 1002 3298 «poema;
1032 3226 1178 3298 ψυχὴ
1215 3227 1330 3288 ταῖς
1367 3225 1519 3284 ὒλαις
1555 3221 1869 3293 ὲπιχάσκει,
2120 3233 2158 3286 Α
2202 3225 2393 3295 Ἡμεῖς
2413 3223 2784 3294 ἁναδεξόμεθα
2817 3224 2879 3278 τὸ
2909 3225 3074 3296 βάρος
3103 3223 3198 3280 τοῦ
3234 3228 3506 3297 καμάτου,

515 3323 629 3378 Καὶ
660 3321 838 3376 πάντα
868 3317 1320 3390 πραγματεύεται
1345 3316 1480 3387 προς
1499 3316 1560 3368 τὸ
1583 3317 1768 3384 τυχεῖν
1789 3315 1882 3368 τοῦ
1904 3315 2091 3370 πόθου·
2198 3317 2314 3370 Κᾶν
2341 3316 2622 3385 δυσχερὲς,
2649 3317 2754 3370 κᾶν
2775 3316 3014 3387 ἐπαχθὲς
3039 3317 3098 3372 τὺ
3124 3319 3376 3388 πρᾶγμα,
3405 3317 3506 3371 κᾶν
3528 3319 3790 3390 ἐργῶδες·

516 3413 590 3466 Σὺ
623 3412 704 3478 δὲ,
731 3411 878 3482 ψυχὴ
917 3410 1207 3481 βασίλισσα
1243 3409 1336 3462 καὶ
1364 3406 1798 3476 φιλολογωτάτη,
2199 3407 2658 3478 Παραμυθοῦνται
2679 3409 2788 3480 γὰρ
2805 3409 2963 3480 ἡμῶν
2984 3409 3111 3474 τοὺς
3134 3409 3191 3463 ὲν
3213 3413 3324 3471 τοῖς
3345 3411 3526 3479 λόγοις
3551 3411 3794 3483 μόχθους

528 3504 640 3558 Ἀεὶ
666 3503 878 3573 διψῶσα
911 3503 1168 3572 γνώσεως
1193 3503 1288 3554 καὶ
1321 3499 1480 3568 λόγου
1513 3501 1607 3554 καὶ
1632 3500 1902 3563 παιδείας,
2196 3502 2261 3553 Αἱ
2299 3499 2702 3570 μεγαλοδωρίαι
2733 3517 2826 3554 σου
2863 3502 2953 3556 καὶ
2986 3500 3046 3555 τὸ
3070 3502 3353 3573 φιλότιμόν
3390 3520 3506 3567 σου,

519 3595 738 3658 Βίϐλοις
772 3596 859 3648 ἀεὶ
883 3594 1283 3663 προστέτηκας,
1309 3592 1652 3661 ἐπεντρυφᾷς
1687 3594 1797 3654 τοῖς
1835 3592 2035 3661 λόγοις,
2198 3593 2309 3646 Καὶ
2349 3592 2440 3646 τὸν
2467 3592 2562 3647 τοῦ
2595 3594 2766 3647 κόπου
2793 3595 2814 3628 ³
2846 3594 3104 3648 καύσωνα
3135 3595 3228 3649 καὶ
3269 3595 3368 3664 τῆς
3407 3596 3791 3667 ταλαιπωρίας

518 3685 630 3738 Καὶ
658 3683 866 3754 γίνεται
891 3701 974 3736 σοι
1004 3684 1100 3753 τῆς
1131 3682 1278 3752 ζωῆς
1312 3681 1456 3745 ἄπας
1487 3683 1514 3734 ὁ
1537 3683 1727 3752 χρόνος
1753 3681 1931 3751 λόγος.
2202 3685 2268 3738 Ai
2301 3685 2505 3754 δωρεαὶ
2536 3684 2846 3756 δροσίζουσι
2886 3686 3212 3756 κενούμεναι
3241 3689 3523 3756 συχνάκις.

529 3779 682 3832 Ἐπεὶ
711 3778 843 3848 γοῦν
874 3777 1223 3844 ὲπεπόθησας
1249 3773 1336 3829 οἷα
1366 3775 1604 3845 τροφίμη
1638 3776 1798 3842 λόγου
2276 3777 2386 3829 Καὶ
2401 3775 2577 3831 ταῦτα
2600 3777 2698 3847 μὲν
2716 3778 2948 3831 ἐνταῦθα
2964 3795 3054 3844 μοι
3076 3781 3171 3832 καὶ
3197 3780 3355 3849 μέχρι
3371 3779 3558 3832 τούτου
3576 3778 3788 3848 στήτω,

518 3868 860 3922 Εὑσύνοπτόν
895 3886 975 3922 σοι
1008 3871 1101 3921 καὶ
1127 3867 1274 3936 σαφῆ
1312 3867 1529 3938 γραφὴν
1563 3867 1952 3937 ὲκπονηθῆναι,
2205 3867 2296 3936 Μή
2324 3884 2440 3930 πως
2469 3867 2905 3934 κολακικώτερος
2937 3867 3064 3938 δόξῃ
3091 3867 3230 3920 τισὶν
3262 3869 3290 3920 ό
3317 3867 3496 3934 λόγος,

517 3962 747 4034 Τρανῶς
780 3961 1247 4015 ἀναδιδάσκουσαν
1269 3960 1370 4024 τὰς
1405 3960 1816 4038 ἀρχαιολογίας,
2201 3959 2311 4012 Καὶ
2345 3958 2438 4010 τὶν
2472 3959 2674 4012 σκοπὸν
2698 3958 3015 4012 καταλιπὼν
3043 3958 3212 4027 ἄλλην
3242 3959 3451 4032 ἀκούσῃ
3482 3963 3720 4030 τρέχειν.

519 4053 630 4106 Καὶ
659 4052 806 4116 τίνες
837 4049 1012 4124 ἧρξαν
1033 4054 1049 4084 ‘
1074 4052 1171 4106 ἀπ’
1193 4052 1366 4124 ἀρχῆς
1399 4053 1492 4104 καὶ
1525 4053 1686 4122 μέχρι
1708 4051 1801 4104 τοῦ
1832 4051 2102 4122 προῆλθον
2204 4049 2423 4102 Πολλῶν
2458 4049 2866 4120 ἱστορησάντων
2895 4051 2949 4103 δὲ
2979 4051 3073 4102 καὶ
3096 4053 3683 4121 χρονογραφησάντωιρ,

521 4143 630 4198 Καὶ
668 4144 830 4197 τίνων
865 4143 1242 4209 ἐϐασίλευσαν,
1274 4143 1408 4196 ἐτῶν
1435 4143 1491 4194 δὲ
1527 4143 1722 4212 μέχρις
1755 4143 1799 4209 ⁸,
1841 4141 2025 4194 πόσων
2201 4143 2310 4195 Καὶ
2341 4140 2764 4195 σπουδασάντων
2795 4142 2894 4213 μὲν
2921 4144 3093 4195 εἰπεῖν
3115 4142 3290 4197 ὀοθὼς
3320 4144 3414 4196 καὶ
3447 4143 3784 4214 φιλαλήθως,

3531 4233 3682 4291 Vcrs.
3712 4235 3787 4290 ἓξ).

594 4381 638 4450 1
666 4390 734 4446 Ut
756 4390 991 4461 cupidus
1028 4407 1212 4448 rerum
1242 4392 1586 4447 terrestrium
1615 4392 1832 4448 animus
1870 4392 1940 4448 iis
2003 4395 2083 4464 ip-
2117 4399 2156 4452 B
2189 4392 2431 4460 quaniliu
2489 4394 2727 4464 imperio
2757 4393 3100 4462 prmi‘uerint,
3127 4406 3384 4464 exponat.
3405 4410 3534 4450 sane
3554 4411 3696 4449 onus
3717 4393 3788 4449 il-

521 4483 598 4536 sis
633 4483 826 4550 inhiat,
855 4494 910 4539 et
975 4499 1194 4540 omnem
1261 4484 1497 4554 lapidem
1560 4495 1890 4555 movel.quo
1933 4491 2096 4558 potiri
2198 4485 2291 4540 lud
2329 4485 2382 4538 in
2420 4500 2520 4540 nos
2557 4486 2910 4556 recipiemus,
2945 4487 3158 4539 tametsi
3183 4502 3296 4540 rem
3331 4502 3430 4539 nos
3469 4485 3783 4546 tlillicilcm.

519 4589 620 4626 suo
636 4573 908 4628 desiderio
937 4575 1128 4644 possit,
1161 4576 1233 4630 ita
1271 4585 1349 4639 tu,
1399 4575 1644 4637 domina,
1706 4577 1858 4647 regio
1910 4583 2096 4636 animo
2201 4593 2420 4648 gravem
2438 4587 2488 4632 el
2517 4592 2804 4645 Operosam
2835 4578 3014 4631 moliri
3039 4593 3144 4631 non
3177 4578 3504 4630 nesciamus.
3541 4576 3779 4630 Namla-

517 4665 743 4733 prmdita
769 4675 824 4719 et
850 4666 1080 4721 eruditae
1108 4665 1375 4721 doctrinae
1395 4665 1822 4729 studiosissima,
1872 4684 2096 4739 semper
2200 4665 2364 4719 bores
2397 4665 2450 4718 in
2484 4664 2818 4735 perﬁcienda
2853 4666 3321 4719 commentatione
3346 4675 3567 4718 nostros
3597 4666 3784 4718 muni-

521 4754 731 4824 aliquid
767 4771 1099 4826 cognoscere
1135 4770 1200 4810 ac
1250 4759 1536 4825 percipere
1563 4756 1803 4826 gestiens
1846 4758 2100 4815 librisin-
2203 4755 2416 4811 licentia
2456 4768 2511 4812 et
2549 4757 2959 4812 liberalitastua
2989 4767 3218 4817 recreat,
3245 4767 3300 4809 et
3329 4757 3774 4816 :Dstllmlassilu-

520 4847 754 4911 cumbis,
805 4863 868 4902 ex
896 4847 1117 4916 scriptis
1167 4847 1510 4902 eruditorum
1542 4850 1880 4918 voluptatem
1920 4851 2101 4920 perci-
2207 4846 2352 4901 dinis
2373 4861 2435 4900 ac
2454 4861 2716 4900 aerumna:
2751 4860 2977 4898 munera
3037 4855 3128 4898 tua
3167 4845 3364 4899 crebro
3383 4845 3617 4912 repetita
3635 4845 3792 4900 velu-

519 4937 626 5008 pis,
663 4945 831 4992 totam
857 4937 1095 5008 denique
1143 4938 1308 4991 vitam
1338 4939 1393 4993 in
1427 4937 1738 5007 disciplinis
1781 4938 2099 4995 liberalibus
2209 4939 2244 4993 ti
2279 4939 2418 4992 roris
2458 4939 2742 5006 cujusdam
2763 4937 3113 5004 respersioue
3149 4936 3423 5005 mitigant.

521 5029 778 5083 conteris.
811 5028 1042 5094 Quando
1071 5029 1238 5100 igitur
1271 5040 1332 5084 ut
1375 5030 1596 5082 alumna
1619 5029 1883 5085 doctrina:
1914 5043 2102 5101 postu-
2275 5029 2352 5084 Ac
2379 5028 2446 5082 de
2494 5027 2578 5082 his
2613 5027 2834 5096 quidem
2883 5026 3090 5080 dictum
3136 5027 3406 5081 hactenus
3463 5038 3603 5092 esto,
3629 5029 3682 5097 2
3714 5044 3788 5090 ne

521 5119 643 5173 Iasti
669 5134 699 5172 a
723 5133 810 5172 me
844 5130 996 5172 tuum
1021 5120 1074 5173 in
1119 5137 1274 5174 usum
1295 5121 1566 5176 conscribi
1604 5123 1848 5176 libellum
1883 5125 2098 5191 perspi-
2201 5120 2345 5173 forte
2371 5127 2688 5186 comparata
2721 5117 2974 5171 videatur
3027 5117 3094 5171 ad
3125 5119 3518 5172 assentandum
3571 5119 3778 5184 oratio,

522 5226 686 5264 cuum
710 5219 766 5264 et
813 5209 1092 5266 intellectu
1157 5212 1394 5278 facilem,
1441 5214 1534 5282 qui
1577 5215 1723 5269 clare
1771 5216 1950 5269 tradat
2008 5233 2097 5271 res
2200 5227 2338 5265 neve
2365 5210 2560 5264 relicto
2607 5225 2776 5278 scopo
2804 5209 3019 5277 evagari
3052 5208 3162 5263 alio
3191 5210 3569 5277 perhibeatur.
3628 5209 3771 5264 Cum

531 5301 732 5370 priscis
759 5309 940 5372 gestas
957 5303 1194 5369 sarculis,
1219 5314 1276 5359 et
1306 5305 1398 5374 qui
1425 5304 1494 5358 ab
1521 5305 1681 5360 initio
1710 5307 1867 5376 potiti
1910 5323 2095 5361 rerum
2199 5311 2385 5356 autem
2445 5301 2760 5369 complures
2809 5299 3008 5354 litteris
3058 5299 3374 5354 mandarint
3420 5300 3677 5354 historias
3718 5316 3789 5355 ac

521 5392 750 5456 fuerint,
799 5409 1086 5464 quousque
1110 5397 1402 5468 progressi,
1429 5397 1633 5467 quibus
1657 5397 1998 5462 nationibus,
2027 5408 2088 5454 et
2199 5395 2444 5457 annales,
2483 5403 2537 5448 et
2579 5406 2725 5450 recte
2759 5394 2980 5462 quidem
3023 5407 3263 5460 vereque
3309 5404 3507 5448 cuncta
3553 5407 3788 5452 narrare

1870 5530 1952 5591 Va
1965 5529 2070 5590 riae
2101 5529 2433 5592 lectiones.

529 5675 619 5738 (Et
648 5678 730 5728 ed.
766 5677 918 5728 Paris.
946 5677 1085 5728 1652.
1107 5679 1238 5739 —-A,
1269 5679 1316 5728 id
1349 5684 1425 5729 est
1447 5680 1600 5729 codex
1633 5681 1816 5730 Leonis
1840 5679 2040 5736 Allatii;
2065 5681 2165 5734 RR,
2191 5679 2390 5727 ειπιὶορς
2415 5679 2556 5738 R-‘gii
2579 5681 2676 5728 duo
2701 5678 2759 5725 ah
2784 5678 3025 5728 Annibale
3052 5674 3264 5727 l’abroto
3305 5675 3489 5726 collati.
3518 5673 3589 5725 Ex
3627 5672 3792 5724 tribus

1522 5741 1659 5791 hisce
1685 5742 1936 5790 codicibus
1961 5747 2113 5790 multa
2139 5745 2190 5791 in
2223 5747 2364 5788 textu
2387 5741 2612 5803 sam-leta
2639 5746 2772 5788 sunt.

604 5850 620 5886 ⁵
659 5848 755 5901 καὶ
781 5849 922 5913 τίνες
947 5845 1187 5921 ἦρξαν...
1219 5827 1398 5904 ττόσων
1426 5849 1468 5902 Λ
1499 5859 1551 5905 el
1585 5849 1697 5904 Illi.
1775 5850 1794 5880 ‘
1832 5849 1922 5902 xui
1951 5849 2142 5920 μέχρις
2171 5849 2306 5902 ἑτῶν
2348 5851 2408 5900 Δ.
2489 5848 2506 5876 ³
2541 5848 2700 5899 πόνου
2741 5843 2804 5897 ll.
