4136 6428
498 330 602 400 9.31

500 444 650 509 Εὑας
685 444 783 514 τῆς
808 445 1216 518 παντομήτορος
1244 447 1290 479 ⁸⁵
1331 447 1521 516 γέγονε
1558 447 1981 518 πλευροπάτωρ.

506 538 760 591 Ἔνδοθεν
797 535 891 594 οὖν
923 537 968 570 ⁸⁸
998 539 1092 592 τοῦ
1122 540 1218 611 τῆς
1253 540 1468 611 τρυφῆς
1495 536 1675 610 χώρου
1695 537 1885 601 διέζων
1912 536 2078 603 ἄμφω

512 629 601 692 Ὠς
639 629 895 697 ἄσαρκοι,
933 629 1009 699 μὴ
1038 631 1300 701 φέροντες
1327 631 1623 702 φροντίδας
1647 630 1956 700 φιλοῢλους,

511 721 600 783 Ὣς
636 719 769 788 μηδὲ
808 721 1187 789 περικείμενοι
1221 724 1475 792 etimne;
1510 723 1648 786 ὅλως
1685 723 1873 792 βάρος.

515 811 743 877 ’.ὶμφοίν
765 809 822 862 δὲ
855 809 1066 862 τούτοιν
1095 812 1122 863 ὁ
1150 812 1283 875 Θεὸς
1318 812 1483 866 πάλιν
1512 813 1824 881 ἐνομοθέτει
1851 830 1865 844 θ

510 895 610 950 «Ὦ
640 903 893 967 γηγενεῖς
941 900 1037 952 καὶ
1068 903 1168 969 τῆς
1219 901 1378 969 Ἐδὲμ
1410 899 1615 971 ταύτης
1649 900 2077 969 πρωτοπολίται,

505 989 758 1051 Ἂπαντα
784 988 958 1041 ταῦτα
988 990 1085 1059 τῆς
1119 990 1271 1059 ὑμῶν
1300 994 1460 1060 χάριν
1481 992 1528 1021 ⁸⁷
1560 992 1843 1061 παρῆκται
1872 992 2081 1061 χρείας·

512 1081 654 1151 Πρὸς
688 1080 786 1151 τὴν
816 1082 968 1151 ὑμῶν
999 1082 1296 1135 ἀπόλαυσιν
1331 1086 1509 1135 πάντα
1545 1081 1976 1152 δενδροκομεῖτε.

519 1172 801 1226 Ἀπάντων
826 1172 921 1224 οῦν
946 1172 1292 1243 κορέννυσθε,
1322 1173 1541 1224 πάντων
1570 1174 1978 1242 κατατρυφᾶτε.

508 1264 680 1316 Τοῦτο
715 1264 771 1316 δὲ
803 1262 851 1295 ⁸⁸
884 1266 950 1334 μό
963 1282 1044 1316 νον
1074 1264 1336 1334 βλαϐερὸν
1371 1266 1468 1334 τῆς
1498 1263 1757 1333 γνώσεως
1799 1266 1859 1317 τὸ
1885 1265 2041 1331 ξύλον
2069 1280 2082 1295 ο

508 1357 680 1409 Τοῦτο
703 1359 797 1409 καὶ
819 1356 979 1426 μόνον
998 1357 1249 1424 φεύγοιτε
1274 1357 1341 1419 ³⁸,
1374 1356 1566 1408 τούτου
1593 1356 1672 1428 μὴ
1693 1355 1939 1425 ψαύσητέ
1973 1374 2083 1422 μοι.

516 1447 582 1498 Ἦ
600 1447 798 1515 ψαῦσις
817 1447 972 1517 φέρει
999 1449 1098 1515 τὴν
1128 1447 1356 1517 φθορὰν,
1393 1447 1485 1499 καὶ
1509 1448 1607 1516 τὴν
1642 1448 1804 1516 χολὴν
1827 1449 1859 1516 ἡ
1881 1447 2086 1514 γεῦσις.

510 1540 608 1591 “Av
638 1540 827 1591 τούτου
881 1539 1043 1609 μόνου
1078 1539 1371 1609 γεύσησθε,
1396 1539 1601 1608 πτῶμα
1637 1538 1891 1591 πεσεῖσθε
1926 1540 2086 1608 μέγα·

511 1631 730 1700 Πικρῶς
765 1632 871 1700 γὰρ
908 1630 1236 1700 ὀπωροδοτεῖ
1271 1634 1363 1682 καὶ
1395 1630 1623 1681 θάνατον
1652 1630 1864 1696 ἐκφύει.

520 1724 619 1774 “Av
645 1722 804 1775 τοῦτό
832 1741 921 1794 μοι
943 1722 1272 1794 φυλάξησθε,
1306 1720 1568 1789 φεύξεσθε
1616 1722 1839 1792 κέντρον
1880 1722 2089 1791 πότμου

507 1815 618 1868 Καὶ
653 1814 968 1884 πλατυσμὸν
1004 1816 1340 1883 κερδανησθε
1382 1814 1527 1881 ζωῆς
1556 1814 1921 1869 ἁκαταλύ;ου.
1957 1834 1975 1866 ι

580 1902 689 1958 Ἦν
718 1906 910 1972 ταῦτα,
942 1909 1035 1962 καὶ
1077 1909 1388 1979 πεφόϐηντο
1414 1908 1506 1961 τὸν
1538 1910 1695 1978 λόγον
1727 1912 1777 1961 οἱ
1809 1910 2092 1981 γενάρχαι,

511 2000 623 2068 Τὴν
653 2000 882 2070 ἀπειλὴν
914 2002 1243 2070 ὑπέτρεμον,
1277 2002 1616 2071 ὑπέφρισσον
1650 2004 1698 2034 ⁹⁰
1730 2003 1790 2056 τὸ
1818 2004 1990 2073 ῥῆμα,

510 2092 623 2144 Καὶ
656 2091 717 2144 τὸ
749 2094 917 2160 φυτῗιν
946 2093 1019 2155 ὡς
1046 2094 1290 2164 ἔχθιστον
1314 2095 1422 2147 ἀπὸ
1450 2094 1630 2164 ψυχῆς
1665 2094 1951 2163 ὲστύγουν.

523 2183 664 2235 Ἀλλ’
697 2187 725 2236 ὁ
753 2183 928 2236 Σατὰν
953 2184 1277 2237 ἐϐάσκαινεν
1316 2186 1384 2247 ⁹¹,
1426 2185 1624 2256 ἕϐρυχε
1665 2189 1792 2249 τοὺς
1822 2187 2063 2251 ὀδόντας,

526 2274 617 2335 Ὠς
650 2275 923 2344 ἀφριστὴς
952 2275 997 2306 ⁹²
1024 2274 1336 2344 ὲθύμαινεν,
1374 2275 1448 2338 ώς
1476 2276 1762 2347 ἀγριόδους
1783 2278 1829 2308 ’³
1861 2278 2095 2349 κάπρος.

515 2363 745 2416 Βλέπειν
768 2365 866 2417 οὑκ
898 2364 1094 2436 ἔφερεν
1126 2365 1325 2430 αὐτοὺς
1354 2366 1603 2436 βιοῦντας
1641 2368 1716 2432 ὡς
1765 2368 2058 2439 ἀγγέλους.

515 2454 625 2505 Καὶ
658 2454 841 2507 τοίνυν
873 2454 1107 2525 δργανον
1142 2457 1307 2509 αὑτοῦ
1336 2460 1434 2527 τῆς
1468 2460 1887 2529 κακομηχανίας

513 2544 618 2597 Τὸν
657 2543 781 2612 δφιν
813 2545 903 2598 τὸν
938 2547 1231 2619 δολόμητιν
1267 2549 1360 2601 καὶ
1395 2549 1607 2603 σκολιὸν
1638 2552 1907 2620 εὑρίσκει.

512 2636 764 2689 Θωπῖύει
791 2639 891 2707 τὴν
924 2640 1273 2709 προμήτορα,
1309 2639 1549 2694 δείκνυσι
1582 2642 1680 2712 τὴν
1704 2641 1952 2713 ὀπώραν,

517 2729 701 2801 Καλὴν
739 2730 889 2794 ἰδεῖν,
928 2732 1255 2800 ἐπέραστον,
1290 2732 1595 2801 γεύσασθαι
1627 2735 1953 2805 νεκταρέαν.

516 2815 668 2874 ι.ῐδεν
698 2822 883 2895 ἐκείνη
926 2822 1017 2874 τὸν
1040 2824 1254 2894 καρπόν
1281 2838 1294 2852 ⁸
1329 2819 1399 2896 ἧν
1428 2825 1457 2878 ὁ
1482 2825 1695 2895 καρπὸς
1722 2826 1947 2896 ὡραῖος,

518 3092 830 3146 mulierem.
892 3092 1083 3164 Itaque
1129 3094 1198 3149 de
1252 3095 1479 3164 pulvere
1519 3095 1778 3151 conditus
1833 3095 2096 3160 Adamus,

1646 332 2163 396 CONSTANTINI
2204 327 2586 391 MANASSIS

2106 452 2146 507 Α
2178 442 2404 512 Χαρίεις
2437 435 2507 510 ἦν
2537 441 2620 502 είς
2645 439 2841 509 ὅρασιν
2882 436 2976 491 καὶ
3011 436 3298 502 κάλλιστος
3325 436 3372 469 ⁸⁵
3408 435 3489 500 είς
3523 433 3729 506 γεῦσιν.

3656 322 3763 387 ἓτῆ

2202 532 2494 585 ’Υπέσαινε
2523 532 2569 563 ⁸⁸
2594 532 2696 599 τὴν
2722 532 2940 601 ὅρασιν,
2968 529 3160 598 ἔθελγε
3188 529 3289 600 τὴν
3310 528 3563 601 καρδίαν,

2204 621 2397 692 Ἐῲκει
2423 620 2791 691 θελξικὰρδιον
2820 621 3199 690 γλυκυθυμίαν
3227 618 3468 683 στάζειν.

2196 713 2405 777 Ἐδειξε
2432 711 2621 766 τοῦτον
2642 714 2670 765 ό
2701 714 2900 779 Σατὰν,
2926 713 3019 765 κιιὶ⁵
3051 714 3143 766 τὸν
3181 712 3277 767 τοῦ
3308 713 3464 768 δόλου
3506 714 3712 784 σκὶφον

2205 805 2493 875 Ἐπέχρισε
2525 808 2571 838 ⁸⁸
2600 805 2927 872 γλυκάζοντι
2961 805 3139 875 μέλιτι
3170 805 3484 867 κολακείας.

2194 894 2438 967 Εἶρπυσε
2466 898 2682 968 δράκων
2708 900 2737 951 ὁ
2767 898 2961 963 δεινὸς,
2995 896 3245 968 ἐσύριξεν
3272 898 3316 928 ⁸⁷
3359 897 3633 961 ὑπούλως.

2200 1008 2218 1040 ι
2260 991 2357 1042 Ἂν
2388 990 2604 1056 ιτούτου
2644 988 2940 1059 γεύσησθε,
3009 990 3167 1059 φησὶ,
3246 987 3340 1042 τοῦ
3398 990 3777 1061 καλλικάρπου

3466 1080 3670 1154 [ξύλου,

2197 1174 2295 1226 Ἂν
2342 1172 2503 1240 μόνον
2535 1170 2940 1241 προσενέγκητε
2971 1171 3201 1238 στόματι
3231 1170 3331 1242 τὴν
3368 1171 3616 1242 ὀπώραν,

2197 1265 2403 1318 Κύκλοι
2430 1265 2863 1333 διανοιγήσονται
2897 1262 3186 1334 βλεφάρων
3217 1264 3527 1335 ὑμετέρων,

2197 1358 2307 1408 Καὶ
2338 1357 2703 1426 χρηματίσετε
2737 1355 2872 1420 θεοὶ,
2902 1357 2996 1407 καὶ
3036 1354 3313 1423 γνώσεσθε
3342 1357 3410 1409 τὰ
3441 1356 3641 1411 πάντα.
3679 1376 3699 1409 ι

2202 1454 2441 1504 Ἤκουσε
2474 1451 2681 1504 τούτων
2713 1452 2747 1520 ἠ
2782 1451 2944 1520 γυνὴ,
2973 1451 3251 1520 προσέσχε
3278 1453 3345 1521 τῇ
3380 1450 3612 1521 θωπείᾳ,

2210 1541 2450 1613 Ἠττήθη
2482 1542 2577 1595 τοῦ
2607 1542 2996 1610 γλυκάζοντος,
3025 1542 3236 1613 ἡττήθη
3264 1544 3374 1596 τῶν
3405 1543 3669 1613 χαρίτων.

2200 1633 2265 1685 Αἰ
2291 1631 2387 1684 τοῦ
2420 1633 2634 1702 καρποῦ
2666 1634 2726 1685 τὸ
2763 1634 3056 1703 πρόσωπον
3090 1634 3351 1703 ὴγλάῖζον
3378 1635 3456 1705 τῷ
3490 1634 3698 1688 κάλλει.

2206 1724 2459 1788 Ἔλαόεν,
2488 1723 2855 1789 ἀπεγεύσατο,
2891 1725 3092 1777 δέδωκε
3123 1725 3203 1795 τῷ
3234 1725 3504 1795 συννόμῳ.

2126 1806 2167 1860 Β
2201 1818 2447 1884 Ἐφαγον
2473 1818 2639 1885 ἄμφω
2660 1818 2753 1869 τοῦ
2790 1817 3028 1887 καρποῦ,
3066 1818 3329 1887 μετέσχον
3361 1818 3459 1885 τῆς
3482 1816 3731 1887 ὀπώρας,

2202 1908 2563 1977 Παρῂκουςαν
2596 1911 2695 1976 τῆς
2718 1910 2777 1962 ὲν
2792 1908 2973 1978 τολῆς,
3009 1908 3211 1977 ἔφαγον
3239 1911 3303 1961 ὲκ
3324 1907 3419 1961 τοῦ
3450 1907 3630 1975 ξύλου,

2199 1999 2311 2049 Καὶ
2351 2000 2502 2068 παρὰ
2533 1998 2701 2060 πόδας
2732 1998 2793 2050 τὸ
2823 2000 2995 2052 κακδιν
3028 1999 3214 2060 αὑτοῖς
3248 1999 3611 2068 ἐπηκολούθει
3635 2003 3703 2055 ³³.

2212 2089 2538 2159 Ἦνοίγησαν
2569 2090 2614 2121 ⁹⁹
2644 2090 2715 2144 τὰ
2747 2090 3017 2160 βλέφαρα,
3052 2091 3294 2144 κατεῖδον
3318 2092 3418 2161 τὴν
3448 2092 3745 2162 αἰσχύνην,

2213 2182 2489 2250 Ἐπέγνων
2516 2182 2615 2251 τὴν
2645 2183 2965 2254 γυμνότητα
2992 2182 3088 2235 καὶ
3116 2182 3215 2251 τὴν
3246 2183 3659 2256 ἀσχημοσύνην.

2212 2274 2501 2328 Ἐντεῦθεν
2537 2275 2837 2328 ὑπεδύοντα
2868 2274 2968 2337 τὰς
3006 2273 3333 2344 βαθυσκίους
3356 2275 3583 2344 λόχμας,

2214 2369 2541 2439 Ἐπέτρεχον
2579 2368 2650 2421 τὰ
2676 2369 2841 2422 λάσια
2864 2372 2960 2424 καὶ
2992 2371 3060 2423 τὰ
3089 2370 3273 2425 πυκνὰ
3297 2370 3406 2423 τῶν
3429 2370 3686 2440 δένδρων,

2205 2459 2491 2529 Ἐρραψαν
2516 2456 2879 2529 περιζώματα
2904 2459 3122 2527 φύλλων
3147 2460 3213 2512 ὲκ
3238 2458 3626 2529 παχυφύλλων,

2216 2547 2353 2600 Ὑπὸ
2376 2548 2543 2616 φυτὸν
2573 2547 2903 2616 κατέφυγον,
2943 2546 3179 2618 ἔδραμον
3208 2548 3226 2579 ¹
3263 2549 3368 2602 ὑπὸ
3395 2548 3630 2619 σκέπην,

2201 2638 2404 2695 Χανετν
2430 2639 2615 2702 αὑτοῖς
2642 2639 2949 2709 ἐπηύχοντο
2979 2640 3079 2710 τὴν
3116 2642 3220 2709 γῆν
3251 2639 3427 2694 πλατὺ
3450 2641 3511 2692 τὸ
3547 2641 3751 2711 στόμα.

2215 2730 2463 2801 Ἐπέγνω
2496 2729 2667 2815 ταῦθ’
2724 2732 2753 2785 δ
2810 2731 3119 2803 Φυτουργὸς
3174 2732 3194 2762 ¹
3254 2730 3361 2785 τῶν
3417 2731 3789 2801 εὐκηπεύτων

3398 2820 3675 2897 [δένδρωη

3499 2931 3653 2991 Vers.
3680 2934 3799 2990 333

2203 3094 2448 3150 nationis
2470 3110 2585 3151 sua:
2637 3095 3071 3149 instrumentum
3112 3100 3425 3163 serpentem
3464 3090 3798 3146 fraudulen-

524 3185 689 3240 ltomo
718 3185 811 3241 ille
836 3187 1119 3257 princeps,
1157 3187 1285 3242 Eva:
1327 3190 1520 3241 matris
1572 3190 1762 3258 prima:
1795 3200 1950 3258 pater
1988 3206 2101 3244 res-
2129 3157 2172 3215 θ
2216 3200 2330 3243 tum
2368 3198 2425 3243 et
2466 3199 2776 3242 tortuosum
2812 3186 3039 3240 invenit.
3081 3185 3352 3240 Adulatur
3389 3184 3579 3255 prima:
3604 3183 3798 3238 homi-

520 3288 682 3348 pcetu
711 3292 875 3334 costa:
893 3280 1070 3335 factus
1089 3290 1191 3336 est.
1219 3281 1490 3338 Vivebant
1511 3285 1672 3336 ambo
1701 3284 1754 3336 in
1780 3283 2102 3338 deliciarum

521 3385 620 3438 pra
637 3370 751 3434 dio,
786 3379 848 3424 ut
884 3370 1188 3435 infecundi,
1221 3372 1314 3440 qui
1346 3388 1529 3426 rerum
1566 3390 1875 3429 erassarum
1919 3376 2105 3431 studio

522 3462 678 3514 nullo
708 3470 1090 3529 tangerentur,
1131 3462 1336 3531 quique
1367 3464 1617 3533 corporis
1668 3465 1822 3518 nullo
1859 3464 2102 3534 pondere

518 3552 727 3621 gravati
773 3561 984 3607 essent.
1036 3553 1298 3622 Utrisque
1349 3569 1481 3608 vero
1530 3556 1705 3626 legem
1768 3556 2106 3625 praaseripsit

520 3644 685 3697 Deus.
719 3661 736 3693 ι
774 3642 819 3697 0
870 3653 1040 3706 terra,
1092 3645 1294 3714 inquit,
1353 3645 1511 3711 editi,
1562 3656 1617 3700 et
1682 3647 1848 3717 ltujus
1899 3645 2105 3699 Edenis

520 3735 686 3802 primi
713 3735 886 3801 cives,
919 3735 1037 3789 bam
1062 3737 1246 3790 omnia
1271 3746 1467 3792 vestra:
1502 3737 1757 3793 utilitatis
1788 3753 1953 3792 causa
1979 3753 2107 3807 pro-

524 3825 693 3879 ducta
718 3835 872 3880 sunt.
904 3826 1111 3882 Vestra:
1145 3827 1420 3882 fruitionis
1436 3829 1610 3897 gratia
1638 3827 1850 3884 fructus
1878 3828 2109 3882 arbores

520 3915 729 3971 ferunt.
778 3917 966 3986 Itaque
995 3918 1273 3973 satiamini
1305 3918 1585 3981 omnibus,
1614 3935 1681 3973 ex
1727 3919 1986 3973 omnibus
2012 3919 2107 3971 de-

520 4007 679 4063 licias
717 4010 970 4076 quaerite.
998 4008 1159 4063 Modo
1189 4009 1563 4078 perniciosum
1621 4009 1727 4063 hoc
1777 4009 2109 4078 cognitionis

522 4098 755 4168 lignum,
785 4101 987 4161 solum,
1022 4100 1270 4170 inquam,
1304 4101 1409 4156 hoc
1456 4101 1629 4171 fugite
1660 4118 1675 4155 :
1711 4115 1780 4155 ne
1812 4100 1945 4155 illud
1973 4101 2108 4155 mibi

522 4192 856 4259 attigeritis;
897 4194 1018 4263 ejus
1054 4200 1343 4248 contactus
1398 4194 1689 4248 interitum
1727 4203 1783 4248 et
1807 4201 2000 4264 gustus
2039 4193 2110 4248 fel

528 4298 741 4336 merum
770 4283 986 4338 afferet.
1028 4284 1239 4339 Idcirco
1261 4284 1308 4339 si
1341 4285 1409 4340 de
1436 4286 1543 4339 hoc
1564 4285 1937 4357 gustaveritis,
1980 4300 2109 4339 rue-

528 4376 600 4427 tis
625 4374 902 4443 ingentem
928 4375 1166 4431 ruinam.
1203 4376 1351 4432 Idem
1383 4378 1429 4432 si
1463 4377 1791 4443 vitaveritis,
1827 4377 2110 4431 stimulum

528 4468 724 4521 mortis
754 4467 1031 4537 ell‘ugietis
1050 4477 1107 4523 et
1145 4470 1568 4540 amplitudinem
1608 4470 1735 4528 vita:
1767 4484 1878 4524 non
1908 4469 2110 4524 finien-

527 4558 613 4612 dae
660 4558 1038 4615 luerabimini.
1068 4560 1196 4614 Fert
1240 4562 1391 4615 enim
1448 4560 1692 4616 fructum
1746 4575 1996 4615 amarum
2057 4569 2114 4616 et

530 4663 762 4705 mortem
795 4653 966 4721 ipsam
1003 4671 1020 4704 ι

602 4740 943 4797 Eveniebant
984 4744 1099 4797 haec
1131 4744 1206 4798 ita
1236 4760 1251 4796 :
1297 4744 1699 4799 reverebantur
1742 4742 1885 4797 hanc
1908 4742 2118 4797 oratio-

531 4844 658 4882 nem
693 4838 956 4886 auctores
980 4834 1157 4887 nostri
1190 4833 1442 4903 generis;
1472 4833 1727 4887 arborem
1758 4834 1938 4897 istam,
1974 4834 2123 4887 velut

535 4922 978 4988 infestissimam,
1010 4939 1078 4978 ex
1107 4926 1296 4979 animo
1322 4926 1574 4979 oderant.
1602 4924 1805 4979 Verum
1844 4925 2123 4981 invidebat

531 5013 768 5069 Satanas
797 5030 812 5079 ;
844 5015 1114 5071 fremebat
1137 5018 1417 5083 dentibus,
1451 5017 1625 5071 instar
1646 5020 1761 5086 apri
1815 5021 2123 5086 spumantis

530 5116 588 5161 et
625 5106 839 5160 efferati
869 5109 1347 5164 exeandeseebat:
1391 5110 1581 5164 videre
1631 5124 1740 5162 non
1800 5119 2021 5178 poterat
2065 5120 2125 5164 ut

532 5201 857 5270 angelorum
895 5216 1047 5255 more
1087 5203 1360 5281 viverent.
1388 5201 1578 5270 Itaque
1605 5200 1887 5255 scelerata:
1922 5201 2124 5255 maebi-

2215 3294 2346 3334 nutn
2388 3281 2586 3344 matri;
2634 3278 2874 3332 fructum
2925 3278 3265 3332 demonstrat
3303 3286 3526 3347 aspectu
3581 3277 3800 3344 jucun-

2214 3371 2366 3432 dum,
2398 3378 2615 3439 gustatu
2636 3384 2881 3431 suavem,
2905 3377 3241 3423 nectareum.
3273 3368 3523 3421 lntuetur
3542 3366 3798 3422 fructum

2216 3462 2329 3525 illa,
2360 3461 2452 3531 qui
2478 3472 2730 3514 maturus
2779 3470 2921 3524 erat,
2981 3470 3167 3528 gratus
3206 3459 3473 3528 aspectui,
3512 3456 3690 3513 bonus
3722 3460 3801 3514 ad

2216 3553 2570 3607 vescendum.
2606 3552 2898 3606 Arridebat
2937 3553 2985 3605 is
3009 3551 3204 3617 oculis,
3245 3567 3342 3605 cor
3396 3549 3750 3605 demulcebat
3787 3572 3801 3605 :

2214 3646 2507 3699 videbatur
2542 3643 2891 3698 dulcedinem
2919 3643 3213 3712 quatndant
3246 3641 3397 3698 cordi
3434 3652 3645 3713 gratam
3677 3643 3804 3696 stil-

2216 3739 2349 3792 lare.
2370 3736 2623 3791 Ostendit
2647 3744 2702 3791 et
2724 3735 2952 3790 Satanas
2978 3735 3060 3790 eis
3084 3734 3343 3803 poculum
3364 3733 3592 3798 fraudis,
3628 3742 3807 3802 atque

2216 3828 2348 3882 illud
2411 3828 2558 3881 dulci
2603 3825 2995 3882 assentationis
3045 3826 3205 3880 melle
3254 3826 3489 3879 inunxit.
3526 3824 3808 3894 Serpebat

2218 3921 2308 3972 ille
2337 3918 2506 3973 draco
2533 3918 2871 3989 ingeniosus,
2912 3917 3169 3971 sibilabat
3200 3918 3457 3971 molliter.
3488 3916 3545 3972 Si
3573 3917 3638 3970 de
3666 3918 3804 3984 hoc,

2216 4014 2314 4078 ait,
2346 4012 2495 4081 ligno
2527 4011 2817 4080 pulchrum
2853 4009 3090 4063 habente
3137 4009 3377 4063 fructum
3412 4010 3804 4079 gustaveritis,

2218 4103 2261 4156 si
2305 4103 2466 4157 modo
2500 4102 2740 4156 fructum
2764 4101 2883 4171 ejus
2908 4099 2993 4154 ori
3038 4100 3416 4164 admoveritis,
3467 4100 3631 4154 orbes
3660 4116 3809 4154 oeu-

2217 4197 2395 4249 lorum
2426 4203 2736 4249 vestrorum
2769 4193 3091 4263 aperientur
3111 4229 3128 4257 ,
3172 4191 3438 4260 eritisque
3469 4191 3543 4245 dii
3571 4199 3627 4245 et
3662 4206 3813 4247 eun-

2218 4297 2303 4343 cta
2344 4287 2707 4358 cognoscetis.
2733 4284 2926 4340 Audiit
2961 4284 3077 4338 haec
3117 4283 3315 4337 mulier
3359 4300 3374 4337 :
3425 4285 3669 4337 animum
3706 4300 3811 4340 as-

2221 4381 2518 4435 sentationi
2565 4379 2825 4441 advertit,
2900 4377 3043 4432 vieta
3088 4387 3171 4431 est
3219 4391 3319 4446 per
3371 4376 3807 4442 duleitudincm,

2222 4473 2363 4527 vieta
2393 4481 2619 4542 propter
2642 4470 2994 4539 elegantiam.
3025 4468 3390 4537 Transgressa
3418 4479 3503 4523 est
3532 4469 3813 4524 interdic-

2223 4576 2363 4627 tum,
2399 4563 2513 4615 edit
2543 4562 2610 4614 de
2643 4561 2813 4630 ligno,
2853 4559 3090 4627 sumpsit
3123 4574 3187 4613 ex
3216 4575 3305 4623 eo,
3360 4560 3599 4628 gustavit
3632 4600 3646 4624 ,
3676 4574 3814 4614 con-

2218 4656 2330 4727 jugi
2365 4653 2535 4708 dedit.
2579 4652 2757 4706 Ambo
2780 4651 2847 4705 de
2872 4654 3053 4703 fructu
3076 4649 3458 4717 comederunt,
3493 4649 3550 4718 8
3571 4649 3813 4719 ejusque

2221 4744 2522 4815 participes
2561 4742 2686 4795 facti
2720 4748 2870 4795 sunt.
2913 4740 3019 4794 Sed
3058 4755 3183 4793 mox
3214 4739 3362 4808 ipsos
3396 4740 3597 4791 malum
3628 4741 3815 4793 conii-

2225 4837 2442 4890 tabatur
2479 4853 2491 4887 :
2524 4833 2699 4902 aperti
2738 4840 2861 4885 sunt
2887 4832 2968 4885 eis
3000 4832 3169 4896 oeuli,
3198 4831 3457 4884 viderunt
3506 4831 3815 4898 turpitudi-

2222 4946 2369 4991 nem,
2392 4929 2696 4982 nuditatem
2719 4925 3070 4993 dedecusque
3085 4940 3244 4979 suum
3263 4930 3625 4992 agnoverunt.
3661 4920 3811 4976 Hinc

2226 5022 2488 5076 subibant
2517 5018 2807 5071 umbrosas
2836 5016 3100 5080 latebras,
3129 5017 3424 5069 currebant
3466 5016 3569 5068 sub
3603 5013 3811 5067 densas

2225 5130 2287 5165 ac
2321 5113 2639 5177 frequentes
2666 5108 2914 5173 arbores,
2965 5107 3269 5173 obligaeula
3317 5106 3386 5160 de
3417 5092 3627 5160 iet-assis
3658 5104 3813 5159 foliis

2226 5202 2588 5265 eonsuebant,
2639 5200 2740 5254 sub
2768 5199 3016 5253 arborem
3046 5198 3437 5268 confugiebant
3486 5206 3541 5252 ct
3569 5198 3675 5251 sub
3698 5209 3815 5269 teg-

1914 5365 2122 5426 Varia)
2167 5366 2495 5428 lectiones.

610 5534 656 5565 ³⁸
690 5530 1120 5601 πρωτομητορος
1177 5528 1291 5583 RR.

538 5603 581 5633 ’θ
619 5598 969 5670 ὑπέφριττον,
1004 5598 1410 5669 ὑπέτρεμοψῐὶ.

542 5689 759 5723 νιαοιεις
786 5668 855 5723 ἦν
887 5669 1001 5723 ιιιι.
1079 5674 1125 5705 ⁸⁵
1148 5676 1372 5723 ἐπένευε
1408 5675 1446 5723 Α

545 5668 855 5741 Ιαριειςῆν
887 5669 1001 5724 ιιιι.
1079 5674 1125 5705 ⁸⁵
1148 5668 1372 5723 ἐπένευε
1408 5675 1470 5727 Α.

543 5746 630 5795 επ.
668 5742 732 5796 li.
811 5744 855 5774 ³³
888 5743 1220 5814 ἠνοίχθησαν
1251 5742 1315 5795 ιι.
1398 5744 1411 5773 ¹
1444 5760 1470 5795 κ

1402 5529 1423 5561 ⁸
1436 5531 1447 5549 ⁸
1471 5528 1616 5583 ἔνδον
1675 5530 1773 5599 μὲν
1826 5530 1891 5584 R.

1516 5601 1556 5632 ’ί
1593 5599 1892 5670 ὲὸασκηιλεν
1927 5600 1989 5654 li.

1994 5532 2040 5565 ⁸⁷
2063 5534 2226 5603 χάριν
2281 5535 2381 5600 τῆς
2442 5530 2596 5600 ὑμῶν
2628 5529 2692 5584 Β.

2094 5606 2137 5633 τ’
2177 5604 2451 5672 ἁφριστὴρ
2499 5606 2563 5653 Α.

1628 5673 1889 5741 ὑπέχρισε
1924 5672 1989 5735 li,
2024 5674 2245 5743 ἐπέχριε
2286 5672 2396 5723 Mi-

1398 5744 1411 5773 ¹
1444 5741 1805 5812 κατέδραμον,
1840 5746 2038 5811 ἔφυγον
2077 5741 2170 5795 Β(
2217 5745 2236 5773 ²
2262 5744 2633 5811 πλαῑτουργυς
2671 5741 2830 5795 Αιιιι.

2804 5531 2849 5562 ⁸⁸
2910 5529 3005 5584 καὶ
3046 5529 3210 5585 ABR.

2665 5602 2712 5633 ⁸³
2738 5602 3011 5670 ἀγριώδης
3080 5603 3194 5655 liii.

2501 5673 2543 5702 ⁸⁷
2576 5673 2789 5743 ἦρπύςε
2816 5682 2869 5725 et
2902 5674 3151 5743 ἐσύριζεν
3192 5672 3254 5727 Ii.

3318 5531 3363 5563 ⁸⁹
3412 5530 3647 5598 φεύγητε
3686 5531 3812 5588 RR.

3309 5603 3354 5633 ⁹¹⁵
3375 5612 3465 5655 καὶ
3493 5603 3811 5665 κάλλιστος,

3346 5674 3390 5705 9'
3419 5676 3597 5735 αὑτοῖς
3638 5674 3807 5736 εὐθύς
